4062 6182
1604 260 1935 369 saccum
1984 302 2093 385 ‘Vl-
2108 302 2228 367 vn.
2282 304 2479 369 ANNI
2512 303 2804 370 595-604.
3566 332 3639 357 εκ

1814 620 2608 751 ELENCHUS

963 971 1359 1047 OPEBUM
1422 972 1643 1055 ουλε
1712 972 1801 1043 ΙΝ
1862 971 2049 1047 HOC
2096 972 2361 1046 τοηο
2406 973 2567 1045 Ι.Χ)

1862 971 2049 1047 HOC
2096 972 2361 1046 TOMO
2406 973 2705 1047 LXXIX
2756 972 3446 1048 εοκτικεκτυη.

1976 1194 2433 1219 -ο-ῡοῠ--ν

1602 1418 1947 1484 SANCTUS
1988 1418 2429 1483 GREGORIUS
2466 1419 2801 1485 MAGNUS.

599 1582 897 1659 Praefatio
941 1582 1015 1643 de
1062 1580 1535 1644 Commentariis
1574 1579 1641 1645 S.
1690 1579 1972 1661 Gregorii
2016 1580 2225 1659 Magni
2266 1581 2333 1643 in
2376 1579 2627 1644 Librum
2671 1582 2703 1643 Ι
2739 1579 2990 1662 Regum.
3504 1581 3619 1644 col.
3770 1578 3810 1641 9

600 1687 1133 1750 Connnnmmonun
1178 1704 1231 1749 IN
1274 1685 1497 1749 LIBRUM
1540 1686 1563 1747 Ι
1607 1687 1812 1749 REGUM
1857 1703 2005 1748 LIBRI
2047 1704 2174 1748 sex.
3733 1685 3805 1748 1⁸7

599 1821 962 1885 Admonitio
1004 1822 1071 1882 in
1118 1820 1363 1884 Cantici
1407 1819 1783 1881 canticorum
1827 1819 2308 1901 Expositionem.
3690 1819 3807 1882 467

602 1928 905 1989 Exposmo
948 1943 1124 1990 suam
1167 1926 1415 1987 Omnes
1466 1940 1839 1987 csnnconuu.
3378 1924 3381 1925 ⁷
3688 1923 3800 1987 471

601 2062 689 2125 De
730 2060 1133 2142 Ewpositione
1171 2061 1241 2121 in
1281 2066 1508 2139 septem
1548 2058 1821 2121 Psalmos
1865 2059 2307 2139 pwnitentiales
2353 2059 2652 2123 Censura.
3688 2059 3805 2121 547

599 2168 906 2230 Exnosmo
948 2184 1003 2228 1N
1045 2183 1257 2227 SEPTEM
1302 2165 1563 2226 PSALnos
1606 2164 2095 2228 Paasmcnmws.
3688 2165 3807 2228 549

599 2301 901 2365 Monitum
944 2302 1011 2362 in
1055 2298 1483 2364 Concordiam.
3685 2298 3804 2361 657

597 2406 920 2469 Conconnm
963 2420 1311 2472 QUORUMDAM
1354 2419 1807 2466 TESTIMONIonUM
1849 2401 1911 2465 S.
1960 2402 2317 2466 Scmrmnz.
3686 2403 3807 2466 659

597 2539 894 2617 Prwfatio
938 2538 1006 2599 in
1049 2534 1270 2598 librum
1311 2533 1377 2598 S.
1428 2536 1663 2598 Paterii
1704 2535 1779 2597 de
1821 2535 2221 2617 Expositione
2271 2538 2497 2600 Veteris
2538 2542 2598 2600 et
2644 2537 2796 2601 Novi
2844 2539 3252 2611 Testamenti;
3297 2535 3402 2600 ubi

676 2640 735 2699 et
778 2636 851 2699 de
891 2634 1083 2697 simili
1122 2633 1312 2712 Alulﬁ
1355 2650 1538 2714 opere
1578 2633 1922 2697 disseritur.
3686 2632 3805 2695 677

595 2770 682 2832 De
734 2768 1127 2845 Expositione
1178 2765 1410 2827 Veteris
1449 2784 1519 2827 ac
1562 2764 1711 2827 Novi
1754 2764 2113 2829 Testamenti
2157 2770 2308 2829 liber
2357 2772 2429 2830 de
2480 2772 2732 2831 diversis
2784 2766 2857 2835 S.
2907 2767 3174 2847 Gregorii
3220 2767 3415 2845 Magni

675 2879 848 2937 libris
891 2877 1308 2951 concinnatus,
1358 2883 1599 2935 auctore
1642 2872 1704 2934 S.
1765 2872 2035 2936 Parnmo.
3684 2873 3803 2938 688

596 2982 744 3044 Pars
798 2985 1013 3059 prima.
1081 3016 1158 3027 —
1204 2978 1460 3055 Genesi,
1518 2979 1785 3055 Exodus,
1848 2980 2172 3055 Levitieus,
2235 2982 2505 3059 Numeri,
2566 2982 3127 3057 Deuteronomimn,
3188 2982 3370 3045 ludi-

677 3106 792 3164 ces,
841 3090 1048 3168 Reges,
1094 3087 1346 3159 Psalmi,
1397 3085 1751 3161 Proverbia,
1802 3086 2055 3150 Cantica
2097 3090 2496 3154 canticorum.
3521 3088 3805 3152 685-916

599 3196 746 3258 Pars
787 3198 1074 3257 secunda.
1120 3229 1202 3239 —
1241 3194 1588 3276 Sapientia,
1634 3192 2123 3269 Ecclesiasticus,
2170 3197 2506 3278 Prophetas.
3479 3195 3804 3258 917-1094

598 3302 744 3364 Pars
785 3304 975 3363 tertia.
1037 3335 1112 3346 —
1155 3301 1386 3365 Novum
1434 3301 1910 3364 Testamentum.
3458 3301 3803 3365 1025-1136

600 3436 685 3498 De
726 3434 1108 3512 Expositione
1150 3432 1299 3495 Novi
1344 3432 1726 3507 Testamenti,
1772 3444 2015 3498 auctore
2060 3435 2312 3500 ALULro.
3641 3436 3802 3498 1137

598 3543 744 3604 Pars
788 3546 999 3619 prima.
1046 3575 1127 3588 —
1173 3540 1451 3618 Quatuor
1491 3540 1849 3622 Evangelia.
3458 3541 3802 3605 1137-1270

600 3650 744 3711 Pars
801 3651 1092 3711 secunda.
1162 3683 1242 3693 —
1284 3648 1435 3712 Acta
1476 3647 1907 3728 apostolorum,
1955 3647 2241 3728 Episton
2305 3650 2371 3712 Β.
2440 3649 2640 3724 Pauli,
2702 3648 2995 3731 Epistolas
3059 3646 3412 3726 Catholica},

678 3755 1086 3838 Apocalypsis.
3454 3752 3802 3817 1270-1424

602 3889 781 3952 Index
824 3889 1067 3953 Rerum.
3648 3885 3801 3946 i424
