4062 6182
309 297 459 357 17,

302 419 520 476 Notulis

1104 297 1178 354 IN
1217 295 1485 354 PRIMUM
1520 294 1770 353 manu
1809 260 2347 360 sxrosmouas,
2381 293 2810 353 peccemus.
3545 300 3610 352 is

622 420 770 504 gina!
813 421 1098 504 subjectis,
1130 422 1220 504 vel
1264 422 1441 504 varias
1488 421 2150 504 lectiones_exhibuimus,
2184 419 2561 504 vel_qu_:edam
2583 420 2970 504 Commentarii
2998 420 3118 504 loca
3148 420 3269 477 illus
3306 420 3601 477 travimus.

301 492 521 564 Utinam
554 492 756 547 laboris
786 494 951 549 nostri
984 510 1116 549 sane
1146 494 1383 562 improbi
1412 493 1646 563 optimos
1672 499 1724 547 et
1749 492 2023 563 jucundos
2054 493 2256 546 fructus
2287 492 2456 546 lector
2472 507 2696 561 carpere
2727 494 2896 561 possit
2922 502 2974 547 et
3001 494 3314 564 degustare.

370 563 447 617 De
478 565 819 634 expositione
850 565 903 618 in
935 564 1156 621 Cantica
1186 564 1512 620 canticorum
1532 580 1650 635 qua:
1681 564 1921 632 excipiet
1948 564 2094 619 hunc
2124 564 2615 635 Commentarium,
2634 572 2689 618 et
2717 565 2785 618 de
2814 563 2934 619 aliis
2963 563 3222 635 operibus
3252 563 3599 635 subsequeng

300 633 441 687 tibus
472 632 565 688 hic
591 635 778 689 dicere
807 636 940 689 nihil
988 638 1195 699 attinet,
1229 651 1353 689 cum
1402 632 1634 706 singulis
1666 634 2030 702 praefationes,
2061 642 2155 689 aut
2183 634 2602 706 admonitiones
2627 632 3037 706 praeﬁxerimusi.
3078 637 3145 690 At
3186 634 3245 706 in
3272 632 3490 706 praefat.
3530 633 3602 688 ad

301 706 712 787 Expositionem
735 706 950 787 gentici
981 722 1087 787 non
1120 707 1304 787 debuit
1333 703 1529 787 omitti;
1530 707 1899 787 testimonium
1931 707 2103 787 sancti
2135 705 2479 787 Columbam,
2512 703 2606 777 qui
2626 705 2975 787 intersaepti
2998 704 3250 787 Gregorii
3283 704 3459 787 Opera
3481 720 3603 787 eam
3710 734 3715 739 ο

299 785 551 849 recenset
580 793 702 831 eum
735 777 869 832 libro
902 778 1125 849 Regulae
1158 779 1369 831 Pastor.
1404 786 1455 831 et
1489 777 1741 833 Humiliis
1770 780 1824 833 in
1855 776 2215 843 Ezechielem,
2250 784 2312 832 ut
2343 775 2544 834 videre
2560 784 2641 831 est
2670 777 2724 831 in
2754 777 3000 848 ejusdem
3031 775 3352 832 Columbani
3371 775 3603 849 epistola

296 850 441 904 inter
467 847 865 922 Gregorianas.
898 847 1034 919 (Lib.
1068 863 1149 917 ix,
1182 852 1358 921 epist.
1398 849 1651 915 ultima).

292 1046 3601 1081 mm

768 1227 1435 1422 SANCTI
1518 1228 2440 1346 GREGORII
2526 1228 3153 1346 MAGNI

1536 1456 1861 1523 ROMANI
1914 1452 2373 1519 PONTIFICIS

514 1641 722 1784 IN
868 1641 1596 1791 LIBRUM
1749 1637 2491 1785 PRIMUM
2640 1637 3362 1810 REGUM,

1450 1933 1572 2007 QUI
1610 1934 1698 1991 ET
1737 1930 2086 1992 SAMUELIS
2126 1932 2430 2005 manus,

1085 2111 1549 2185 VARIARUM
1600 2109 2258 2186 EXPOSITIONUM
2312 2116 2537 2191 LIBRI
2590 2116 2786 2189 SEX.

1625 2446 2250 2585 proemium.

356 2710 396 2776 1
432 2710 564 2765 Post
592 2709 771 2782 Moysi
817 2718 873 2767 et
906 2711 1036 2766 .lesu
1078 2712 1231 2767 Nave
1276 2711 1472 2780 libros,
1522 2715 1581 2769 et
1624 2713 1891 2779 Iudicum,
1924 2715 1981 2777 Α
2010 2714 2350 2770 altitudinem
2393 2714 2631 2784 intuens,
2665 2715 2972 2788 Synagogm
3019 2722 3204 2787 typum
3246 2730 3375 2781 una,
3426 2714 3598 2773 altera

277 2794 358 2867 (α)
389 2806 622 2853 octavus
653 2798 775 2854 sive
807 2814 987 2854 nonus
1016 2799 1070 2853 in
1098 2815 1309 2855 canone
1328 2809 1633 2856 sanctarum
1656 2802 1891 2873 Scriptu-

277 2900 464 2940 rarum
494 2887 713 2957 primus
743 2887 885 2942 liber
912 2889 1121 2959 Regum
1150 2890 1467 2943 ostenditur.
1501 2890 1603 2959 Qui
1653 2900 1893 2962 protecto

276 2972 442 3039 liber,
475 2974 617 3029 sicut
643 2983 701 3029 et
730 2974 992 3046 pleraque
1022 2976 1299 3032 volumina
1328 2978 1471 3033 sacri
1502 2979 1723 3048 eloquii,
1748 2979 1893 3051 quod

280 3064 353 3132 (ὁ)
367 3078 401 3117 a
417 3071 629 3119 sanctae
646 3064 917 3120 Ecclesiae
930 3064 1236 3120 doctoribus
1252 3066 1490 3121 nondum
1505 3067 1574 3121 sit
1586 3068 1889 3138 expositus,

279 3152 538 3207 nonnulli
568 3152 937 3223 simpliciores
966 3155 1109 3209 hunc
1138 3170 1247 3209 non
1279 3170 1399 3209 esse
1422 3155 1711 3228 mysticum
1741 3156 1896 3211 arbi—

278 3248 513 3306 trantur,
546 3248 603 3296 et
633 3257 702 3296 eo
732 3240 1051 3298 sublimiora
1080 3259 1177 3314 per
1222 3244 1473 3314 spiritum
1504 3244 1650 3299 nulla
1686 3245 1891 3312 dicere,

277 3345 385 3402 quo
417 3330 680 3400 planiora
696 3347 795 3401 per
812 3330 1047 3386 litteram
1065 3332 1276 3387 videtur
1294 3348 1547 3388 enarrare
1560 3375 1573 3387 .
1614 3334 1721 3389 Sed
1738 3333 1783 3388 si
1805 3349 1891 3401 ea,

277 3434 403 3490 qua:
436 3419 497 3472 in
525 3418 648 3473 aliis
676 3418 1117 3489 explanationum
1148 3421 1304 3475 libris
1334 3422 1582 3476 doctores
1603 3422 1771 3478 sancti
1804 3421 1891 3477 lo-

276 3508 380 3562 cuti
415 3515 554 3562 sunt
586 3507 852 3578 legerent,
888 3509 1047 3577 hujus
1079 3525 1295 3579 quoque
1339 3509 1578 3565 historiae
1620 3526 1779 3579 quam
1824 3510 1894 3565 sit

276 3596 562 3651 immensa
594 3596 933 3666 profunditas
961 3597 1286 3653 invenirent.
1316 3598 1459 3652 Nam
1490 3599 1806 3669 plerumque
1836 3597 1893 3652 in

274 3684 505 3739 iliomm
535 3684 974 3756 expositionibus
1004 3686 1148 3757 quod
1179 3687 1265 3741 hic
1287 3686 1506 3758 planum
1537 3703 1633 3757 per
1660 3687 1891 3741 litteram

276 3773 489 3830 dicitur
516 3772 680 3830 valde
709 3789 830 3829 esse
858 3774 1088 3829 arduum
1120 3790 1219 3845 per
1247 3775 1545 3846 spiritalem
1577 3774 1892 3846 intelligen-

276 3863 403 3916 tiam
441 3862 776 3928 declaratur,
807 3869 859 3916 et
890 3872 1077 3934 apertu
1126 3863 1401 3918 insinuant
1430 3863 1556 3934 quia
1601 3864 1765 3935 longe
1792 3880 1889 3918 su-

275 3950 510 4005 blimius
540 3949 613 4006 de
643 3965 804 4005 sacra
824 3950 1047 4006 historia
1067 3950 1377 4022 intelligunt
1405 3967 1569 4022 quam
1591 3952 1645 4005 in
1667 3953 1787 4020 ejus
1805 3968 1891 4005 su-

2001 2820 2134 2859 vero
2165 2805 2293 2875 quia
2323 2803 2555 2875 figuram
2585 2812 2789 2859 sancta:
2838 2804 3096 2859 Ecclesiae
3145 2804 3388 2871 haberet,
3421 2820 3597 2877 expo-

2002 2893 2127 2959 suit,
2168 2894 2399 2948 Sauctus
2430 2908 2647 2963 quoque
2696 2892 3053 2960 Hieronymus
3100 2893 3347 2962 (Advers.
3379 2895 3595 2965 Pelag.,

2005 2982 2228 3048 lib.i,c.
2270 2985 2322 3043 8;
2353 2984 2409 3037 ει
2437 2985 2636 3037 contra
2653 2982 2832 3036 Jovin.
2858 2981 3007 3050 lib.i,
3038 2995 3088 3035 ο.
3111 2981 3197 3048 10)
3214 2980 3332 3036 Heli
3353 2982 3607 3038 sacerdo-

2005 3071 2071 3126 tis
2101 3080 2152 3124 et
2183 3070 2309 3125 Saul
2340 3074 2590 3136 mortem,
2609 3085 2716 3125 non
2748 3069 2815 3124 ad
2847 3071 2950 3125 hoc
2980 3068 3153 3124 solum
3177 3069 3231 3123 in
3254 3085 3406 3125 sacra
3436 3070 3603 3127 histo-

2004 3160 2079 3213 ria
2111 3159 2364 3229 positam,
2390 3167 2442 3212 ut
2464 3158 2844 3213 inobedientes
2876 3158 3202 3227 praepositos
3221 3173 3410 3213 eorum
3434 3166 3602 3215 terre-

2001 3254 2087 3303 ret
2116 3262 2295 3317 pmna,
2313 3246 2409 3301 sed
2440 3248 2602 3301 etiam
2634 3254 2708 3311 ut,
2727 3247 2855 3300 dum
2878 3254 3116 3300 veterum
3148 3253 3200 3301 et
3229 3253 3601 3319 transgresso-

2003 3351 2119 3389 rum
2154 3339 2421 3390 rectorum
2454 3334 2689 3405 repulsio
2719 3333 2935 3405 legitur,
2964 3334 3201 3406 antiquae
3231 3335 3377 3407 legis
3426 3342 3476 3390 et
3504 3352 3598 3391 sa-

2001 3422 2233 3479 cerdotii
2278 3422 2528 3477 interitus
2574 3423 2911 3493 designetur.
2963 3422 3131 3478 Sacra
3176 3422 3340 3495 igitur
3384 3424 3596 3497 Regum

2000 3511 2225 3566 historia
2256 3526 2364 3564 non
2406 3511 2605 3565 idcirco
2653 3510 2980 3582 spiritalibus
3027 3511 3385 3566 sacramentis
3423 3527 3598 3567 vacua

2000 3601 2272 3656 credenda
2300 3607 2398 3665 est,
2430 3600 2557 3671 quia
2587 3615 2618 3653 a
2647 3599 3052 3655 venerabilihus
3080 3599 3321 3669 patribus
3349 3599 3594 3657 seriatim

2000 3704 2109 3743 non
2141 3696 2223 3743 est
2251 3690 2522 3759 exposita,
2556 3688 2654 3743 sed
2685 3703 2750 3743 eo
2796 3687 2955 3743 altior
3001 3696 3054 3742 et
3090 3686 3429 3759 profundior,
3460 3704 3588 3761 quo,

2000 3778 2146 3832 velut
2177 3777 2428 3831 immensi
2461 3777 2685 3831 vastitas
2713 3775 2966 3844 ﬂuminis,
2987 3792 3054 3831 ex
3084 3784 3237 3847 parte
3267 3777 3455 3849 quavis
3484 3777 3595 3833 exi-

1999 3882 2108 3937 gua
2136 3865 2338 3919 hauriri
2367 3864 2687 3933 exponendo
2719 3864 2906 3935 potuit,
2930 3872 2983 3919 et
3007 3864 3227 3935 repletis
3254 3880 3440 3920 eorum
3471 3880 3594 3922 vas-

1998 3952 2155 4017 culis,
2179 3968 2295 4007 suze
2315 3953 2662 4022 plenitudinis
2678 3953 2882 4021 impetu
2898 3952 3141 4026 quotidie
3161 3952 3451 4024 implendis
3467 3954 3591 4009 aliis

273 4039 506 4110 perticie
537 4039 670 4094 foris
709 4040 915 4110 legunt.
968 4040 1186 4093 Planum
1218 4055 1453 4109 namque
1500 4048 1580 4094 est
1608 4040 1754 4109 quod
1793 4040 1888 4097 ΕΙ-
1916 4063 1972 4127 Β
2002 4042 2417 4096 decurrit.Dum
2434 4056 2566 4112 ergo
2596 4041 2843 4110 quaedam
2874 4042 3033 4108 hujus
3061 4056 3235 4096 sacrae
3264 4041 3501 4098 historia:
3520 4042 3590 4097 ad

273 4144 411 4182 cana
445 4127 538 4182 vir
568 4127 886 4198 Ephrataaus
913 4143 1111 4183 uxores
1139 4127 1277 4183 duas
1295 4128 1543 4183 habuisse
1563 4128 1891 4183 describitur

272 4218 320 4286 (1
345 4220 498 4288 Reg.
532 4232 576 4283 ι,
616 4221 662 4281 t,
696 4218 784 4283 2):
820 4217 963 4286 quod
994 4217 1112 4271 Heli
1141 4216 1416 4282 sacerdos,
1439 4217 1568 4271 dum
1599 4231 1633 4272 a
1661 4232 1889 4272 censura

272 4303 656 4374 correptionis
687 4304 917 4359 ﬁliorum
946 4303 1233 4360 affectione
1274 4303 1604 4370 dissolvitur,
1636 4305 1705 4360 de
1749 4304 1889 4361 sella

272 4393 449 4457 cadit,
485 4400 537 4447 et
570 4392 744 4447 fracta
771 4392 983 4447 cervice
1006 4392 1186 4447 interit
1233 4393 1417 4464 (llud,
1457 4409 1528 4462 ιν,
1570 4394 1695 4463 18);
1742 4392 1889 4464 quod

272 4497 368 4535 rex
401 4480 547 4537 Saul
577 4479 808 4535 obedire
837 4481 952 4536 Deo
981 4480 1033 4535 in
1081 4481 1500 4536 Amalecitarurn
1538 4480 1889 4536 demolitione

271 4569 463 4625 noluit
488 4568 546 4637 (I
570 4569 701 4639 Reg.
734 4584 824 4635 xv,
855 4569 932 4638 9),
964 4569 1061 4624 sed
1091 4585 1200 4624 non
1222 4569 1390 4624 multo
1420 4575 1544 4639 post
1566 4576 1619 4623 et
1648 4569 1811 4622 vitam
1836 4577 1888 4623 et

273 4672 522 4729 regnum
556 4655 734 4711 amisit
762 4656 818 4719 (I
848 4659 969 4729 Reg.
1003 4673 1152 4721 xxxx,
1208 4662 1283 4726 5).
1334 4657 1441 4713 Sed
1475 4658 1590 4711 ltth
1635 4656 1887 4711 nimirum

278 4746 474 4817 plana,
507 4743 651 4800 sicut
681 4745 859 4814 placet
886 4748 928 4811 2
949 4745 1398 4815 simplicioribus,
1420 4746 1671 4799 doctores
1693 4745 1885 4812 sancti,

277 4840 337 4889 ut
362 4835 553 4906 digna
584 4833 920 4888 sublimitate
951 4834 1304 4904 perciperent,
1338 4849 1525 4887 eorum
1558 4834 1887 4888 intellectum

274 4938 383 4979 non
418 4923 483 4978 in
512 4921 867 4991 simplicitate
894 4922 1220 4993 qumsierunt
1250 4922 1458 4986 litterae,
1492 4921 1589 4976 sed
1621 4922 1672 4975 in
1704 4921 1885 4977 volatu

276 5010 593 5084 allegoriae.
618 5010 763 5065 Hinc
790 5018 869 5064 est
889 5010 1033 5064 enim
1063 5010 1207 5079 quod
1229 5025 1348 5065 cum
1380 5018 1599 5064 sanctus
1628 5009 1891 5081 Augusti-

276 5114 381 5153 nus
407 5100 500 5169 (L.
534 5112 653 5151 xvu
683 5098 749 5153 de
778 5097 941 5153 Civil.
960 5098 1076 5161 Dei,
1097 5114 1152 5154 ο.
1189 5098 1245 5167 4)
1277 5097 1413 5151 duas
1446 5098 1664 5152 Elcanaa
1693 5113 1889 5151 uxores

1998 4130 2167 4183 robur
2194 4144 2409 4183 suorum
2453 4144 2675 4198 operum
2722 4128 2994 4193 tollerent,
3026 4128 3416 4199 plenitudinem
3454 4145 3589 4186 vero

1999 4213 2140 4267 illius
2159 4213 2210 4266 in
2243 4227 2357 4267 suae
2385 4211 2734 4266 sublimitatis
2753 4215 2968 4267 secreto
2988 4210 3351 4267 indiscussam
3371 4221 3589 4283 praeter-

1991 4301 2151 4367 irent,
2183 4302 2310 4371 quid
2344 4300 2488 4355 aliud
2518 4315 2680 4370 agere
2710 4298 2811 4355 visi
2840 4306 2984 4363 sunt,
3018 4314 3178 4369 quam
3216 4298 3285 4354 de
3315 4301 3585 4357 immenso

1997 4405 2156 4444 amne
2213 4389 2417 4459 aliquid
2455 4404 2674 4459 capere,
2708 4386 2851 4458 quod
2893 4385 3204 4443 sitientibus
3259 4385 3500 4444 ﬁdelium
3536 4390 3586 4458 3

1997 4477 2266 4532 mentibus
2292 4478 2638 4548 propinarent
2656 4479 2685 4532 ?

2065 4570 2117 4622 2.
2161 4565 2407 4633 Quorum
2438 4566 2678 4635 profecto
2707 4579 2914 4620 morem
2958 4580 3059 4620 nos
3086 4579 3300 4637 quoque
3337 4564 3392 4620 in
3437 4581 3587 4637 pre-

1996 4655 2137 4708 senti
2166 4669 2332 4723 Opere
2364 4654 2656 4723 sequimur,
2692 4653 2781 4721 qui
2824 4651 2894 4706 ad
2939 4652 3219 4723 ingentem
3237 4655 3379 4709 hanc
3405 4654 3587 4711 histo-

1998 4744 2126 4796 riam
2157 4744 2338 4813 gratia
2366 4742 2673 4811 aperiendae
2704 4741 3071 4811 intelligentiae
3108 4742 3226 4809 ejus
3255 4742 3585 4809 accedimus,

1996 4831 2155 4896 cujus
2200 4838 2379 4884 tamen
2423 4829 2822 4884 universitatem
2879 4829 3258 4900 exponendam
3314 4830 3589 4902 suscipere

1997 4936 2102 4972 nou
2136 4918 2419 4983 audemus,
2452 4917 2557 4972 hoc
2578 4916 2825 4972 videlicet
2846 4917 3138 4989 aprzel'atis
3184 4918 3586 4975 venerabilibus

2000 5006 2247 5060 l’atribus
2273 5006 2552 5069 distantes,
2585 5006 2716 5077 quia
2763 5021 2873 5059 non
2904 5005 3130 5076 sparsim
3161 5012 3214 5060 et
3242 5005 3312 5060 de
3356 5006 3589 5062 diversis

1996 5093 2133 5149 locis
2162 5094 2417 5162 eligimus
2446 5094 2594 5165 quod
2622 5093 2925 5163 exposituri
2952 5108 3169 5158 sumus,
3199 5110 3321 5149 cum
3354 5094 3429 5148 illi
3475 5110 3588 5150 non

275 5203 380 5258 per
411 5186 699 5242 historiam
728 5185 961 5257 legeret,
992 5185 1046 5239 in
1076 5184 1298 5257 planitie
1320 5185 1574 5240 lectionis
1590 5184 1883 5256 spiritalem
1916 5201 1966 5266 ρ
1997 5200 2064 5237 ex
2083 5181 2275 5237 ordine
2298 5183 2533 5252 aliquam
2561 5197 2731 5237 sacra:
2758 5181 2924 5252 hujus
2954 5181 3192 5239 historia:
3233 5190 3459 5255 partem,
3489 5182 3588 5238 sed

351 5383 435 5448 (α)
456 5381 630 5436 Liber
640 5380 849 5450 primus
863 5378 1088 5450 Regum,
1103 5379 1217 5434 sive
1233 5378 1519 5442 Samuelis,
1533 5376 1576 5432 si
1592 5378 1730 5432 liber
1741 5378 1881 5431 Ruth

280 5466 314 5506 ι
341 5454 597 5508 Judicum
628 5452 775 5505 llbt‘O
807 5451 1197 5521 distinguatur,
1229 5460 1311 5504 est
1342 5466 1514 5505 nonus
1542 5450 1594 5503 in
1627 5450 1872 5521 Canone.

284 5522 339 5578 Si
371 5539 505 5578 vero
535 5522 762 5577 historia
811 5521 952 5576 Ruth
984 5519 1079 5591 pro
1126 5521 1424 5593 appendice
1454 5520 1579 5576 libri
1623 5519 1882 5576 iudicum

284 5594 566 5665 habeatur.
599 5602 685 5649 est
711 5597 962 5648 Octavum

2062 5380 2134 5449 (ὁ)
2157 5378 2348 5432 Mirum
2382 5377 2650 5433 excidisse
2681 5376 2810 5433 huic
2838 5376 3093 5447 scriptori
3113 5381 3355 5432 sanctum
3387 5378 3587 5433 Hiero-

1992 5466 2211 5522 nytuum
2245 5450 2435 5504 librum
2467 5451 2608 5522 hunc
2637 5449 2906 5505 Samuelis
2929 5449 3285 5522 exposuisse.
3330 5450 3590 5522 intelligit

1993 5516 2248 5581 fortasse,
2284 5530 2339 5573 ut
2370 5532 2550 5590 postea
2581 5520 2857 5590 insinuare
2888 5516 3116 5590 videtur,
3150 5521 3416 5590 neminem
3448 5516 3584 5574 sai-

1992 5598 2202 5647 storum
2225 5586 2443 5647 Patrum
2466 5591 2653 5647 omnia
2670 5587 2791 5644 libri
2813 5586 2971 5657 hujus
2986 5589 3235 5661 mysteria
3256 5589 3582 5662 esplisalaoi
