4062 6182
384 230 450 298 l9

1574 232 1835 296 SANCTI
1871 230 2216 296 GREGORH
2251 232 2477 298 MAGNI

3613 238 3684 302 ΞΟ

383 363 614 437 sparsim
644 362 951 423 testimonia
968 360 1218 437 quaedam
1249 362 1605 435 susciperent,
1630 379 1751 437 qum
1769 363 1835 419 ad
1858 378 1974 419 eru-
2001 360 2058 433 Α
2087 377 2348 436 aquarum
2377 356 2740 437 appellatione
2769 365 2876 423 illae
2904 382 3154 440 supernae
3166 363 3523 441 designantur
3550 385 3684 441 pro-

384 455 644 512 ditionem
672 453 911 510 ﬁdelium
939 468 1211 524 exponere
1242 453 1320 525 (a)
1351 452 1687 509 habuissent.
1712 453 1811 509 Dei
1841 467 1977 523 ergo

386 543 773 614 omnipotentis
800 542 1072 612 adjutorio
1102 540 1310 611 conﬁsi,
1341 556 1373 596 a
1403 540 1671 613 principio
1692 540 1981 597 voluminis

386 647 559 701 usque
575 631 642 686 ad
674 630 846 686 David
875 630 1022 703 regis
1054 631 1362 685 unctionem
1393 629 1690 701 explanare
1719 630 1981 700 proponi-

388 736 529 785 mus,
545 723 603 774 ut
622 720 771 775 brevi
796 721 923 785 isto,
943 718 1090 790 quod
1106 719 1360 783 cernitur,
1380 717 1622 788 experiri
1646 717 1912 788 possimus
1933 717 1981 771 si

387 808 524 863 ultra
543 807 799 880 progredi
822 791 1150 877 exponendo
1171 807 1484 862 debeamus.
1508 805 1753 876 Plerique
1771 813 1823 861 et
1838 805 1984 861 enim

388 897 519 952 dum
565 896 924 951 immoderata
973 902 1308 967 preponunt,
1367 900 1719 950 exsecutores
1775 909 1985 966 propo-

390 986 478 1040 siti
500 986 584 1040 sui
605 984 1014 1055 ﬁerinunquam
1047 988 1293 1055 possunt,
1318 983 1552 1038 maxime
1582 999 1703 1039 cum
1734 991 1990 1038 tractator

393 1075 535 1129 sacri
565 1074 765 1145 eloquii
796 1089 1005 1128 morem
1034 1078 1197 1145 gerat
1243 1072 1345 1127 viri
1373 1073 1427 1127 in
1461 1073 1569 1127 alta
1596 1072 1812 1143 specula
1849 1087 1987 1128 con-

391 1162 652 1218 sistentis.
683 1162 964 1233 Scriptura
994 1177 1128 1219 vero
1156 1178 1306 1221 sacra
1332 1161 1484 1218 silva:
1511 1161 1761 1217 vastioris
1789 1161 1987 1217 simili-

395 1251 655 1307 tudinem.
688 1249 791 1319 Qui
823 1251 1071 1322 profecto
1098 1251 1183 1306 vir
1207 1249 1261 1305 in
1283 1250 1390 1306 alto
1419 1250 1572 1314 situs,
1599 1250 1879 1306 etsiacuta
1899 1251 1990 1306 vi-

394 1340 549 1395 sione
604 1339 842 1395 nemoris
888 1340 1195 1394 vastitatem
1253 1338 1584 1407 considerat,
1633 1346 1816 1395 tamen
1861 1339 1989 1394 dum

394 1443 619 1483 summa
677 1428 962 1495 montium,
1023 1427 1152 1482 dum
1227 1435 1470 1482 extrema
1539 1427 1777 1495 collium,
1862 1427 1992 1482 dum

395 1517 648 1572 arborum
694 1516 866 1584 celsa,
918 1516 972 1570 in
1020 1515 1249 1587 quadam
1295 1514 1603 1588 aequalitate
1644 1515 1747 1569 sibi
1785 1531 1991 1571 conve-

395 1605 600 1661 nientia
622 1604 858 1676 respicit,
890 1620 1051 1675 quam
1081 1620 1300 1678 magnae
1326 1604 1521 1673 valles,
1554 1619 1716 1675 quam
1746 1604 1994 1660 distentae

2086 452 2271 509 fundae
2291 454 2669 527 intelligentiae
2699 457 3185 529 angelorum,dum
3219 458 3365 514 sacri
3394 458 3594 530 eloquii
3616 458 3687 514 al-

2085 541 2371 597 titudinem
2399 543 2550 621 Deus
2568 543 2623 598 in
2652 544 2811 613 aquis
2840 553 3022 617 tegere
3050 544 3270 612 dicitur,
3291 554 3501 602 constat
3529 546 3688 601 nimi-

2088 647 2209 685 rum
2242 630 2367 704 quia
2390 632 2554 686 homo
2576 648 2794 703 semper
2815 632 2902 687 illa
2924 633 2991 687 sit
3010 633 3237 689 inferior
3253 634 3337 689 cui
3370 635 3543 690 solum
3566 635 3688 707 ejus

2090 716 2349 774 inferiora
2372 720 2704 775 revelantur.
2743 721 2879 776 Hinc
2909 721 3070 776 etiam
3096 739 3196 794 per
3230 724 3453 793 Moysen
3493 723 3687 794 praeci-

2091 806 2227 876 pitur
2245 808 2440 879 utagni
2464 809 2736 863 residuum
2763 809 2887 881 igne
2901 808 3456 879 comburatur(Erod.
3477 828 3574 878 xu,
3602 813 3688 880 10)

2094 896 2215 965 quia
2248 896 2494 951 videlicet
2527 896 2821 967 Scriptura:
2851 913 3044 964 sacrm,
3084 914 3203 967 qum
3239 900 3308 952 ad
3348 915 3688 971 cognoscen-

2094 982 2222 1037 dum
2255 984 2673 1055 Redemptorem
2705 994 2830 1039 sunt
2859 986 3038 1052 editae,
3072 1003 3171 1057 pro
3201 987 3548 1043 sublimitatis
3579 1004 3693 1045 suae

2097 1070 2359 1139 dignitate
2390 1072 2724 1127 venerandae
2762 1081 2889 1128 tunc
2909 1075 3070 1130 etiam
3093 1083 3214 1129 sunt
3246 1092 3367 1130 cum
3390 1092 3498 1132 non
3529 1076 3692 1130 intel—

2098 1159 2358 1232 liguntur.
2393 1161 2579 1233 Itaque
2611 1163 2709 1219 etsi
2739 1162 2873 1218 nihil
2906 1167 3163 1235 pensatur
3192 1164 3339 1235 quod
3370 1180 3401 1219 a
3433 1180 3520 1220 me
3552 1164 3691 1219 dici-

2098 1254 2206 1314 tur,
2258 1247 2607 1304 nihilominus
2653 1251 2994 1320 pensandum
3051 1260 3131 1308 est
3187 1252 3314 1324 quia
3367 1254 3485 1308 haec
3539 1269 3695 1310 sacra

2101 1335 2393 1407 Scriptura,
2426 1354 2546 1408 quae
2575 1352 2609 1392 a
2635 1353 2722 1394 me
2752 1338 2976 1411 indigne
2995 1341 3300 1411 exponitur,
3333 1341 3382 1396 ei
3413 1342 3495 1397 cui
3517 1344 3695 1397 omni-

2098 1430 2294 1494 potens
2324 1424 2473 1479 Deus
2504 1433 2709 1480 secreta
2739 1428 2952 1497 aperire
2984 1428 3215 1482 voluerit
3258 1428 3403 1483 bona
3432 1437 3485 1484 et
3514 1429 3695 1484 subli-

2099 1511 2215 1566 mia
2243 1511 2405 1566 multa
2435 1513 2585 1568 dicit.
2621 1513 2897 1584 Scriptura
2926 1516 3129 1571 etenim
3159 1532 3312 1572 sacra
3333 1525 3442 1572 tam
3470 1518 3694 1572 mirabi-

2101 1597 2227 1654 liter
2255 1600 2324 1655 ab
2354 1600 2728 1677 omnipotente
2761 1602 2873 1657 Deo
2902 1604 3117 1659 condita
3146 1614 3243 1669 est,
3277 1608 3337 1659 ut
3364 1605 3467 1661 etsi
3506 1606 3695 1661 multi-

394 1694 651 1765 planities
675 1695 728 1749 in
758 1694 939 1751 medio
969 1693 1186 1759 lateant,
1219 1708 1327 1749 non
1358 1692 1603 1751 attendit.
1634 1691 1742 1748 Sed
1773 1693 1818 1748 si
1863 1709 1986 1764 per-
2021 1717 2073 1777 Β
2103 1687 2317 1759 pliciter
2346 1689 2594 1777 videatur
2620 1690 2882 1760 exposita,
2916 1708 3023 1747 non
3053 1692 3250 1747 desunt
3299 1702 3478 1751 tamen
3508 1695 3556 1750 ei
3601 1712 3697 1750 se-

393 1783 672 1837 ambulare
704 1782 850 1854 quod
894 1781 942 1837 ei
989 1782 1155 1836 breve
1207 1781 1424 1837 videtur
1470 1781 1717 1851 cmperit,
1766 1789 1992 1852 repente

395 1871 678 1944 cognoscit
704 1871 829 1941 quia
859 1869 948 1940 qui
978 1886 1037 1924 se
1068 1877 1234 1924 totum
1268 1869 1471 1923 vidisse
1501 1876 1804 1941 putaverat,
1836 1868 1993 1926 valde

389 1961 550 2032 plura
566 1967 937 2015 remanserant
955 1976 1077 2032 qua":
1093 1975 1201 2014 non
1226 1958 1453 2013 viderat.
1482 1958 1635 2015 Unde
1659 1965 1710 2013 et
1728 1975 1872 2029 smpe
1903 1958 1993 2013 im-

391 2050 706 2106 moderatus
737 2048 909 2104 viator
939 2048 1300 2119 decipitur,ut
1329 2055 1474 2102 tanto
1503 2047 1863 2118 periculosius
1893 2047 1995 2103 iter

392 2139 629 2210 expleat,
664 2145 866 2209 quanto
897 2145 951 2191 et
998 2153 1123 2191 eum
1172 2137 1224 2190 in
1257 2136 1365 2201 via,
1398 2134 1616 2206 expleto
1657 2135 1764 2205 die,
1815 2136 1992 2191 noctis

390 2241 539 2282 error
565 2226 885 2297 intercipiat,
919 2225 1007 2295 qui
1029 2225 1172 2279 velut
1200 2224 1255 2278 in
1286 2225 1439 2295 parvi
1472 2224 1676 2279 itineris
1694 2224 1868 2295 spatio
1890 2240 1991 2279 nec

387 2314 494 2370 diei
518 2321 721 2385 partem
738 2330 795 2368 se
812 2314 1029 2384 explere
1045 2313 1325 2384 cogitavit.
1341 2313 1429 2368 Sic
1443 2312 1526 2367 sic
1548 2313 1842 2379 nimurum,
1858 2311 1986 2366 dum

386 2419 556 2459 sacra:
583 2402 819 2457 historiae
849 2402 1179 2458 intellectum
1223 2401 1278 2455 in
1308 2400 1542 2471 quadam
1590 2415 1842 2455 sensuum
1872 2400 1988 2470 ejus

390 2491 701 2547 summitate
746 2491 1188 2553 consideramus,
1221 2488 1603 2559 omnipotentis
1650 2489 1747 2544 Dei
1786 2489 1985 2561 gratia,

388 2580 542 2635 velut
571 2580 712 2635 altos
739 2578 1009 2648 opacioris
1028 2578 1178 2632 silvas
1201 2577 1427 2632 vertices
1457 2577 1524 2632 de
1546 2578 1778 2648 quadam
1812 2578 1987 2632 subli-

387 2669 574 2724 mitate
601 2666 951 2724 attendimus.
976 2666 1085 2723 Sed
1117 2666 1244 2736 quia
1270 2666 1401 2721 dum
1433 2666 1575 2722 idem
1599 2682 1792 2723 sensus
1820 2666 1989 2722 subti-

384 2757 491 2813 lius
520 2754 855 2813 considerari
884 2762 938 2810 et
967 2754 1199 2827 proferri
1225 2754 1511 2826 coeperint,
1543 2755 1680 2811 alios
1709 2771 1770 2811 se
1799 2755 1986 2811 multi-

385 2845 645 2918 pliciores
674 2846 927 2917 gignunt,
962 2843 1111 2898 velut
1131 2842 1184 2898 in
1215 2844 1598 2914 superﬁcie,‘ut
1627 2842 1861 2911 videtur,
1896 2851 1984 2898 to-

388 2933 497 2990 tius
528 2934 755 3005 inspecti
784 2948 945 2987 nemo
975 2932 1042 2999 is,
1072 2939 1129 2987 at
1158 2931 1379 2987 vallium
1410 2947 1652 2989 concava
1683 2940 1736 2987 et
1763 2932 1988 2987 distenti

388 3023 463 3093 (b)
484 3022 667 3077 Matini
688 3021 857 3076 latent
872 3022 1068 3092 spatia,
1088 3037 1208 3092 quae
1226 3036 1335 3075 non
1357 3021 1623 3079 videntur.
1640 3021 1826 3075 Tutius
1853 3037 1986 3093 ergo

388 3111 690 3185 gradimur,
724 3109 771 3164 si
799 3109 875 3164 sic
904 3110 1154 3164 metimur
1178 3126 1243 3164 ea
1271 3126 1393 3182 quae
1414 3109 1708 3174 cernimus,
1740 3118 1797 3164 ut
1825 3110 1989 3165 etiam

390 3216 458 3262 ea
488 3216 610 3271 quas
640 3198 982 3270 procebendo
1030 3197 1199 3253 visuri
1228 3214 1416 3253 sumus
1454 3198 1815 3268 percurrenda
1870 3215 1991 3255 esse

391 3288 713 3360 cogitemus.
734 3289 921 3356 Itaque
942 3285 1072 3341 dum
1102 3286 1339 3359 ingentis
1360 3285 1598 3342 historiae
1618 3303 1844 3358 parvum
1877 3304 1993 3358 par-

394 3387 506 3434 tem
524 3377 818 3446 explanare
846 3374 1219 3446 proponimus,
1245 3391 1344 3446 pro
1367 3374 1586 3431 modulo
1610 3375 1994 3432 imbecillitatis

392 3475 600 3524 nostrae
627 3481 847 3521 cursum
875 3463 1081 3519 itineris
1110 3463 1165 3519 in
1212 3463 1409 3519 victinio
1453 3465 1834 3533 terminamus,
1882 3473 1995 3520 tam

398 3556 654 3611 videlicet
681 3553 888 3626 ingenii
938 3552 1197 3608 tenuitate
1245 3551 1426 3619 diffisi,
1467 3568 1627 3624 quam
1656 3555 1798 3610 sacri
1838 3553 1995 3611 volu-

399 3644 561 3699 minis
590 3641 955 3713 profunditate
985 3640 1275 3713 perterriti.

473 3735 529 3787 3.
561 3731 667 3787 Sed
699 3739 751 3786 et
779 3731 1011 3800 primum
1042 3745 1153 3785 non
1182 3737 1293 3785 tam
1325 3729 1607 3786 instituere
1638 3746 1803 3802 quam
1834 3730 1998 3786 obse—

404 3836 562 3879 crare
590 3820 849 3875 lectorem
878 3818 1087 3884 censui,
1118 3826 1176 3873 ut
1205 3818 1465 3874 inanitate
1485 3820 1846 3891 expositionis
1864 3835 2002 3875 mea)

405 3908 619 3981 pondus
648 3923 826 3963 sacrae
854 3907 1095 3963 historia:
1126 3922 1467 3977 nequaquam
1508 3916 1724 3980 penset,
1757 3907 1884 3980 quia
1913 3907 2002 3962 di-

407 3998 535 4052 vina
563 3996 778 4068 eloquia
806 4011 869 4051 ex
891 4011 1146 4051 mensura
1174 4003 1520 4053 tractatorum
1546 4013 1828 4067 nunquam
1859 3997 2006 4051 aesti-

408 4085 612 4142 manda
640 4094 784 4141 sunt.
804 4084 944 4141 Nam
962 4100 1062 4140 nec
1083 4084 1288 4142 idcirco
1319 4095 1441 4141 sunt
1463 4085 1860 4156 vilipendenda,
1881 4085 2010 4157 quia

410 4190 522 4231 non
550 4174 822 4229 subtiliter
866 4173 1321 4240 considerantur;
1355 4190 1453 4231 nec
1500 4174 1650 4230 celsa
1677 4182 1732 4229 et
1776 4190 2008 4229 venera-

412 4263 543 4319 bilia
574 4262 718 4330 ideo,
742 4262 867 4335 quia
886 4263 1119 4320 facunde
1138 4270 1193 4318 et
1213 4262 1483 4318 subtiliter
1503 4268 1861 4332 exponuntur.
1893 4261 2014 4317 Alia

413 4351 614 4422 quippe
643 4352 817 4407 virtus
846 4360 930 4408 est
957 4368 1079 4423 quae
1123 4350 1265 4420 apud
1324 4349 1504 4406 executi
1533 4352 1816 4421 sapientes
1864 4358 2013 4405 tanta

2017 3065 2068 3129 C

2102 1783 2252 1833 creta
2283 1776 2479 1849 quibus
2507 1786 2689 1834 servet
2719 1780 2952 1849 occulta,
2986 1781 3110 1850 quia
3156 1781 3269 1836 fere
3299 1799 3573 1852 nunquam
3620 1784 3698 1840 sic

2102 1865 2406 1936 exponitur,
2443 1873 2497 1920 ut
2527 1865 2576 1920 ei
2606 1882 2714 1920 non
2754 1866 2910 1936 plura
2950 1877 3265 1924 remaneant
3295 1886 3416 1942 quae
3458 1872 3697 1942 quotidie

2101 1961 2459 2024 exponentur.
2493 1953 2615 2024 Qua
2645 1956 2886 2026 profecto
2917 1956 3035 2027 ejus
3055 1957 3697 2029 incomprehensibilitate

2100 2041 2445 2112 omnipotens
2461 2044 2606 2098 Deus
2626 2044 2877 2101 humanm
2904 2045 3239 2100 mutabilitati
3263 2061 3462 2119 magna
3482 2047 3699 2119 dispen-

2100 2130 2309 2185 satione
2339 2130 2643 2196 consuluit;
2677 2148 2820 2201 nam,
2854 2141 2912 2188 ut
2942 2133 3209 2190 vilescere
3226 2143 3354 2190 nota
3376 2151 3483 2190 non
3502 2138 3693 2205 possit,

2098 2219 2177 2274 sic
2207 2220 2339 2274 mire
2372 2220 2633 2291 disposita
2660 2229 2762 2286 est,
2794 2229 2851 2275 ut
2881 2225 3100 2294 cognita
3131 2225 3430 2290 nesciatur,
3453 2232 3586 2281 eteo
3616 2226 3694 2281 le-

2096 2316 2259 2379 gatur
2285 2307 2510 2375 gratius,
2545 2324 2653 2380 quo
2683 2310 2921 2380 quotidie
2952 2310 3210 2379 discitur;
3232 2326 3296 2367 ac
3324 2311 3452 2367 dum
3474 2329 3695 2386 semper

2096 2396 2336 2450 recentia
2364 2395 2592 2455 intimat.
2625 2397 2850 2452 suavius
2878 2398 3135 2454 oblectet.

2165 2484 2219 2539 4.
2262 2484 2495 2539 Historia
2526 2500 2655 2557 ergo
2703 2486 2937 2556 Regum,
2971 2487 3092 2557 quia
3141 2504 3199 2543 es
3240 2489 3428 2560 spiritu
3475 2490 3693 2547 condita

2095 2587 2205 2643 quo
2221 2580 2274 2627 et
2295 2581 2493 2628 caetera
2518 2574 2815 2645 Scriptura:
2836 2584 3039 2631 sancta:
3060 2575 3330 2633 volumina
3349 2593 3696 2650 cognoscun-

2095 2667 2200 2725 tur,
2248 2676 2359 2715 non
2406 2661 2569 2716 debet
2602 2662 2751 2718 credi
2801 2663 2882 2719 eis
2928 2679 3046 2719 esse
3092 2665 3271 2721 minor
3322 2668 3693 2734 sacramentis,

2096 2750 2293 2819 quibus
2324 2765 2433 2805 non
2465 2759 2544 2805 est
2573 2749 2803 2807 inferior
2835 2751 2984 2808 titulo
3005 2755 3359 2812 auctoritatis.
3392 2756 3533 2812 Nam
3565 2773 3694 2813 om-

2095 2854 2194 2893 nes
2223 2837 2522 2909 scriptores
2552 2839 2673 2909 ejus
2715 2842 2993 2911 pr0pltcl83
3035 2840 3202 2897 fuisse
3242 2842 3572 2911 referuntur,
3605 2846 3700 2916 qui

2095 2942 2222 2982 cum
2255 2926 2509 2982 historica
2539 2932 2782 2999 narrant,
2812 2927 3115 3000 spiritualia
3151 2931 3394 3003 signant;
3419 2935 3697 2990 exteriora

2097 3015 2405 3085 loquuntur,
2440 3024 2491 3071 et
2520 3016 2710 3071 intima
2740 3017 2999 3087 inuuunt;
3033 3027 3249 3075 terrena
3278 3030 3603 3092 proponunt.
3638 3032 3698 3078 ut

2097 3104 2333 3160 caelestia
2364 3113 2756 3175 exsequantur.
2792 3107 2946 3163 Unde
2993 3115 3047 3162 et
3078 3108 3165 3164 hic
3217 3109 3357 3164 liber
3401 3111 3611 3179 primus
3640 3120 3696 3167 et

2096 3192 2373 3248 secundus
2403 3193 2651 3263 ejusdem
2672 3195 2914 3251 historiae
2934 3196 3005 3249 ad
3027 3198 3129 3252 hoc
3150 3198 3428 3268 prophetae
3448 3200 3696 3256 Samueli

2098 3280 2401 3344 ascribitur,
2453 3289 2510 3335 ut
2565 3297 2630 3337 ex
2688 3282 2924 3338 auctoris
2981 3284 3134 3340 titulo
3176 3285 3435 3341 sentiatur
3476 3286 3697 3344 historia

2101 3384 2264 3439 quam
2317 3369 2525 3436 scribit,
2568 3386 2677 3426 non
2722 3379 2830 3425 tam
2888 3372 3111 3428 historia
3162 3390 3320 3443 quam
3379 3377 3694 3446 prophetia;

2101 3456 2337 3527 simplex
2366 3474 2604 3528 veraque
2647 3458 2844 3525 littera,
2877 3460 2973 3515 sed
3004 3460 3109 3515 alta
3155 3462 3315 3516 nimis
3339 3468 3394 3517 et
3432 3465 3698 3536 multipli-

2102 3544 2267 3600 citate
2294 3545 2627 3601 occultorum
2658 3562 2908 3601 sensuum
2941 3548 3230 3619 profunda.
3262 3551 3380 3605 Nos
3422 3560 3606 3609 autem
3635 3553 3706 3611 de

2105 3641 2252 3689 tanto
2283 3632 2331 3702 ej
2344 3649 2403 3688 us
2433 3633 2674 3704 pondere
2702 3650 2803 3705 pro
2835 3636 2998 3690 modo
3028 3636 3343 3707 pusillitatis
3371 3650 3571 3697 nostra:
3611 3657 3708 3697 as-

2106 3722 2370 3777 sumimus
2401 3722 2623 3778 fcrenda
2654 3740 2778 3796 quae
2827 3740 3148 3796 possumus.
3186 3728 3324 3782 Nam
3363 3745 3486 3784 cum
3528 3731 3709 3786 suavis

2108 3811 2179 3865 sit
2202 3810 2257 3864 in
2285 3811 2580 3882 superﬁcie
2599 3811 2988 3879 litterae,altior
3016 3815 3070 3868 in
3104 3818 3243 3887 typis
3265 3817 3564 3889 allegoriae,
3589 3834 3709 3873 mo-

2106 3898 2257 3953 ribus
2285 3898 2612 3955 instruendis
2640 3900 2807 3966 utilis,
2838 3901 3022 3958 lucida
3048 3906 3107 3956 in
3149 3904 3411 3975 exemplis
3439 3904 3712 3961 exhiben-

2108 3987 2211 4055 dis,
2243 3987 2298 4042 in
2327 3987 2464 4045 locis
2485 3997 2672 4044 tamen
2711 3988 2942 4063 singulis
2973 3998 3026 4047 et
3052 3991 3310 4047 historica
3336 4008 3607 4062 asserere,
3649 4002 3704 4050 et

2113 4077 2293 4148 typica
2326 4078 2587 4146 proferre,
2622 4085 2680 4132 et
2724 4079 2980 4134 conferre
3026 4080 3269 4147 moralia,
3310 4088 3366 4135 et
3409 4096 3716 4152 praponere

2116 4165 2371 4236 exempla
2398 4164 2642 4237 refugio;
2676 4182 2988 4239 quanquam
3020 4166 3125 4222 alia
3155 4168 3255 4222 sub
3288 4185 3394 4224 uno
3416 4169 3715 4239 intellectu,

2115 4253 2422 4323 adjuvande
2443 4255 2695 4319 Domino,
2709 4255 2808 4309 sim
2827 4258 3190 4325 cxiiositurus,
3209 4258 3315 4313 alia
3330 4274 3458 4314 vero
3474 4260 3577 4315 sub
3601 4260 3720 4330 plu-

2119 4341 2288 4397 ribus.
2311 4342 2543 4396 Maxime
2563 4358 2691 4397 cum
2729 4344 2811 4397 bis
2838 4345 3174 4415 temporibus
3196 4346 3473 4402 scribendi
3496 4363 3718 4419 operam

415 4417 665 4505 habe-tur,
697 4448 950 4509 quantum
974 4417 1102 4495 eam
1128 4417 1385 4493 extollere
1407 4417 1638 4508 possunt
1663 4439 1919 4508 praeclara
1941 4438 2017 4493 in'
2044 4417 2095 4477 D
2122 4429 2254 4485 dare
2282 4431 2678 4497 censuct-im,in
2709 4432 2905 4502 quibus
2932 4432 3060 4487 dum
3081 4434 3339 4490 cordibus
3357 4417 3721 4507 quorumdam

414 4529 595 4600 genia.
629 4528 802 4584 Sacra
825 4543 953 4583 vero
981 4526 1280 4594 Scriptura,
1315 4526 1442 4594 quia
1469 4525 1731 4581 divinitus
1754 4528 2016 4598 inspirata

417 4626 520 4681 est,
551 4622 703 4673 tanto
720 4616 1003 4671 sublimius
1023 4614 1187 4670 etiam
1212 4615 1468 4685 praeclara
1489 4615 1767 4669 hominum
1794 4616 2017 4687 ingenia

421 4715 660 4778 superat,
694 4712 895 4777 quanto
926 4703 1033 4773 ipsi
1063 4704 1311 4773 pmclira
1332 4703 1579 4759 homines
1602 4704 2019 4759 Deoinferiores

432 4804 582 4863 sunt,
612 4802 666 4850 et
694 4793 827 4848 nihil
854 4793 910 4847 in
939 4792 1035 4848 illa
1063 4791 1295 4862 spiritali
1314 4791 1648 4848 sublimitate
1670 4792 2019 4861 conSpiciunt

424 4886 531 4941 nisi
558 4883 705 4955 quod
725 4883 806 4938 eis
826 4881 996 4952 ipsius
1011 4881 1211 4936 divinae
1230 4880 1572 4948 dignationis
1591 4879 1826 4935 bonitate
1853 4896 2017 4936 reve-

424 4975 582 5030 letur.
613 4973 788 5027 Nemo
817 4970 983 5041 igitur
1011 4969 1065 5023 in
1095 4970 1214 5038 ejus
1243 4969 1466 5024 scientia
1496 4968 1565 5023 ita
1616 4968 1888 5039 perfectus
1915 4975 2014 5037 est,

423 5064 480 5131 4
508 5068 568 5117 ut
596 5057 860 5131 proﬁcere
888 5056 1021 5110 ultra
1051 5072 1158 5111 non
1191 5057 1382 5126 possit,
1407 5057 1533 5126 quia
1552 5056 1777 5112 interior
1802 5064 1885 5112 est
1904 5072 2023 5111 om-

422 5152 511 5209 nis
536 5147 810 5222 profectus
832 5144 1088 5207 hominis,
1103 5144 1396 5199 divinitatis
1414 5144 1695 5200 altitudine
1714 5161 1832 5199 eam
1861 5144 2026 5216 inspi-

426 5241 618 5295 rantis.
653 5236 806 5294 Unde
845 5242 898 5289 et
927 5248 1024 5305 per
1053 5231 1388 5287 Psalmistam
1418 5231 1485 5286 de
1518 5232 1748 5287 Domino
1796 5233 2025 5287 dicitur:

433 5328 685 5399 Quitcgit
705 5328 765 5382 in
783 5324 947 5398 aquis
963 5322 1258 5394 superiora
1288 5322 1409 5392 ejus
1437 5321 1555 5392 (Ps.
1576 5337 1689 5387 cm,
1715 5320 1863 5391 3).Si
1887 5321 2031 5377 enim

503 5475 584 5542 (ει)
620 5439 1169 5542 Gilot.,dcbut’sscnt.

503 5477 559 5542 (lt
620 5475 1169 5538 Gilot.,dcbut’sscnt.

501 5475 584 5615 (ῡῖ
616 5540 848 5599 Matina:
880 5558 1037 5599 mons
1067 5548 1147 5599 est
1177 5539 1469 5601 Calabriae.
1506 5541 1720 5610 Horat,
1756 5540 1908 5616 epod.
1938 5543 2022 5601 ιθ.

2124 4518 2613 4574 ecclesiasticorum
2646 4521 2883 4575 virorum
2914 4531 3065 4576 vetus
3091 4522 3396 4579 sollicitudo
3438 4525 3721 4582 mundanae

2125 4607 2436 4663 intentionis
2464 4609 2824 4680 immergitur,
2846 4625 2987 4665 nova
3006 4610 3284 4665 scribendi
3305 4612 3483 4668 studia
3503 4629 3570 4669 eo
3599 4630 3721 4670 esse

2127 4698 2401 4768 superﬂua
2426 4697 2690 4767 judicent,
2741 4713 2849 4768 quo
2887 4706 2941 4753 et
2992 4699 3281 4755 doctorum
3333 4702 3722 4758 venerabilium

2127 4786 2405 4842 abundare
2438 4794 2616 4841 vetera
2646 4800 2753 4840 non
2785 4786 3060 4857 ignorant.
3091 4786 3193 4856 Qui
3224 4787 3476 4844 nimirum
3514 4793 3722 4847 ratione

2128 4873 2487 4930 convincendi
2517 4881 2720 4940 essent,
2754 4874 2857 4928 nisi
2890 4874 3104 4945 signum
3136 4875 3442 4943 calumniae,
3477 4879 3723 4949 exposita

2127 4964 2322 5027 fronte,
2356 4962 2772 5031 praetenderent,
2800 4963 2937 5017 Nam
2970 4962 3057 5031 qui
3078 4979 3224 5018 nova
3256 4965 3404 5020 velut
3431 4982 3575 5021 nova
3595 4983 3722 5023 con-

2129 5059 2392 5114 temnunt,
2425 5049 2518 5103 illa
2547 5066 2665 5119 qua:
2698 5051 2932 5119 probant
2957 5060 3162 5117 vetera,
3203 5068 3448 5107 curarum
3488 5055 3723 5110 saecula—

2130 5141 2270 5197 rium
2300 5138 2577 5194 saturitate
2606 5138 2898 5192 t'astidiunt.
2921 5137 3069 5207 Quos
3090 5155 3220 5195 sane
3248 5141 3427 5210 plures
3446 5143 3544 5197 sub
3569 5144 3725 5198 unius

2136 5228 2482 5285 denotatione
2514 5227 2787 5297 Scriptura
2816 5228 3059 5295 exponit,
3079 5228 3301 5283 dicens:
3326 5230 3537 5285 Anima
3561 5236 3725 5287 satu-

2139 5322 2269 5375 rata
2281 5316 2729 5385 calcabilfavmn
2743 5318 2921 5386 (Prov.
2940 5333 3109 5386 xxvu,
3127 5318 3198 5387 7).
3218 5319 3391 5373 Favus
3406 5320 3606 5390 quippe
3620 5322 3727 5375 mel

2755 5499 2767 5515 .
2922 5500 2935 5515 .
2982 5502 3000 5529 ,Α
3025 5466 3231 5529 quando

2406 5525 2582 5577 Padus
2617 5525 2809 5578 Matina
2846 5525 3351 5579 laverit'cacumina.
