  <div class='ocr_page' id='page_1' title='image "/cluster/home/n/w/nwhite01/storage/ocr_20150623/79/hvd.32044054758834/016.png"; bbox 0 0 4062 6182; ppageno 0'>
   <div class='ocr_carea' id='block_1_1' title="bbox 280 307 341 369">
    <p class='ocr_par' dir='ltr' id='par_1_1' title="bbox 280 307 341 369">
     <span class='ocr_line' id='line_1_1' title="bbox 280 307 341 369; baseline -0.033 0"><span class='ocrx_word' id='word_1_1' title='bbox 280 307 341 369; x_wconf 68' lang='lat'><strong>21</strong></span> 
     </span>
    </p>
   </div>
   <div class='ocr_carea' id='block_1_2' title="bbox 1065 304 2794 369">
    <p class='ocr_par' dir='ltr' id='par_1_2' title="bbox 1065 304 2794 369">
     <span class='ocr_line' id='line_1_2' title="bbox 1065 304 2794 369; baseline 0.002 -4"><span class='ocrx_word' id='word_1_2' title='bbox 1065 308 1140 365; x_wconf 85' lang='lat' dir='ltr'>IN</span> <span class='ocrx_word' id='word_1_3' title='bbox 1174 307 1446 365; x_wconf 81' lang='lat' dir='ltr'><strong>PRIMUM</strong></span> <span class='ocrx_word' id='word_1_4' title='bbox 1482 304 1730 363; x_wconf 79' lang='lat' dir='ltr'><strong>REGUM</strong></span> <span class='ocrx_word' id='word_1_5' title='bbox 1768 304 2321 365; x_wconf 77' lang='lat' dir='ltr'><strong>EXPOSITIONES.</strong></span> <span class='ocrx_word' id='word_1_6' title='bbox 2370 306 2794 369; x_wconf 70' lang='lat' dir='ltr'><strong>PROCEMIUM.</strong></span> 
     </span>
    </p>
   </div>
   <div class='ocr_carea' id='block_1_3' title="bbox 3509 313 3581 374">
    <p class='ocr_par' dir='ltr' id='par_1_3' title="bbox 3509 313 3581 374">
     <span class='ocr_line' id='line_1_3' title="bbox 3509 313 3581 374; baseline 0.014 -1"><span class='ocrx_word' id='word_1_7' title='bbox 3509 313 3581 374; x_wconf 72' lang='lat'><strong>22</strong></span> 
     </span>
    </p>
   </div>
   <div class='ocr_carea' id='block_1_4' title="bbox 282 429 3579 509">
    <p class='ocr_par' dir='ltr' id='par_1_4' title="bbox 282 429 3579 509">
     <span class='ocr_line' id='line_1_4' title="bbox 282 429 3579 509; baseline 0.001 -17"><span class='ocrx_word' id='word_1_8' title='bbox 282 448 483 492; x_wconf 87' lang='lat' dir='ltr'><strong>novum</strong></span> <span class='ocrx_word' id='word_1_9' title='bbox 514 432 776 491; x_wconf 91' lang='lat' dir='ltr'><strong>continet.</strong></span> <span class='ocrx_word' id='word_1_10' title='bbox 797 432 968 504; x_wconf 83' lang='lat' dir='ltr'><strong>Quasi</strong></span> <span class='ocrx_word' id='word_1_11' title='bbox 998 450 1132 507; x_wconf 84' lang='lat' dir='ltr'><strong>ergo</strong></span> <span class='ocrx_word' id='word_1_12' title='bbox 1162 434 1307 490; x_wconf 87' lang='lat' dir='ltr'><strong>dicat</strong></span> <span class='ocrx_word' id='word_1_13' title='bbox 1335 455 1355 490; x_wconf 91' lang='lat'><strong><em>:</em></strong></span> <span class='ocrx_word' id='word_1_14' title='bbox 1378 435 1520 489; x_wconf 89' lang='lat' dir='ltr'><strong>Dum</strong></span> <span class='ocrx_word' id='word_1_15' title='bbox 1544 441 1875 490; x_wconf 75' lang='lat' dir='ltr'><strong>terrenarum</strong></span> <span class='ocrx_word' id='word_1_16' title='bbox 1904 429 1963 493; x_wconf 84' lang='grc' dir='ltr'><strong>Α</strong></span> <span class='ocrx_word' id='word_1_17' title='bbox 1993 430 2099 488; x_wconf 89' lang='lat' dir='ltr'><strong>Sed</strong></span> <span class='ocrx_word' id='word_1_18' title='bbox 2115 439 2172 489; x_wconf 89' lang='lat' dir='ltr'><strong>et</strong></span> <span class='ocrx_word' id='word_1_19' title='bbox 2200 432 2292 488; x_wconf 89' lang='lat' dir='ltr'><strong>ubi</strong></span> <span class='ocrx_word' id='word_1_20' title='bbox 2325 435 2374 503; x_wconf 70' lang='grc' dir='ltr'><strong>δ</strong></span> <span class='ocrx_word' id='word_1_21' title='bbox 2405 434 2584 493; x_wconf 89' lang='lat' dir='ltr'><strong>minus</strong></span> <span class='ocrx_word' id='word_1_22' title='bbox 2605 435 2781 506; x_wconf 86' lang='lat' dir='ltr'><strong>placet</strong></span> <span class='ocrx_word' id='word_1_23' title='bbox 2812 436 2959 509; x_wconf 93' lang='lat' dir='ltr'><strong>quod</strong></span> <span class='ocrx_word' id='word_1_24' title='bbox 2992 434 3193 507; x_wconf 88' lang='lat' dir='ltr'><strong>peritus</strong></span> <span class='ocrx_word' id='word_1_25' title='bbox 3222 433 3394 492; x_wconf 96' lang='lat' dir='ltr'><strong>lector</strong></span> <span class='ocrx_word' id='word_1_26' title='bbox 3420 436 3579 494; x_wconf 79' lang='lat' dir='ltr'><strong>inve-</strong></span> 
     </span>
    </p>
   </div>
   <div class='ocr_carea' id='block_1_5' title="bbox 282 521 1883 596">
    <p class='ocr_par' dir='ltr' id='par_1_5' title="bbox 282 521 1883 596">
     <span class='ocr_line' id='line_1_5' title="bbox 282 521 1883 596; baseline -0.002 -14"><span class='ocrx_word' id='word_1_27' title='bbox 282 524 1042 582; x_wconf 86' lang='lat' dir='ltr'><strong>rerumcuraimmoderatius</strong></span> <span class='ocrx_word' id='word_1_28' title='bbox 1058 523 1316 596; x_wconf 85' lang='lat' dir='ltr'><strong>pascitur,</strong></span> <span class='ocrx_word' id='word_1_29' title='bbox 1335 523 1391 578; x_wconf 93' lang='lat' dir='ltr'><strong>in</strong></span> <span class='ocrx_word' id='word_1_30' title='bbox 1408 539 1473 579; x_wconf 91' lang='lat' dir='ltr'><strong>ea</strong></span> <span class='ocrx_word' id='word_1_31' title='bbox 1498 525 1545 591; x_wconf 82' lang='lat'><strong>5</strong></span> <span class='ocrx_word' id='word_1_32' title='bbox 1579 539 1703 596; x_wconf 84' lang='lat' dir='ltr'><strong>qua</strong></span> <span class='ocrx_word' id='word_1_33' title='bbox 1723 521 1883 595; x_wconf 82' lang='lat' dir='ltr'><strong>valde</strong></span> 
     </span>
    </p>
   </div>
   <div class='ocr_carea' id='block_1_6' title="bbox 280 611 1883 686">
    <p class='ocr_par' dir='ltr' id='par_1_6' title="bbox 280 611 1883 686">
     <span class='ocr_line' id='line_1_6' title="bbox 280 611 1883 686; baseline -0.002 -17"><span class='ocrx_word' id='word_1_34' title='bbox 280 614 501 686; x_wconf 80' lang='lat' dir='ltr'><strong>placere</strong></span> <span class='ocrx_word' id='word_1_35' title='bbox 556 612 699 669; x_wconf 84' lang='lat' dir='ltr'><strong>solet</strong></span> <span class='ocrx_word' id='word_1_36' title='bbox 735 612 942 669; x_wconf 75' lang='lat' dir='ltr'><strong>recenti</strong></span> <span class='ocrx_word' id='word_1_37' title='bbox 982 612 1382 683; x_wconf 86' lang='lat' dir='ltr'><strong>Scripturarum</strong></span> <span class='ocrx_word' id='word_1_38' title='bbox 1430 611 1720 685; x_wconf 70' lang='lat' dir='ltr'><strong>dulcedine</strong></span> <span class='ocrx_word' id='word_1_39' title='bbox 1768 626 1883 667; x_wconf 90' lang='lat' dir='ltr'><strong>non</strong></span> 
     </span>
    </p>
   </div>
   <div class='ocr_carea' id='block_1_7' title="bbox 287 700 1884 774">
    <p class='ocr_par' dir='ltr' id='par_1_7' title="bbox 287 700 1884 774">
     <span class='ocr_line' id='line_1_7' title="bbox 287 700 1884 774; baseline -0.004 -15"><span class='ocrx_word' id='word_1_40' title='bbox 287 704 514 759; x_wconf 75' lang='lat' dir='ltr'><strong>latatur.</strong></span> <span class='ocrx_word' id='word_1_41' title='bbox 564 701 672 757; x_wconf 93' lang='lat' dir='ltr'><strong>Sed</strong></span> <span class='ocrx_word' id='word_1_42' title='bbox 705 702 831 774; x_wconf 87' lang='lat' dir='ltr'><strong>quia</strong></span> <span class='ocrx_word' id='word_1_43' title='bbox 867 701 1030 771; x_wconf 86' lang='lat' dir='ltr'><strong>hujus</strong></span> <span class='ocrx_word' id='word_1_44' title='bbox 1081 714 1249 756; x_wconf 86' lang='lat' dir='ltr'><strong>sacra</strong></span> <span class='ocrx_word' id='word_1_45' title='bbox 1279 700 1521 756; x_wconf 86' lang='lat' dir='ltr'><strong>historia</strong></span> <span class='ocrx_word' id='word_1_46' title='bbox 1577 706 1884 756; x_wconf 89' lang='lat' dir='ltr'><strong>commenta</strong></span> 
     </span>
    </p>
   </div>
   <div class='ocr_carea' id='block_1_8' title="bbox 285 787 1885 862">
    <p class='ocr_par' dir='ltr' id='par_1_8' title="bbox 285 787 1885 862">
     <span class='ocr_line' id='line_1_8' title="bbox 285 787 1885 862; baseline -0.002 -17"><span class='ocrx_word' id='word_1_47' title='bbox 285 800 534 847; x_wconf 82' lang='lat' dir='ltr'><strong>veterum</strong></span> <span class='ocrx_word' id='word_1_48' title='bbox 562 790 710 846; x_wconf 90' lang='lat' dir='ltr'><strong>nulla</strong></span> <span class='ocrx_word' id='word_1_49' title='bbox 733 790 1034 862; x_wconf 90' lang='lat' dir='ltr'><strong>reperiunt,</strong></span> <span class='ocrx_word' id='word_1_50' title='bbox 1055 788 1259 846; x_wconf 87' lang='lat' dir='ltr'><strong>rectius</strong></span> <span class='ocrx_word' id='word_1_51' title='bbox 1277 796 1470 862; x_wconf 83' lang='lat' dir='ltr'><strong>agunt,</strong></span> <span class='ocrx_word' id='word_1_52' title='bbox 1503 788 1550 844; x_wconf 91' lang='lat' dir='ltr'><strong>si</strong></span> <span class='ocrx_word' id='word_1_53' title='bbox 1565 804 1701 860; x_wconf 89' lang='lat' dir='ltr'><strong>opus</strong></span> <span class='ocrx_word' id='word_1_54' title='bbox 1717 787 1885 843; x_wconf 81' lang='lat' dir='ltr'><strong>nostri</strong></span> 
     </span>
    </p>
   </div>
   <div class='ocr_carea' id='block_1_9' title="bbox 284 875 1886 950">
    <p class='ocr_par' dir='ltr' id='par_1_9' title="bbox 284 875 1886 950">
     <span class='ocr_line' id='line_1_9' title="bbox 284 875 1886 950; baseline -0.002 -15"><span class='ocrx_word' id='word_1_55' title='bbox 284 880 491 939; x_wconf 79' lang='lat' dir='ltr'><strong>laboris</strong></span> <span class='ocrx_word' id='word_1_56' title='bbox 519 895 587 935; x_wconf 90' lang='lat' dir='ltr'><strong>ea</strong></span> <span class='ocrx_word' id='word_1_57' title='bbox 633 879 895 935; x_wconf 88' lang='lat' dir='ltr'><strong>charitate</strong></span> <span class='ocrx_word' id='word_1_58' title='bbox 950 894 1056 950; x_wconf 90' lang='lat' dir='ltr'><strong>qua</strong></span> <span class='ocrx_word' id='word_1_59' title='bbox 1085 878 1155 934; x_wconf 91' lang='lat' dir='ltr'><strong>ad</strong></span> <span class='ocrx_word' id='word_1_60' title='bbox 1206 877 1494 934; x_wconf 91' lang='lat' dir='ltr'><strong>utilitatem</strong></span> <span class='ocrx_word' id='word_1_61' title='bbox 1540 875 1886 949; x_wconf 85' lang='lat' dir='ltr'><strong>parvulorum</strong></span> 
     </span>
    </p>
   </div>
   <div class='ocr_carea' id='block_1_10' title="bbox 284 966 1886 1037">
    <p class='ocr_par' dir='ltr' id='par_1_10' title="bbox 284 966 1886 1037">
     <span class='ocr_line' id='line_1_10' title="bbox 284 966 1886 1037; baseline -0.002 -12"><span class='ocrx_word' id='word_1_62' title='bbox 284 976 488 1025; x_wconf 82' lang='lat' dir='ltr'><strong>sancta</strong></span> <span class='ocrx_word' id='word_1_63' title='bbox 514 968 779 1025; x_wconf 82' lang='lat' dir='ltr'><strong>Ecclesia</strong></span> <span class='ocrx_word' id='word_1_64' title='bbox 807 968 1142 1037; x_wconf 86' lang='lat' dir='ltr'><strong>impenditur</strong></span> <span class='ocrx_word' id='word_1_65' title='bbox 1168 966 1587 1036; x_wconf 84' lang='lat' dir='ltr'><strong>amplectantur,</strong></span> <span class='ocrx_word' id='word_1_66' title='bbox 1623 973 1676 1021; x_wconf 93' lang='lat' dir='ltr'><strong>et</strong></span> <span class='ocrx_word' id='word_1_67' title='bbox 1689 980 1788 1037; x_wconf 91' lang='lat' dir='ltr'><strong>pro</strong></span> <span class='ocrx_word' id='word_1_68' title='bbox 1801 980 1886 1021; x_wconf 87' lang='lat' dir='ltr'><strong>re-</strong></span> 
     </span>
    </p>
   </div>
   <div class='ocr_carea' id='block_1_11' title="bbox 285 1056 1887 1131">
    <p class='ocr_par' dir='ltr' id='par_1_11' title="bbox 285 1056 1887 1131">
     <span class='ocr_line' id='line_1_11' title="bbox 285 1056 1887 1131; baseline -0.003 -17"><span class='ocrx_word' id='word_1_69' title='bbox 285 1058 711 1131; x_wconf 83' lang='lat' dir='ltr'><strong>prehensionum</strong></span> <span class='ocrx_word' id='word_1_70' title='bbox 735 1056 984 1112; x_wconf 81' lang='lat' dir='ltr'><strong>molestia</strong></span> <span class='ocrx_word' id='word_1_71' title='bbox 1006 1056 1164 1111; x_wconf 92' lang='lat' dir='ltr'><strong>nobis</strong></span> <span class='ocrx_word' id='word_1_72' title='bbox 1183 1056 1240 1111; x_wconf 92' lang='lat' dir='ltr'><strong>in</strong></span> <span class='ocrx_word' id='word_1_73' title='bbox 1266 1063 1413 1111; x_wconf 89' lang='lat' dir='ltr'><strong>tanta</strong></span> <span class='ocrx_word' id='word_1_74' title='bbox 1432 1056 1723 1126; x_wconf 83' lang='lat' dir='ltr'><strong>Scriptura</strong></span> <span class='ocrx_word' id='word_1_75' title='bbox 1751 1070 1887 1126; x_wconf 88' lang='lat' dir='ltr'><strong>pro-</strong></span> 
     </span>
    </p>
   </div>
   <div class='ocr_carea' id='block_1_12' title="bbox 289 1142 1888 1217">
    <p class='ocr_par' dir='ltr' id='par_1_12' title="bbox 289 1142 1888 1217">
     <span class='ocr_line' id='line_1_12' title="bbox 289 1142 1888 1217; baseline -0.004 -13"><span class='ocrx_word' id='word_1_76' title='bbox 289 1148 558 1204; x_wconf 83' lang='lat' dir='ltr'><strong>funditate</strong></span> <span class='ocrx_word' id='word_1_77' title='bbox 582 1146 727 1202; x_wconf 88' lang='lat' dir='ltr'><strong>velut</strong></span> <span class='ocrx_word' id='word_1_78' title='bbox 742 1144 1005 1201; x_wconf 89' lang='lat' dir='ltr'><strong>altissimo</strong></span> <span class='ocrx_word' id='word_1_79' title='bbox 1019 1145 1217 1217; x_wconf 79' lang='lat' dir='ltr'><strong>pelago</strong></span> <span class='ocrx_word' id='word_1_80' title='bbox 1234 1144 1604 1200; x_wconf 82' lang='lat' dir='ltr'><strong>laborantibus</strong></span> <span class='ocrx_word' id='word_1_81' title='bbox 1633 1142 1888 1215; x_wconf 80' lang='lat' dir='ltr'><strong>praesidia</strong></span> 
     </span>
    </p>
   </div>
   <div class='ocr_carea' id='block_1_13' title="bbox 284 1232 1886 1294">
    <p class='ocr_par' dir='ltr' id='par_1_13' title="bbox 284 1232 1886 1294">
     <span class='ocr_line' id='line_1_13' title="bbox 284 1232 1886 1294; baseline -0.004 -2"><span class='ocrx_word' id='word_1_82' title='bbox 284 1236 591 1294; x_wconf 83' lang='lat' dir='ltr'><strong>orationum</strong></span> <span class='ocrx_word' id='word_1_83' title='bbox 621 1236 818 1290; x_wconf 81' lang='lat' dir='ltr'><strong>ferant.</strong></span> <span class='ocrx_word' id='word_1_84' title='bbox 836 1233 975 1289; x_wconf 84' lang='lat' dir='ltr'><strong>Hinc</strong></span> <span class='ocrx_word' id='word_1_85' title='bbox 990 1234 1244 1289; x_wconf 87' lang='lat' dir='ltr'><strong>nimirum</strong></span> <span class='ocrx_word' id='word_1_86' title='bbox 1273 1233 1445 1289; x_wconf 87' lang='lat' dir='ltr'><strong>nostri</strong></span> <span class='ocrx_word' id='word_1_87' title='bbox 1471 1232 1684 1288; x_wconf 90' lang='lat' dir='ltr'><strong>sudoris</strong></span> <span class='ocrx_word' id='word_1_88' title='bbox 1733 1233 1886 1287; x_wconf 80' lang='lat' dir='ltr'><strong>fruc-</strong></span> 
     </span>
    </p>
   </div>
   <div class='ocr_carea' id='block_1_14' title="bbox 282 1321 1881 1394">
    <p class='ocr_par' dir='ltr' id='par_1_14' title="bbox 282 1321 1881 1394">
     <span class='ocr_line' id='line_1_14' title="bbox 282 1321 1881 1394; baseline -0.003 -15"><span class='ocrx_word' id='word_1_89' title='bbox 282 1333 403 1381; x_wconf 86' lang='lat' dir='ltr'><strong>tum</strong></span> <span class='ocrx_word' id='word_1_90' title='bbox 434 1341 593 1380; x_wconf 86' lang='lat' dir='ltr'><strong>suum</strong></span> <span class='ocrx_word' id='word_1_91' title='bbox 622 1323 846 1390; x_wconf 79' lang='lat' dir='ltr'><strong>faciunt,</strong></span> <span class='ocrx_word' id='word_1_92' title='bbox 864 1322 990 1394; x_wconf 90' lang='lat' dir='ltr'><strong>quia</strong></span> <span class='ocrx_word' id='word_1_93' title='bbox 1018 1322 1146 1377; x_wconf 91' lang='lat' dir='ltr'><strong>dum</strong></span> <span class='ocrx_word' id='word_1_94' title='bbox 1166 1340 1233 1377; x_wconf 84' lang='lat' dir='ltr'><strong>ex</strong></span> <span class='ocrx_word' id='word_1_95' title='bbox 1252 1322 1586 1394; x_wconf 78' lang='lat' dir='ltr'><strong>benignitate</strong></span> <span class='ocrx_word' id='word_1_96' title='bbox 1624 1321 1881 1394; x_wconf 72' lang='lat' dir='ltr'><strong>diligunt,</strong></span> 
     </span>
    </p>
   </div>
   <div class='ocr_carea' id='block_1_15' title="bbox 283 1410 1887 1474">
    <p class='ocr_par' dir='ltr' id='par_1_15' title="bbox 283 1410 1887 1474">
     <span class='ocr_line' id='line_1_15' title="bbox 283 1410 1887 1474; baseline -0.004 -3"><span class='ocrx_word' id='word_1_97' title='bbox 283 1415 597 1472; x_wconf 84' lang='lat' dir='ltr'><strong>adaterna</strong></span> <span class='ocrx_word' id='word_1_98' title='bbox 623 1412 1093 1468; x_wconf 79' lang='lat' dir='ltr'><strong>remunerationis</strong></span> <span class='ocrx_word' id='word_1_99' title='bbox 1118 1411 1221 1465; x_wconf 90' lang='lat' dir='ltr'><strong>sibi</strong></span> <span class='ocrx_word' id='word_1_100' title='bbox 1252 1410 1535 1466; x_wconf 87' lang='lat' dir='ltr'><strong>cumulum</strong></span> <span class='ocrx_word' id='word_1_101' title='bbox 1565 1417 1800 1474; x_wconf 88' lang='lat' dir='ltr'><strong>vertunt,</strong></span> <span class='ocrx_word' id='word_1_102' title='bbox 1832 1417 1887 1464; x_wconf 92' lang='lat' dir='ltr'><strong>et</strong></span> 
     </span>
    </p>
   </div>
   <div class='ocr_carea' id='block_1_16' title="bbox 282 1497 1882 1573">
    <p class='ocr_par' dir='ltr' id='par_1_16' title="bbox 282 1497 1882 1573">
     <span class='ocr_line' id='line_1_16' title="bbox 282 1497 1882 1573; baseline -0.004 -15"><span class='ocrx_word' id='word_1_103' title='bbox 282 1503 433 1573; x_wconf 90' lang='lat' dir='ltr'><strong>quod</strong></span> <span class='ocrx_word' id='word_1_104' title='bbox 458 1502 620 1557; x_wconf 84' lang='lat' dir='ltr'><strong>tantis</strong></span> <span class='ocrx_word' id='word_1_105' title='bbox 638 1500 980 1571; x_wconf 87' lang='lat' dir='ltr'><strong>temporibus</strong></span> <span class='ocrx_word' id='word_1_106' title='bbox 1003 1509 1109 1555; x_wconf 90' lang='lat' dir='ltr'><strong>tam</strong></span> <span class='ocrx_word' id='word_1_107' title='bbox 1127 1501 1310 1555; x_wconf 87' lang='lat' dir='ltr'><strong>clausa</strong></span> <span class='ocrx_word' id='word_1_108' title='bbox 1331 1510 1385 1554; x_wconf 91' lang='lat' dir='ltr'><strong>et</strong></span> <span class='ocrx_word' id='word_1_109' title='bbox 1399 1499 1711 1569; x_wconf 84' lang='lat' dir='ltr'><strong>inexposita</strong></span> <span class='ocrx_word' id='word_1_110' title='bbox 1730 1497 1882 1555; x_wconf 88' lang='lat' dir='ltr'><strong>Scri-</strong></span> 
     </span>
    </p>
   </div>
   <div class='ocr_carea' id='block_1_17' title="bbox 280 1587 1886 1663">
    <p class='ocr_par' dir='ltr' id='par_1_17' title="bbox 280 1587 1886 1663">
     <span class='ocr_line' id='line_1_17' title="bbox 280 1587 1886 1663; baseline -0.003 -17"><span class='ocrx_word' id='word_1_111' title='bbox 280 1600 441 1663; x_wconf 89' lang='lat' dir='ltr'><strong>ptura</strong></span> <span class='ocrx_word' id='word_1_112' title='bbox 472 1591 546 1646; x_wconf 90' lang='lat' dir='ltr'><strong>ad</strong></span> <span class='ocrx_word' id='word_1_113' title='bbox 569 1606 918 1647; x_wconf 87' lang='lat' dir='ltr'><strong>communem</strong></span> <span class='ocrx_word' id='word_1_114' title='bbox 940 1589 1352 1661; x_wconf 80' lang='lat' dir='ltr'><strong>intelligentiam</strong></span> <span class='ocrx_word' id='word_1_115' title='bbox 1389 1588 1618 1653; x_wconf 89' lang='lat' dir='ltr'><strong>ducitur,</strong></span> <span class='ocrx_word' id='word_1_116' title='bbox 1666 1587 1886 1658; x_wconf 86' lang='lat' dir='ltr'><strong>etquod</strong></span> 
     </span>
    </p>
   </div>
   <div class='ocr_carea' id='block_1_18' title="bbox 280 1676 1885 1753">
    <p class='ocr_par' dir='ltr' id='par_1_18' title="bbox 280 1676 1885 1753">
     <span class='ocr_line' id='line_1_18' title="bbox 280 1676 1885 1753; baseline -0.003 -17"><span class='ocrx_word' id='word_1_117' title='bbox 280 1681 492 1753; x_wconf 83' lang='lat' dir='ltr'><strong>parvuli</strong></span> <span class='ocrx_word' id='word_1_118' title='bbox 524 1688 729 1735; x_wconf 81' lang='lat' dir='ltr'><strong>sancta</strong></span> <span class='ocrx_word' id='word_1_119' title='bbox 764 1677 1029 1734; x_wconf 83' lang='lat' dir='ltr'><strong>Ecclesia</strong></span> <span class='ocrx_word' id='word_1_120' title='bbox 1063 1678 1192 1732; x_wconf 91' lang='lat' dir='ltr'><strong>dum</strong></span> <span class='ocrx_word' id='word_1_121' title='bbox 1240 1677 1295 1732; x_wconf 91' lang='lat' dir='ltr'><strong>in</strong></span> <span class='ocrx_word' id='word_1_122' title='bbox 1342 1676 1543 1732; x_wconf 85' lang='lat' dir='ltr'><strong>veteris</strong></span> <span class='ocrx_word' id='word_1_123' title='bbox 1589 1676 1885 1747; x_wconf 87' lang='lat' dir='ltr'><strong>Scriptura</strong></span> 
     </span>
    </p>
   </div>
   <div class='ocr_carea' id='block_1_19' title="bbox 1990 522 3581 597">
    <p class='ocr_par' dir='ltr' id='par_1_19' title="bbox 1990 522 3581 597">
     <span class='ocr_line' id='line_1_19' title="bbox 1990 522 3581 597; baseline 0.003 -18"><span class='ocrx_word' id='word_1_124' title='bbox 1990 522 2150 590; x_wconf 87' lang='lat' dir='ltr'><strong>nerit,</strong></span> <span class='ocrx_word' id='word_1_125' title='bbox 2182 523 2491 580; x_wconf 88' lang='lat' dir='ltr'><strong>consideret</strong></span> <span class='ocrx_word' id='word_1_126' title='bbox 2519 524 2662 597; x_wconf 90' lang='lat' dir='ltr'><strong>quod</strong></span> <span class='ocrx_word' id='word_1_127' title='bbox 2701 524 2828 579; x_wconf 89' lang='lat' dir='ltr'><strong>dum</strong></span> <span class='ocrx_word' id='word_1_128' title='bbox 2876 523 3169 595; x_wconf 87' lang='lat' dir='ltr'><strong>spiritalem</strong></span> <span class='ocrx_word' id='word_1_129' title='bbox 3218 525 3499 583; x_wconf 87' lang='lat' dir='ltr'><strong>historiam</strong></span> <span class='ocrx_word' id='word_1_130' title='bbox 3529 534 3581 583; x_wconf 88' lang='lat' dir='ltr'><strong>et</strong></span> 
     </span>
    </p>
   </div>
   <div class='ocr_carea' id='block_1_20' title="bbox 1991 608 3579 687">
    <p class='ocr_par' dir='ltr' id='par_1_20' title="bbox 1991 608 3579 687">
     <span class='ocr_line' id='line_1_20' title="bbox 1991 608 3579 687; baseline 0.003 -20"><span class='ocrx_word' id='word_1_131' title='bbox 1991 612 2113 667; x_wconf 89' lang='lat' dir='ltr'><strong>altis</strong></span> <span class='ocrx_word' id='word_1_132' title='bbox 2141 612 2390 668; x_wconf 86' lang='lat' dir='ltr'><strong>sensibus</strong></span> <span class='ocrx_word' id='word_1_133' title='bbox 2425 612 2773 683; x_wconf 87' lang='lat' dir='ltr'><strong>profundam,</strong></span> <span class='ocrx_word' id='word_1_134' title='bbox 2806 608 2953 668; x_wconf 84' lang='lat' dir='ltr'><strong>velut</strong></span> <span class='ocrx_word' id='word_1_135' title='bbox 2995 614 3181 687; x_wconf 89' lang='lat' dir='ltr'><strong>magni</strong></span> <span class='ocrx_word' id='word_1_136' title='bbox 3210 614 3392 686; x_wconf 79' lang='lat' dir='ltr'><strong>pelagi</strong></span> <span class='ocrx_word' id='word_1_137' title='bbox 3439 631 3579 687; x_wconf 90' lang='lat' dir='ltr'><strong>pro-</strong></span> 
     </span>
    </p>
   </div>
   <div class='ocr_carea' id='block_1_21' title="bbox 1992 701 3581 774">
    <p class='ocr_par' dir='ltr' id='par_1_21' title="bbox 1992 701 3581 774">
     <span class='ocr_line' id='line_1_21' title="bbox 1992 701 3581 774; baseline 0.001 -16"><span class='ocrx_word' id='word_1_138' title='bbox 1992 702 2157 758; x_wconf 88' lang='lat' dir='ltr'><strong>cellas</strong></span> <span class='ocrx_word' id='word_1_139' title='bbox 2200 710 2362 757; x_wconf 87' lang='lat' dir='ltr'><strong>nauta</strong></span> <span class='ocrx_word' id='word_1_140' title='bbox 2417 701 2736 774; x_wconf 89' lang='lat' dir='ltr'><strong>peregrinus</strong></span> <span class='ocrx_word' id='word_1_141' title='bbox 2783 702 3093 774; x_wconf 70' lang='lat' dir='ltr'><strong>aggredior,</strong></span> <span class='ocrx_word' id='word_1_142' title='bbox 3151 703 3581 774; x_wconf 85' lang='lat' dir='ltr'><strong>reprehensibile</strong></span> 
     </span>
    </p>
   </div>
   <div class='ocr_carea' id='block_1_22' title="bbox 1990 789 3583 863">
    <p class='ocr_par' dir='ltr' id='par_1_22' title="bbox 1990 789 3583 863">
     <span class='ocr_line' id='line_1_22' title="bbox 1990 789 3583 863; baseline 0.001 -16"><span class='ocrx_word' id='word_1_143' title='bbox 1990 791 2152 847; x_wconf 83' lang='lat' dir='ltr'><strong>valde</strong></span> <span class='ocrx_word' id='word_1_144' title='bbox 2182 806 2292 846; x_wconf 90' lang='lat' dir='ltr'><strong>non</strong></span> <span class='ocrx_word' id='word_1_145' title='bbox 2322 798 2403 847; x_wconf 89' lang='lat' dir='ltr'><strong>est</strong></span> <span class='ocrx_word' id='word_1_146' title='bbox 2441 790 2486 846; x_wconf 91' lang='lat' dir='ltr'><strong>si</strong></span> <span class='ocrx_word' id='word_1_147' title='bbox 2507 789 2938 863; x_wconf 83' lang='lat' dir='ltr'><strong>gubernaculum</strong></span> <span class='ocrx_word' id='word_1_148' title='bbox 2969 790 3185 847; x_wconf 87' lang='lat' dir='ltr'><strong>dicendi</strong></span> <span class='ocrx_word' id='word_1_149' title='bbox 3213 792 3441 861; x_wconf 85' lang='lat' dir='ltr'><strong>pulchre</strong></span> <span class='ocrx_word' id='word_1_150' title='bbox 3471 808 3583 848; x_wconf 86' lang='lat' dir='ltr'><strong>non</strong></span> 
     </span>
    </p>
   </div>
   <div class='ocr_carea' id='block_1_23' title="bbox 1993 879 3580 950">
    <p class='ocr_par' dir='ltr' id='par_1_23' title="bbox 1993 879 3580 950">
     <span class='ocr_line' id='line_1_23' title="bbox 1993 879 3580 950; baseline -0.001 -14"><span class='ocrx_word' id='word_1_151' title='bbox 1993 880 2225 948; x_wconf 89' lang='lat' dir='ltr'><strong>ducitur,</strong></span> <span class='ocrx_word' id='word_1_152' title='bbox 2258 896 2378 934; x_wconf 89' lang='lat' dir='ltr'><strong>cum</strong></span> <span class='ocrx_word' id='word_1_153' title='bbox 2400 887 2721 950; x_wconf 84' lang='lat' dir='ltr'><strong>spumantes</strong></span> <span class='ocrx_word' id='word_1_154' title='bbox 2749 879 3023 935; x_wconf 89' lang='lat' dir='ltr'><strong>undarum</strong></span> <span class='ocrx_word' id='word_1_155' title='bbox 3084 881 3312 936; x_wconf 88' lang='lat' dir='ltr'><strong>vertices</strong></span> <span class='ocrx_word' id='word_1_156' title='bbox 3351 880 3580 949; x_wconf 86' lang='lat' dir='ltr'><strong>irruunt,</strong></span> 
     </span>
    </p>
   </div>
   <div class='ocr_carea' id='block_1_24' title="bbox 1995 968 3585 1041">
    <p class='ocr_par' dir='ltr' id='par_1_24' title="bbox 1995 968 3585 1041">
     <span class='ocr_line' id='line_1_24' title="bbox 1995 968 3585 1041; baseline 0.001 -16"><span class='ocrx_word' id='word_1_157' title='bbox 1995 970 2084 1041; x_wconf 90' lang='lat' dir='ltr'><strong>qui</strong></span> <span class='ocrx_word' id='word_1_158' title='bbox 2118 968 2503 1040; x_wconf 89' lang='lat' dir='ltr'><strong>peritissimum</strong></span> <span class='ocrx_word' id='word_1_159' title='bbox 2532 968 2781 1040; x_wconf 84' lang='lat' dir='ltr'><strong>regimen</strong></span> <span class='ocrx_word' id='word_1_160' title='bbox 2813 985 2957 1040; x_wconf 89' lang='lat' dir='ltr'><strong>sape</strong></span> <span class='ocrx_word' id='word_1_161' title='bbox 2987 968 3201 1025; x_wconf 83' lang='lat' dir='ltr'><strong>solvere</strong></span> <span class='ocrx_word' id='word_1_162' title='bbox 3249 970 3460 1025; x_wconf 83' lang='lat' dir='ltr'><strong>clarum</strong></span> <span class='ocrx_word' id='word_1_163' title='bbox 3489 985 3585 1026; x_wconf 92' lang='lat' dir='ltr'><strong>co-</strong></span> 
     </span>
    </p>
   </div>
   <div class='ocr_carea' id='block_1_25' title="bbox 1994 1056 3583 1131">
    <p class='ocr_par' dir='ltr' id='par_1_25' title="bbox 1994 1056 3583 1131">
     <span class='ocr_line' id='line_1_25' title="bbox 1994 1056 3583 1131; baseline -0.001 -17"><span class='ocrx_word' id='word_1_164' title='bbox 1994 1065 2150 1131; x_wconf 81' lang='lat' dir='ltr'><strong>gunt.</strong></span> <span class='ocrx_word' id='word_1_165' title='bbox 2182 1057 2274 1113; x_wconf 88' lang='lat' dir='ltr'><strong>Sic</strong></span> <span class='ocrx_word' id='word_1_166' title='bbox 2301 1057 2379 1112; x_wconf 87' lang='lat' dir='ltr'><strong>sic</strong></span> <span class='ocrx_word' id='word_1_167' title='bbox 2398 1057 2657 1112; x_wconf 89' lang='lat' dir='ltr'><strong>nimirum</strong></span> <span class='ocrx_word' id='word_1_168' title='bbox 2670 1073 2770 1112; x_wconf 92' lang='lat' dir='ltr'><strong>nec</strong></span> <span class='ocrx_word' id='word_1_169' title='bbox 2794 1056 3011 1113; x_wconf 87' lang='lat' dir='ltr'><strong>silvosa</strong></span> <span class='ocrx_word' id='word_1_170' title='bbox 3022 1057 3206 1114; x_wconf 91' lang='lat' dir='ltr'><strong>colere</strong></span> <span class='ocrx_word' id='word_1_171' title='bbox 3223 1057 3453 1113; x_wconf 87' lang='lat' dir='ltr'><strong>devotus</strong></span> <span class='ocrx_word' id='word_1_172' title='bbox 3473 1073 3583 1115; x_wconf 87' lang='lat' dir='ltr'><strong>ara-</strong></span> 
     </span>
    </p>
   </div>
   <div class='ocr_carea' id='block_1_26' title="bbox 1994 1145 3585 1218">
    <p class='ocr_par' dir='ltr' id='par_1_26' title="bbox 1994 1145 3585 1218">
     <span class='ocr_line' id='line_1_26' title="bbox 1994 1145 3585 1218; baseline 0 -15"><span class='ocrx_word' id='word_1_173' title='bbox 1994 1155 2077 1203; x_wconf 89' lang='lat' dir='ltr'><strong>tor</strong></span> <span class='ocrx_word' id='word_1_174' title='bbox 2104 1146 2424 1218; x_wconf 77' lang='lat' dir='ltr'><strong>ingrediens</strong></span> <span class='ocrx_word' id='word_1_175' title='bbox 2443 1153 2620 1202; x_wconf 90' lang='lat' dir='ltr'><strong>rectas</strong></span> <span class='ocrx_word' id='word_1_176' title='bbox 2642 1145 2918 1203; x_wconf 88' lang='lat' dir='ltr'><strong>sulcorum</strong></span> <span class='ocrx_word' id='word_1_177' title='bbox 2942 1145 3179 1218; x_wconf 87' lang='lat' dir='ltr'><strong>disponit</strong></span> <span class='ocrx_word' id='word_1_178' title='bbox 3212 1146 3406 1216; x_wconf 86' lang='lat' dir='ltr'><strong>lineas,</strong></span> <span class='ocrx_word' id='word_1_179' title='bbox 3442 1147 3489 1201; x_wconf 87' lang='lat' dir='ltr'><strong>si</strong></span> <span class='ocrx_word' id='word_1_180' title='bbox 3518 1163 3585 1203; x_wconf 88' lang='lat' dir='ltr'><strong>ea</strong></span> 
     </span>
    </p>
   </div>
   <div class='ocr_carea' id='block_1_27' title="bbox 1993 1234 3585 1309">
    <p class='ocr_par' dir='ltr' id='par_1_27' title="bbox 1993 1234 3585 1309">
     <span class='ocr_line' id='line_1_27' title="bbox 1993 1234 3585 1309; baseline 0.001 -17"><span class='ocrx_word' id='word_1_181' title='bbox 1993 1236 2142 1308; x_wconf 89' lang='lat' dir='ltr'><strong>prius</strong></span> <span class='ocrx_word' id='word_1_182' title='bbox 2197 1236 2422 1292; x_wconf 86' lang='lat' dir='ltr'><strong>reducto</strong></span> <span class='ocrx_word' id='word_1_183' title='bbox 2460 1251 2682 1291; x_wconf 84' lang='lat' dir='ltr'><strong>vomere</strong></span> <span class='ocrx_word' id='word_1_184' title='bbox 2711 1234 2912 1306; x_wconf 85' lang='lat' dir='ltr'><strong>sapius</strong></span> <span class='ocrx_word' id='word_1_185' title='bbox 2966 1251 3076 1291; x_wconf 92' lang='lat' dir='ltr'><strong>non</strong></span> <span class='ocrx_word' id='word_1_186' title='bbox 3114 1234 3409 1302; x_wconf 88' lang='lat' dir='ltr'><strong>rescindat,</strong></span> <span class='ocrx_word' id='word_1_187' title='bbox 3455 1237 3585 1309; x_wconf 85' lang='lat' dir='ltr'><strong>quia</strong></span> 
     </span>
    </p>
   </div>
   <div class='ocr_carea' id='block_1_28' title="bbox 1993 1324 3584 1396">
    <p class='ocr_par' dir='ltr' id='par_1_28' title="bbox 1993 1324 3584 1396">
     <span class='ocr_line' id='line_1_28' title="bbox 1993 1324 3584 1396; baseline 0.001 -15"><span class='ocrx_word' id='word_1_188' title='bbox 1993 1334 2164 1381; x_wconf 84' lang='lat' dir='ltr'><strong>artem</strong></span> <span class='ocrx_word' id='word_1_189' title='bbox 2188 1325 2421 1381; x_wconf 83' lang='lat' dir='ltr'><strong>facilitas</strong></span> <span class='ocrx_word' id='word_1_190' title='bbox 2443 1324 2592 1380; x_wconf 92' lang='lat' dir='ltr'><strong>nulla</strong></span> <span class='ocrx_word' id='word_1_191' title='bbox 2621 1325 2883 1396; x_wconf 87' lang='lat' dir='ltr'><strong>sequitur,</strong></span> <span class='ocrx_word' id='word_1_192' title='bbox 2914 1325 2956 1380; x_wconf 89' lang='lat' dir='ltr'><strong>si</strong></span> <span class='ocrx_word' id='word_1_193' title='bbox 2988 1325 3237 1380; x_wconf 88' lang='lat' dir='ltr'><strong>eamdem</strong></span> <span class='ocrx_word' id='word_1_194' title='bbox 3269 1324 3461 1380; x_wconf 87' lang='lat' dir='ltr'><strong>arandi</strong></span> <span class='ocrx_word' id='word_1_195' title='bbox 3476 1340 3584 1395; x_wconf 86' lang='lat' dir='ltr'><strong>pe—</strong></span> 
     </span>
    </p>
   </div>
   <div class='ocr_carea' id='block_1_29' title="bbox 1993 1414 3583 1484">
    <p class='ocr_par' dir='ltr' id='par_1_29' title="bbox 1993 1414 3583 1484">
     <span class='ocr_line' id='line_1_29' title="bbox 1993 1414 3583 1484; baseline -0.001 -13"><span class='ocrx_word' id='word_1_196' title='bbox 1993 1415 2169 1471; x_wconf 89' lang='lat' dir='ltr'><strong>ritiam</strong></span> <span class='ocrx_word' id='word_1_197' title='bbox 2227 1414 2559 1471; x_wconf 88' lang='lat' dir='ltr'><strong>consuetudo</strong></span> <span class='ocrx_word' id='word_1_198' title='bbox 2615 1414 2841 1470; x_wconf 87' lang='lat' dir='ltr'><strong>cultura</strong></span> <span class='ocrx_word' id='word_1_199' title='bbox 2880 1414 3075 1484; x_wconf 87' lang='lat' dir='ltr'><strong>praire</strong></span> <span class='ocrx_word' id='word_1_200' title='bbox 3124 1414 3267 1469; x_wconf 91' lang='lat' dir='ltr'><strong>nulla</strong></span> <span class='ocrx_word' id='word_1_201' title='bbox 3318 1414 3583 1471; x_wconf 86' lang='lat' dir='ltr'><strong>videatur.</strong></span> 
     </span>
    </p>
   </div>
   <div class='ocr_carea' id='block_1_30' title="bbox 1992 1501 3583 1575">
    <p class='ocr_par' dir='ltr' id='par_1_30' title="bbox 1992 1501 3583 1575">
     <span class='ocr_line' id='line_1_30' title="bbox 1992 1501 3583 1575; baseline -0.001 -14"><span class='ocrx_word' id='word_1_202' title='bbox 1992 1506 2192 1561; x_wconf 82' lang='lat' dir='ltr'><strong>Verum</strong></span> <span class='ocrx_word' id='word_1_203' title='bbox 2224 1520 2325 1560; x_wconf 91' lang='lat' dir='ltr'><strong>nec</strong></span> <span class='ocrx_word' id='word_1_204' title='bbox 2355 1503 2637 1574; x_wconf 89' lang='lat' dir='ltr'><strong>planitiem</strong></span> <span class='ocrx_word' id='word_1_205' title='bbox 2666 1501 2902 1560; x_wconf 90' lang='lat' dir='ltr'><strong>historia</strong></span> <span class='ocrx_word' id='word_1_206' title='bbox 2931 1503 3054 1575; x_wconf 88' lang='lat' dir='ltr'><strong>quis</strong></span> <span class='ocrx_word' id='word_1_207' title='bbox 3096 1503 3198 1558; x_wconf 85' lang='lat' dir='ltr'><strong>hac</strong></span> <span class='ocrx_word' id='word_1_208' title='bbox 3226 1503 3583 1560; x_wconf 67' lang='lat' dir='ltr'><strong>aestimatione</strong></span> 
     </span>
    </p>
   </div>
   <div class='ocr_carea' id='block_1_31' title="bbox 1993 1590 3584 1664">
    <p class='ocr_par' dir='ltr' id='par_1_31' title="bbox 1993 1590 3584 1664">
     <span class='ocr_line' id='line_1_31' title="bbox 1993 1590 3584 1664; baseline -0.001 -15"><span class='ocrx_word' id='word_1_209' title='bbox 1993 1594 2333 1659; x_wconf 83' lang='lat' dir='ltr'><strong>consideret,</strong></span> <span class='ocrx_word' id='word_1_210' title='bbox 2366 1592 2499 1664; x_wconf 88' lang='lat' dir='ltr'><strong>quia</strong></span> <span class='ocrx_word' id='word_1_211' title='bbox 2527 1591 3017 1663; x_wconf 86' lang='lat' dir='ltr'><strong>plerumquetanto</strong></span> <span class='ocrx_word' id='word_1_212' title='bbox 3047 1590 3320 1647; x_wconf 78' lang='lat' dir='ltr'><strong>difﬁcilius</strong></span> <span class='ocrx_word' id='word_1_213' title='bbox 3339 1590 3409 1647; x_wconf 88' lang='lat' dir='ltr'><strong>ad</strong></span> <span class='ocrx_word' id='word_1_214' title='bbox 3424 1592 3584 1662; x_wconf 87' lang='lat' dir='ltr'><strong>spiri-</strong></span> 
     </span>
    </p>
   </div>
   <div class='ocr_carea' id='block_1_32' title="bbox 1993 1680 3584 1753">
    <p class='ocr_par' dir='ltr' id='par_1_32' title="bbox 1993 1680 3584 1753">
     <span class='ocr_line' id='line_1_32' title="bbox 1993 1680 3584 1753; baseline 0.001 -18"><span class='ocrx_word' id='word_1_215' title='bbox 1993 1682 2182 1738; x_wconf 88' lang='lat' dir='ltr'><strong>talium</strong></span> <span class='ocrx_word' id='word_1_216' title='bbox 2205 1697 2471 1737; x_wconf 88' lang='lat' dir='ltr'><strong>sensuum</strong></span> <span class='ocrx_word' id='word_1_217' title='bbox 2493 1685 2705 1736; x_wconf 88' lang='lat' dir='ltr'><strong>secreta</strong></span> <span class='ocrx_word' id='word_1_218' title='bbox 2734 1681 3111 1753; x_wconf 88' lang='lat' dir='ltr'><strong>pertingimus,</strong></span> <span class='ocrx_word' id='word_1_219' title='bbox 3169 1688 3371 1751; x_wconf 89' lang='lat' dir='ltr'><strong>quanto</strong></span> <span class='ocrx_word' id='word_1_220' title='bbox 3401 1680 3459 1735; x_wconf 91' lang='lat' dir='ltr'><strong>in</strong></span> <span class='ocrx_word' id='word_1_221' title='bbox 3490 1681 3584 1736; x_wconf 82' lang='lat' dir='ltr'><strong>lit-</strong></span> 
     </span>
    </p>
   </div>
   <div class='ocr_carea' id='block_1_33' title="bbox 280 1764 3580 1848">
    <p class='ocr_par' dir='ltr' id='par_1_33' title="bbox 280 1764 3580 1848">
     <span class='ocr_line' id='line_1_33' title="bbox 280 1764 3580 1848; baseline -0.001 -20"><span class='ocrx_word' id='word_1_222' title='bbox 280 1768 616 1842; x_wconf 75' lang='lat' dir='ltr'><strong>tegminibus</strong></span> <span class='ocrx_word' id='word_1_223' title='bbox 638 1784 799 1824; x_wconf 67' lang='lat' dir='ltr'><strong>nova:</strong></span> <span class='ocrx_word' id='word_1_224' title='bbox 819 1767 1102 1837; x_wconf 72' lang='lat' dir='ltr'><strong>religionis</strong></span> <span class='ocrx_word' id='word_1_225' title='bbox 1123 1766 1472 1838; x_wconf 74' lang='lat' dir='ltr'><strong>splendorem</strong></span> <span class='ocrx_word' id='word_1_226' title='bbox 1491 1764 1810 1837; x_wconf 72' lang='grc' dir='ltr'><strong>ευδοίρίυυι,</strong></span> <span class='ocrx_word' id='word_1_227' title='bbox 1828 1764 1880 1819; x_wconf 74' lang='lat' dir='ltr'><strong>in</strong></span> <span class='ocrx_word' id='word_1_228' title='bbox 1910 1789 1963 1848; x_wconf 82' lang='grc' dir='ltr'><strong>Β</strong></span> <span class='ocrx_word' id='word_1_229' title='bbox 1994 1780 2109 1828; x_wconf 90' lang='lat' dir='ltr'><strong>tera</strong></span> <span class='ocrx_word' id='word_1_230' title='bbox 2138 1770 2369 1843; x_wconf 89' lang='lat' dir='ltr'><strong>planiori</strong></span> <span class='ocrx_word' id='word_1_231' title='bbox 2387 1777 2725 1833; x_wconf 86' lang='lat' dir='ltr'><strong>secretorum</strong></span> <span class='ocrx_word' id='word_1_232' title='bbox 2746 1769 2985 1824; x_wconf 88' lang='lat' dir='ltr'><strong>adituum</strong></span> <span class='ocrx_word' id='word_1_233' title='bbox 3008 1771 3170 1824; x_wconf 90' lang='lat' dir='ltr'><strong>situm</strong></span> <span class='ocrx_word' id='word_1_234' title='bbox 3192 1768 3410 1841; x_wconf 84' lang='lat' dir='ltr'><strong>longius</strong></span> <span class='ocrx_word' id='word_1_235' title='bbox 3427 1768 3580 1825; x_wconf 78' lang='lat' dir='ltr'><strong>vide-</strong></span> 
     </span>
    </p>
   </div>
   <div class='ocr_carea' id='block_1_34' title="bbox 277 1855 1375 1930">
    <p class='ocr_par' dir='ltr' id='par_1_34' title="bbox 277 1855 1375 1930">
     <span class='ocr_line' id='line_1_34' title="bbox 277 1855 1375 1930; baseline -0.004 -17"><span class='ocrx_word' id='word_1_236' title='bbox 277 1857 526 1930; x_wconf 77' lang='lat' dir='ltr'><strong>profectu</strong></span> <span class='ocrx_word' id='word_1_237' title='bbox 557 1873 675 1912; x_wconf 85' lang='lat' dir='ltr'><strong>sua</strong></span> <span class='ocrx_word' id='word_1_238' title='bbox 691 1856 997 1912; x_wconf 87' lang='lat' dir='ltr'><strong>devotionis</strong></span> <span class='ocrx_word' id='word_1_239' title='bbox 1016 1855 1375 1925; x_wconf 84' lang='lat' dir='ltr'><strong>adjuvantur.</strong></span> 
     </span>
    </p>
   </div>
   <div class='ocr_carea' id='block_1_35' title="bbox 346 1943 1884 2017">
    <p class='ocr_par' dir='ltr' id='par_1_35' title="bbox 346 1943 1884 2017">
     <span class='ocr_line' id='line_1_35' title="bbox 346 1943 1884 2017; baseline -0.001 -16"><span class='ocrx_word' id='word_1_240' title='bbox 346 1950 408 2001; x_wconf 81' lang='lat'><strong>5.</strong></span> <span class='ocrx_word' id='word_1_241' title='bbox 440 1946 556 2002; x_wconf 89' lang='lat' dir='ltr'><strong>Sed</strong></span> <span class='ocrx_word' id='word_1_242' title='bbox 587 1945 715 2017; x_wconf 87' lang='lat' dir='ltr'><strong>quia</strong></span> <span class='ocrx_word' id='word_1_243' title='bbox 736 1946 787 1999; x_wconf 92' lang='lat' dir='ltr'><strong>in</strong></span> <span class='ocrx_word' id='word_1_244' title='bbox 806 1945 1034 2000; x_wconf 87' lang='lat' dir='ltr'><strong>diversis</strong></span> <span class='ocrx_word' id='word_1_245' title='bbox 1050 1952 1358 1999; x_wconf 88' lang='lat' dir='ltr'><strong>sanctorum</strong></span> <span class='ocrx_word' id='word_1_246' title='bbox 1388 1944 1602 1997; x_wconf 86' lang='lat' dir='ltr'><strong>Patrum</strong></span> <span class='ocrx_word' id='word_1_247' title='bbox 1625 1943 1884 2013; x_wconf 85' lang='lat' dir='ltr'><strong>operibus</strong></span> 
     </span>
    </p>
   </div>
   <div class='ocr_carea' id='block_1_36' title="bbox 285 2031 1884 2104">
    <p class='ocr_par' dir='ltr' id='par_1_36' title="bbox 285 2031 1884 2104">
     <span class='ocr_line' id='line_1_36' title="bbox 285 2031 1884 2104; baseline -0.005 -12"><span class='ocrx_word' id='word_1_248' title='bbox 285 2036 503 2093; x_wconf 84' lang='lat' dir='ltr'><strong>diversa</strong></span> <span class='ocrx_word' id='word_1_249' title='bbox 532 2034 700 2104; x_wconf 87' lang='lat' dir='ltr'><strong>hujus</strong></span> <span class='ocrx_word' id='word_1_250' title='bbox 728 2034 966 2089; x_wconf 86' lang='lat' dir='ltr'><strong>historia</strong></span> <span class='ocrx_word' id='word_1_251' title='bbox 1007 2032 1312 2088; x_wconf 85' lang='lat' dir='ltr'><strong>testimonia</strong></span> <span class='ocrx_word' id='word_1_252' title='bbox 1340 2031 1692 2087; x_wconf 86' lang='lat' dir='ltr'><strong>inveniuntur</strong></span> <span class='ocrx_word' id='word_1_253' title='bbox 1710 2045 1884 2100; x_wconf 78' lang='lat' dir='ltr'><strong>expo-</strong></span> 
     </span>
    </p>
   </div>
   <div class='ocr_carea' id='block_1_37' title="bbox 281 2120 1886 2195">
    <p class='ocr_par' dir='ltr' id='par_1_37' title="bbox 281 2120 1886 2195">
     <span class='ocr_line' id='line_1_37' title="bbox 281 2120 1886 2195; baseline -0.003 -17"><span class='ocrx_word' id='word_1_254' title='bbox 281 2124 400 2188; x_wconf 84' lang='lat' dir='ltr'><strong>sita,</strong></span> <span class='ocrx_word' id='word_1_255' title='bbox 426 2131 623 2178; x_wconf 89' lang='lat' dir='ltr'><strong>notare</strong></span> <span class='ocrx_word' id='word_1_256' title='bbox 645 2123 820 2178; x_wconf 90' lang='lat' dir='ltr'><strong>lector</strong></span> <span class='ocrx_word' id='word_1_257' title='bbox 848 2120 1013 2177; x_wconf 90' lang='lat' dir='ltr'><strong>debet</strong></span> <span class='ocrx_word' id='word_1_258' title='bbox 1041 2122 1167 2195; x_wconf 89' lang='lat' dir='ltr'><strong>quia</strong></span> <span class='ocrx_word' id='word_1_259' title='bbox 1196 2121 1488 2192; x_wconf 86' lang='lat' dir='ltr'><strong>aliquando</strong></span> <span class='ocrx_word' id='word_1_260' title='bbox 1535 2135 1724 2175; x_wconf 87' lang='lat' dir='ltr'><strong>eorum</strong></span> <span class='ocrx_word' id='word_1_261' title='bbox 1755 2135 1886 2174; x_wconf 83' lang='lat' dir='ltr'><strong>sen-</strong></span> 
     </span>
    </p>
   </div>
   <div class='ocr_carea' id='block_1_38' title="bbox 280 2207 1887 2282">
    <p class='ocr_par' dir='ltr' id='par_1_38' title="bbox 280 2207 1887 2282">
     <span class='ocr_line' id='line_1_38' title="bbox 280 2207 1887 2282; baseline -0.002 -15"><span class='ocrx_word' id='word_1_262' title='bbox 280 2229 369 2267; x_wconf 88' lang='lat' dir='ltr'><strong>sus</strong></span> <span class='ocrx_word' id='word_1_263' title='bbox 400 2210 695 2266; x_wconf 87' lang='lat' dir='ltr'><strong>tractando</strong></span> <span class='ocrx_word' id='word_1_264' title='bbox 724 2210 1049 2280; x_wconf 80' lang='lat' dir='ltr'><strong>subsequar,</strong></span> <span class='ocrx_word' id='word_1_265' title='bbox 1086 2210 1382 2282; x_wconf 85' lang='lat' dir='ltr'><strong>aliquando</strong></span> <span class='ocrx_word' id='word_1_266' title='bbox 1435 2217 1613 2265; x_wconf 88' lang='lat' dir='ltr'><strong>autem</strong></span> <span class='ocrx_word' id='word_1_267' title='bbox 1644 2207 1887 2264; x_wconf 86' lang='lat' dir='ltr'><strong>enodare</strong></span> 
     </span>
    </p>
   </div>
   <div class='ocr_carea' id='block_1_39' title="bbox 281 2296 1887 2370">
    <p class='ocr_par' dir='ltr' id='par_1_39' title="bbox 281 2296 1887 2370">
     <span class='ocr_line' id='line_1_39' title="bbox 281 2296 1887 2370; baseline -0.004 -12"><span class='ocrx_word' id='word_1_268' title='bbox 281 2301 571 2367; x_wconf 82' lang='lat' dir='ltr'><strong>historiam</strong></span> <span class='ocrx_word' id='word_1_269' title='bbox 592 2300 749 2353; x_wconf 86' lang='lat' dir='ltr'><strong>aliter</strong></span> <span class='ocrx_word' id='word_1_270' title='bbox 772 2299 992 2368; x_wconf 88' lang='lat' dir='ltr'><strong>insudo,</strong></span> <span class='ocrx_word' id='word_1_271' title='bbox 1022 2307 1079 2353; x_wconf 91' lang='lat' dir='ltr'><strong>ut</strong></span> <span class='ocrx_word' id='word_1_272' title='bbox 1107 2306 1162 2354; x_wconf 88' lang='lat' dir='ltr'><strong>et</strong></span> <span class='ocrx_word' id='word_1_273' title='bbox 1205 2314 1342 2369; x_wconf 90' lang='lat' dir='ltr'><strong>opus</strong></span> <span class='ocrx_word' id='word_1_274' title='bbox 1372 2298 1519 2370; x_wconf 89' lang='lat' dir='ltr'><strong>quod</strong></span> <span class='ocrx_word' id='word_1_275' title='bbox 1545 2313 1642 2366; x_wconf 90' lang='lat' dir='ltr'><strong>spe</strong></span> <span class='ocrx_word' id='word_1_276' title='bbox 1688 2296 1887 2352; x_wconf 85' lang='lat' dir='ltr'><strong>divina</strong></span> 
     </span>
    </p>
   </div>
   <div class='ocr_carea' id='block_1_40' title="bbox 279 2386 1885 2460">
    <p class='ocr_par' dir='ltr' id='par_1_40' title="bbox 279 2386 1885 2460">
     <span class='ocr_line' id='line_1_40' title="bbox 279 2386 1885 2460; baseline -0.001 -18"><span class='ocrx_word' id='word_1_277' title='bbox 279 2389 667 2459; x_wconf 87' lang='lat' dir='ltr'><strong>inspirationis</strong></span> <span class='ocrx_word' id='word_1_278' title='bbox 694 2386 1007 2460; x_wconf 85' lang='lat' dir='ltr'><strong>aggredior,</strong></span> <span class='ocrx_word' id='word_1_279' title='bbox 1032 2392 1085 2442; x_wconf 89' lang='lat' dir='ltr'><strong>et</strong></span> <span class='ocrx_word' id='word_1_280' title='bbox 1100 2388 1442 2458; x_wconf 87' lang='lat' dir='ltr'><strong>antiquorum</strong></span> <span class='ocrx_word' id='word_1_281' title='bbox 1459 2394 1674 2456; x_wconf 88' lang='lat' dir='ltr'><strong>patrum</strong></span> <span class='ocrx_word' id='word_1_282' title='bbox 1692 2393 1885 2441; x_wconf 89' lang='lat' dir='ltr'><strong>aucto—</strong></span> 
     </span>
    </p>
   </div>
   <div class='ocr_carea' id='block_1_41' title="bbox 282 2473 1886 2547">
    <p class='ocr_par' dir='ltr' id='par_1_41' title="bbox 282 2473 1886 2547">
     <span class='ocr_line' id='line_1_41' title="bbox 282 2473 1886 2547; baseline -0.004 -12"><span class='ocrx_word' id='word_1_283' title='bbox 282 2479 449 2535; x_wconf 83' lang='lat' dir='ltr'><strong>ritate</strong></span> <span class='ocrx_word' id='word_1_284' title='bbox 475 2478 549 2532; x_wconf 87' lang='lat' dir='ltr'><strong>sit</strong></span> <span class='ocrx_word' id='word_1_285' title='bbox 579 2475 840 2543; x_wconf 88' lang='lat' dir='ltr'><strong>validum,</strong></span> <span class='ocrx_word' id='word_1_286' title='bbox 874 2483 928 2531; x_wconf 89' lang='lat' dir='ltr'><strong>et</strong></span> <span class='ocrx_word' id='word_1_287' title='bbox 963 2475 1149 2531; x_wconf 90' lang='lat' dir='ltr'><strong>lectori</strong></span> <span class='ocrx_word' id='word_1_288' title='bbox 1166 2490 1512 2547; x_wconf 87' lang='lat' dir='ltr'><strong>nequaquam</strong></span> <span class='ocrx_word' id='word_1_289' title='bbox 1529 2473 1886 2540; x_wconf 80' lang='lat' dir='ltr'><strong>fastidiosum,</strong></span> 
     </span>
    </p>
   </div>
   <div class='ocr_carea' id='block_1_42' title="bbox 279 2563 1889 2637">
    <p class='ocr_par' dir='ltr' id='par_1_42' title="bbox 279 2563 1889 2637">
     <span class='ocr_line' id='line_1_42' title="bbox 279 2563 1889 2637; baseline -0.004 -15"><span class='ocrx_word' id='word_1_290' title='bbox 279 2567 415 2623; x_wconf 88' lang='lat' dir='ltr'><strong>dum</strong></span> <span class='ocrx_word' id='word_1_291' title='bbox 440 2566 585 2621; x_wconf 83' lang='lat' dir='ltr'><strong>inter</strong></span> <span class='ocrx_word' id='word_1_292' title='bbox 614 2581 676 2620; x_wconf 86' lang='lat' dir='ltr'><strong>ea</strong></span> <span class='ocrx_word' id='word_1_293' title='bbox 708 2581 828 2637; x_wconf 84' lang='lat' dir='ltr'><strong>qua</strong></span> <span class='ocrx_word' id='word_1_294' title='bbox 845 2564 997 2621; x_wconf 87' lang='lat' dir='ltr'><strong>novit</strong></span> <span class='ocrx_word' id='word_1_295' title='bbox 1028 2572 1214 2620; x_wconf 88' lang='lat' dir='ltr'><strong>vetera</strong></span> <span class='ocrx_word' id='word_1_296' title='bbox 1260 2579 1325 2619; x_wconf 91' lang='lat' dir='ltr'><strong>ea</strong></span> <span class='ocrx_word' id='word_1_297' title='bbox 1341 2564 1499 2619; x_wconf 87' lang='lat' dir='ltr'><strong>etiam</strong></span> <span class='ocrx_word' id='word_1_298' title='bbox 1548 2563 1598 2618; x_wconf 93' lang='lat' dir='ltr'><strong>ei</strong></span> <span class='ocrx_word' id='word_1_299' title='bbox 1628 2578 1747 2635; x_wconf 80' lang='lat' dir='ltr'><strong>qua</strong></span> <span class='ocrx_word' id='word_1_300' title='bbox 1778 2578 1889 2617; x_wconf 88' lang='lat' dir='ltr'><strong>non</strong></span> 
     </span>
    </p>
   </div>
   <div class='ocr_carea' id='block_1_43' title="bbox 280 2652 1887 2725">
    <p class='ocr_par' dir='ltr' id='par_1_43' title="bbox 280 2652 1887 2725">
     <span class='ocr_line' id='line_1_43' title="bbox 280 2652 1887 2725; baseline -0.002 -15"><span class='ocrx_word' id='word_1_301' title='bbox 280 2655 439 2711; x_wconf 83' lang='lat' dir='ltr'><strong>novit</strong></span> <span class='ocrx_word' id='word_1_302' title='bbox 470 2669 619 2710; x_wconf 85' lang='lat' dir='ltr'><strong>nova</strong></span> <span class='ocrx_word' id='word_1_303' title='bbox 645 2661 1022 2725; x_wconf 74' lang='lat' dir='ltr'><strong>repraesentat.</strong></span> <span class='ocrx_word' id='word_1_304' title='bbox 1069 2654 1151 2707; x_wconf 81' lang='lat' dir='ltr'><strong>Ad</strong></span> <span class='ocrx_word' id='word_1_305' title='bbox 1182 2668 1344 2722; x_wconf 87' lang='lat' dir='ltr'><strong>quam</strong></span> <span class='ocrx_word' id='word_1_306' title='bbox 1392 2652 1633 2722; x_wconf 81' lang='lat' dir='ltr'><strong>profecto</strong></span> <span class='ocrx_word' id='word_1_307' title='bbox 1664 2660 1887 2706; x_wconf 74' lang='lat' dir='ltr'><strong>sentt-n-</strong></span> 
     </span>
    </p>
   </div>
   <div class='ocr_carea' id='block_1_44' title="bbox 279 2740 1889 2815">
    <p class='ocr_par' dir='ltr' id='par_1_44' title="bbox 279 2740 1889 2815">
     <span class='ocr_line' id='line_1_44' title="bbox 279 2740 1889 2815; baseline -0.004 -17"><span class='ocrx_word' id='word_1_308' title='bbox 279 2744 485 2798; x_wconf 81' lang='lat' dir='ltr'><strong>tiarum</strong></span> <span class='ocrx_word' id='word_1_309' title='bbox 510 2743 1006 2815; x_wconf 88' lang='lat' dir='ltr'><strong>pronuntiationem</strong></span> <span class='ocrx_word' id='word_1_310' title='bbox 1040 2741 1334 2812; x_wconf 86' lang='lat' dir='ltr'><strong>aliquando</strong></span> <span class='ocrx_word' id='word_1_311' title='bbox 1356 2756 1428 2795; x_wconf 82' lang='lat' dir='ltr'><strong>ex</strong></span> <span class='ocrx_word' id='word_1_312' title='bbox 1445 2740 1767 2795; x_wconf 89' lang='lat' dir='ltr'><strong>necessitate</strong></span> <span class='ocrx_word' id='word_1_313' title='bbox 1794 2740 1889 2793; x_wconf 90' lang='lat' dir='ltr'><strong>du-</strong></span> 
     </span>
    </p>
   </div>
   <div class='ocr_carea' id='block_1_45' title="bbox 281 2828 1891 2904">
    <p class='ocr_par' dir='ltr' id='par_1_45' title="bbox 281 2828 1891 2904">
     <span class='ocr_line' id='line_1_45' title="bbox 281 2828 1891 2904; baseline -0.003 -17"><span class='ocrx_word' id='word_1_314' title='bbox 281 2847 402 2899; x_wconf 87' lang='lat' dir='ltr'><strong>cor,</strong></span> <span class='ocrx_word' id='word_1_315' title='bbox 456 2832 592 2904; x_wconf 87' lang='lat' dir='ltr'><strong>quia</strong></span> <span class='ocrx_word' id='word_1_316' title='bbox 647 2839 703 2887; x_wconf 89' lang='lat' dir='ltr'><strong>et</strong></span> <span class='ocrx_word' id='word_1_317' title='bbox 741 2832 926 2885; x_wconf 86' lang='lat' dir='ltr'><strong>Patres</strong></span> <span class='ocrx_word' id='word_1_318' title='bbox 958 2829 1299 2884; x_wconf 86' lang='lat' dir='ltr'><strong>venerabiles</strong></span> <span class='ocrx_word' id='word_1_319' title='bbox 1330 2828 1376 2882; x_wconf 89' lang='lat' dir='ltr'><strong>si</strong></span> <span class='ocrx_word' id='word_1_320' title='bbox 1404 2829 1643 2884; x_wconf 88' lang='lat' dir='ltr'><strong>seriatim</strong></span> <span class='ocrx_word' id='word_1_321' title='bbox 1693 2835 1891 2884; x_wconf 88' lang='lat' dir='ltr'><strong>cuncta</strong></span> 
     </span>
    </p>
   </div>
   <div class='ocr_carea' id='block_1_46' title="bbox 281 2916 1892 2992">
    <p class='ocr_par' dir='ltr' id='par_1_46' title="bbox 281 2916 1892 2992">
     <span class='ocr_line' id='line_1_46' title="bbox 281 2916 1892 2992; baseline -0.004 -15"><span class='ocrx_word' id='word_1_322' title='bbox 281 2928 638 2992; x_wconf 83' lang='lat' dir='ltr'><strong>exponerent</strong></span> <span class='ocrx_word' id='word_1_323' title='bbox 668 2936 793 2991; x_wconf 87' lang='lat' dir='ltr'><strong>qua</strong></span> <span class='ocrx_word' id='word_1_324' title='bbox 820 2935 891 2974; x_wconf 83' lang='lat' dir='ltr'><strong>ex</strong></span> <span class='ocrx_word' id='word_1_325' title='bbox 920 2927 1069 2989; x_wconf 83' lang='lat' dir='ltr'><strong>parte</strong></span> <span class='ocrx_word' id='word_1_326' title='bbox 1098 2918 1414 2987; x_wconf 73' lang='lat' dir='ltr'><strong>tetigerunt,</strong></span> <span class='ocrx_word' id='word_1_327' title='bbox 1447 2933 1505 2972; x_wconf 91' lang='lat' dir='ltr'><strong>ea</strong></span> <span class='ocrx_word' id='word_1_328' title='bbox 1517 2934 1567 2971; x_wconf 88' lang='lat' dir='ltr'><strong>m</strong></span> <span class='ocrx_word' id='word_1_329' title='bbox 1600 2917 1795 2972; x_wconf 89' lang='lat' dir='ltr'><strong>seriem</strong></span> <span class='ocrx_word' id='word_1_330' title='bbox 1813 2916 1892 2972; x_wconf 90' lang='lat' dir='ltr'><strong>lo-</strong></span> 
     </span>
    </p>
   </div>
   <div class='ocr_carea' id='block_1_47' title="bbox 281 3006 1892 3079">
    <p class='ocr_par' dir='ltr' id='par_1_47' title="bbox 281 3006 1892 3079">
     <span class='ocr_line' id='line_1_47' title="bbox 281 3006 1892 3079; baseline -0.004 -12"><span class='ocrx_word' id='word_1_331' title='bbox 281 3010 529 3067; x_wconf 82' lang='lat' dir='ltr'><strong>cutionis</strong></span> <span class='ocrx_word' id='word_1_332' title='bbox 557 3025 723 3079; x_wconf 88' lang='lat' dir='ltr'><strong>quam</strong></span> <span class='ocrx_word' id='word_1_333' title='bbox 755 3017 941 3063; x_wconf 80' lang='lat' dir='ltr'><strong>tenere</strong></span> <span class='ocrx_word' id='word_1_334' title='bbox 962 3006 1065 3061; x_wconf 89' lang='lat' dir='ltr'><strong>visi</strong></span> <span class='ocrx_word' id='word_1_335' title='bbox 1086 3014 1212 3061; x_wconf 91' lang='lat' dir='ltr'><strong>sunt</strong></span> <span class='ocrx_word' id='word_1_336' title='bbox 1229 3006 1528 3061; x_wconf 83' lang='lat' dir='ltr'><strong>observare</strong></span> <span class='ocrx_word' id='word_1_337' title='bbox 1548 3021 1892 3076; x_wconf 84' lang='lat' dir='ltr'><strong>nequaquam</strong></span> 
     </span>
    </p>
   </div>
   <div class='ocr_carea' id='block_1_48' title="bbox 283 3093 1891 3170">
    <p class='ocr_par' dir='ltr' id='par_1_48' title="bbox 283 3093 1891 3170">
     <span class='ocr_line' id='line_1_48' title="bbox 283 3093 1891 3170; baseline -0.003 -16"><span class='ocrx_word' id='word_1_338' title='bbox 283 3099 627 3170; x_wconf 87' lang='lat' dir='ltr'><strong>potuissent.</strong></span> <span class='ocrx_word' id='word_1_339' title='bbox 660 3099 800 3152; x_wconf 90' lang='lat' dir='ltr'><strong>Dum</strong></span> <span class='ocrx_word' id='word_1_340' title='bbox 820 3096 985 3168; x_wconf 84' lang='lat' dir='ltr'><strong>igitur</strong></span> <span class='ocrx_word' id='word_1_341' title='bbox 1004 3102 1312 3150; x_wconf 87' lang='lat' dir='ltr'><strong>sanctorum</strong></span> <span class='ocrx_word' id='word_1_342' title='bbox 1335 3095 1552 3149; x_wconf 85' lang='lat' dir='ltr'><strong>Patrum</strong></span> <span class='ocrx_word' id='word_1_343' title='bbox 1581 3093 1891 3149; x_wconf 90' lang='lat' dir='ltr'><strong>intellectus</strong></span> 
     </span>
    </p>
   </div>
   <div class='ocr_carea' id='block_1_49' title="bbox 280 3183 1889 3258">
    <p class='ocr_par' dir='ltr' id='par_1_49' title="bbox 280 3183 1889 3258">
     <span class='ocr_line' id='line_1_49' title="bbox 280 3183 1889 3258; baseline -0.003 -15"><span class='ocrx_word' id='word_1_344' title='bbox 280 3196 586 3258; x_wconf 67' lang='lat' dir='ltr'><strong>praetereo,</strong></span> <span class='ocrx_word' id='word_1_345' title='bbox 616 3186 950 3241; x_wconf 87' lang='lat' dir='ltr'><strong>necessitate</strong></span> <span class='ocrx_word' id='word_1_346' title='bbox 977 3183 1294 3255; x_wconf 89' lang='lat' dir='ltr'><strong>aliquando,</strong></span> <span class='ocrx_word' id='word_1_347' title='bbox 1325 3183 1614 3253; x_wconf 87' lang='lat' dir='ltr'><strong>aliquando</strong></span> <span class='ocrx_word' id='word_1_348' title='bbox 1642 3198 1889 3239; x_wconf 84' lang='lat' dir='ltr'><strong>commo-</strong></span> 
     </span>
    </p>
   </div>
   <div class='ocr_carea' id='block_1_50' title="bbox 288 3271 1891 3345">
    <p class='ocr_par' dir='ltr' id='par_1_50' title="bbox 288 3271 1891 3345">
     <span class='ocr_line' id='line_1_50' title="bbox 288 3271 1891 3345; baseline -0.002 -16"><span class='ocrx_word' id='word_1_349' title='bbox 288 3278 463 3331; x_wconf 84' lang='lat' dir='ltr'><strong>ditate</strong></span> <span class='ocrx_word' id='word_1_350' title='bbox 492 3284 634 3339; x_wconf 87' lang='lat' dir='ltr'><strong>utor,</strong></span> <span class='ocrx_word' id='word_1_351' title='bbox 668 3274 802 3345; x_wconf 87' lang='lat' dir='ltr'><strong>quia</strong></span> <span class='ocrx_word' id='word_1_352' title='bbox 831 3281 884 3328; x_wconf 89' lang='lat' dir='ltr'><strong>et</strong></span> <span class='ocrx_word' id='word_1_353' title='bbox 916 3272 1187 3328; x_wconf 88' lang='lat' dir='ltr'><strong>fastidium</strong></span> <span class='ocrx_word' id='word_1_354' title='bbox 1209 3271 1668 3338; x_wconf 88' lang='lat' dir='ltr'><strong>lectoriamoveo,</strong></span> <span class='ocrx_word' id='word_1_355' title='bbox 1692 3271 1891 3326; x_wconf 88' lang='lat' dir='ltr'><strong>etdum</strong></span> 
     </span>
    </p>
   </div>
   <div class='ocr_carea' id='block_1_51' title="bbox 281 3360 1891 3426">
    <p class='ocr_par' dir='ltr' id='par_1_51' title="bbox 281 3360 1891 3426">
     <span class='ocr_line' id='line_1_51' title="bbox 281 3360 1891 3426; baseline -0.004 -5"><span class='ocrx_word' id='word_1_356' title='bbox 281 3372 463 3421; x_wconf 88' lang='lat' dir='ltr'><strong>totum</strong></span> <span class='ocrx_word' id='word_1_357' title='bbox 493 3363 740 3417; x_wconf 88' lang='lat' dir='ltr'><strong>seriatim</strong></span> <span class='ocrx_word' id='word_1_358' title='bbox 773 3362 1028 3426; x_wconf 89' lang='lat' dir='ltr'><strong>discutio,</strong></span> <span class='ocrx_word' id='word_1_359' title='bbox 1067 3361 1231 3414; x_wconf 90' lang='lat' dir='ltr'><strong>multa</strong></span> <span class='ocrx_word' id='word_1_360' title='bbox 1261 3376 1329 3414; x_wconf 85' lang='lat' dir='ltr'><strong>ex</strong></span> <span class='ocrx_word' id='word_1_361' title='bbox 1361 3360 1559 3414; x_wconf 87' lang='lat' dir='ltr'><strong>mediis</strong></span> <span class='ocrx_word' id='word_1_362' title='bbox 1582 3368 1770 3415; x_wconf 86' lang='lat' dir='ltr'><strong>contra</strong></span> <span class='ocrx_word' id='word_1_363' title='bbox 1804 3377 1891 3415; x_wconf 88' lang='lat' dir='ltr'><strong>me</strong></span> 
     </span>
    </p>
   </div>
   <div class='ocr_carea' id='block_1_52' title="bbox 279 3448 1881 3522">
    <p class='ocr_par' dir='ltr' id='par_1_52' title="bbox 279 3448 1881 3522">
     <span class='ocr_line' id='line_1_52' title="bbox 279 3448 1881 3522; baseline -0.004 -14"><span class='ocrx_word' id='word_1_364' title='bbox 279 3452 517 3509; x_wconf 86' lang='lat' dir='ltr'><strong>veniunt</strong></span> <span class='ocrx_word' id='word_1_365' title='bbox 547 3467 671 3522; x_wconf 85' lang='lat' dir='ltr'><strong>qua</strong></span> <span class='ocrx_word' id='word_1_366' title='bbox 696 3450 912 3504; x_wconf 90' lang='lat' dir='ltr'><strong>illorum</strong></span> <span class='ocrx_word' id='word_1_367' title='bbox 929 3449 1087 3519; x_wconf 90' lang='lat' dir='ltr'><strong>sequi</strong></span> <span class='ocrx_word' id='word_1_368' title='bbox 1108 3449 1402 3503; x_wconf 87' lang='lat' dir='ltr'><strong>sententias</strong></span> <span class='ocrx_word' id='word_1_369' title='bbox 1416 3464 1524 3503; x_wconf 92' lang='lat' dir='ltr'><strong>non</strong></span> <span class='ocrx_word' id='word_1_370' title='bbox 1543 3448 1881 3519; x_wconf 86' lang='lat' dir='ltr'><strong>permittunt.</strong></span> 
     </span>
    </p>
   </div>
   <div class='ocr_carea' id='block_1_53' title="bbox 280 3536 1891 3614">
    <p class='ocr_par' dir='ltr' id='par_1_53' title="bbox 280 3536 1891 3614">
     <span class='ocr_line' id='line_1_53' title="bbox 280 3536 1891 3614; baseline -0.003 -18"><span class='ocrx_word' id='word_1_371' title='bbox 280 3542 343 3596; x_wconf 90' lang='lat' dir='ltr'><strong>In</strong></span> <span class='ocrx_word' id='word_1_372' title='bbox 372 3555 495 3614; x_wconf 88' lang='lat' dir='ltr'><strong>quo</strong></span> <span class='ocrx_word' id='word_1_373' title='bbox 526 3554 665 3594; x_wconf 82' lang='lat' dir='ltr'><strong>sane</strong></span> <span class='ocrx_word' id='word_1_374' title='bbox 695 3554 862 3609; x_wconf 89' lang='lat' dir='ltr'><strong>opere</strong></span> <span class='ocrx_word' id='word_1_375' title='bbox 890 3536 1147 3592; x_wconf 90' lang='lat' dir='ltr'><strong>lectorem</strong></span> <span class='ocrx_word' id='word_1_376' title='bbox 1178 3536 1386 3608; x_wconf 83' lang='lat' dir='ltr'><strong>ﬂagito,</strong></span> <span class='ocrx_word' id='word_1_377' title='bbox 1416 3547 1477 3591; x_wconf 85' lang='lat' dir='ltr'><strong>ut</strong></span> <span class='ocrx_word' id='word_1_378' title='bbox 1502 3552 1612 3592; x_wconf 91' lang='lat' dir='ltr'><strong>non</strong></span> <span class='ocrx_word' id='word_1_379' title='bbox 1640 3537 1803 3593; x_wconf 87' lang='lat' dir='ltr'><strong>verba</strong></span> <span class='ocrx_word' id='word_1_380' title='bbox 1823 3554 1891 3592; x_wconf 86' lang='lat' dir='ltr'><strong>ex</strong></span> 
     </span>
    </p>
   </div>
   <div class='ocr_carea' id='block_1_54' title="bbox 282 3625 1890 3702">
    <p class='ocr_par' dir='ltr' id='par_1_54' title="bbox 282 3625 1890 3702">
     <span class='ocr_line' id='line_1_54' title="bbox 282 3625 1890 3702; baseline -0.003 -17"><span class='ocrx_word' id='word_1_381' title='bbox 282 3628 664 3702; x_wconf 83' lang='lat' dir='ltr'><strong>eloquentium</strong></span> <span class='ocrx_word' id='word_1_382' title='bbox 717 3634 996 3682; x_wconf 85' lang='lat' dir='ltr'><strong>oratorum</strong></span> <span class='ocrx_word' id='word_1_383' title='bbox 1050 3634 1249 3682; x_wconf 80' lang='lat' dir='ltr'><strong>sancta</strong></span> <span class='ocrx_word' id='word_1_384' title='bbox 1298 3625 1558 3682; x_wconf 88' lang='lat' dir='ltr'><strong>Ecclesia</strong></span> <span class='ocrx_word' id='word_1_385' title='bbox 1600 3642 1890 3697; x_wconf 87' lang='lat' dir='ltr'><strong>compara-</strong></span> 
     </span>
    </p>
   </div>
   <div class='ocr_carea' id='block_1_55' title="bbox 279 3714 1889 3783">
    <p class='ocr_par' dir='ltr' id='par_1_55' title="bbox 279 3714 1889 3783">
     <span class='ocr_line' id='line_1_55' title="bbox 279 3714 1889 3783; baseline -0.001 -11"><span class='ocrx_word' id='word_1_386' title='bbox 279 3719 431 3775; x_wconf 89' lang='lat' dir='ltr'><strong>tione</strong></span> <span class='ocrx_word' id='word_1_387' title='bbox 463 3716 807 3783; x_wconf 86' lang='lat' dir='ltr'><strong>consideret,</strong></span> <span class='ocrx_word' id='word_1_388' title='bbox 839 3715 938 3771; x_wconf 85' lang='lat' dir='ltr'><strong>sed</strong></span> <span class='ocrx_word' id='word_1_389' title='bbox 967 3714 1351 3770; x_wconf 86' lang='lat' dir='ltr'><strong>sententiarum</strong></span> <span class='ocrx_word' id='word_1_390' title='bbox 1375 3714 1681 3770; x_wconf 89' lang='lat' dir='ltr'><strong>intellectus</strong></span> <span class='ocrx_word' id='word_1_391' title='bbox 1699 3732 1763 3770; x_wconf 86' lang='lat' dir='ltr'><strong>ex</strong></span> <span class='ocrx_word' id='word_1_392' title='bbox 1795 3731 1889 3771; x_wconf 90' lang='lat' dir='ltr'><strong>ec-</strong></span> 
     </span>
    </p>
   </div>
   <div class='ocr_carea' id='block_1_56' title="bbox 280 3802 1891 3875">
    <p class='ocr_par' dir='ltr' id='par_1_56' title="bbox 280 3802 1891 3875">
     <span class='ocr_line' id='line_1_56' title="bbox 280 3802 1891 3875; baseline -0.003 -12"><span class='ocrx_word' id='word_1_393' title='bbox 280 3807 609 3863; x_wconf 83' lang='lat' dir='ltr'><strong>clesiastica</strong></span> <span class='ocrx_word' id='word_1_394' title='bbox 665 3802 974 3875; x_wconf 90' lang='lat' dir='ltr'><strong>disciplina</strong></span> <span class='ocrx_word' id='word_1_395' title='bbox 1028 3803 1324 3859; x_wconf 89' lang='lat' dir='ltr'><strong>rationibus</strong></span> <span class='ocrx_word' id='word_1_396' title='bbox 1381 3811 1592 3873; x_wconf 89' lang='lat' dir='ltr'><strong>penset,</strong></span> <span class='ocrx_word' id='word_1_397' title='bbox 1642 3803 1768 3873; x_wconf 85' lang='lat' dir='ltr'><strong>quia</strong></span> <span class='ocrx_word' id='word_1_398' title='bbox 1794 3802 1891 3858; x_wconf 89' lang='lat' dir='ltr'><strong>etsi</strong></span> 
     </span>
    </p>
   </div>
   <div class='ocr_carea' id='block_1_57' title="bbox 275 3890 1892 3966">
    <p class='ocr_par' dir='ltr' id='par_1_57' title="bbox 275 3890 1892 3966">
     <span class='ocr_line' id='line_1_57' title="bbox 275 3890 1892 3966; baseline -0.001 -15"><span class='ocrx_word' id='word_1_399' title='bbox 275 3897 436 3966; x_wconf 76' lang='lat' dir='ltr'><strong>juxta</strong></span> <span class='ocrx_word' id='word_1_400' title='bbox 468 3894 573 3950; x_wconf 85' lang='lat' dir='ltr'><strong>Dei</strong></span> <span class='ocrx_word' id='word_1_401' title='bbox 604 3893 1034 3964; x_wconf 87' lang='lat' dir='ltr'><strong>prohibitionem</strong></span> <span class='ocrx_word' id='word_1_402' title='bbox 1053 3892 1110 3946; x_wconf 90' lang='lat' dir='ltr'><strong>in</strong></span> <span class='ocrx_word' id='word_1_403' title='bbox 1128 3892 1249 3961; x_wconf 85' lang='lat' dir='ltr'><strong>ejus</strong></span> <span class='ocrx_word' id='word_1_404' title='bbox 1262 3891 1424 3947; x_wconf 90' lang='lat' dir='ltr'><strong>domo</strong></span> <span class='ocrx_word' id='word_1_405' title='bbox 1438 3908 1629 3947; x_wconf 90' lang='lat' dir='ltr'><strong>nemus</strong></span> <span class='ocrx_word' id='word_1_406' title='bbox 1643 3890 1892 3963; x_wconf 85' lang='lat' dir='ltr'><strong>plantare</strong></span> 
     </span>
    </p>
   </div>
   <div class='ocr_carea' id='block_1_58' title="bbox 280 3980 1893 4053">
    <p class='ocr_par' dir='ltr' id='par_1_58' title="bbox 280 3980 1893 4053">
     <span class='ocr_line' id='line_1_58' title="bbox 280 3980 1893 4053; baseline -0.002 -13"><span class='ocrx_word' id='word_1_407' title='bbox 280 3986 474 4040; x_wconf 81' lang='lat' dir='ltr'><strong>nescio</strong></span> <span class='ocrx_word' id='word_1_408' title='bbox 502 3982 701 4053; x_wconf 80' lang='lat' dir='ltr'><strong>(Deut.</strong></span> <span class='ocrx_word' id='word_1_409' title='bbox 734 3998 849 4048; x_wconf 77' lang='lat' dir='ltr'><strong>xvi,</strong></span> <span class='ocrx_word' id='word_1_410' title='bbox 879 3980 996 4053; x_wconf 68' lang='lat'><strong>21),</strong></span> <span class='ocrx_word' id='word_1_411' title='bbox 1021 3981 1267 4052; x_wconf 84' lang='lat' dir='ltr'><strong>regulam</strong></span> <span class='ocrx_word' id='word_1_412' title='bbox 1310 3988 1512 4047; x_wconf 89' lang='lat' dir='ltr'><strong>tamen,</strong></span> <span class='ocrx_word' id='word_1_413' title='bbox 1547 3996 1655 4052; x_wconf 89' lang='lat' dir='ltr'><strong>qua</strong></span> <span class='ocrx_word' id='word_1_414' title='bbox 1697 3985 1893 4036; x_wconf 88' lang='lat' dir='ltr'><strong>sancta</strong></span> 
     </span>
    </p>
   </div>
   <div class='ocr_carea' id='block_1_59' title="bbox 278 4068 1888 4145">
    <p class='ocr_par' dir='ltr' id='par_1_59' title="bbox 278 4068 1888 4145">
     <span class='ocr_line' id='line_1_59' title="bbox 278 4068 1888 4145; baseline -0.002 -15"><span class='ocrx_word' id='word_1_415' title='bbox 278 4074 576 4145; x_wconf 85' lang='lat' dir='ltr'><strong>Scriptura</strong></span> <span class='ocrx_word' id='word_1_416' title='bbox 630 4071 866 4127; x_wconf 87' lang='lat' dir='ltr'><strong>ﬁdeliter</strong></span> <span class='ocrx_word' id='word_1_417' title='bbox 906 4068 1218 4141; x_wconf 83' lang='lat' dir='ltr'><strong>exponitur,</strong></span> <span class='ocrx_word' id='word_1_418' title='bbox 1268 4069 1323 4124; x_wconf 90' lang='lat' dir='ltr'><strong>in</strong></span> <span class='ocrx_word' id='word_1_419' title='bbox 1371 4068 1520 4126; x_wconf 91' lang='lat' dir='ltr'><strong>nullo</strong></span> <span class='ocrx_word' id='word_1_420' title='bbox 1549 4070 1888 4141; x_wconf 90' lang='lat' dir='ltr'><strong>derelinquo.</strong></span> 
     </span>
    </p>
   </div>
   <div class='ocr_carea' id='block_1_60' title="bbox 1922 3147 1970 3208">
    <p class='ocr_par' dir='ltr' id='par_1_60' title="bbox 1922 3147 1970 3208">
     <span class='ocr_line' id='line_1_60' title="bbox 1922 3147 1970 3208; baseline 0 0"><span class='ocrx_word' id='word_1_421' title='bbox 1922 3147 1970 3208; x_wconf 89' lang='lat' dir='ltr'>C</span> 
     </span>
    </p>
   </div>
   <div class='ocr_carea' id='block_1_61' title="bbox 1994 1859 3585 1931">
    <p class='ocr_par' dir='ltr' id='par_1_61' title="bbox 1994 1859 3585 1931">
     <span class='ocr_line' id='line_1_61' title="bbox 1994 1859 3585 1931; baseline 0 -15"><span class='ocrx_word' id='word_1_422' title='bbox 1994 1878 2114 1916; x_wconf 89' lang='lat' dir='ltr'><strong>mus</strong></span> <span class='ocrx_word' id='word_1_423' title='bbox 2146 1880 2163 1927; x_wconf 83' lang='lat'><strong>;</strong></span> <span class='ocrx_word' id='word_1_424' title='bbox 2196 1867 2333 1915; x_wconf 86' lang='lat' dir='ltr'><strong>eteo</strong></span> <span class='ocrx_word' id='word_1_425' title='bbox 2364 1859 2481 1927; x_wconf 89' lang='lat' dir='ltr'><strong>ejus</strong></span> <span class='ocrx_word' id='word_1_426' title='bbox 2501 1866 2728 1929; x_wconf 80' lang='lat' dir='ltr'><strong>tangere</strong></span> <span class='ocrx_word' id='word_1_427' title='bbox 2746 1874 2959 1914; x_wconf 89' lang='lat' dir='ltr'><strong>summa</strong></span> <span class='ocrx_word' id='word_1_428' title='bbox 2996 1874 3107 1913; x_wconf 88' lang='lat' dir='ltr'><strong>non</strong></span> <span class='ocrx_word' id='word_1_429' title='bbox 3139 1873 3446 1929; x_wconf 89' lang='lat' dir='ltr'><strong>possumus,</strong></span> <span class='ocrx_word' id='word_1_430' title='bbox 3477 1874 3585 1931; x_wconf 91' lang='lat' dir='ltr'><strong>quo</strong></span> 
     </span>
    </p>
   </div>
   <div class='ocr_carea' id='block_1_62' title="bbox 1992 1946 3583 2022">
    <p class='ocr_par' dir='ltr' id='par_1_62' title="bbox 1992 1946 3583 2022">
     <span class='ocr_line' id='line_1_62' title="bbox 1992 1946 3583 2022; baseline -0.003 -18"><span class='ocrx_word' id='word_1_431' title='bbox 1992 1951 2194 2022; x_wconf 85' lang='lat' dir='ltr'><strong>gradus</strong></span> <span class='ocrx_word' id='word_1_432' title='bbox 2222 1958 2301 2003; x_wconf 89' lang='lat' dir='ltr'><strong>est</strong></span> <span class='ocrx_word' id='word_1_433' title='bbox 2319 1948 2545 2003; x_wconf 85' lang='lat' dir='ltr'><strong>inferior</strong></span> <span class='ocrx_word' id='word_1_434' title='bbox 2572 1947 2713 2002; x_wconf 82' lang='lat' dir='ltr'><strong>unde</strong></span> <span class='ocrx_word' id='word_1_435' title='bbox 2744 1955 2973 2014; x_wconf 75' lang='lat' dir='ltr'><strong>tangere</strong></span> <span class='ocrx_word' id='word_1_436' title='bbox 2994 1963 3204 2002; x_wconf 88' lang='lat' dir='ltr'><strong>summa</strong></span> <span class='ocrx_word' id='word_1_437' title='bbox 3258 1946 3583 2020; x_wconf 82' lang='lat' dir='ltr'><strong>cogitamus,</strong></span> 
     </span>
    </p>
   </div>
   <div class='ocr_carea' id='block_1_63' title="bbox 1995 2035 3588 2105">
    <p class='ocr_par' dir='ltr' id='par_1_63' title="bbox 1995 2035 3588 2105">
     <span class='ocr_line' id='line_1_63' title="bbox 1995 2035 3588 2105; baseline -0.001 -11"><span class='ocrx_word' id='word_1_438' title='bbox 1995 2040 2137 2105; x_wconf 89' lang='lat' dir='ltr'><strong>Quid</strong></span> <span class='ocrx_word' id='word_1_439' title='bbox 2167 2039 2310 2094; x_wconf 90' lang='lat' dir='ltr'><strong>enim</strong></span> <span class='ocrx_word' id='word_1_440' title='bbox 2344 2044 2425 2093; x_wconf 92' lang='lat' dir='ltr'><strong>est</strong></span> <span class='ocrx_word' id='word_1_441' title='bbox 2454 2035 2764 2092; x_wconf 85' lang='lat' dir='ltr'><strong>intellectus</strong></span> <span class='ocrx_word' id='word_1_442' title='bbox 2793 2036 3110 2104; x_wconf 87' lang='lat' dir='ltr'><strong>divinitatis,</strong></span> <span class='ocrx_word' id='word_1_443' title='bbox 3161 2036 3267 2090; x_wconf 87' lang='lat' dir='ltr'><strong>nisi</strong></span> <span class='ocrx_word' id='word_1_444' title='bbox 3296 2035 3588 2093; x_wconf 84' lang='lat' dir='ltr'><strong>ineftabilis</strong></span> 
     </span>
    </p>
   </div>
   <div class='ocr_carea' id='block_1_64' title="bbox 1995 2124 3588 2199">
    <p class='ocr_par' dir='ltr' id='par_1_64' title="bbox 1995 2124 3588 2199">
     <span class='ocr_line' id='line_1_64' title="bbox 1995 2124 3588 2199; baseline -0.001 -16"><span class='ocrx_word' id='word_1_445' title='bbox 1995 2128 2241 2199; x_wconf 88' lang='lat' dir='ltr'><strong>quadam</strong></span> <span class='ocrx_word' id='word_1_446' title='bbox 2272 2142 2483 2181; x_wconf 89' lang='lat' dir='ltr'><strong>summa</strong></span> <span class='ocrx_word' id='word_1_447' title='bbox 2536 2124 2874 2180; x_wconf 90' lang='lat' dir='ltr'><strong>celsitudinis</strong></span> <span class='ocrx_word' id='word_1_448' title='bbox 2902 2126 2930 2177; x_wconf 72' lang='lat'><strong>‘2</strong></span> <span class='ocrx_word' id='word_1_449' title='bbox 2958 2126 3028 2179; x_wconf 88' lang='lat' dir='ltr'><strong>Et</strong></span> <span class='ocrx_word' id='word_1_450' title='bbox 3054 2125 3184 2196; x_wconf 90' lang='lat' dir='ltr'><strong>quia</strong></span> <span class='ocrx_word' id='word_1_451' title='bbox 3240 2124 3588 2195; x_wconf 89' lang='lat' dir='ltr'><strong>omnipotens</strong></span> 
     </span>
    </p>
   </div>
   <div class='ocr_carea' id='block_1_65' title="bbox 1994 2212 3590 2287">
    <p class='ocr_par' dir='ltr' id='par_1_65' title="bbox 1994 2212 3590 2287">
     <span class='ocr_line' id='line_1_65' title="bbox 1994 2212 3590 2287; baseline -0.002 -13"><span class='ocrx_word' id='word_1_452' title='bbox 1994 2219 2150 2274; x_wconf 88' lang='lat' dir='ltr'><strong>Deus</strong></span> <span class='ocrx_word' id='word_1_453' title='bbox 2181 2232 2279 2287; x_wconf 89' lang='lat' dir='ltr'><strong>per</strong></span> <span class='ocrx_word' id='word_1_454' title='bbox 2293 2214 2597 2285; x_wconf 90' lang='lat' dir='ltr'><strong>Scripturas</strong></span> <span class='ocrx_word' id='word_1_455' title='bbox 2613 2214 2948 2285; x_wconf 85' lang='lat' dir='ltr'><strong>agnoscitur,</strong></span> <span class='ocrx_word' id='word_1_456' title='bbox 2964 2212 3094 2284; x_wconf 90' lang='lat' dir='ltr'><strong>quid</strong></span> <span class='ocrx_word' id='word_1_457' title='bbox 3122 2222 3204 2268; x_wconf 91' lang='lat' dir='ltr'><strong>est</strong></span> <span class='ocrx_word' id='word_1_458' title='bbox 3221 2214 3413 2269; x_wconf 88' lang='lat' dir='ltr'><strong>eadem</strong></span> <span class='ocrx_word' id='word_1_459' title='bbox 3426 2229 3590 2271; x_wconf 86' lang='lat' dir='ltr'><strong>sacra</strong></span> 
     </span>
    </p>
   </div>
   <div class='ocr_carea' id='block_1_66' title="bbox 1997 2300 3590 2376">
    <p class='ocr_par' dir='ltr' id='par_1_66' title="bbox 1997 2300 3590 2376">
     <span class='ocr_line' id='line_1_66' title="bbox 1997 2300 3590 2376; baseline -0.003 -13"><span class='ocrx_word' id='word_1_460' title='bbox 1997 2307 2298 2376; x_wconf 82' lang='lat' dir='ltr'><strong>Scriptura,</strong></span> <span class='ocrx_word' id='word_1_461' title='bbox 2332 2304 2434 2359; x_wconf 89' lang='lat' dir='ltr'><strong>nisi</strong></span> <span class='ocrx_word' id='word_1_462' title='bbox 2463 2302 2671 2375; x_wconf 84' lang='lat' dir='ltr'><strong>gradus</strong></span> <span class='ocrx_word' id='word_1_463' title='bbox 2708 2302 2943 2372; x_wconf 88' lang='lat' dir='ltr'><strong>quidam,</strong></span> <span class='ocrx_word' id='word_1_464' title='bbox 2974 2300 3067 2373; x_wconf 90' lang='lat' dir='ltr'><strong>qui</strong></span> <span class='ocrx_word' id='word_1_465' title='bbox 3122 2303 3504 2358; x_wconf 87' lang='lat' dir='ltr'><strong>conscenditur</strong></span> <span class='ocrx_word' id='word_1_466' title='bbox 3531 2311 3590 2358; x_wconf 86' lang='lat' dir='ltr'><strong>ut</strong></span> 
     </span>
    </p>
   </div>
   <div class='ocr_carea' id='block_1_67' title="bbox 1996 2390 3590 2462">
    <p class='ocr_par' dir='ltr' id='par_1_67' title="bbox 1996 2390 3590 2462">
     <span class='ocr_line' id='line_1_67' title="bbox 1996 2390 3590 2462; baseline -0.003 -12"><span class='ocrx_word' id='word_1_467' title='bbox 1996 2397 2094 2450; x_wconf 89' lang='lat' dir='ltr'><strong>illa</strong></span> <span class='ocrx_word' id='word_1_468' title='bbox 2122 2392 2428 2449; x_wconf 86' lang='lat' dir='ltr'><strong>sublimatis</strong></span> <span class='ocrx_word' id='word_1_469' title='bbox 2470 2392 2813 2462; x_wconf 81' lang='lat' dir='ltr'><strong>contingatur</strong></span> <span class='ocrx_word' id='word_1_470' title='bbox 2840 2393 2867 2443; x_wconf 76' lang='lat'><strong>‘2</strong></span> <span class='ocrx_word' id='word_1_471' title='bbox 2896 2390 3124 2461; x_wconf 87' lang='lat' dir='ltr'><strong>Quoties</strong></span> <span class='ocrx_word' id='word_1_472' title='bbox 3182 2406 3315 2461; x_wconf 82' lang='lat' dir='ltr'><strong>ergo</strong></span> <span class='ocrx_word' id='word_1_473' title='bbox 3370 2390 3590 2446; x_wconf 88' lang='lat' dir='ltr'><strong>historia</strong></span> 
     </span>
    </p>
   </div>
   <div class='ocr_carea' id='block_1_68' title="bbox 1995 2479 3590 2556">
    <p class='ocr_par' dir='ltr' id='par_1_68' title="bbox 1995 2479 3590 2556">
     <span class='ocr_line' id='line_1_68' title="bbox 1995 2479 3590 2556; baseline -0.004 -15"><span class='ocrx_word' id='word_1_474' title='bbox 1995 2484 2213 2556; x_wconf 87' lang='lat' dir='ltr'><strong>planior</strong></span> <span class='ocrx_word' id='word_1_475' title='bbox 2233 2490 2336 2550; x_wconf 91' lang='lat' dir='ltr'><strong>est,</strong></span> <span class='ocrx_word' id='word_1_476' title='bbox 2371 2483 2468 2537; x_wconf 91' lang='lat' dir='ltr'><strong>sed</strong></span> <span class='ocrx_word' id='word_1_477' title='bbox 2485 2479 2983 2545; x_wconf 84' lang='lat' dir='ltr'><strong>altiorintellectus,</strong></span> <span class='ocrx_word' id='word_1_478' title='bbox 3009 2479 3139 2550; x_wconf 88' lang='lat' dir='ltr'><strong>quid</strong></span> <span class='ocrx_word' id='word_1_479' title='bbox 3179 2484 3266 2534; x_wconf 89' lang='lat' dir='ltr'><strong>est</strong></span> <span class='ocrx_word' id='word_1_480' title='bbox 3293 2479 3461 2548; x_wconf 88' lang='lat' dir='ltr'><strong>aliud,</strong></span> <span class='ocrx_word' id='word_1_481' title='bbox 3484 2479 3590 2535; x_wconf 92' lang='lat' dir='ltr'><strong>nisi</strong></span> 
     </span>
    </p>
   </div>
   <div class='ocr_carea' id='block_1_69' title="bbox 1996 2568 3590 2646">
    <p class='ocr_par' dir='ltr' id='par_1_69' title="bbox 1996 2568 3590 2646">
     <span class='ocr_line' id='line_1_69' title="bbox 1996 2568 3590 2646; baseline -0.004 -16"><span class='ocrx_word' id='word_1_482' title='bbox 1996 2575 2125 2646; x_wconf 87' lang='lat' dir='ltr'><strong>quia</strong></span> <span class='ocrx_word' id='word_1_483' title='bbox 2153 2572 2318 2628; x_wconf 89' lang='lat' dir='ltr'><strong>talem</strong></span> <span class='ocrx_word' id='word_1_484' title='bbox 2344 2570 2582 2642; x_wconf 74' lang='lat' dir='ltr'><strong>gradum</strong></span> <span class='ocrx_word' id='word_1_485' title='bbox 2612 2569 2704 2623; x_wconf 90' lang='lat' dir='ltr'><strong>illa</strong></span> <span class='ocrx_word' id='word_1_486' title='bbox 2731 2568 3035 2625; x_wconf 87' lang='lat' dir='ltr'><strong>sublimitas</strong></span> <span class='ocrx_word' id='word_1_487' title='bbox 3055 2568 3220 2623; x_wconf 89' lang='lat' dir='ltr'><strong>habet</strong></span> <span class='ocrx_word' id='word_1_488' title='bbox 3245 2583 3280 2623; x_wconf 92' lang='lat' dir='ltr'><strong>a</strong></span> <span class='ocrx_word' id='word_1_489' title='bbox 3309 2584 3416 2640; x_wconf 91' lang='lat' dir='ltr'><strong>quo</strong></span> <span class='ocrx_word' id='word_1_490' title='bbox 3430 2569 3590 2624; x_wconf 84' lang='lat' dir='ltr'><strong>facile</strong></span> 
     </span>
    </p>
   </div>
   <div class='ocr_carea' id='block_1_70' title="bbox 1995 2656 3590 2733">
    <p class='ocr_par' dir='ltr' id='par_1_70' title="bbox 1995 2656 3590 2733">
     <span class='ocr_line' id='line_1_70' title="bbox 1995 2656 3590 2733; baseline -0.005 -13"><span class='ocrx_word' id='word_1_491' title='bbox 1995 2661 2238 2733; x_wconf 78' lang='lat' dir='ltr'><strong>conﬁngi</strong></span> <span class='ocrx_word' id='word_1_492' title='bbox 2283 2676 2393 2717; x_wconf 91' lang='lat' dir='ltr'><strong>non</strong></span> <span class='ocrx_word' id='word_1_493' title='bbox 2421 2658 2643 2730; x_wconf 84' lang='lat' dir='ltr'><strong>potest?</strong></span> <span class='ocrx_word' id='word_1_494' title='bbox 2661 2658 2718 2715; x_wconf 90' lang='lat' dir='ltr'><strong>Si</strong></span> <span class='ocrx_word' id='word_1_495' title='bbox 2746 2673 2879 2730; x_wconf 84' lang='lat' dir='ltr'><strong>ergo</strong></span> <span class='ocrx_word' id='word_1_496' title='bbox 2897 2656 3103 2728; x_wconf 88' lang='lat' dir='ltr'><strong>aliquid</strong></span> <span class='ocrx_word' id='word_1_497' title='bbox 3135 2657 3394 2713; x_wconf 89' lang='lat' dir='ltr'><strong>indecens</strong></span> <span class='ocrx_word' id='word_1_498' title='bbox 3424 2658 3590 2714; x_wconf 88' lang='lat' dir='ltr'><strong>etiam</strong></span> 
     </span>
    </p>
   </div>
   <div class='ocr_carea' id='block_1_71' title="bbox 1998 2745 3589 2822">
    <p class='ocr_par' dir='ltr' id='par_1_71' title="bbox 1998 2745 3589 2822">
     <span class='ocr_line' id='line_1_71' title="bbox 1998 2745 3589 2822; baseline -0.003 -14"><span class='ocrx_word' id='word_1_499' title='bbox 1998 2752 2052 2808; x_wconf 89' lang='lat' dir='ltr'><strong>in</strong></span> <span class='ocrx_word' id='word_1_500' title='bbox 2078 2749 2337 2822; x_wconf 77' lang='lat' dir='ltr'><strong>plenioris</strong></span> <span class='ocrx_word' id='word_1_501' title='bbox 2377 2748 2616 2804; x_wconf 84' lang='lat' dir='ltr'><strong>historia</strong></span> <span class='ocrx_word' id='word_1_502' title='bbox 2644 2746 3029 2816; x_wconf 79' lang='lat' dir='ltr'><strong>explanatione</strong></span> <span class='ocrx_word' id='word_1_503' title='bbox 3074 2745 3246 2802; x_wconf 89' lang='lat' dir='ltr'><strong>lector</strong></span> <span class='ocrx_word' id='word_1_504' title='bbox 3274 2746 3589 2818; x_wconf 86' lang='lat' dir='ltr'><strong>inspexerit,</strong></span> 
     </span>
    </p>
   </div>
   <div class='ocr_carea' id='block_1_72' title="bbox 1997 2834 3591 2908">
    <p class='ocr_par' dir='ltr' id='par_1_72' title="bbox 1997 2834 3591 2908">
     <span class='ocr_line' id='line_1_72' title="bbox 1997 2834 3591 2908; baseline -0.003 -13"><span class='ocrx_word' id='word_1_505' title='bbox 1997 2848 2146 2896; x_wconf 86' lang='lat' dir='ltr'><strong>tanto</strong></span> <span class='ocrx_word' id='word_1_506' title='bbox 2176 2837 2469 2908; x_wconf 74' lang='lat' dir='ltr'><strong>benignius</strong></span> <span class='ocrx_word' id='word_1_507' title='bbox 2489 2837 2618 2891; x_wconf 89' lang='lat' dir='ltr'><strong>dare</strong></span> <span class='ocrx_word' id='word_1_508' title='bbox 2650 2835 2862 2889; x_wconf 87' lang='lat' dir='ltr'><strong>veniam</strong></span> <span class='ocrx_word' id='word_1_509' title='bbox 2908 2834 3127 2904; x_wconf 88' lang='lat' dir='ltr'><strong>poterit,</strong></span> <span class='ocrx_word' id='word_1_510' title='bbox 3156 2842 3362 2905; x_wconf 89' lang='lat' dir='ltr'><strong>quanto</strong></span> <span class='ocrx_word' id='word_1_511' title='bbox 3418 2836 3591 2891; x_wconf 86' lang='lat' dir='ltr'><strong>ratio-</strong></span> 
     </span>
    </p>
   </div>
   <div class='ocr_carea' id='block_1_73' title="bbox 1997 2923 3594 2998">
    <p class='ocr_par' dir='ltr' id='par_1_73' title="bbox 1997 2923 3594 2998">
     <span class='ocr_line' id='line_1_73' title="bbox 1997 2923 3594 2998; baseline -0.002 -15"><span class='ocrx_word' id='word_1_512' title='bbox 1997 2928 2230 2984; x_wconf 89' lang='lat' dir='ltr'><strong>nabilius</strong></span> <span class='ocrx_word' id='word_1_513' title='bbox 2258 2924 2509 2998; x_wconf 83' lang='lat' dir='ltr'><strong>agnoscit</strong></span> <span class='ocrx_word' id='word_1_514' title='bbox 2539 2923 2684 2995; x_wconf 88' lang='lat' dir='ltr'><strong>quia,</strong></span> <span class='ocrx_word' id='word_1_515' title='bbox 2744 2924 2873 2978; x_wconf 90' lang='lat' dir='ltr'><strong>dum</strong></span> <span class='ocrx_word' id='word_1_516' title='bbox 2903 2938 2934 2978; x_wconf 90' lang='lat' dir='ltr'><strong>a</strong></span> <span class='ocrx_word' id='word_1_517' title='bbox 2957 2923 3118 2992; x_wconf 86' lang='lat' dir='ltr'><strong>plano</strong></span> <span class='ocrx_word' id='word_1_518' title='bbox 3173 2923 3318 2993; x_wconf 88' lang='lat' dir='ltr'><strong>quod</strong></span> <span class='ocrx_word' id='word_1_519' title='bbox 3361 2924 3594 2980; x_wconf 87' lang='lat' dir='ltr'><strong>cernitur</strong></span> 
     </span>
    </p>
   </div>
   <div class='ocr_carea' id='block_1_74' title="bbox 1998 3010 3593 3077">
    <p class='ocr_par' dir='ltr' id='par_1_74' title="bbox 1998 3010 3593 3077">
     <span class='ocr_line' id='line_1_74' title="bbox 1998 3010 3593 3077; baseline -0.004 -3"><span class='ocrx_word' id='word_1_520' title='bbox 1998 3018 2063 3075; x_wconf 90' lang='lat' dir='ltr'><strong>ad</strong></span> <span class='ocrx_word' id='word_1_521' title='bbox 2094 3017 2187 3072; x_wconf 87' lang='lat' dir='ltr'><strong>illa</strong></span> <span class='ocrx_word' id='word_1_522' title='bbox 2211 3014 2467 3070; x_wconf 89' lang='lat' dir='ltr'><strong>sublimia</strong></span> <span class='ocrx_word' id='word_1_523' title='bbox 2502 3013 2644 3068; x_wconf 88' lang='lat' dir='ltr'><strong>ultra</strong></span> <span class='ocrx_word' id='word_1_524' title='bbox 2692 3027 2799 3067; x_wconf 89' lang='lat' dir='ltr'><strong>non</strong></span> <span class='ocrx_word' id='word_1_525' title='bbox 2822 3011 3112 3077; x_wconf 88' lang='lat' dir='ltr'><strong>tendimus,</strong></span> <span class='ocrx_word' id='word_1_526' title='bbox 3144 3010 3302 3066; x_wconf 82' lang='lat' dir='ltr'><strong>facile</strong></span> <span class='ocrx_word' id='word_1_527' title='bbox 3357 3012 3593 3069; x_wconf 88' lang='lat' dir='ltr'><strong>vacilla-</strong></span> 
     </span>
    </p>
   </div>
   <div class='ocr_carea' id='block_1_75' title="bbox 1997 3099 3591 3172">
    <p class='ocr_par' dir='ltr' id='par_1_75' title="bbox 1997 3099 3591 3172">
     <span class='ocr_line' id='line_1_75' title="bbox 1997 3099 3591 3172; baseline -0.003 -11"><span class='ocrx_word' id='word_1_528' title='bbox 1997 3122 2139 3161; x_wconf 88' lang='lat' dir='ltr'><strong>mus.</strong></span> <span class='ocrx_word' id='word_1_529' title='bbox 2173 3105 2362 3159; x_wconf 86' lang='lat' dir='ltr'><strong>Priora</strong></span> <span class='ocrx_word' id='word_1_530' title='bbox 2392 3102 2557 3172; x_wconf 83' lang='lat' dir='ltr'><strong>igitur</strong></span> <span class='ocrx_word' id='word_1_531' title='bbox 2600 3100 2912 3165; x_wconf 87' lang='lat' dir='ltr'><strong>voluminis,</strong></span> <span class='ocrx_word' id='word_1_532' title='bbox 2946 3099 3083 3169; x_wconf 87' lang='lat' dir='ltr'><strong>quia</strong></span> <span class='ocrx_word' id='word_1_533' title='bbox 3112 3106 3219 3153; x_wconf 88' lang='lat' dir='ltr'><strong>tam</strong></span> <span class='ocrx_word' id='word_1_534' title='bbox 3251 3108 3451 3156; x_wconf 85' lang='lat' dir='ltr'><strong>sancta</strong></span> <span class='ocrx_word' id='word_1_535' title='bbox 3478 3101 3591 3157; x_wconf 85' lang='lat' dir='ltr'><strong>Ec-</strong></span> 
     </span>
    </p>
   </div>
   <div class='ocr_carea' id='block_1_76' title="bbox 1998 3188 3593 3259">
    <p class='ocr_par' dir='ltr' id='par_1_76' title="bbox 1998 3188 3593 3259">
     <span class='ocr_line' id='line_1_76' title="bbox 1998 3188 3593 3259; baseline -0.004 -9"><span class='ocrx_word' id='word_1_536' title='bbox 1998 3195 2180 3251; x_wconf 86' lang='lat' dir='ltr'><strong>clesia</strong></span> <span class='ocrx_word' id='word_1_537' title='bbox 2208 3198 2546 3248; x_wconf 87' lang='lat' dir='ltr'><strong>sacramenta</strong></span> <span class='ocrx_word' id='word_1_538' title='bbox 2565 3190 2861 3257; x_wconf 90' lang='lat' dir='ltr'><strong>continent,</strong></span> <span class='ocrx_word' id='word_1_539' title='bbox 2892 3203 3052 3259; x_wconf 90' lang='lat' dir='ltr'><strong>quam</strong></span> <span class='ocrx_word' id='word_1_540' title='bbox 3082 3204 3265 3243; x_wconf 90' lang='lat' dir='ltr'><strong>mores</strong></span> <span class='ocrx_word' id='word_1_541' title='bbox 3308 3188 3462 3244; x_wconf 89' lang='lat' dir='ltr'><strong>electi</strong></span> <span class='ocrx_word' id='word_1_542' title='bbox 3495 3190 3593 3244; x_wconf 88' lang='lat' dir='ltr'><strong>ho-</strong></span> 
     </span>
    </p>
   </div>
   <div class='ocr_carea' id='block_1_77' title="bbox 1998 3277 3591 3349">
    <p class='ocr_par' dir='ltr' id='par_1_77' title="bbox 1998 3277 3591 3349">
     <span class='ocr_line' id='line_1_77' title="bbox 1998 3277 3591 3349; baseline -0.004 -10"><span class='ocrx_word' id='word_1_543' title='bbox 1998 3284 2161 3341; x_wconf 88' lang='lat' dir='ltr'><strong>minis</strong></span> <span class='ocrx_word' id='word_1_544' title='bbox 2182 3282 2575 3346; x_wconf 85' lang='lat' dir='ltr'><strong>demonstrant,</strong></span> <span class='ocrx_word' id='word_1_545' title='bbox 2608 3278 2771 3349; x_wconf 90' lang='lat' dir='ltr'><strong>positi</strong></span> <span class='ocrx_word' id='word_1_546' title='bbox 2807 3278 2863 3333; x_wconf 90' lang='lat' dir='ltr'><strong>in</strong></span> <span class='ocrx_word' id='word_1_547' title='bbox 2892 3277 3072 3332; x_wconf 88' lang='lat' dir='ltr'><strong>studio</strong></span> <span class='ocrx_word' id='word_1_548' title='bbox 3104 3277 3261 3333; x_wconf 84' lang='lat' dir='ltr'><strong>bona</strong></span> <span class='ocrx_word' id='word_1_549' title='bbox 3290 3292 3591 3333; x_wconf 87' lang='lat' dir='ltr'><strong>conversa-</strong></span> 
     </span>
    </p>
   </div>
   <div class='ocr_carea' id='block_1_78' title="bbox 2000 3365 3595 3439">
    <p class='ocr_par' dir='ltr' id='par_1_78' title="bbox 2000 3365 3595 3439">
     <span class='ocr_line' id='line_1_78' title="bbox 2000 3365 3595 3439; baseline -0.003 -12"><span class='ocrx_word' id='word_1_550' title='bbox 2000 3371 2183 3438; x_wconf 89' lang='lat' dir='ltr'><strong>tionis,</strong></span> <span class='ocrx_word' id='word_1_551' title='bbox 2204 3370 2306 3425; x_wconf 90' lang='lat' dir='ltr'><strong>sub</strong></span> <span class='ocrx_word' id='word_1_552' title='bbox 2319 3377 2544 3439; x_wconf 90' lang='lat' dir='ltr'><strong>utroque</strong></span> <span class='ocrx_word' id='word_1_553' title='bbox 2573 3366 2848 3423; x_wconf 90' lang='lat' dir='ltr'><strong>intellectu</strong></span> <span class='ocrx_word' id='word_1_554' title='bbox 2903 3365 3188 3437; x_wconf 88' lang='lat' dir='ltr'><strong>sigillatim</strong></span> <span class='ocrx_word' id='word_1_555' title='bbox 3243 3365 3504 3433; x_wconf 89' lang='lat' dir='ltr'><strong>edissero,</strong></span> <span class='ocrx_word' id='word_1_556' title='bbox 3536 3374 3595 3422; x_wconf 88' lang='lat' dir='ltr'><strong>ut</strong></span> 
     </span>
    </p>
   </div>
   <div class='ocr_carea' id='block_1_79' title="bbox 2000 3453 3593 3526">
    <p class='ocr_par' dir='ltr' id='par_1_79' title="bbox 2000 3453 3593 3526">
     <span class='ocr_line' id='line_1_79' title="bbox 2000 3453 3593 3526; baseline -0.004 -10"><span class='ocrx_word' id='word_1_557' title='bbox 2000 3476 2123 3516; x_wconf 89' lang='lat' dir='ltr'><strong>cum</strong></span> <span class='ocrx_word' id='word_1_558' title='bbox 2155 3461 2209 3513; x_wconf 92' lang='lat' dir='ltr'><strong>in</strong></span> <span class='ocrx_word' id='word_1_559' title='bbox 2231 3458 2447 3515; x_wconf 88' lang='lat' dir='ltr'><strong>actibus</strong></span> <span class='ocrx_word' id='word_1_560' title='bbox 2465 3464 2708 3512; x_wconf 89' lang='lat' dir='ltr'><strong>veterum</strong></span> <span class='ocrx_word' id='word_1_561' title='bbox 2729 3470 2885 3511; x_wconf 84' lang='lat' dir='ltr'><strong>nova</strong></span> <span class='ocrx_word' id='word_1_562' title='bbox 2912 3453 3042 3509; x_wconf 86' lang='lat' dir='ltr'><strong>ﬁdei</strong></span> <span class='ocrx_word' id='word_1_563' title='bbox 3071 3454 3309 3509; x_wconf 89' lang='lat' dir='ltr'><strong>rationes</strong></span> <span class='ocrx_word' id='word_1_564' title='bbox 3339 3455 3593 3526; x_wconf 82' lang='lat' dir='ltr'><strong>agnosci-</strong></span> 
     </span>
    </p>
   </div>
   <div class='ocr_carea' id='block_1_80' title="bbox 1999 3541 3590 3613">
    <p class='ocr_par' dir='ltr' id='par_1_80' title="bbox 1999 3541 3590 3613">
     <span class='ocr_line' id='line_1_80' title="bbox 1999 3541 3590 3613; baseline -0.004 -10"><span class='ocrx_word' id='word_1_565' title='bbox 1999 3565 2141 3613; x_wconf 86' lang='lat' dir='ltr'><strong>mus,</strong></span> <span class='ocrx_word' id='word_1_566' title='bbox 2175 3548 2231 3602; x_wconf 90' lang='lat' dir='ltr'><strong>in</strong></span> <span class='ocrx_word' id='word_1_567' title='bbox 2260 3548 2339 3603; x_wconf 89' lang='lat' dir='ltr'><strong>eis</strong></span> <span class='ocrx_word' id='word_1_568' title='bbox 2369 3547 2530 3601; x_wconf 87' lang='lat' dir='ltr'><strong>etiam</strong></span> <span class='ocrx_word' id='word_1_569' title='bbox 2560 3543 2990 3600; x_wconf 86' lang='lat' dir='ltr'><strong>conversationis</strong></span> <span class='ocrx_word' id='word_1_570' title='bbox 3015 3550 3217 3598; x_wconf 83' lang='lat' dir='ltr'><strong>nostra</strong></span> <span class='ocrx_word' id='word_1_571' title='bbox 3267 3541 3590 3599; x_wconf 75' lang='lat' dir='ltr'><strong>aediﬁcatio-</strong></span> 
     </span>
    </p>
   </div>
   <div class='ocr_carea' id='block_1_81' title="bbox 1999 3630 3592 3708">
    <p class='ocr_par' dir='ltr' id='par_1_81' title="bbox 1999 3630 3592 3708">
     <span class='ocr_line' id='line_1_81' title="bbox 1999 3630 3592 3708; baseline -0.003 -16"><span class='ocrx_word' id='word_1_572' title='bbox 1999 3654 2125 3693; x_wconf 85' lang='lat' dir='ltr'><strong>nem</strong></span> <span class='ocrx_word' id='word_1_573' title='bbox 2146 3636 2442 3708; x_wconf 88' lang='lat' dir='ltr'><strong>capiamus.</strong></span> <span class='ocrx_word' id='word_1_574' title='bbox 2478 3634 2587 3690; x_wconf 90' lang='lat' dir='ltr'><strong>Sed</strong></span> <span class='ocrx_word' id='word_1_575' title='bbox 2617 3641 2669 3689; x_wconf 91' lang='lat' dir='ltr'><strong>et</strong></span> <span class='ocrx_word' id='word_1_576' title='bbox 2708 3634 2835 3704; x_wconf 90' lang='lat' dir='ltr'><strong>quia</strong></span> <span class='ocrx_word' id='word_1_577' title='bbox 2872 3633 2927 3687; x_wconf 91' lang='lat' dir='ltr'><strong>in</strong></span> <span class='ocrx_word' id='word_1_578' title='bbox 2955 3633 3129 3689; x_wconf 88' lang='lat' dir='ltr'><strong>salute</strong></span> <span class='ocrx_word' id='word_1_579' title='bbox 3159 3630 3398 3687; x_wconf 84' lang='lat' dir='ltr'><strong>ﬁdelium</strong></span> <span class='ocrx_word' id='word_1_580' title='bbox 3453 3630 3592 3688; x_wconf 84' lang='lat' dir='ltr'><strong>ﬁdes</strong></span> 
     </span>
    </p>
   </div>
   <div class='ocr_carea' id='block_1_82' title="bbox 2000 3719 3591 3797">
    <p class='ocr_par' dir='ltr' id='par_1_82' title="bbox 2000 3719 3591 3797">
     <span class='ocr_line' id='line_1_82' title="bbox 2000 3719 3591 3797; baseline -0.004 -15"><span class='ocrx_word' id='word_1_581' title='bbox 2000 3728 2264 3796; x_wconf 88' lang='lat' dir='ltr'><strong>operibus</strong></span> <span class='ocrx_word' id='word_1_582' title='bbox 2292 3724 2443 3797; x_wconf 90' lang='lat' dir='ltr'><strong>prior</strong></span> <span class='ocrx_word' id='word_1_583' title='bbox 2466 3730 2568 3789; x_wconf 86' lang='lat' dir='ltr'><strong>est,</strong></span> <span class='ocrx_word' id='word_1_584' title='bbox 2619 3723 2856 3793; x_wconf 86' lang='lat' dir='ltr'><strong>typicam</strong></span> <span class='ocrx_word' id='word_1_585' title='bbox 2916 3719 3391 3795; x_wconf 83' lang='lat' dir='ltr'><strong>signiﬁcationem,</strong></span> <span class='ocrx_word' id='word_1_586' title='bbox 3445 3720 3591 3776; x_wconf 87' lang='lat' dir='ltr'><strong>velut</strong></span> 
     </span>
    </p>
   </div>
   <div class='ocr_carea' id='block_1_83' title="bbox 2001 3809 3590 3881">
    <p class='ocr_par' dir='ltr' id='par_1_83' title="bbox 2001 3809 3590 3881">
     <span class='ocr_line' id='line_1_83' title="bbox 2001 3809 3590 3881; baseline -0.004 -11"><span class='ocrx_word' id='word_1_587' title='bbox 2001 3815 2238 3871; x_wconf 90' lang='lat' dir='ltr'><strong>solidum</strong></span> <span class='ocrx_word' id='word_1_588' title='bbox 2269 3814 2701 3877; x_wconf 86' lang='lat' dir='ltr'><strong>fundamentum,</strong></span> <span class='ocrx_word' id='word_1_589' title='bbox 2731 3811 3131 3881; x_wconf 86' lang='lat' dir='ltr'><strong>pramittimus,</strong></span> <span class='ocrx_word' id='word_1_590' title='bbox 3162 3809 3250 3865; x_wconf 91' lang='lat' dir='ltr'><strong>cui</strong></span> <span class='ocrx_word' id='word_1_591' title='bbox 3273 3809 3435 3864; x_wconf 89' lang='lat' dir='ltr'><strong>totius</strong></span> <span class='ocrx_word' id='word_1_592' title='bbox 3465 3826 3590 3864; x_wconf 87' lang='lat' dir='ltr'><strong>sus-</strong></span> 
     </span>
    </p>
   </div>
   <div class='ocr_carea' id='block_1_84' title="bbox 2001 3898 3589 3974">
    <p class='ocr_par' dir='ltr' id='par_1_84' title="bbox 2001 3898 3589 3974">
     <span class='ocr_line' id='line_1_84' title="bbox 2001 3898 3589 3974; baseline -0.004 -14"><span class='ocrx_word' id='word_1_593' title='bbox 2001 3904 2145 3974; x_wconf 89' lang='lat' dir='ltr'><strong>cepti</strong></span> <span class='ocrx_word' id='word_1_594' title='bbox 2173 3903 2359 3972; x_wconf 90' lang='lat' dir='ltr'><strong>operis</strong></span> <span class='ocrx_word' id='word_1_595' title='bbox 2388 3901 2593 3956; x_wconf 74' lang='lat' dir='ltr'><strong>fabrica</strong></span> <span class='ocrx_word' id='word_1_596' title='bbox 2622 3899 2677 3954; x_wconf 91' lang='lat' dir='ltr'><strong>in</strong></span> <span class='ocrx_word' id='word_1_597' title='bbox 2709 3899 2907 3954; x_wconf 90' lang='lat' dir='ltr'><strong>morali</strong></span> <span class='ocrx_word' id='word_1_598' title='bbox 2941 3899 3026 3954; x_wconf 86' lang='lat' dir='ltr'><strong>vel</strong></span> <span class='ocrx_word' id='word_1_599' title='bbox 3084 3898 3341 3954; x_wconf 84' lang='lat' dir='ltr'><strong>historica</strong></span> <span class='ocrx_word' id='word_1_600' title='bbox 3371 3898 3589 3970; x_wconf 82' lang='lat' dir='ltr'><strong>exposi-</strong></span> 
     </span>
    </p>
   </div>
   <div class='ocr_carea' id='block_1_85' title="bbox 2001 3988 3000 4064">
    <p class='ocr_par' dir='ltr' id='par_1_85' title="bbox 2001 3988 3000 4064">
     <span class='ocr_line' id='line_1_85' title="bbox 2001 3988 3000 4064; baseline -0.009 -14"><span class='ocrx_word' id='word_1_601' title='bbox 2001 3994 2147 4050; x_wconf 88' lang='lat' dir='ltr'><strong>tione</strong></span> <span class='ocrx_word' id='word_1_602' title='bbox 2176 3993 2488 4064; x_wconf 88' lang='lat' dir='ltr'><strong>imponatur</strong></span> <span class='ocrx_word' id='word_1_603' title='bbox 2515 3988 2599 4046; x_wconf 89' lang='lat' dir='ltr'><strong>vel</strong></span> <span class='ocrx_word' id='word_1_604' title='bbox 2619 3988 3000 4058; x_wconf 87' lang='lat' dir='ltr'><strong>subsequatur.</strong></span> 
     </span>
    </p>
   </div>
   <div class='ocr_carea' id='block_1_86' title="bbox 281 4216 3586 4246">
    <p class='ocr_par' dir='ltr' id='par_1_86' title="bbox 281 4216 3586 4246">
     <span class='ocr_line' id='line_1_86' title="bbox 281 4216 3586 4246; baseline -0.002 -2"><span class='ocrx_word' id='word_1_605' title='bbox 281 4216 3586 4246; x_wconf 54' lang='grc' dir='ltr'>Μ</span> 
     </span>
    </p>
   </div>
   <div class='ocr_carea' id='block_1_87' title="bbox 1502 4325 2383 4422">
    <p class='ocr_par' dir='ltr' id='par_1_87' title="bbox 1502 4325 2383 4422">
     <span class='ocr_line' id='line_1_87' title="bbox 1502 4325 2383 4422; baseline -0.005 -2"><span class='ocrx_word' id='word_1_606' title='bbox 1502 4330 1831 4422; x_wconf 81' lang='lat' dir='ltr'><strong>LIBER</strong></span> <span class='ocrx_word' id='word_1_607' title='bbox 1924 4325 2383 4420; x_wconf 82' lang='lat' dir='ltr'><strong>PRIMUS.</strong></span> 
     </span>
    </p>
   </div>
   <div class='ocr_carea' id='block_1_88' title="bbox 774 4533 1413 4603">
    <p class='ocr_par' dir='ltr' id='par_1_88' title="bbox 774 4533 1413 4603">
     <span class='ocr_line' id='line_1_88' title="bbox 774 4533 1413 4603; baseline 0 -14"><span class='ocrx_word' id='word_1_608' title='bbox 774 4536 823 4603; x_wconf 86' lang='lat'><strong>5</strong></span> <span class='ocrx_word' id='word_1_609' title='bbox 864 4533 1086 4590; x_wconf 84' lang='lat' dir='ltr'><strong>CAPUT</strong></span> <span class='ocrx_word' id='word_1_610' title='bbox 1123 4533 1413 4590; x_wconf 77' lang='lat' dir='ltr'><strong>PRIMUM.</strong></span> 
     </span>
    </p>
   </div>
   <div class='ocr_carea' id='block_1_89' title="bbox 355 4622 1890 4695">
    <p class='ocr_par' dir='ltr' id='par_1_89' title="bbox 355 4622 1890 4695">
     <span class='ocr_line' id='line_1_89' title="bbox 355 4622 1890 4695; baseline 0.001 -17"><span class='ocrx_word' id='word_1_611' title='bbox 355 4626 432 4691; x_wconf 88' lang='grc' dir='ltr'><strong>(ι.</strong></span> <span class='ocrx_word' id='word_1_612' title='bbox 451 4623 591 4695; x_wconf 76' lang='lat' dir='ltr'><strong>Reg.</strong></span> <span class='ocrx_word' id='word_1_613' title='bbox 608 4639 644 4687; x_wconf 84' lang='lat' dir='ltr'><strong>t,</strong></span> <span class='ocrx_word' id='word_1_614' title='bbox 672 4623 891 4695; x_wconf 76' lang='lat' dir='ltr'><strong>l.)fuit</strong></span> <span class='ocrx_word' id='word_1_615' title='bbox 909 4624 997 4679; x_wconf 81' lang='lat' dir='ltr'><strong>vir</strong></span> <span class='ocrx_word' id='word_1_616' title='bbox 1010 4640 1162 4679; x_wconf 78' lang='lat' dir='ltr'><strong>unus</strong></span> <span class='ocrx_word' id='word_1_617' title='bbox 1176 4624 1241 4678; x_wconf 79' lang='lat' dir='ltr'><strong>de</strong></span> <span class='ocrx_word' id='word_1_618' title='bbox 1260 4622 1542 4680; x_wconf 80' lang='lat' dir='ltr'><strong>Ramatha</strong></span> <span class='ocrx_word' id='word_1_619' title='bbox 1557 4624 1802 4695; x_wconf 82' lang='lat' dir='ltr'><strong>Saphim,</strong></span> <span class='ocrx_word' id='word_1_620' title='bbox 1822 4623 1890 4679; x_wconf 81' lang='lat' dir='ltr'><strong>de</strong></span> 
     </span>
    </p>
   </div>
   <div class='ocr_carea' id='block_1_90' title="bbox 285 4712 1891 4783">
    <p class='ocr_par' dir='ltr' id='par_1_90' title="bbox 285 4712 1891 4783">
     <span class='ocr_line' id='line_1_90' title="bbox 285 4712 1891 4783; baseline 0 -15"><span class='ocrx_word' id='word_1_621' title='bbox 285 4718 489 4769; x_wconf 76' lang='lat' dir='ltr'><strong>monte</strong></span> <span class='ocrx_word' id='word_1_622' title='bbox 505 4713 799 4783; x_wconf 82' lang='lat' dir='ltr'><strong>Ephraim,</strong></span> <span class='ocrx_word' id='word_1_623' title='bbox 820 4716 876 4767; x_wconf 82' lang='lat' dir='ltr'><strong>et</strong></span> <span class='ocrx_word' id='word_1_624' title='bbox 890 4728 1094 4768; x_wconf 79' lang='lat' dir='ltr'><strong>nomen</strong></span> <span class='ocrx_word' id='word_1_625' title='bbox 1112 4713 1233 4782; x_wconf 84' lang='lat' dir='ltr'><strong>ejus</strong></span> <span class='ocrx_word' id='word_1_626' title='bbox 1249 4713 1515 4780; x_wconf 79' lang='lat' dir='ltr'><strong>Helcana,</strong></span> <span class='ocrx_word' id='word_1_627' title='bbox 1538 4712 1692 4774; x_wconf 77' lang='lat' dir='ltr'><strong>ﬁlius</strong></span> <span class='ocrx_word' id='word_1_628' title='bbox 1708 4712 1891 4768; x_wconf 83' lang='lat' dir='ltr'><strong>Hiero-</strong></span> 
     </span>
    </p>
   </div>
   <div class='ocr_carea' id='block_1_91' title="bbox 285 4799 1882 4873">
    <p class='ocr_par' dir='ltr' id='par_1_91' title="bbox 285 4799 1882 4873">
     <span class='ocr_line' id='line_1_91' title="bbox 285 4799 1882 4873; baseline -0.001 -17"><span class='ocrx_word' id='word_1_629' title='bbox 285 4802 478 4868; x_wconf 83' lang='lat' dir='ltr'><strong>boam,</strong></span> <span class='ocrx_word' id='word_1_630' title='bbox 499 4801 611 4869; x_wconf 80' lang='lat' dir='ltr'><strong>ﬁlii</strong></span> <span class='ocrx_word' id='word_1_631' title='bbox 634 4801 814 4868; x_wconf 75' lang='lat' dir='ltr'><strong>Helia,</strong></span> <span class='ocrx_word' id='word_1_632' title='bbox 829 4801 943 4869; x_wconf 75' lang='lat' dir='ltr'><strong>ﬁlii</strong></span> <span class='ocrx_word' id='word_1_633' title='bbox 968 4803 1139 4867; x_wconf 82' lang='lat' dir='ltr'><strong>Thau,</strong></span> <span class='ocrx_word' id='word_1_634' title='bbox 1158 4802 1267 4869; x_wconf 81' lang='lat' dir='ltr'><strong>ﬁlii</strong></span> <span class='ocrx_word' id='word_1_635' title='bbox 1283 4799 1463 4873; x_wconf 85' lang='lat' dir='ltr'><strong>Suph,</strong></span> <span class='ocrx_word' id='word_1_636' title='bbox 1484 4800 1882 4871; x_wconf 74' lang='lat' dir='ltr'><strong>Ephrathams.</strong></span> 
     </span>
    </p>
   </div>
   <div class='ocr_carea' id='block_1_92' title="bbox 356 4888 1892 4960">
    <p class='ocr_par' dir='ltr' id='par_1_92' title="bbox 356 4888 1892 4960">
     <span class='ocr_line' id='line_1_92' title="bbox 356 4888 1892 4960; baseline -0.002 -16"><span class='ocrx_word' id='word_1_637' title='bbox 356 4895 414 4944; x_wconf 78' lang='grc'><strong>1.</strong></span> <span class='ocrx_word' id='word_1_638' title='bbox 455 4889 632 4958; x_wconf 86' lang='lat' dir='ltr'><strong>Quem</strong></span> <span class='ocrx_word' id='word_1_639' title='bbox 663 4905 797 4960; x_wconf 83' lang='lat' dir='ltr'><strong>ergo</strong></span> <span class='ocrx_word' id='word_1_640' title='bbox 818 4889 899 4943; x_wconf 89' lang='lat' dir='ltr'><strong>vir</strong></span> <span class='ocrx_word' id='word_1_641' title='bbox 927 4889 1023 4943; x_wconf 89' lang='lat' dir='ltr'><strong>iste</strong></span> <span class='ocrx_word' id='word_1_642' title='bbox 1052 4889 1212 4944; x_wconf 90' lang='lat' dir='ltr'><strong>nobis</strong></span> <span class='ocrx_word' id='word_1_643' title='bbox 1267 4889 1523 4953; x_wconf 86' lang='lat' dir='ltr'><strong>insinuat,</strong></span> <span class='ocrx_word' id='word_1_644' title='bbox 1549 4889 1657 4943; x_wconf 90' lang='lat' dir='ltr'><strong>nisi</strong></span> <span class='ocrx_word' id='word_1_645' title='bbox 1703 4888 1892 4943; x_wconf 88' lang='lat' dir='ltr'><strong>Domi-</strong></span> 
     </span>
    </p>
   </div>
   <div class='ocr_carea' id='block_1_93' title="bbox 284 4967 1893 5040">
    <p class='ocr_par' dir='ltr' id='par_1_93' title="bbox 284 4967 1893 5040">
     <span class='ocr_line' id='line_1_93' title="bbox 284 4967 1893 5040; baseline -0.001 -16"><span class='ocrx_word' id='word_1_646' title='bbox 284 4986 417 5024; x_wconf 88' lang='lat' dir='ltr'><strong>num</strong></span> <span class='ocrx_word' id='word_1_647' title='bbox 461 4986 523 5024; x_wconf 88' lang='lat' dir='ltr'><strong>ac</strong></span> <span class='ocrx_word' id='word_1_648' title='bbox 552 4969 973 5038; x_wconf 81' lang='lat' dir='ltr'><strong>Redemptorem</strong></span> <span class='ocrx_word' id='word_1_649' title='bbox 1000 4977 1264 5035; x_wconf 89' lang='lat' dir='ltr'><strong>nostrum,</strong></span> <span class='ocrx_word' id='word_1_650' title='bbox 1296 4969 1385 5038; x_wconf 89' lang='lat' dir='ltr'><strong>qui</strong></span> <span class='ocrx_word' id='word_1_651' title='bbox 1413 4970 1551 5023; x_wconf 82' lang='lat' dir='ltr'><strong>etin</strong></span> <span class='ocrx_word' id='word_1_652' title='bbox 1585 4967 1893 5040; x_wconf 70' lang='lat' dir='ltr'><strong>inﬁrmitate</strong></span> 
     </span>
    </p>
   </div>
   <div class='ocr_carea' id='block_1_94' title="bbox 283 5057 1895 5127">
    <p class='ocr_par' dir='ltr' id='par_1_94' title="bbox 283 5057 1895 5127">
     <span class='ocr_line' id='line_1_94' title="bbox 283 5057 1895 5127; baseline 0 -15"><span class='ocrx_word' id='word_1_653' title='bbox 283 5066 499 5113; x_wconf 83' lang='lat' dir='ltr'><strong>nostra</strong></span> <span class='ocrx_word' id='word_1_654' title='bbox 518 5058 703 5112; x_wconf 86' lang='lat' dir='ltr'><strong>carnis</strong></span> <span class='ocrx_word' id='word_1_655' title='bbox 728 5057 995 5127; x_wconf 84' lang='lat' dir='ltr'><strong>apparuit,</strong></span> <span class='ocrx_word' id='word_1_656' title='bbox 1027 5063 1079 5110; x_wconf 89' lang='lat' dir='ltr'><strong>et</strong></span> <span class='ocrx_word' id='word_1_657' title='bbox 1110 5064 1291 5110; x_wconf 84' lang='lat' dir='ltr'><strong>tamen</strong></span> <span class='ocrx_word' id='word_1_658' title='bbox 1321 5057 1568 5111; x_wconf 83' lang='lat' dir='ltr'><strong>eamdem</strong></span> <span class='ocrx_word' id='word_1_659' title='bbox 1621 5065 1895 5126; x_wconf 82' lang='lat' dir='ltr'><strong>suscepta</strong></span> 
     </span>
    </p>
   </div>
   <div class='ocr_carea' id='block_1_95' title="bbox 286 5144 1892 5202">
    <p class='ocr_par' dir='ltr' id='par_1_95' title="bbox 286 5144 1892 5202">
     <span class='ocr_line' id='line_1_95' title="bbox 286 5144 1892 5202; baseline 0.001 -1"><span class='ocrx_word' id='word_1_660' title='bbox 286 5156 504 5201; x_wconf 83' lang='lat' dir='ltr'><strong>natura</strong></span> <span class='ocrx_word' id='word_1_661' title='bbox 534 5145 900 5200; x_wconf 86' lang='lat' dir='ltr'><strong>inﬁrmitatem</strong></span> <span class='ocrx_word' id='word_1_662' title='bbox 941 5146 1062 5200; x_wconf 87' lang='lat' dir='ltr'><strong>vita</strong></span> <span class='ocrx_word' id='word_1_663' title='bbox 1087 5144 1414 5199; x_wconf 85' lang='lat' dir='ltr'><strong>remissioris</strong></span> <span class='ocrx_word' id='word_1_664' title='bbox 1462 5144 1734 5200; x_wconf 86' lang='lat' dir='ltr'><strong>blanditiis</strong></span> <span class='ocrx_word' id='word_1_665' title='bbox 1780 5163 1892 5202; x_wconf 91' lang='lat' dir='ltr'><strong>non</strong></span> 
     </span>
    </p>
   </div>
   <div class='ocr_carea' id='block_1_96' title="bbox 288 5233 1892 5305">
    <p class='ocr_par' dir='ltr' id='par_1_96' title="bbox 288 5233 1892 5305">
     <span class='ocr_line' id='line_1_96' title="bbox 288 5233 1892 5305; baseline 0 -16"><span class='ocrx_word' id='word_1_666' title='bbox 288 5234 511 5305; x_wconf 84' lang='lat' dir='ltr'><strong>subegit</strong></span> <span class='ocrx_word' id='word_1_667' title='bbox 537 5235 568 5287; x_wconf 85' lang='lat'><strong>?</strong></span> <span class='ocrx_word' id='word_1_668' title='bbox 594 5236 690 5288; x_wconf 82' lang='lat' dir='ltr'><strong>Vir</strong></span> <span class='ocrx_word' id='word_1_669' title='bbox 716 5233 920 5304; x_wconf 89' lang='lat' dir='ltr'><strong>quippe</strong></span> <span class='ocrx_word' id='word_1_670' title='bbox 937 5248 966 5286; x_wconf 90' lang='lat' dir='ltr'><strong>a</strong></span> <span class='ocrx_word' id='word_1_671' title='bbox 986 5234 1181 5289; x_wconf 88' lang='lat' dir='ltr'><strong>virtute</strong></span> <span class='ocrx_word' id='word_1_672' title='bbox 1203 5234 1506 5288; x_wconf 84' lang='lat' dir='ltr'><strong>nominatur</strong></span> <span class='ocrx_word' id='word_1_673' title='bbox 1538 5235 1748 5289; x_wconf 84' lang='lat' dir='ltr'><strong>:llomo</strong></span> <span class='ocrx_word' id='word_1_674' title='bbox 1787 5250 1892 5290; x_wconf 90' lang='lat' dir='ltr'><strong>au-</strong></span> 
     </span>
    </p>
   </div>
   <div class='ocr_carea' id='block_1_97' title="bbox 290 5322 1892 5393">
    <p class='ocr_par' dir='ltr' id='par_1_97' title="bbox 290 5322 1892 5393">
     <span class='ocr_line' id='line_1_97' title="bbox 290 5322 1892 5393; baseline 0.001 -17"><span class='ocrx_word' id='word_1_675' title='bbox 290 5331 403 5377; x_wconf 82' lang='lat' dir='ltr'><strong>tem</strong></span> <span class='ocrx_word' id='word_1_676' title='bbox 434 5324 491 5377; x_wconf 88' lang='lat' dir='ltr'><strong>in</strong></span> <span class='ocrx_word' id='word_1_677' title='bbox 513 5323 776 5393; x_wconf 87' lang='lat' dir='ltr'><strong>paradiso</strong></span> <span class='ocrx_word' id='word_1_678' title='bbox 806 5322 1075 5387; x_wconf 87' lang='lat' dir='ltr'><strong>conditus,</strong></span> <span class='ocrx_word' id='word_1_679' title='bbox 1099 5323 1299 5377; x_wconf 88' lang='lat' dir='ltr'><strong>bellum</strong></span> <span class='ocrx_word' id='word_1_680' title='bbox 1331 5338 1455 5377; x_wconf 88' lang='lat' dir='ltr'><strong>cum</strong></span> <span class='ocrx_word' id='word_1_681' title='bbox 1513 5331 1758 5392; x_wconf 87' lang='lat' dir='ltr'><strong>apostata</strong></span> <span class='ocrx_word' id='word_1_682' title='bbox 1788 5339 1892 5378; x_wconf 88' lang='lat' dir='ltr'><strong>an-</strong></span> 
     </span>
    </p>
   </div>
   <div class='ocr_carea' id='block_1_98' title="bbox 289 5410 1892 5484">
    <p class='ocr_par' dir='ltr' id='par_1_98' title="bbox 289 5410 1892 5484">
     <span class='ocr_line' id='line_1_98' title="bbox 289 5410 1892 5484; baseline 0 -19"><span class='ocrx_word' id='word_1_683' title='bbox 289 5410 424 5484; x_wconf 82' lang='lat' dir='ltr'><strong>gelo</strong></span> <span class='ocrx_word' id='word_1_684' title='bbox 448 5410 654 5477; x_wconf 84' lang='lat' dir='ltr'><strong>habuit,</strong></span> <span class='ocrx_word' id='word_1_685' title='bbox 688 5410 776 5467; x_wconf 88' lang='lat' dir='ltr'><strong>cui</strong></span> <span class='ocrx_word' id='word_1_686' title='bbox 807 5416 995 5465; x_wconf 89' lang='lat' dir='ltr'><strong>tamen</strong></span> <span class='ocrx_word' id='word_1_687' title='bbox 1024 5427 1124 5480; x_wconf 91' lang='lat' dir='ltr'><strong>per</strong></span> <span class='ocrx_word' id='word_1_688' title='bbox 1159 5410 1585 5466; x_wconf 87' lang='lat' dir='ltr'><strong>conditionalem</strong></span> <span class='ocrx_word' id='word_1_689' title='bbox 1640 5413 1892 5467; x_wconf 81' lang='lat' dir='ltr'><strong>virtutem</strong></span> 
     </span>
    </p>
   </div>
   <div class='ocr_carea' id='block_1_99' title="bbox 1919 4525 3594 4600">
    <p class='ocr_par' dir='ltr' id='par_1_99' title="bbox 1919 4525 3594 4600">
     <span class='ocr_line' id='line_1_99' title="bbox 1919 4525 3594 4600; baseline -0.002 -12"><span class='ocrx_word' id='word_1_690' title='bbox 1919 4533 1971 4592; x_wconf 93' lang='lat' dir='ltr'><strong>D</strong></span> <span class='ocrx_word' id='word_1_691' title='bbox 2003 4533 2174 4597; x_wconf 89' lang='lat' dir='ltr'><strong>sione,</strong></span> <span class='ocrx_word' id='word_1_692' title='bbox 2209 4529 2299 4600; x_wconf 80' lang='grc' dir='ltr'><strong>(ιιιί</strong></span> <span class='ocrx_word' id='word_1_693' title='bbox 2328 4530 2428 4584; x_wconf 87' lang='lat' dir='ltr'><strong>fuit</strong></span> <span class='ocrx_word' id='word_1_694' title='bbox 2455 4545 2523 4583; x_wconf 87' lang='lat' dir='ltr'><strong>ex</strong></span> <span class='ocrx_word' id='word_1_695' title='bbox 2552 4543 2799 4584; x_wconf 85' lang='lat' dir='ltr'><strong>munere.</strong></span> <span class='ocrx_word' id='word_1_696' title='bbox 2840 4527 2928 4584; x_wconf 90' lang='lat' dir='ltr'><strong>Sic</strong></span> <span class='ocrx_word' id='word_1_697' title='bbox 2965 4526 3150 4599; x_wconf 90' lang='lat' dir='ltr'><strong>itaque</strong></span> <span class='ocrx_word' id='word_1_698' title='bbox 3171 4525 3343 4583; x_wconf 82' lang='lat' dir='ltr'><strong>factus</strong></span> <span class='ocrx_word' id='word_1_699' title='bbox 3363 4534 3448 4584; x_wconf 92' lang='lat' dir='ltr'><strong>est</strong></span> <span class='ocrx_word' id='word_1_700' title='bbox 3478 4528 3594 4585; x_wconf 87' lang='lat' dir='ltr'><strong>for-</strong></span> 
     </span>
    </p>
   </div>
   <div class='ocr_carea' id='block_1_100' title="bbox 1998 4616 3593 4689">
    <p class='ocr_par' dir='ltr' id='par_1_100' title="bbox 1998 4616 3593 4689">
     <span class='ocr_line' id='line_1_100' title="bbox 1998 4616 3593 4689; baseline -0.001 -14"><span class='ocrx_word' id='word_1_701' title='bbox 1998 4621 2085 4687; x_wconf 91' lang='lat' dir='ltr'><strong>tis,</strong></span> <span class='ocrx_word' id='word_1_702' title='bbox 2116 4628 2174 4675; x_wconf 89' lang='lat' dir='ltr'><strong>ut</strong></span> <span class='ocrx_word' id='word_1_703' title='bbox 2198 4620 2450 4673; x_wconf 87' lang='lat' dir='ltr'><strong>damnata</strong></span> <span class='ocrx_word' id='word_1_704' title='bbox 2480 4619 2707 4671; x_wconf 86' lang='lat' dir='ltr'><strong>humana</strong></span> <span class='ocrx_word' id='word_1_705' title='bbox 2737 4625 2954 4683; x_wconf 88' lang='lat' dir='ltr'><strong>natura,</strong></span> <span class='ocrx_word' id='word_1_706' title='bbox 2980 4616 3171 4672; x_wconf 88' lang='lat' dir='ltr'><strong>victori</strong></span> <span class='ocrx_word' id='word_1_707' title='bbox 3202 4616 3344 4672; x_wconf 84' lang='lat' dir='ltr'><strong>hosti</strong></span> <span class='ocrx_word' id='word_1_708' title='bbox 3375 4633 3593 4689; x_wconf 84' lang='lat' dir='ltr'><strong>prava-</strong></span> 
     </span>
    </p>
   </div>
   <div class='ocr_carea' id='block_1_101' title="bbox 1998 4705 3594 4780">
    <p class='ocr_par' dir='ltr' id='par_1_101' title="bbox 1998 4705 3594 4780">
     <span class='ocr_line' id='line_1_101' title="bbox 1998 4705 3594 4780; baseline -0.001 -16"><span class='ocrx_word' id='word_1_709' title='bbox 1998 4711 2112 4766; x_wconf 87' lang='lat' dir='ltr'><strong>lere</strong></span> <span class='ocrx_word' id='word_1_710' title='bbox 2142 4724 2249 4763; x_wconf 92' lang='lat' dir='ltr'><strong>non</strong></span> <span class='ocrx_word' id='word_1_711' title='bbox 2272 4715 2480 4780; x_wconf 85' lang='lat' dir='ltr'><strong>posset,</strong></span> <span class='ocrx_word' id='word_1_712' title='bbox 2509 4706 2553 4760; x_wconf 90' lang='lat' dir='ltr'><strong>si</strong></span> <span class='ocrx_word' id='word_1_713' title='bbox 2572 4706 2714 4761; x_wconf 82' lang='lat' dir='ltr'><strong>hanc</strong></span> <span class='ocrx_word' id='word_1_714' title='bbox 2741 4705 2833 4760; x_wconf 88' lang='lat' dir='ltr'><strong>ille</strong></span> <span class='ocrx_word' id='word_1_715' title='bbox 2863 4721 2971 4760; x_wconf 88' lang='lat' dir='ltr'><strong>non</strong></span> <span class='ocrx_word' id='word_1_716' title='bbox 3026 4714 3341 4775; x_wconf 88' lang='lat' dir='ltr'><strong>assumeret,</strong></span> <span class='ocrx_word' id='word_1_717' title='bbox 3376 4708 3465 4779; x_wconf 91' lang='lat' dir='ltr'><strong>qui</strong></span> <span class='ocrx_word' id='word_1_718' title='bbox 3495 4724 3594 4763; x_wconf 87' lang='lat' dir='ltr'><strong>su-</strong></span> 
     </span>
    </p>
   </div>
   <div class='ocr_carea' id='block_1_102' title="bbox 1998 4794 3597 4870">
    <p class='ocr_par' dir='ltr' id='par_1_102' title="bbox 1998 4794 3597 4870">
     <span class='ocr_line' id='line_1_102' title="bbox 1998 4794 3597 4870; baseline 0.001 -18"><span class='ocrx_word' id='word_1_719' title='bbox 1998 4814 2102 4870; x_wconf 90' lang='lat' dir='ltr'><strong>pra</strong></span> <span class='ocrx_word' id='word_1_720' title='bbox 2128 4797 2379 4853; x_wconf 88' lang='lat' dir='ltr'><strong>homines</strong></span> <span class='ocrx_word' id='word_1_721' title='bbox 2401 4796 2714 4851; x_wconf 82' lang='lat' dir='ltr'><strong>exstitisset.</strong></span> <span class='ocrx_word' id='word_1_722' title='bbox 2758 4794 2948 4850; x_wconf 88' lang='lat' dir='ltr'><strong>Factus</strong></span> <span class='ocrx_word' id='word_1_723' title='bbox 2980 4802 3063 4849; x_wconf 91' lang='lat' dir='ltr'><strong>est</strong></span> <span class='ocrx_word' id='word_1_724' title='bbox 3092 4794 3276 4866; x_wconf 89' lang='lat' dir='ltr'><strong>itaque</strong></span> <span class='ocrx_word' id='word_1_725' title='bbox 3318 4796 3597 4866; x_wconf 82' lang='lat' dir='ltr'><strong>praliator</strong></span> 
     </span>
    </p>
   </div>
   <div class='ocr_carea' id='block_1_103' title="bbox 2000 4883 3595 4952">
    <p class='ocr_par' dir='ltr' id='par_1_103' title="bbox 2000 4883 3595 4952">
     <span class='ocr_line' id='line_1_103' title="bbox 2000 4883 3595 4952; baseline -0.003 -10"><span class='ocrx_word' id='word_1_726' title='bbox 2000 4894 2205 4952; x_wconf 89' lang='lat' dir='ltr'><strong>noster,</strong></span> <span class='ocrx_word' id='word_1_727' title='bbox 2239 4885 2501 4941; x_wconf 88' lang='lat' dir='ltr'><strong>Conditor</strong></span> <span class='ocrx_word' id='word_1_728' title='bbox 2528 4892 2735 4938; x_wconf 89' lang='lat' dir='ltr'><strong>noster.</strong></span> <span class='ocrx_word' id='word_1_729' title='bbox 2765 4883 2875 4938; x_wconf 87' lang='lat' dir='ltr'><strong>Sed</strong></span> <span class='ocrx_word' id='word_1_730' title='bbox 2905 4889 3079 4937; x_wconf 89' lang='lat' dir='ltr'><strong>utrum</strong></span> <span class='ocrx_word' id='word_1_731' title='bbox 3134 4884 3217 4938; x_wconf 90' lang='lat' dir='ltr'><strong>vir</strong></span> <span class='ocrx_word' id='word_1_732' title='bbox 3246 4883 3429 4952; x_wconf 82' lang='lat' dir='ltr'><strong>fuerit,</strong></span> <span class='ocrx_word' id='word_1_733' title='bbox 3462 4902 3595 4942; x_wconf 87' lang='lat' dir='ltr'><strong>uos-</strong></span> 
     </span>
    </p>
   </div>
   <div class='ocr_carea' id='block_1_104' title="bbox 2001 4972 3600 5045">
    <p class='ocr_par' dir='ltr' id='par_1_104' title="bbox 2001 4972 3600 5045">
     <span class='ocr_line' id='line_1_104' title="bbox 2001 4972 3600 5045; baseline -0.002 -14"><span class='ocrx_word' id='word_1_734' title='bbox 2001 4977 2160 5045; x_wconf 92' lang='lat' dir='ltr'><strong>citur,</strong></span> <span class='ocrx_word' id='word_1_735' title='bbox 2190 4976 2233 5029; x_wconf 90' lang='lat' dir='ltr'><strong>si</strong></span> <span class='ocrx_word' id='word_1_736' title='bbox 2265 4992 2329 5030; x_wconf 88' lang='lat' dir='ltr'><strong>ex</strong></span> <span class='ocrx_word' id='word_1_737' title='bbox 2361 4981 2578 5030; x_wconf 89' lang='lat' dir='ltr'><strong>ostensa</strong></span> <span class='ocrx_word' id='word_1_738' title='bbox 2606 4972 2805 5027; x_wconf 86' lang='lat' dir='ltr'><strong>virtute</strong></span> <span class='ocrx_word' id='word_1_739' title='bbox 2833 4972 3233 5027; x_wconf 88' lang='lat' dir='ltr'><strong>consideretur.</strong></span> <span class='ocrx_word' id='word_1_740' title='bbox 3285 4974 3600 5043; x_wconf 85' lang='lat' dir='ltr'><strong>Assumpsit</strong></span> 
     </span>
    </p>
   </div>
   <div class='ocr_carea' id='block_1_105' title="bbox 2002 5060 3594 5131">
    <p class='ocr_par' dir='ltr' id='par_1_105' title="bbox 2002 5060 3594 5131">
     <span class='ocr_line' id='line_1_105' title="bbox 2002 5060 3594 5131; baseline -0.003 -11"><span class='ocrx_word' id='word_1_741' title='bbox 2002 5073 2240 5120; x_wconf 89' lang='lat' dir='ltr'><strong>nostram</strong></span> <span class='ocrx_word' id='word_1_742' title='bbox 2271 5071 2538 5130; x_wconf 88' lang='lat' dir='ltr'><strong>naturam,</strong></span> <span class='ocrx_word' id='word_1_743' title='bbox 2561 5077 2681 5131; x_wconf 84' lang='lat' dir='ltr'><strong>qua</strong></span> <span class='ocrx_word' id='word_1_744' title='bbox 2706 5060 2840 5115; x_wconf 91' lang='lat' dir='ltr'><strong>dum</strong></span> <span class='ocrx_word' id='word_1_745' title='bbox 2870 5060 2924 5114; x_wconf 89' lang='lat' dir='ltr'><strong>in</strong></span> <span class='ocrx_word' id='word_1_746' title='bbox 2947 5060 3067 5129; x_wconf 89' lang='lat' dir='ltr'><strong>ipso</strong></span> <span class='ocrx_word' id='word_1_747' title='bbox 3094 5061 3355 5127; x_wconf 89' lang='lat' dir='ltr'><strong>vinceret,</strong></span> <span class='ocrx_word' id='word_1_748' title='bbox 3388 5062 3594 5116; x_wconf 86' lang='lat' dir='ltr'><strong>nobili-</strong></span> 
     </span>
    </p>
   </div>
   <div class='ocr_carea' id='block_1_106' title="bbox 2002 5148 3596 5219">
    <p class='ocr_par' dir='ltr' id='par_1_106' title="bbox 2002 5148 3596 5219">
     <span class='ocr_line' id='line_1_106' title="bbox 2002 5148 3596 5219; baseline -0.001 -12"><span class='ocrx_word' id='word_1_749' title='bbox 2002 5157 2172 5207; x_wconf 85' lang='lat' dir='ltr'><strong>tatem</strong></span> <span class='ocrx_word' id='word_1_750' title='bbox 2195 5152 2466 5208; x_wconf 88' lang='lat' dir='ltr'><strong>conditam</strong></span> <span class='ocrx_word' id='word_1_751' title='bbox 2500 5157 2790 5219; x_wconf 88' lang='lat' dir='ltr'><strong>repararet,</strong></span> <span class='ocrx_word' id='word_1_752' title='bbox 2851 5156 2905 5203; x_wconf 92' lang='lat' dir='ltr'><strong>et</strong></span> <span class='ocrx_word' id='word_1_753' title='bbox 2934 5148 3088 5204; x_wconf 89' lang='lat' dir='ltr'><strong>ﬁeret</strong></span> <span class='ocrx_word' id='word_1_754' title='bbox 3127 5149 3182 5203; x_wconf 89' lang='lat' dir='ltr'><strong>in</strong></span> <span class='ocrx_word' id='word_1_755' title='bbox 3228 5150 3596 5219; x_wconf 80' lang='lat' dir='ltr'><strong>Redemptore</strong></span> 
     </span>
    </p>
   </div>
   <div class='ocr_carea' id='block_1_107' title="bbox 2000 5236 3597 5310">
    <p class='ocr_par' dir='ltr' id='par_1_107' title="bbox 2000 5236 3597 5310">
     <span class='ocr_line' id='line_1_107' title="bbox 2000 5236 3597 5310; baseline -0.001 -15"><span class='ocrx_word' id='word_1_756' title='bbox 2000 5239 2209 5295; x_wconf 89' lang='lat' dir='ltr'><strong>inﬁrma</strong></span> <span class='ocrx_word' id='word_1_757' title='bbox 2239 5239 2447 5307; x_wconf 84' lang='lat' dir='ltr'><strong>valida,</strong></span> <span class='ocrx_word' id='word_1_758' title='bbox 2471 5255 2593 5310; x_wconf 85' lang='lat' dir='ltr'><strong>qua</strong></span> <span class='ocrx_word' id='word_1_759' title='bbox 2624 5238 2676 5292; x_wconf 91' lang='lat' dir='ltr'><strong>in</strong></span> <span class='ocrx_word' id='word_1_760' title='bbox 2707 5238 2880 5292; x_wconf 86' lang='lat' dir='ltr'><strong>Adam</strong></span> <span class='ocrx_word' id='word_1_761' title='bbox 2910 5236 3051 5292; x_wconf 81' lang='lat' dir='ltr'><strong>facta</strong></span> <span class='ocrx_word' id='word_1_762' title='bbox 3070 5236 3246 5291; x_wconf 83' lang='lat' dir='ltr'><strong>fuerat</strong></span> <span class='ocrx_word' id='word_1_763' title='bbox 3276 5236 3430 5292; x_wconf 85' lang='lat' dir='ltr'><strong>fortis</strong></span> <span class='ocrx_word' id='word_1_764' title='bbox 3450 5237 3597 5293; x_wconf 85' lang='lat' dir='ltr'><strong>inﬁr-</strong></span> 
     </span>
    </p>
   </div>
   <div class='ocr_carea' id='block_1_108' title="bbox 2004 5324 3596 5398">
    <p class='ocr_par' dir='ltr' id='par_1_108' title="bbox 2004 5324 3596 5398">
     <span class='ocr_line' id='line_1_108' title="bbox 2004 5324 3596 5398; baseline 0.001 -16"><span class='ocrx_word' id='word_1_765' title='bbox 2004 5345 2091 5382; x_wconf 89' lang='lat' dir='ltr'><strong>ma</strong></span> <span class='ocrx_word' id='word_1_766' title='bbox 2114 5329 2331 5398; x_wconf 75' lang='lat' dir='ltr'><strong>(Matth.</strong></span> <span class='ocrx_word' id='word_1_767' title='bbox 2356 5330 2450 5389; x_wconf 82' lang='grc' dir='ltr'><strong>ιγ).</strong></span> <span class='ocrx_word' id='word_1_768' title='bbox 2478 5328 2577 5382; x_wconf 86' lang='lat' dir='ltr'><strong>Cui</strong></span> <span class='ocrx_word' id='word_1_769' title='bbox 2595 5326 2871 5390; x_wconf 90' lang='lat' dir='ltr'><strong>nimirum,</strong></span> <span class='ocrx_word' id='word_1_770' title='bbox 2904 5325 3034 5379; x_wconf 89' lang='lat' dir='ltr'><strong>dum</strong></span> <span class='ocrx_word' id='word_1_771' title='bbox 3053 5324 3348 5393; x_wconf 88' lang='lat' dir='ltr'><strong>jejunaret,</strong></span> <span class='ocrx_word' id='word_1_772' title='bbox 3380 5326 3437 5381; x_wconf 90' lang='lat' dir='ltr'><strong>in</strong></span> <span class='ocrx_word' id='word_1_773' title='bbox 3468 5342 3596 5383; x_wconf 84' lang='lat' dir='ltr'><strong>ere-</strong></span> 
     </span>
    </p>
   </div>
   <div class='ocr_carea' id='block_1_109' title="bbox 2011 5412 3600 5486">
    <p class='ocr_par' dir='ltr' id='par_1_109' title="bbox 2011 5412 3600 5486">
     <span class='ocr_line' id='line_1_109' title="bbox 2011 5412 3600 5486; baseline 0 -16"><span class='ocrx_word' id='word_1_774' title='bbox 2011 5432 2101 5470; x_wconf 89' lang='lat' dir='ltr'><strong>mo</strong></span> <span class='ocrx_word' id='word_1_775' title='bbox 2124 5425 2356 5472; x_wconf 89' lang='lat' dir='ltr'><strong>tentator</strong></span> <span class='ocrx_word' id='word_1_776' title='bbox 2383 5416 2572 5482; x_wconf 79' lang='lat' dir='ltr'><strong>adfuit,</strong></span> <span class='ocrx_word' id='word_1_777' title='bbox 2594 5414 2830 5486; x_wconf 89' lang='lat' dir='ltr'><strong>antiqua</strong></span> <span class='ocrx_word' id='word_1_778' title='bbox 2849 5412 3087 5467; x_wconf 83' lang='lat' dir='ltr'><strong>victoria</strong></span> <span class='ocrx_word' id='word_1_779' title='bbox 3105 5428 3219 5467; x_wconf 88' lang='lat' dir='ltr'><strong>sua</strong></span> <span class='ocrx_word' id='word_1_780' title='bbox 3239 5414 3348 5469; x_wconf 88' lang='lat' dir='ltr'><strong>tela</strong></span> <span class='ocrx_word' id='word_1_781' title='bbox 3376 5431 3600 5486; x_wconf 87' lang='lat' dir='ltr'><strong>repara-</strong></span> 
     </span>
    </p>
   </div>
   <div class='ocr_carea' id='block_1_110' title="bbox 314 5498 3596 5576">
    <p class='ocr_par' dir='ltr' id='par_1_110' title="bbox 314 5498 3596 5576">
     <span class='ocr_line' id='line_1_110' title="bbox 314 5498 3596 5576; baseline 0.002 -23"><span class='ocrx_word' id='word_1_782' title='bbox 314 5499 570 5555; x_wconf 76' lang='lat' dir='ltr'><strong>resistere</strong></span> <span class='ocrx_word' id='word_1_783' title='bbox 590 5515 697 5555; x_wconf 88' lang='lat' dir='ltr'><strong>non</strong></span> <span class='ocrx_word' id='word_1_784' title='bbox 726 5498 957 5555; x_wconf 84' lang='lat' dir='ltr'><strong>curavit.</strong></span> <span class='ocrx_word' id='word_1_785' title='bbox 992 5501 1039 5566; x_wconf 81' lang='lat'><strong>6</strong></span> <span class='ocrx_word' id='word_1_786' title='bbox 1076 5498 1173 5554; x_wconf 72' lang='lat' dir='ltr'><strong>F01</strong></span> <span class='ocrx_word' id='word_1_787' title='bbox 1194 5499 1258 5553; x_wconf 90' lang='lat' dir='ltr'><strong>tis</strong></span> <span class='ocrx_word' id='word_1_788' title='bbox 1303 5514 1436 5571; x_wconf 89' lang='lat' dir='ltr'><strong>ergo</strong></span> <span class='ocrx_word' id='word_1_789' title='bbox 1478 5499 1745 5570; x_wconf 86' lang='lat' dir='ltr'><strong>conditus,</strong></span> <span class='ocrx_word' id='word_1_790' title='bbox 1805 5499 1908 5556; x_wconf 84' lang='lat' dir='ltr'><strong>sed</strong></span> <span class='ocrx_word' id='word_1_791' title='bbox 2008 5504 2105 5572; x_wconf 91' lang='lat' dir='ltr'><strong>vit,</strong></span> <span class='ocrx_word' id='word_1_792' title='bbox 2135 5504 2298 5576; x_wconf 82' lang='lat' dir='ltr'><strong>gula,</strong></span> <span class='ocrx_word' id='word_1_793' title='bbox 2334 5506 2379 5570; x_wconf 82' lang='lat'><strong>7</strong></span> <span class='ocrx_word' id='word_1_794' title='bbox 2414 5502 2661 5558; x_wconf 90' lang='lat' dir='ltr'><strong>elationis</strong></span> <span class='ocrx_word' id='word_1_795' title='bbox 2692 5517 2755 5556; x_wconf 90' lang='lat' dir='ltr'><strong>ac</strong></span> <span class='ocrx_word' id='word_1_796' title='bbox 2810 5499 3080 5569; x_wconf 74' lang='lat' dir='ltr'><strong>superbia</strong></span> <span class='ocrx_word' id='word_1_797' title='bbox 3110 5500 3284 5567; x_wconf 81' lang='lat' dir='ltr'><strong>iacula</strong></span> <span class='ocrx_word' id='word_1_798' title='bbox 3340 5502 3550 5560; x_wconf 78' lang='lat' dir='ltr'><strong>intorsit</strong></span> <span class='ocrx_word' id='word_1_799' title='bbox 3583 5522 3596 5559; x_wconf 91' lang='lat'><strong>:</strong></span> 
     </span>
    </p>
   </div>
   <div class='ocr_carea' id='block_1_111' title="bbox 300 5584 3601 5666">
    <p class='ocr_par' dir='ltr' id='par_1_111' title="bbox 300 5584 3601 5666">
     <span class='ocr_line' id='line_1_111' title="bbox 300 5584 3601 5666; baseline 0.002 -24"><span class='ocrx_word' id='word_1_800' title='bbox 300 5586 457 5642; x_wconf 81' lang='lat' dir='ltr'><strong>hosti</strong></span> <span class='ocrx_word' id='word_1_801' title='bbox 480 5586 755 5644; x_wconf 81' lang='lat' dir='ltr'><strong>enerviter</strong></span> <span class='ocrx_word' id='word_1_802' title='bbox 783 5585 1125 5660; x_wconf 80' lang='lat' dir='ltr'><strong>subjugatus,</strong></span> <span class='ocrx_word' id='word_1_803' title='bbox 1159 5585 1243 5643; x_wconf 87' lang='lat' dir='ltr'><strong>vir</strong></span> <span class='ocrx_word' id='word_1_804' title='bbox 1266 5602 1374 5644; x_wconf 91' lang='lat' dir='ltr'><strong>non</strong></span> <span class='ocrx_word' id='word_1_805' title='bbox 1406 5584 1507 5643; x_wconf 78' lang='lat' dir='ltr'><strong>fuit</strong></span> <span class='ocrx_word' id='word_1_806' title='bbox 1541 5604 1605 5644; x_wconf 84' lang='lat' dir='ltr'><strong>ex</strong></span> <span class='ocrx_word' id='word_1_807' title='bbox 1640 5603 1908 5662; x_wconf 81' lang='lat' dir='ltr'><strong>congres-</strong></span> <span class='ocrx_word' id='word_1_808' title='bbox 2010 5592 2109 5649; x_wconf 84' lang='lat' dir='ltr'><strong>sed</strong></span> <span class='ocrx_word' id='word_1_809' title='bbox 2136 5606 2259 5649; x_wconf 87' lang='lat' dir='ltr'><strong>eum</strong></span> <span class='ocrx_word' id='word_1_810' title='bbox 2289 5590 2394 5648; x_wconf 79' lang='lat' dir='ltr'><strong>sibi</strong></span> <span class='ocrx_word' id='word_1_811' title='bbox 2420 5606 2521 5663; x_wconf 88' lang='lat' dir='ltr'><strong>per</strong></span> <span class='ocrx_word' id='word_1_812' title='bbox 2539 5588 2716 5647; x_wconf 84' lang='lat' dir='ltr'><strong>omnia</strong></span> <span class='ocrx_word' id='word_1_813' title='bbox 2732 5585 3074 5646; x_wconf 84' lang='lat' dir='ltr'><strong>resistentem</strong></span> <span class='ocrx_word' id='word_1_814' title='bbox 3092 5591 3323 5663; x_wconf 91' lang='lat' dir='ltr'><strong>reperit.</strong></span> <span class='ocrx_word' id='word_1_815' title='bbox 3355 5592 3453 5648; x_wconf 82' lang='lat' dir='ltr'><strong>Vir</strong></span> <span class='ocrx_word' id='word_1_816' title='bbox 3469 5607 3601 5666; x_wconf 76' lang='lat' dir='ltr'><strong>ergo</strong></span> 
     </span>
    </p>
   </div>
  </div>
