4062 6182
418 321 486 380 23
1609 319 1858 410 SANng
1897 317 2244 377 GREGORII
2280 322 2518 382 MAGNI
3635 338 3706 393 24

425 448 613 506 claruit
642 464 740 520 per
766 445 1069 514 victoriam,
1102 447 1196 521 qui
1223 446 1418 504 fortem
1442 446 1552 516 jam
1571 446 1832 504 victorem
1861 460 2012 516 apos-
2039 439 2098 502 A
2127 446 2323 502 Paulus
2340 450 2412 504 ait
2445 466 2458 503 :
2484 451 2905 509 Abundantium
2933 456 3149 525 gratiae,
3184 459 3242 512 et
3287 455 3630 524 donationis,
3659 465 3714 517 et

426 544 595 592 tatam
623 537 878 608 angelum
898 553 1179 608 superans,
1211 552 1319 592 non
1350 536 1399 592 ei
1430 537 1729 606 potentiam
1761 550 1872 590 suae
1890 534 2017 590 divi-

423 625 607 680 nitatis
638 625 908 692 exhibuit,
941 626 1042 680 sed
1071 623 1432 680 inﬁrmitatem
1465 624 1827 679 humanitatis.
1860 625 2017 679 Hunc

399 706 600 769 'virum
645 718 910 784 propheta
936 715 1197 769 Jeremias
1236 713 1606 778 considerans,
1638 714 1709 767 ait
1743 731 1754 766 :
1782 714 2015 768 Femina

423 803 798 859 circumdabit
821 806 1004 859 virum
1022 804 1246 870 (Jerem.
1267 819 1418 870 xxxx,
1435 804 1546 872 22).
1563 802 1714 856 Hunc
1724 801 2016 856 Zacharias

426 899 710 958 monstrat,
730 891 947 949 dicens:
972 895 1109 949 Ecce
1123 894 1230 958 vir,
1248 892 1446 948 Oriens
1457 906 1662 947 nomen
1680 893 1800 962 ejus
1817 892 2010 957 (Zaeh.

425 994 505 1049 γι,
531 980 640 1053 12).
671 981 826 1038 Hunc
854 982 1054 1036 beatus
1082 983 1270 1036 Petrus
1296 979 1572 1052 apostolus
1587 979 1786 1034 Iudaeis
1813 981 2014 1050 pradi-

428 1086 577 1138 cans,
593 1071 754 1126 dicit:
775 1072 966 1126 Jesum
982 1071 1360 1136 Nazarenam,
1383 1071 1567 1126 virum
1589 1068 1957 1140 approbatum
1979 1088 2016 1126 a

426 1159 540 1216 Deo
556 1161 618 1214 in
631 1159 801 1225 vobis,
822 1161 1142 1225 virtutibus,
1175 1165 1230 1214 et
1247 1159 1540 1231 prodigiis,
1559 1159 1809 1230 etsignis
1831 1158 2013 1214 :hunc

426 1249 710 1320 prce/inito
737 1249 994 1313 consilio,
1021 1252 1076 1303 et
1096 1249 1462 1320 prcescientia
1491 1248 1591 1303 Dei
1617 1247 1893 1302 traditum
1910 1264 2014 1318 per

430 1354 638 1393 manus
652 1339 973 1408 iniquorum
986 1337 1300 1407 afﬁgentes,
1315 1336 1693 1391 interemistis
1707 1337 1852 1404 (Act.
1870 1352 1927 1401 ιι,
1940 1339 2010 1392 22

432 1430 489 1481 et
505 1426 615 1495 23).
636 1426 772 1481 Ilinc
789 1425 968 1480 eidem
991 1423 1334 1495 Redemptori
1348 1423 1400 1477 in
1416 1423 1500 1478 via
1523 1423 1837 1494 colloquens
1849 1424 2010 1480 Cleo-

424 1515 664 1586 phas,ait
681 1531 691 1567 :
707 1516 782 1570 De
796 1512 932 1569 Jesu
945 1514 1357 1585 Nazareno,qui
1369 1514 1486 1583 fuit
1503 1513 1801 1585 propheta,
1813 1517 2013 1584 potens

427 1607 491 1659 in
507 1618 670 1674 opere
686 1608 743 1658 et
775 1618 1033 1658 sermone
1056 1603 1216 1671 (Luc.
1251 1601 1526 1670 xxxv,19).
1559 1601 1652 1655 Vir
1667 1601 1866 1656 etenim
1889 1602 2006 1669 fuit,

422 1691 514 1764 qui
532 1691 646 1746 etin
662 1692 763 1747 hoc
778 1691 979 1746 mundo
995 1691 1061 1746 ab
1077 1689 1314 1745 Ecclesia
1335 1689 1541 1759 expulit
1568 1689 1845 1760 antiquum
1878 1690 2010 1746 hos-

2115 537 2370 607 justitite
2395 540 2742 611 accipientes
2766 561 2782 605 ,ο
2800 545 2863 596 in
2899 544 3016 607 vita
3055 545 3494 616 regnabantper
3535 563 3715 604 unum

2125 627 2316 681 Iesum
2333 629 2618 683 Christum
2636 631 2878 695 (Rom.v,
2923 633 3203 700 t7).l—lanc
3243 633 3577 690 excellentiae
3605 652 3718 693 suae

2127 713 2445 785 dignitatem
2461 732 2560 785 per
2571 718 2930 789 semetipsum
2943 720 3142 775 Judaais
3155 722 3531 792 improperans
3543 723 3615 778 ait
3632 726 3718 782 :Si

2129 819 2294 874 opera
2308 820 2421 860 non
2437 807 2693 874 fecissem
2711 808 2770 861 in
2784 810 2884 876 eis,
2909 826 3030 880 qua:
3054 826 3216 867 nemo
3249 813 3399 867 alius
3412 814 3572 882 fecit,
3589 830 3718 884 pec-

2129 896 2321 948 catum
2353 910 2465 950 non
2483 896 2752 951 haberent
2805 898 2989 964 (Joan.
3022 915 3111 964 xv,
3143 900 3265 969 24).
3328 900 3716 958 Excellentiam

2131 995 2343 1054 quoque
2373 982 2786 1053 pulchritudinis
2840 986 2960 1054 ejus
3016 987 3305 1044 Psalmista
3359 990 3717 1047 considerans

2130 1069 2264 1125 dixit
2283 1090 2294 1125 :
2318 1072 2609 1142 Speciosus
2625 1075 2808 1142 forma
2823 1075 2873 1142 8
2890 1092 3007 1146 pne
3017 1076 3158 1144 ﬁliis
3172 1077 3485 1144 hominum,
3505 1080 3714 1150 di/fusa

2128 1163 2214 1214 est
2229 1161 2419 1229 gratia
2441 1160 2502 1214 in
2525 1161 2686 1216 labiis
2717 1163 2828 1218 tuis
2857 1163 2980 1234 (Ps.
3006 1180 3153 1232 XLIV,
3187 1168 3268 1234 3).
3307 1167 3594 1237 Singulare
3623 1169 3719 1224 ho-

2129 1262 2258 1300 num
2291 1247 2692 1318 Redemptionis
2723 1251 2886 1305 Isaias
2908 1253 2963 1306 in
2993 1269 3056 1308 eo
3086 1253 3402 1320 testificans,
3434 1255 3505 1309 ait
3540 1274 3551 1309 :
3594 1259 3720 1314 Vere

2132 1336 2668 1406 languoresnoslros
2710 1340 2828 1410 ipse
2851 1342 3008 1408 tulit,
3056 1343 3459 1414 etiniguitates
3497 1349 3720 1402 nostras

2131 1425 2252 1496 ipse
2261 1426 2511 1495 portavit
2527 1428 2652 1493 (lsa.
2668 1442 2780 1495 Lm,
2804 1431 2831 1482 4
2841 1431 2881 1492 ).
2904 1429 2996 1485 Sin
3005 1431 3250 1501 gularcm
3266 1433 3721 1505 quoquedignita-

2132 1520 2237 1567 tem
2257 1512 2394 1582 ejus,
2411 1521 2645 1569 aeternus
2659 1517 2873 1587 genitor
2895 1518 3206 1584 ostendens,
3222 1534 3252 1574 a
3271 1521 3561 1593 magniﬁca
3588 1523 3718 1593 glo-

2129 1601 2208 1656 ria
2224 1601 2675 1658 clamavitdicens
2695 1622 2708 1658 :
2730 1607 2827 1661 Hic
2860 1611 2945 1661 est
2984 1608 3331 1664 Filiusmeus
3361 1611 3622 1681 dilectus,
3653 1612 3717 1666 in

2128 1707 2232 1762 quo
2245 1691 2382 1746 mihi
2397 1691 2534 1748 bene
2545 1695 3098 1765 complacui.(lllatth.
3115 1712 3193 1764 ιιι,
3212 1700 3276 1751 17
3295 1716 3308 1763 ;
3330 1715 3466 1767 xvu,
3483 1703 3515 1754 6
3530 1718 3543 1766 ;
3560 1701 3584 1754 Ι
3593 1701 3717 1755 Pet.

420 1790 552 1848 tem,
587 1787 640 1835 et
670 1779 724 1834 in
753 1780 988 1847 inferno,
1044 1779 1304 1847 moriens,
1335 1777 1609 1852 alligavit.
1676 1780 1745 1833 Et
1773 1779 1901 1850 quia
1923 1779 2009 1848 qui
2040 1807 2095 1870 Β
2126 1795 2184 1850 ιι,
2219 1782 2327 1849 17).
2357 1779 2605 1836 Uuusvir
2623 1789 2757 1846 erat,
2778 1799 2938 1853 quem
2970 1785 3154 1840 Petrus
3171 1785 3453 1854 confitens,
3474 1788 3545 1842 ait
3565 1805 3579 1843 :
3599 1789 3720 1844 Non

417 1869 664 1924 moriens
691 1868 886 1924 inferni
942 1868 1084 1923 vires
1115 1867 1452 1936 comminuit,
1508 1883 1802 1939 resurgens
1855 1868 2014 1923 nobis

418 1957 621 2013 aditum
654 1956 914 2012 reseravit
946 1956 1286 2022 mternitatis,
1329 1956 1756 2027 magnitudinem
1803 1955 2016 2010 virtutis

418 2063 532 2101 suae
564 2062 674 2100 non
702 2045 879 2101 solum
905 2045 1140 2100 vivendo
1174 2045 1492 2101 monstravit
1517 2045 1692 2110 nobis,
1726 2045 1824 2100 scd
1853 2045 2013 2098 etiam

415 2134 704 2190 moriendo
735 2142 789 2190 et
805 2134 1167 2206 resurgendo.
1183 2132 1319 2202 Quia
1334 2149 1468 2206 ergo
1488 2134 2014 2204 Redemptornoster

412 2240 511 2294 per
536 2223 947 2289 humanitatem,
973 2237 1135 2294 quam
1183 2223 1491 2294 assumpsit,
1552 2237 1768 2294 magna:
1798 2221 2014 2276 virtutis

415 2327 587 2382 opera
618 2311 800 2384 egisse
829 2311 1200 2382 cognoscitur,
1231 2318 1376 2365 recte
1404 2310 1452 2364 is
1487 2310 1578 2380 qui
1622 2325 1744 2366 eum
1773 2317 1905 2380 typo
1933 2309 2012 2363 si-

416 2399 639 2473 gniﬁcat
668 2400 750 2456 vir
777 2399 944 2454 fuisse
962 2398 1300 2469 perhibetur.

484 2490 538 2544 2.
573 2488 679 2545 Sed
711 2488 1065 2560 quaerendum
1088 2493 1189 2551 est,
1215 2501 1310 2542 cur
1333 2485 1541 2540 dicatur
1564 2486 1650 2541 vir
1678 2502 1848 2543 unus.
1871 2487 2011 2542 Nam

412 2579 458 2633 si
489 2578 666 2632 unitas
695 2577 814 2632 haec
844 2576 1114 2630 referatur
1141 2575 1208 2629 ad
1240 2590 1548 2640 numerum,
1582 2575 1913 2645 superfluum
1937 2576 2014 2630 vi-

413 2666 570 2720 detur
600 2681 612 2719 :
647 2665 1024 2736 unusquisque
1055 2663 1198 2718 enim
1229 2679 1386 2728 unus,
1418 2668 1473 2718 et
1501 2679 1608 2718 non
1639 2664 1766 2732 duo,
1800 2673 1904 2718 est.
1944 2659 2014 2719 Et

416 2763 631 2810 sanctus
663 2751 905 2819 Samuel,
937 2768 969 2804 a
1000 2753 1222 2821 quoista
1254 2752 1578 2818 scribuntur,
1593 2760 1779 2806 contra
1798 2768 2011 2808 morem

416 2843 748 2913 scriptorum
782 2848 984 2896 sanctae
1011 2841 1274 2896 Ecclesiae
1306 2840 1499 2894 frustra
1521 2839 1803 2895 inchoasse
1834 2841 2014 2895 nulla-

419 2940 577 2985 tenus
607 2931 912 2986 credendus
941 2937 1044 2984 est.
1077 2929 1216 2984 Nam
1248 2930 1488 3000 scriptor
1516 2929 1663 2984 illius
1702 2930 2013 2997 voluminis,

423 3035 547 3074 cum
578 3019 723 3073 beati
749 3019 850 3073 Job
871 3019 1034 3076 vitam
1049 3019 1117 3073 ad
1133 3019 1441 3088 exemplum
1460 3017 1700 3073 ﬁdelium
1713 3018 2013 3086 induceret,

425 3108 507 3162 sic
535 3123 765 3162 exorsus
794 3115 875 3162 est
915 3127 926 3162 :
971 3110 1060 3164 l’ir
1081 3113 1206 3164 erat
1227 3108 1286 3163 in
1312 3112 1468 3162 terra
1497 3109 1632 3175 llus,
1666 3109 1892 3164 nomine
1923 3108 2018 3164 Job

424 3196 546 3267 (Job
577 3211 616 3263 I,
647 3196 719 3264 1).
752 3196 1103 3266 Evangelista
1133 3195 1294 3250 etiam
1327 3196 1516 3261 Lucas,
1547 3196 1740 3250 cumin
1761 3195 2022 3267 principio

429 3285 513 3340 sui
544 3283 824 3356 Evangelii
855 3283 987 3354 justi
1015 3284 1316 3339 sacerdotis
1338 3283 1610 3354 praeconia
1638 3283 1861 3351 diceret,
1894 3285 1972 3338 ait
2005 3303 2018 3341 :

437 3375 567 3430 Fuit
591 3375 653 3427 in
668 3373 859 3428 diebus
877 3372 1108 3428 Herodis
1119 3373 1265 3443 regis
1279 3373 1540 3427 sacerdos
1558 3374 1788 3429 nomine
1805 3373 2022 3428 Zacha-

431 3464 552 3518 rias
574 3462 726 3530 (Luc.
751 3478 787 3526 ι,
818 3461 892 3532 5).
912 3461 1050 3515 Nam
1081 3474 1183 3515 nec
1200 3459 1290 3515 ille
1311 3461 1386 3514 ait
1405 3477 1417 3513 :
1438 3461 1532 3514 Vir
1552 3477 1692 3515 unus
1715 3479 1727 3524 ;
1753 3478 1851 3516 nec
1862 3477 2026 3517 evan-

438 3551 634 3622 gelista
659 3568 670 3604 :
696 3551 815 3604 Fuit
835 3549 1089 3605 sacerdos
1106 3565 1264 3604 unus.
1298 3549 1438 3617 Quid
1470 3558 1549 3604 est
1580 3566 1712 3622 ergo
1735 3551 1876 3620 quod
1889 3551 2024 3606 elec-

434 3649 525 3696 tus
555 3640 816 3711 propheta
848 3645 1043 3695 contra
1060 3653 1220 3694 usum
1240 3639 1587 3709 scriptorum,
1619 3639 1888 3695 scribendi
1923 3641 2024 3696 tale

435 3730 601 3798 coepit
628 3728 908 3783 exordium
936 3730 964 3783 εἶ
987 3727 1091 3783 Sed
1114 3728 1235 3799 quia
1267 3742 1374 3784 non
1404 3729 1579 3783 solum
1636 3729 1864 3800 scriptor
1883 3735 2018 3796 erat,

435 3818 532 3873 sed
563 3818 721 3872 etiam
751 3818 1040 3888 prOpheta,
1074 3824 1296 3872 noverat
1324 3816 1392 3872 de
1423 3833 1533 3890 quo
1550 3817 2019 3881 historiadiceret;

437 3914 490 3960 et
520 3907 608 3976 qui
639 3921 735 3976 per
759 3905 1042 3961 historiam
1063 3905 1364 3971 dicebatur,
1388 3915 1614 3960 noverat
1643 3923 1807 3978 quem
1835 3907 2023 3979 signa-

437 4002 539 4051 ret.
571 3992 730 4062 Quod
760 4010 892 4067 ergo
921 3994 990 4049 de
1020 3994 1239 4049 historia
1269 4003 1467 4065 praeter
1488 4011 1644 4050 usum
1699 4004 1882 4050 narrat
1911 3997 2025 4050 his-

433 4083 608 4150 toriae,
641 4083 744 4138 hoc
774 4083 843 4138 ad
874 4098 1027 4137 usum
1057 4082 1342 4139 catholica:
1366 4081 1510 4151 ﬁdei,
1543 4083 1598 4138 in
1628 4083 1908 4140 intellectu
1936 4085 2022 4140 lo-

439 4172 618 4243 quitur
637 4171 929 4243 allegorire.
965 4171 1118 4227 Unde
1164 4178 1218 4226 et
1255 4173 1360 4228 hac
1415 4187 1557 4228 nova
1606 4173 2022 4239 consuetudine,

438 4261 601 4317 simul
623 4268 731 4317 tota
747 4261 1034 4317 conﬁtetur
1053 4260 1323 4327 Ecclesia,
1359 4262 1435 4330 (a)
1458 4261 1586 4331 quia
1609 4261 1755 4316 Deus
1775 4265 1831 4316 et
1863 4261 2022 4318 homo

432 4368 586 4406 unus
603 4355 686 4406 est
702 4350 959 4406 Christus
971 4390 985 4403 .
1010 4350 1155 4405 Dicit
1174 4363 1305 4420 ergo
1332 4366 1343 4402 :
1365 4349 1496 4404 Fuit
1511 4351 1596 4403 vir
1615 4365 1765 4404 unus
1783 4350 1938 4420 ,iquia
1953 4350 2023 4406 de

432 4439 550 4494 Deo
580 4438 801 4492 homine
825 4437 1160 4507 loquebatur,
1194 4445 1253 4490 ut
1279 4437 1558 4501 deitatem,
1607 4445 1660 4490 et
1717 4438 2023 4494 humanita-

2052 3157 2102 3221 C

2123 1874 2208 1924 est
2223 1869 2382 1924 aliud
2395 1885 2599 1925 nomen
2617 1872 2811 1926 datum
2841 1873 2939 1928 sub
2955 1874 3111 1942 caelo,
3131 1875 3195 1929 in
3212 1891 3318 1946 quo
3354 1880 3606 1946 oporteat
3619 1893 3720 1932 nos

2124 1959 2304 2014 salvos
2331 1958 2637 2026 ﬁerit’Act.
2669 1974 2744 2027 tv,
2779 1961 2896 2031 12).
2936 1961 3085 2016 Hanc
3113 1963 3453 2018 excellentiae
3474 1965 3590 2034 ejus
3605 1981 3722 2019 ma-

2122 2047 2462 2116 gnitudinem
2490 2047 2691 2101 Paulus
2713 2049 2938 2116 asserit,
2959 2049 3182 2105 dicens:
3208 2053 3480 2107 Dominus
3500 2055 3723 2110 exalta-

2120 2132 2204 2190 vit
2223 2135 2411 2202 illum,
2429 2139 2485 2190 et
2501 2134 2658 2191 dedit
2672 2137 3001 2206 illinomen,
3021 2139 3164 2210 quod
3179 2144 3443 2210 estsuper
3457 2157 3620 2196 omne
3633 2157 3726 2197 no-

2121 2239 2250 2278 men
2267 2223 2497 2295 (Philip.
2521 2241 2579 2290 ιι,
2612 2225 2688 2292 9).
2721 2225 2787 2278 Et
2815 2226 2943 2294 quia
2993 2225 3311 2281 excellentia
3368 2227 3574 2283 virtutis
3603 2229 3722 2297 ejus

2121 2327 2231 2365 non
2261 2311 2437 2366 solum
2471 2311 2673 2366 electos
2705 2312 2969 2375 homines,
3002 2313 3095 2367 sed
3129 2314 3286 2368 etiam
3329 2324 3551 2371 cunctos
3581 2317 3720 2372 bea-

2119 2406 2203 2453 tos
2232 2397 2460 2469 angelos
2489 2407 2725 2468 superat,
2746 2399 2994 2454 Hebraeis
3025 2401 3166 2456 hunc
3188 2403 3719 2474 prmdicansl’aulus,

2120 2486 2253 2542 dicit
2274 2505 2284 2540 :
2304 2487 2550 2553 Quicum
2568 2489 2647 2542 sit
2661 2487 2930 2559 splendor
2940 2490 3157 2559 glorise,
3177 2495 3232 2546 et
3252 2493 3434 2560 ﬁgura
3447 2493 3721 2549 substan-

2124 2575 2221 2630 tia:
2240 2575 2378 2644 ejus,
2395 2579 2745 2646 portansque
2761 2577 2954 2632 omnia
2974 2578 3134 2632 verbo
3157 2581 3391 2635 virtutis
3418 2597 3553 2648 suae,
3586 2599 3720 2653 pur-

2122 2667 2412 2733 gationem
2445 2669 2807 2734 peccatorum
2845 2666 3083 2734 faciens,
3135 2667 3290 2722 sedet
3310 2668 3382 2723 ad
3419 2670 3719 2725 dexteram

2121 2752 2444 2817 maiestatis
2464 2754 2524 2806 in
2543 2753 2802 2816 excelsis,
2828 2757 2988 2807 tanto
3007 2755 3206 2810 melior
3221 2758 3442 2827 angelis
3456 2758 3713 2829 effectus,

2123 2844 2334 2912 quanto
2350 2839 2708 2910 diﬁerentius
2729 2841 2976 2912 prceillis
2990 2857 3198 2898 nomen
3213 2845 3591 2900 haereditavit.
3614 2846 3722 2902 Cui.

2125 2930 2278 2982 enim
2299 2928 2451 2984 dixit
2463 2929 2768 3000 aliquando
2785 2929 3120 3000 angelorum
3146 2951 3162 2986 :
3184 2933 3362 2987 Filius
3378 2949 3538 2990 meus
3553 2951 3610 2989 es
3636 2939 3720 3000 tu,

2126 3033 2220 3088 ego
2238 3017 2399 3072 hodie
2414 3019 2586 3088 genui
2604 3022 2658 3072 te
2675 3019 2778 3072 ?Et
2792 3035 3022 3074 rursum
3037 3039 3053 3074 :
3069 3022 3175 3090 Ego
3189 3036 3281 3076 ero
3300 3022 3465 3076 illiin
3480 3027 3724 3094 patrem,

2128 3108 2442 3178 etipseerit
2462 3106 2680 3161 mihiin
2698 3107 2880 3175 ﬁlium
2901 3109 3079 3178 (Hebr.
3105 3125 3142 3174 ι,
3158 3111 3210 3177 3,
3233 3111 3282 3176 ι,
3307 3113 3382 3170 5).
3404 3111 3565 3166 Recte
3596 3127 3728 3181 ergo

2129 3193 2212 3248 vir
2240 3210 2378 3248 unus
2390 3194 2704 3263 dicitur,cui
2724 3209 2884 3250 nemo
2905 3204 3266 3266 comparatur.
3300 3197 3408 3254 Sed
3432 3207 3728 3272 quemtan-

2131 3291 2240 3337 tum
2272 3282 2618 3354 agnovimus,
2650 3283 2934 3338 audiamus
2945 3284 3060 3353 jam
3091 3285 3233 3341 unde
3263 3295 3422 3343 esset.

2202 3373 2256 3426 ι.
2276 3371 2351 3426 De
2364 3371 2646 3427 Ramatha
2662 3371 2910 3442 Sophim,
2933 3373 2999 3428 de
3016 3379 3208 3429 monte
3233 3375 3522 3448 Ephraim.
3541 3377 3731 3433 Rema-

2133 3460 2248 3526 tha,
2311 3459 2539 3530 Saphim
2597 3463 2651 3514 et
2708 3460 2995 3529 Ephraim,
3039 3462 3301 3517 Hebraica
3334 3465 3561 3520 nomina
3587 3474 3728 3536 sunt,

2133 3563 2366 3620 quorum
2398 3548 2629 3620 primum
2660 3547 2713 3601 in
2740 3548 2926 3620 lingua
2955 3558 3138 3604 nostra
3177 3559 3353 3620 sonat,
3413 3553 3565 3610 Visio
3592 3570 3729 3609 con-

2134 3645 2420 3702 summata,
2453 3637 2751 3691 secundum
2801 3653 2930 3693 vero
2987 3639 3224 3709 Specula
3256 3655 3269 3709 ;
3302 3641 3515 3697 tertium
3571 3642 3729 3698 deni-

2133 3743 2258 3798 que,
2292 3725 2561 3797 Frugifer,
2595 3726 2718 3781 sive
2760 3725 3116 3795 fructiﬁcans,
3171 3727 3573 3800 interpretatur.
3598 3730 3730 3800 Quae

2133 3822 2311 3870 autem
2345 3823 2426 3869 est
2442 3813 2576 3868 visio
2607 3823 3011 3881 consummata,
3060 3816 3164 3870 nisi
3198 3817 3297 3873 Dei
3351 3819 3732 3890 omnipotentis

2135 3903 2378 3975 cognitio
2408 3903 2655 3971 perlecta
2684 3903 2712 3956 ?
2743 3904 2896 3958 Hanc
2941 3904 3182 3974 profecto
3204 3911 3630 3961 consummatam
3654 3907 3731 3964 vi-

2136 3993 2343 4048 sionem
2375 3992 2564 4046 doctor
2584 3991 2852 4046 Gentium
2912 3992 3165 4059 insinuat,
3227 3993 3441 4048 dicens:
3479 3995 3730 4051 Videmus

2132 4098 2289 4137 nunc
2316 4097 2420 4152 per
2442 4081 2735 4152 speculum
2761 4081 2823 4134 in
2841 4082 3166 4152 aenigmate,
3194 4085 3331 4138 tunc
3373 4086 3565 4138 autem
3581 4087 3731 4154 [acie

2132 4171 2205 4225 ad
2234 4171 2440 4240 faciem
2465 4185 2659 4234 ;nunc
2701 4185 2970 4240 cognosco
3006 4185 3080 4226 ea:
3119 4175 3301 4240 parte,
3349 4174 3490 4228 tunc
3533 4177 3731 4230 autem

2133 4274 2483 4330 cognoscam,
2504 4260 2652 4313 sicut
2671 4259 3000 4329 etcognitus
3015 4275 3139 4313 sum
3161 4260 3208 4329 (1
3223 4260 3344 4316 Cor.
3380 4275 3501 4324 xm,
3527 4263 3628 4330 t2).
3665 4262 3730 4316 Et

2135 4347 2263 4416 quid
2289 4347 2528 4416 specula,
2553 4347 2652 4400 nisi
2671 4347 2758 4398 illa
2790 4345 3109 4417 angelorum
3127 4347 3430 4401 sublimitas
3467 4348 3728 4419 intelligi-

2135 4445 2218 4490 tur
2247 4436 2274 4488 ?
2307 4435 2542 4504 Specula
2561 4433 2764 4503 quippe
2794 4433 2847 4486 in
2879 4434 3117 4501 sublimi,
3143 4435 3214 4488 ad
3244 4435 3532 4490 clariorem
3564 4437 3729 4491 visio-

431 4535 539 4582 tem
571 4525 690 4594 ejus
719 4534 1004 4590 assereret,
1037 4534 1088 4580 et
1116 4540 1225 4579 non
1255 4524 1415 4578 aliam
1470 4525 1815 4594 suscipientis
1845 4528 2014 4595 verbi,
2049 4515 2105 4576 D
2137 4539 2261 4579 nem
2284 4523 2522 4594 eligitur.
2541 4523 2810 4577 Ramatha
2853 4531 3031 4576 autem
3069 4523 3297 4591 Sophim
3320 4531 3464 4578 recte
3478 4524 3678 4579 dicitur
3709 4540 3723 4578 ε

433 4623 487 4671 et
517 4615 754 4684 suscepti
787 4613 1016 4668 hominis
1072 4628 1386 4684 personam,
1417 4613 1518 4668 sed
1573 4614 1672 4668 Dei
1703 4621 1758 4668 et
1785 4615 2018 4670 hominis

429 4719 616 4769 unam,
655 4701 1011 4772 eamdemque
1043 4701 1416 4773 esseapertius
1445 4701 1874 4757 demonstraret:
1899 4721 2019 4774 qua:

428 4802 612 4848 tamen
642 4790 839 4856 unitas,
858 4791 925 4844 ad
945 4790 1316 4846 excellentiam
1348 4790 1633 4862 dignitatis
1681 4791 1802 4860 ejus
1832 4792 2018 4847 referri

425 4881 812 4936 convenienter
838 4887 1037 4950 potest.
1071 4881 1209 4934 Nam
1265 4879 1364 4935 etsi
1391 4879 1808 4949 Redemptorem
1851 4881 2015 4934 alium

417 4977 604 5027 sancta
635 4969 882 5025 Ecclesia
912 4985 1016 5024 non
1049 4968 1256 5032 habuit,
1289 4984 1357 5024 ex
1373 4969 1586 5023 virtutis
1613 4967 1924 5024 ostensione
1941 4969 2018 5023 vi-

418 5074 511 5116 ros
538 5058 829 5114 nonnullos
857 5059 1062 5114 habuit.
1110 5059 1250 5112 Dum
1309 5072 1444 5129 ergo
1479 5073 1622 5113 unus
1653 5057 1868 5127 dicitur,
1925 5056 2012 5112 in-

412 5148 799 5221 comparabilis
827 5148 1251 5203 demonstratur.

480 5242 538 5294 3.
577 5239 716 5293 Nam
748 5237 1014 5310 aequalem
1045 5251 1152 5292 non
1175 5235 1381 5304 habuit,
1403 5236 1493 5308 qui
1516 5236 1642 5290 dum
1661 5236 1900 5292 humano
1915 5253 2009 5308 ge-

407 5326 525 5381 neri
583 5325 865 5381 excellenti
920 5325 1045 5390 vita,
1105 5332 1160 5379 et
1205 5325 1377 5380 verbo
1419 5325 1705 5391 consuluit,
1738 5314 2004 5397 singulari

396 5431 625 5470 munere
656 5414 786 5470 dare
818 5413 989 5486 potuit
1044 5413 1192 5468 dona
1245 5413 1680 5485 Redemptionis.
1742 5415 1899 5470 Unde
1949 5423 2002 5469 et

463 5591 540 5661 (a)
562 5587 808 5661 iudicare
829 5589 1045 5661 videtur
1066 5589 1466 5661 confessionem
1485 5606 1576 5645 seu
1591 5587 1912 5661 symbolum
1933 5587 1986 5661 tia

378 5655 593 5718 detaut)
631 5655 918 5717 Athanasii
949 5660 1166 5718 nomine
1197 5661 1420 5731 editum,
1463 5660 1609 5732 quod
1629 5655 1687 5717 in
1741 5658 1985 5717 Ecclesia

2128 4611 2252 4682 quia
2266 4611 2359 4666 illa
2373 4610 2684 4666 Conditoris
2697 4611 2861 4666 nostri
2877 4610 3119 4681 perfecta
3140 4611 3400 4683 cognitio,
3425 4628 3456 4667 a
3469 4613 3598 4667 solis
3616 4613 3726 4668 illis

2128 4701 2304 4758 beatis
2333 4699 2544 4754 civibus
2571 4699 2760 4753 haberi
2778 4707 2972 4768 potest,
3006 4699 3096 4770 qui
3139 4700 3191 4753 in
3223 4715 3457 4766 superna
3487 4701 3579 4756 illa
3623 4718 3723 4756 su-

2127 4791 2391 4846 blimitate
2421 4788 2740 4844 consistunt.
2775 4787 2943 4841 Jubar
2971 4787 3173 4857 quippe
3212 4789 3401 4844 aeterni
3424 4789 3638 4843 luminis
3666 4789 3722 4844 in

2126 4881 2208 4934 sui
2239 4879 2597 4950 plenitudine,
2627 4891 2732 4931 non
2763 4876 2817 4930 in
2839 4876 2947 4929 imo
2979 4876 3261 4945 praesentis
3322 4877 3494 4944 exilli,
3528 4878 3621 4932 sed
3652 4878 3721 4933 de

2125 4974 2268 5023 statu
2299 4968 2586 5038 respicitur
2612 4973 2831 5020 aeternas
2858 4964 3225 5020 sublimitatis.
3260 4966 3414 5022 Unde
3446 4967 3589 5021 bene
3609 4967 3717 5022 Ra-

2122 5059 2311 5112 matha
2335 5057 2556 5127 SOphim
2603 5057 2658 5110 in
2691 5060 2876 5109 monte
2935 5052 3197 5124 Ephraim
3230 5054 3327 5109 sita
3384 5055 3716 5125 perhibetur.

2123 5146 2257 5211 Quis
2285 5154 2369 5202 est
2401 5146 2544 5199 enim
2575 5160 2737 5199 mons
2787 5141 3068 5213 Ephraim,
3126 5142 3230 5196 nisi
3287 5143 3482 5197 coelum
3511 5143 3539 5197 ?
3570 5144 3719 5199 Mons

2121 5235 2328 5306 quippe
2347 5242 2426 5289 est
2454 5233 2711 5304 frugifer,
2729 5234 3055 5304 quitetcrna:
3083 5230 3504 5301 pulchritudinis
3534 5231 3715 5305 ﬂores,

2117 5335 2172 5379 et
2203 5323 2410 5379 fructus
2431 5320 2793 5377 indcﬁcientis
2823 5319 3030 5392 gaudii,
3063 5335 3282 5391 semper
3305 5321 3537 5390 profert.
3575 5320 3716 5377 Bene

2106 5421 2307 5479 autem,
2339 5420 2392 5468 et
2421 5411 2700 5477 Ramatha,
2737 5418 2789 5466 et
2814 5411 3039 5480 Sophim
3089 5409 3146 5466 in
3203 5407 3470 5482 Ephraim
3529 5417 3714 5468 monte

2096 5589 2438 5646 decantaturt
