4062 6182
69 101 324 149 τ

305 336 376 390 23
1167 337 1242 391 IN
1275 335 1540 392 PRIMUM
1565 333 1809 391 REGUM
1839 331 2389 392 EXPOSITIONES.
2424 366 2496 377 —
2525 337 2650 392 LIB.
2688 337 2730 392 Ι.
3546 336 3615 393 ‘26

306 463 411 518 sita
442 461 782 534 perhibetur,
808 461 935 534 quia
974 459 1070 516 illa
1127 457 1508 528 omnipotentis
1553 457 1652 513 Dei
1697 465 1902 513 aeterna
1932 456 1987 522 Α
2019 474 2176 529 quem
2215 460 2374 531 Virgo
2411 462 2640 530 peperit,
2684 475 2791 515 non
2822 460 3072 530 concepit
3116 458 3380 515 materiali
3423 474 3611 531 opere,

305 553 479 615 visio,
516 560 567 605 et
593 550 820 604 altitudo
852 550 944 604 illa
973 549 1176 604 civium
1210 549 1511 612 beatorum,
1545 565 1653 604 non
1683 548 1736 602 in
1771 555 1922 602 terra

305 641 566 705 habetur,
600 639 696 693 sed
719 640 770 693 in
803 638 971 694 caelo.
1014 639 1090 693 De
1124 637 1389 692 Ramatha
1431 654 1661 707 namque
1710 655 1768 691 se
1797 652 1922 691 esse

306 729 616 791 insinuans,
651 729 720 782 ait
752 746 762 780 :
797 729 956 784 Sicut
983 729 1137 784 novit
1180 743 1265 782 me
1287 730 1425 784 Pule
1448 745 1476 791 ',
1498 732 1552 781 et
1570 745 1662 798 ego
1685 741 1920 796 agnosco

312 821 553 874 Patrem
583 819 774 886 (toan.
817 833 870 882 x,
895 817 1003 888 15).
1037 817 1172 871 Hinc
1209 816 1402 870 iterum
1425 816 1588 870 dicit:
1616 816 1798 871 Nemo
1830 828 1929 869 n0“

311 911 397 964 vit
435 909 645 962 Filium
664 907 778 961 nisi
796 908 988 969 Pater,
1008 910 1062 960 et
1079 907 1307 960 Patrem
1331 921 1489 960 nems
1508 908 1663 958 novit
1682 905 1794 958 nisi
1823 905 1918 959 Fi-

311 999 515 1064 lius,et
535 997 626 1052 cui
641 996 880 1051 voluerit
897 995 1072 1050 Filius
1087 996 1331 1050 revelare
1351 995 1565 1063 (Matth.
1585 996 1740 1060 x137
1762 1013 1773 1056 ;
1792 993 1916 1047 Luc.

309 1104 368 1150 χ,
403 1087 518 1154 22).
552 1087 628 1139 De
659 1084 897 1154 specula,
919 1083 1025 1138 hoc
1055 1091 1132 1137 est
1174 1083 1389 1138 sublimi
1417 1083 1532 1147 fuit,
1585 1082 1676 1154 qui
1725 1091 1778 1136 et
1831 1083 1921 1136 Ju-

309 1177 469 1230 daeos
497 1174 806 1244 increpans,
837 1172 993 1228 dicit:
1029 1174 1120 1227 Vos
1135 1173 1198 1227 de
1215 1173 1471 1227 deorsum
1495 1173 1646 1236 estis,
1687 1186 1780 1243 ego
1826 1187 1921 1228 au-

314 1272 437 1320 tem
458 1265 525 1320 de
550 1264 846 1335 suspernis
860 1279 986 1316 sum
1013 1283 1030 1316 :
1055 1278 1143 1317 vos
1157 1260 1228 1316 de
1249 1261 1350 1317 hoc
1384 1263 1594 1316 mundo
1629 1261 1785 1324 estis,
1823 1277 1917 1332 ego

309 1361 511 1410 autem
552 1369 663 1408 non
694 1368 816 1406 sum
848 1351 913 1404 de
946 1350 1044 1407 hoc
1065 1351 1270 1406 mundo
1305 1353 1490 1417 (Joan.
1517 1365 1636 1418 viil,
1667 1350 1779 1421 23).
1838 1351 1917 1404 De

309 1451 502 1496 monte
520 1439 774 1510 Ephraim
792 1439 912 1505 fuit,
935 1439 1026 1510 qui
1047 1439 1175 1494 dicit
1204 1442 1346 1508 :Ego
1378 1455 1502 1494 sum
1533 1442 1700 1512 panis
1739 1441 1913 1505 vivus,

309 1533 413 1597 qui
431 1531 496 1586 de
509 1531 644 1586 caelo
661 1529 922 1584 descendi
935 1527 1121 1595 (Joan.
1143 1545 1214 1592 Vl,
1235 1530 1346 1597 51).
1363 1530 1440 1584 De
1454 1537 1635 1583 monte
1653 1529 1916 1598 Ephraim

309 1636 439 1674 eum
456 1619 624 1673 fuisse
636 1618 873 1672 Joannes
893 1617 1127 1686 Baptista
1146 1616 1439 1683 affirmans,
1458 1618 1532 1671 ait
1556 1632 1566 1670 ε
1587 1617 1690 1684 Qui
1703 1618 1766 1672 de
1783 1618 1918 1673 caelo

307 1710 472 1765 venit
489 1723 664 1783 super
691 1721 883 1761 omnes
899 1701 987 1762 est
1008 1707 1190 1773 (toan.
1225 1721 1301 1772 ιιι,
1320 1707 1434 1776 31).
1476 1705 1612 1760 llinc
1633 1705 1917 1760 Psalmista

2029 550 2122 604 sed
2157 550 2327 605 sancti
2359 550 2588 620 Spiritus
2617 549 3032 604 obumbratione
3065 552 3216 618 (Luc.
3253 565 3290 612 ι,
3323 549 3433 617 35).
3476 549 3616 603 Hinc

2027 639 2202 694 eidem
2238 641 2352 710 regi
2375 649 2426 694 et
2447 641 2723 709 propheta
2751 655 2779 693 a
2813 639 3042 692 Domino
3061 638 3296 693 dicitur:
3333 640 3616 708 Defructu

2027 733 2239 787 ventris
2255 731 2558 802 tuiponam
2575 729 2938 801 supersedem
2955 732 3111 783 tuam
3126 727 3296 797 (Psal.
3313 726 3526 793 cxxxx,l
3544 726 3564 779 1
3583 740 3615 786 ›.

2026 821 2165 874 Hinc
2188 820 2352 873 Isaias
2368 819 2441 872 ait
2465 837 2475 872 :
2503 819 2621 872 Erit
2639 820 2865 890 fructus
2881 822 3047 872 teme
3065 817 3318 872 sublimis
3361 815 3494 886 (Isa.
3530 830 3610 884 tv,

2025 909 2102 977 ‘2).
2122 908 2260 962 Nam
2284 924 2441 978 quem
2471 907 2644 978 Nirgo
2673 907 2879 980 genuit,
2912 921 3022 961 non
3052 904 3231 960 solum
3263 905 3427 960 homo
3483 919 3614 957 san-

2025 1006 2147 1052 ctus
2178 997 2291 1059 luit,
2317 997 2413 1050 sed
2444 997 2604 1050 etiam
2636 1005 2827 1066 potens
2857 996 3020 1049 Deus.
3060 995 3134 1050 De
3165 994 3266 1048 hoc
3324 993 3498 1047 fructu
3543 991 3616 1047 ad

2026 1087 2276 1141 eamdem
2307 1085 2524 1140 beatam
2557 1085 2854 1156 Virginem,
2877 1083 3150 1138 Elisaheth
3168 1082 3455 1145 salutante,
3479 1080 3618 1136 dici-

2027 1185 2114 1230 tur
2131 1193 2140 1227 :
2161 1175 2461 1231 Benedicta
2478 1175 2614 1229 tuin
2631 1174 3042 1238 mulieribus,et
3057 1172 3379 1228 benedictus
3391 1173 3617 1243 fructus

2027 1266 2242 1320 ventris
2265 1266 2575 1335 tui(Luc.t,
2600 1263 2706 1329 i2).
2731 1263 2893 1316 Recte
2950 1261 3119 1333 igitur
3153 1277 3308 1315 mons
3352 1259 3613 1330 Ephraim

2027 1354 2220 1408 dicitur
2241 1370 2362 1426 qua:
2383 1355 2511 1406 dum
2546 1350 2800 1405 ineﬂ'abili
2822 1351 3089 1420 dignitate
3118 1349 3321 1404 divinae
3373 1361 3612 1419 genera-

2026 1443 2187 1498 tionis
2209 1442 2484 1506 attollitur,
2519 1441 2571 1494 in
2604 1441 2717 1510 ejus
2748 1439 2946 1507 fructu,
2977 1438 3122 1492 arida
3145 1437 3395 1492 humanae
3433 1434 3616 1492 condi-

2027 1533 2184 1587 tionis
2205 1532 2451 1603 germina
2479 1529 2830 1584 revirescunt.
2867 1528 2958 1582 Vir
3014 1528 3178 1600 igitur
3231 1528 3299 1582 de
3355 1527 3621 1580 Ramatha

2028 1623 2257 1691 SOphim
2293 1622 2464 1675 factus
2495 1628 2573 1674 est
2603 1619 2672 1674 de
2701 1626 2880 1672 monte
2913 1617 3204 1687 Ephraim:
3241 1616 3365 1686 quia
3397 1616 3491 1686 qui
3522 1629 3622 1684 per

2025 1710 2321 1766 divinitatis
2352 1725 2461 1763 suae
2500 1707 2797 1778 potentiam
2825 1706 3051 1776 angelos
3081 1704 3337 1768 condidit,
3370 1703 3437 1758 de
3456 1717 3622 1758 carne

305 1797 428 1850 ait:
455 1799 491 1852 Α
513 1811 732 1851 summa
750 1795 884 1849 caelo
901 1795 1139 1864 egressio
1155 1797 1273 1862 eius
1314 1796 1428 1862 (Ps.
1464 1809 1624 1857 xvnt,
1662 1797 1738 1861 7).
1778 1794 1913 1849 lIinc
1943 1805 1994 1868 Β
2023 1799 2302 1873 ριοωοειεεθ
2337 1797 2594 1868 Virginis,
2631 1795 2856 1851 formam
2879 1793 3116 1864 suscepit
3147 1791 3513 1846 humanitatis.
3550 1792 3617 1845 Et

303 1886 570 1941 Gentium
590 1883 781 1940 doctor
798 1884 871 1937 ait
895 1901 907 1937 :
932 1883 1222 1938 Secundus
1241 1881 1398 1938 homo
1421 1883 1487 1939 de
1521 1885 1678 1946 eicio,
1716 1883 1916 1939 cretes-

307 1976 387 2029 tis
412 1974 458 2044 (l
480 1976 606 2030 Cor.
629 1988 723 2038 xv,
749 1975 858 2039 L7).
882 1972 971 2025 Vir
986 1987 1143 2043 ergo,
1165 1971 1254 2040 qui
1286 1988 1424 2025 unus
1447 1971 1615 2026 fuisse
1639 1971 1914 2040 asseritur,

304 2063 379 2117 de
404 2063 670 2118 Ramatha
692 2061 918 2130 SOpbim
948 2059 1016 2115 de
1039 2068 1224 2116 monte
1255 2061 1512 2132 Ephraim
1547 2060 1814 2116 exstitisse
1867 2061 1916 2130 9

305 2151 634 2223 perhibetur
665 2167 677 2205 :
713 2150 837 2220 quia
860 2149 913 2203 in
936 2149 1076 2203 inter
1122 2165 1312 2205 omnes
1367 2157 1524 2204 natus
1574 2167 1738 2221 supra
1794 2165 1918 2205 om-

305 2257 417 2295 nes
449 2238 805 2303 enituit,inde
835 2245 1014 2291 tantus
1043 2238 1096 2290 in
1156 2247 1296 2293 terra
1343 2239 1612 2308 apparuit,
1673 2239 1797 2310 quia
1853 2238 1920 2294 de

307 2329 460 2385 ccnlo
486 2329 663 2384 venit.
689 2329 768 2383 De
800 2326 1063 2382 Ramatha
1086 2326 1286 2398 quippe
1343 2329 1567 2400 Saphim
1625 2327 1741 2394 fuit,
1796 2328 1924 2399 quia

309 2419 423 2475 etsi
443 2416 888 2488 incomparehilis
918 2416 1007 2472 hic
1032 2415 1263 2484 refulsit,
1282 2417 1605 2491 magnitudo
1638 2425 1814 2472 tamen
1833 2432 1926 2472 ex-

310 2506 589 2563 cellentia:
619 2506 738 2574 ejus
761 2521 868 2560 non
897 2505 1125 2576 capitur,
1144 2506 1245 2560 nisi
1280 2507 1366 2561 ubi
1399 2507 1520 2577 ejus
1551 2506 1790 2578 perfecta
1820 2522 1926 2562 co-

314 2596 497 2673 gnitio
518 2595 737 2650 aeternis
764 2595 972 2650 civibus
1023 2595 1324 2651 exhibetur.
1370 2597 1512 2650 Nam
1559 2596 1644 2650 hic
1700 2612 1822 2650 eum
1873 2595 1928 2650 in

315 2685 648 2740 excellentia
675 2685 884 2739 virtutis
913 2692 1214 2754 aspexerat,
1240 2685 1327 2756 qui
1359 2685 1605 2740 dicebat:
1645 2686 1794 2754 Quod
1844 2686 1930 2740 vi-

320 2775 1262 2837 dimus,etuudivimus,etmanus
1291 2778 1503 2830 nostra:
1540 2779 1931 2830 contrectave-

320 2864 552 2918 runtde
571 2863 727 2919 verbo
751 2861 1123 2920 vithJoan.
1145 2878 1180 2925 ι,
1205 2865 1276 2929 1).
1303 2861 1408 2916 Sed
1432 2863 1558 2932 quia
1596 2862 1934 2933 magnitudi-

317 2967 455 3006 nem
481 2951 825 3006 excellentia:
839 2950 966 3019 ejus
985 2965 1089 3003 non
1109 2950 1399 3014 viderat,in
1420 2952 1679 3004 Ramatha
1693 2969 1810 3006 eam
1831 2967 1936 3006 uo-

314 3041 406 3095 bis
430 3056 486 3094 re
494 3039 975 3110 promittit,dicens
990 3054 1002 3092 :
1026 3039 1160 3094 Cum
1175 3041 1744 3110 apparuerit,similes
1761 3042 1814 3095 ei
1831 3041 1941 3096 eri-

2023 1889 2147 1962 quia
2179 1905 2276 1957 per
2298 1886 2705 1951 humanitatem,
2739 1899 2896 1954 quam
2930 1882 3240 1952 assumpsit,
3273 1897 3381 1935 non
3425 1896 3496 1935 ex
3530 1881 3616 1932 iu-

2025 1978 2292 2045 ﬁdelibus,
2327 1975 2421 2030 sed
2455 1991 2523 2030 ex
2555 1973 2806 2027 fidelibus
2831 1973 2976 2027 nasci
3008 1971 3195 2036 voluit,
3219 1970 3479 2040 sequitur:
3521 1969 3619 2023 Fi-

2028 2070 2138 2124 lius
2158 2065 2500 2131 Hieroboam,
2531 2064 2638 2131 ﬁlii
2657 2064 2839 2130 Ileliu,
2871 2063 2980 2131 filii
3017 2060 3511 2130 Thau,ﬁliiSuph.

2101 2163 2154 2211 6.
2187 2155 2429 2224 Quatuor
2450 2153 2648 2224 quippe
2696 2159 2922 2224 patrum
2969 2151 3194 2204 nomina
3215 2148 3624 2218 asssignantur:

2029 2246 2156 2317 quia
2185 2245 2314 2299 dum
2340 2259 2407 2298 ex
2437 2241 2580 2296 ﬁdeli
2609 2241 2812 2310 populo
2841 2238 3109 2294 Dominus
3132 2253 3348 2292 carnem
3368 2235 3624 2306 sumpsit,

2031 2352 2126 2392 eos
2157 2351 2253 2404 per
2279 2331 2671 2387 humanitatem
2703 2337 2880 2400 patres
2937 2327 3147 2390 habuit,
3210 2341 3346 2396 quos
3403 2325 3627 2379 totidem

2030 2423 2406 2495 principalium
2423 2421 2674 2476 virtutum
2692 2417 2871 2490 gloria
2887 2415 3191 2471 illustravit.
3207 2415 3362 2470 Unde
3379 2421 3428 2468 et
3443 2429 3547 2467 non
3562 2412 3630 2466 ad

2030 2512 2306 2568 inﬁdelem
2327 2510 2580 2581 aliquem,
2600 2506 2694 2562 sed
2710 2506 2776 2560 ad
2795 2505 3008 2559 ﬁdelem
3026 2505 3300 2558 Abraham
3319 2501 3500 2555 divina
3513 2515 3612 2571 pro

2033 2601 2297 2658 missione
2315 2599 2537 2654 dicitur:
2562 2599 2628 2650 In
2645 2596 2859 2651 semine
2879 2599 2975 2649 tuo
2999 2593 3403 2648 benedicentur
3434 2604 3628 2644 omnes

2032 2696 2226 2766 gentes
2244 2689 2572 2759 terrce(Gen.
2593 2684 2987 2752 xxu,18).llinc
3004 2681 3336 2752 evangelista
3353 2680 3636 2734 Matthaeus

2041 2774 2072 2832 1
2085 2766 2136 2833 Ο
2155 2778 2526 2852 generationis
2540 2777 2654 2844 ejus
2668 2773 2915 2830 ordinem
2933 2770 3222 2836 texens,ait
3243 2786 3254 2821 :
3277 2770 3435 2823 Liber
3461 2783 3634 2838 gene-

2042 2870 2283 2928 rationis
2297 2870 2427 2924 Jesu
2446 2863 2787 2930 Christi,ﬁtii
2803 2859 3110 2928 David,ﬁlii
3129 2855 3631 2925 Abraham(.‘l!atth.

2041 2978 2079 3030 ι,
2111 2961 2187 3028 1).
2225 2958 2361 3011 llinc
2391 2971 2486 3025 per
2527 2952 2871 3021 semetipsum
2915 2948 3267 3003 Samaritanae
3310 2944 3522 2998 mulieri
3553 2944 3636 2998 lo-

2047 3048 2247 3118 quitur,
2272 3046 2494 3100 dicens:
2526 3043 2691 3098 Salus
2722 3057 2796 3096 ex
2833 3037 3045 3094 Judwis
3079 3040 3164 3093 est
3202 3035 3383 3105 (Jean.
3419 3049 3494 3097 ιν,
3516 3032 3631 3100 22).

311 3129 747 3202 mus,quoniam
765 3128 1072 3184 videbimus
1092 3129 1422 3194 eum,sicuti
1437 3133 1520 3184 est
1539 3127 1933 3199 (IJoan.m,2).
1968 3159 2018 3222 Ο
2048 3139 2183 3193 Hinc
2207 3135 2401 3191 paulus
2421 3132 2518 3186 ait;
2544 3132 2787 3198 Quorum
2810 3127 3035 3198 αάοριξο
3057 3129 3138 3181 εει
3155 3125 3426 3193 ﬁliorum,
3446 3122 3635 3193 etgzo-

389 3231 446 3281 5.
475 3228 661 3280 Potest
690 3231 868 3279 autem
898 3224 1056 3294 hujus
1079 3225 1278 3279 montis
1333 3226 1572 3290 nomine,
1621 3226 1934 3282 beatissima

314 3330 553 3385 semper
609 3315 768 3386 virgo
815 3313 985 3367 Maria
1030 3314 1128 3368 Dei
1163 3313 1404 3368 Genitrix
1447 3313 1936 3386 designari:mons

315 3404 531 3474 quippe
555 3403 674 3468 fuit,
706 3419 826 3472 quae
856 3418 1074 3458 omnem
1099 3402 1283 3457 electra
1305 3410 1570 3457 creaturae
1593 3402 1934 3460 altitudinem

314 3492 620 3546 electionis
649 3507 762 3546 suae
781 3489 1044 3562 dignitate
1094 3491 1453 3545 transcendit.
1483 3493 1562 3544 An
1626 3507 1732 3546 non
1780 3509 1938 3548 mons

316 3579 587 3634 sublimis
645 3579 828 3643 Maria,
877 3595 998 3650 quae
1044 3586 1100 3632 ut
1146 3579 1213 3633 ad
1262 3580 1671 3649 conceptionem
1743 3581 1929 3636 aeterni

319 3669 498 3723 Verbi
532 3669 892 3738 pertingerel,
927 3667 1252 3722 meritorum
1278 3667 1535 3722 verticem
1560 3684 1727 3738 supra
1747 3685 1938 3725 omnes

317 3756 656 3828 angelorum
688 3757 908 3824 choros,
927 3773 1098 3828 usque
1117 3756 1180 3810 ad
1209 3755 1402 3811 solium
1450 3755 1669 3812 deitatis
1713 3759 1881 3813 erexit
1910 3759 1939 3812 ?

319 3845 512 3914 Hujus
572 3844 716 3898 enim
773 3844 972 3898 montis
1009 3844 1569 3914 praecellentissimam
1613 3845 1936 3917 dignitatem

320 3933 512 3988 Isaias
545 3933 868 3996 vaticinans,
894 3933 966 3986 ait
993 3948 1004 3985 :
1024 3933 1145 3988 Erit
1164 3933 1225 3987 in
1242 3935 1563 3989 novissimis
1579 3934 1768 3991 diebus
1783 3953 1936 4007 pra:-

314 4026 576 4096 paratus
596 4037 750 4076 mons
772 4021 965 4076 domus
981 4022 1200 4076 Domini
1213 4025 1273 4076 in
1292 4023 1500 4078 vertice
1516 4024 1933 4093 montium(lsa.

316 4125 388 4176 ιι,
415 4110 494 4178 Ξ).
531 4111 687 4163 Mons
717 4109 989 4180 quippein
1012 4110 1213 4164 vertice
1237 4109 1498 4166 montium
1521 4111 1639 4179 fuit,
1679 4112 1805 4182 quia
1851 4111 1935 4166 al-

319 4199 513 4253 titudo
544 4198 729 4252 Mariae
747 4215 913 4268 supra
933 4213 1124 4253 omnes
1144 4206 1362 4254 sanctos
1379 4199 1614 4254 refulsit.
1641 4202 1780 4254 Nam
1799 4201 1936 4255 sicut

317 4299 492 4337 mons
513 4281 874 4346 altitudinem,
904 4281 977 4336 ita
1006 4282 1198 4337 domus
1221 4282 1469 4355 designat
1515 4284 1926 4340 habitationem.

322 4372 495 4426 Mons
526 4371 726 4441 quippe
744 4379 797 4425 et
813 4371 1006 4424 domus
1025 4379 1148 4440 apte
1182 4371 1393 4435 dicitur,
1429 4389 1547 4441 quae
1567 4373 1696 4426 dum
1727 4373 1934 4428 incom-

321 4459 674 4532 parabilibus
702 4465 786 4514 est
806 4459 1069 4513 illustrata
1101 4461 1326 4527 meritis,
1387 4461 1486 4515 Dei
1534 4462 1837 4532 unigenito,
1879 4461 1931 4515 in

323 4563 448 4618 quo
480 4552 837 4614 recumberet,
861 4563 1073 4603 sacrum
1116 4550 1447 4619 praeparavit
1500 4558 1738 4604 uterum.
1799 4551 1936 4604 Nam

323 4653 497 4691 mons
527 4637 580 4690 in
613 4637 813 4692 vertice
844 4639 1107 4692 montium
1138 4638 1312 4692 Maria
1344 4653 1452 4692 non
1480 4636 1651 4705 fieret,
1690 4639 1735 4692 si
1781 4654 1940 4708 supra

324 4726 669 4797 angelorum
693 4725 1049 4791 altitudinem,
1075 4727 1215 4780 hanc
1245 4726 1428 4780 divina
1479 4725 1784 4780 fecunditas
1830 4742 1941 4780 non

321 4815 562 4868 levaret.
599 4813 665 4866 Et
692 4813 884 4866 domus
903 4813 1120 4867 Domini
1153 4829 1258 4867 non
1289 4812 1460 4877 ﬁeret,
1495 4813 1538 4866 si
1578 4813 1633 4866 in
1656 4813 1776 4882 ejus
1808 4829 1940 4868 ven-

320 4911 439 4966 tre,
465 4919 561 4972 per
588 4909 926 4972 assumptum
947 4901 1358 4969 humanitatem,
1390 4901 1539 4956 verbi
1561 4902 1816 4956 divinitas
1831 4918 1940 4956 non

315 4991 563 5061 jaceret.
599 4990 708 5045 Sed
738 4998 885 5044 recte
916 5006 1074 5044 mons
1104 4989 1330 5061 frugifer
1361 4989 1573 5055 dicitur,
1593 4991 1661 5046 de
1685 4991 1937 5060 quaOpti-

325 5096 457 5134 mus
481 5079 710 5145 fructus,
743 5078 798 5131 id
844 5086 923 5133 est
979 5093 1153 5132 novus
1203 5079 1368 5134 homo
1419 5086 1731 5149 generatur,
1773 5094 1936 5151 quam

320 5177 482 5224 certe
505 5167 559 5221 in
581 5166 925 5221 fecunditatis
945 5184 1054 5221 suae
1089 5167 1271 5238 gloria
1303 5166 1607 5238 pulchram,
1662 5177 1936 5222 ornatam-

327 5273 446 5328 que
467 5257 738 5325 propheta
760 5255 1078 5325 respiciens,
1111 5255 1184 5309 ait
1217 5272 1230 5311 :
1286 5257 1624 5326 Egredietur
1671 5257 1827 5327 virga
1871 5257 1936 5313 de

323 5345 526 5401 radice
547 5343 726 5409 Jesse,
750 5348 804 5399 et
836 5344 940 5412 ﬂos
969 5345 1031 5399 de
1049 5345 1236 5400 radice
1256 5347 1376 5412 eius
1389 5345 1653 5400 ascendet
1693 5347 1822 5412 (lsa.
1861 5362 1930 5413 χι,

325 5437 415 5489 1).
447 5434 525 5487 De
554 5431 722 5501 hujus
751 5447 983 5501 namque
1010 5434 1212 5487 montis
1243 5433 1433 5498 fructu,
1463 5433 1630 5487 David
1665 5434 1779 5488 Deo
1837 5451 1935 5490 ex-

329 5521 688 5588 sultans,ait:
711 5520 1104 5577 Con/iteantur
1122 5521 1430 5592 libipopuli
1449 5523 1611 5589 Deus,
1631 5523 1938 5590 conﬁtean-

331 5617 444 5666 tur
462 5608 560 5663 tibi
575 5609 771 5680 populi
786 5623 998 5674 omnes,
1023 5613 1176 5663 terra
1189 5608 1340 5663 dedit
1354 5614 1608 5679 fructum
1627 5625 1794 5665 suum
1813 5613 1932 5681 (Ps.

329 5700 596 5768 unum):
649 5691 811 5751 Terra
853 5696 1048 5768 quippe
1098 5696 1328 5752 fructum
1386 5705 1544 5752 suum
1593 5695 1757 5767 dedit,
1808 5700 1936 5771 quia

2045 3229 2157 3295 ria,
2177 3225 2677 3282 ettestamentum,
2710 3222 2763 3274 et
2797 3216 3096 3286 legislatio,
3117 3219 3175 3269 et
3207 3213 3549 3283 obsequium,
3582 3211 3642 3264 et

2042 3316 2611 3389 promissa:quorum
2625 3311 2843 3380 patres,
2887 3321 2960 3361 ea:
3011 3301 3214 3376 quibus
3248 3305 3332 3358 est
3384 3300 3640 3356 Christus

2046 3403 2357 3462 secundum
2374 3415 2603 3456 carnem
2627 3438 2640 3464 ,
2659 3397 2754 3468 qui
2775 3399 2858 3451 est
2880 3410 3050 3466 super
3067 3393 3260 3446 omnia
3307 3391 3452 3445 Deus
3488 3389 3643 3444 bene-

2051 3494 2233 3550 dictus
2255 3493 2315 3546 in
2338 3489 2546 3545 swcula
2565 3488 2743 3554 (Rom.
2769 3500 2845 3549 ιχ,
2873 3483 2904 3536 4
2924 3490 2973 3536 et
3005 3483 3078 3550 5).
3099 3479 3312 3542 Quibus
3367 3475 3636 3548 profecto,

2047 3582 2172 3654 quia
2204 3588 2256 3635 et
2287 3575 2570 3650 prudentia
2599 3573 2771 3628 adfuit
2801 3572 2855 3624 in
2884 3569 3196 3641 cognitione
3242 3582 3424 3620 rerum
3450 3579 3464 3633 ;
3512 3565 3639 3635 jus-

2046 3652 2179 3737 titia,
2210 3684 2316 3741 qua
2345 3665 2564 3737 cognita
2580 3662 2866 3732 disponere
2887 3667 3031 3713 recta
3045 3663 3306 3726 cuperent
3329 3672 3342 3717 ;
3361 3652 3640 3720 fortitudo,

2047 3755 2368 3831 quaexequi
2401 3769 2521 3826 quae
2554 3750 2782 3814 vellent,
2840 3747 2994 3803 bona
3041 3743 3380 3816 potuissent;
3439 3749 3642 3810 tempe-

2045 3848 2243 3912 rantia,
2278 3860 2373 3916 per
2402 3857 2566 3914 quam
2599 3839 2832 3894 discrete
2884 3843 3076 3891 cuncta
3130 3832 3467 3905 perﬁcerent,
3518 3837 3642 3900 apte

2049 3933 2388 4008 quaternario
2410 3944 2635 3985 numero
2666 3925 3039 3997 designantur.

2115 4027 2167 4078 ’7.
2204 4019 2456 4092 Sequitur
2490 4036 2502 4071 :
2536 4015 2934 4089 Ephrathwus.
2971 4012 3270 4081 Quiautem
3288 4009 3356 4064 de
3385 4008 3642 4080 Ephraim

2042 4118 2225 4168 monte
2250 4107 2540 4170 asseritur,
2576 4120 2674 4158 cur
2723 4101 3090 4172 Ephrathaaus
3113 4116 3235 4154 esse
3276 4097 3586 4169 perhibetur
3612 4097 3640 4148 εὶ

2044 4199 2150 4256 Sed
2176 4200 2278 4252 hoc
2309 4195 2376 4250 ad
2408 4195 2636 4248 litteram
2658 4197 2826 4262 patet,
2851 4189 2974 4258 quia
2999 4187 3248 4242 videlicet
3279 4187 3348 4240 de
3381 4184 3641 4256 Ephraim

2045 4296 2227 4344 monte
2258 4299 2381 4340 esse
2411 4279 2606 4352 aliquis
2631 4277 2822 4350 potuit,
2857 4276 2947 4346 qui
2977 4275 3046 4329 de
3077 4273 3212 4327 tribu
3257 4273 3516 4343 Ephraim
3549 4287 3640 4324 na-

2045 4384 2128 4431 tus
2160 4391 2266 4430 non
2303 4373 2428 4428 fuit.
2457 4370 2660 4425 Dicitur
2681 4382 2820 4438 ergo
2838 4365 3215 4436 Ephrathmus,
3235 4369 3288 4415 ut
3311 4361 3401 4432 qui
3436 4376 3502 4414 ex
3525 4359 3644 4414 loco

2047 4464 2375 4528 ostenditur,
2401 4461 2469 4516 de
2505 4458 2668 4529 stirpe
2716 4459 2878 4510 etiam
2918 4451 3237 4524 propaginis
3288 4456 3638 4522 agnoscatur.

2051 4553 2192 4622 Quia
2222 4567 2353 4606 vero
2384 4548 2744 4619 Ephrathmus
2775 4542 3104 4600 fructificans
3125 4541 3342 4604 dicitur,
3375 4546 3521 4593 recte
3543 4539 3646 4594 hoc

2050 4656 2308 4714 personm
2331 4634 2711 4706 Redemptoris
2740 4631 3080 4695 adscribitur,
3106 4629 3193 4700 qui
3218 4629 3493 4697 prOphetLe
3515 4625 3649 4681 vati-

2054 4728 2198 4785 cinio
2215 4727 2540 4798 praedicatur
2559 4741 2571 4778 :
2589 4724 2712 4777 Erit
2733 4726 3003 4793 tanquam
3025 4720 3260 4788 lignum,
3280 4716 3420 4788 quod
3439 4717 3646 4787 planta

2057 4822 2179 4873 tum
2198 4821 2454 4872 cstsecus
2467 4813 2740 4868 decursus
2758 4806 3204 4881 aquarum,quod
3215 4808 3468 4876 fructum
3483 4820 3648 4858 suum

2049 4906 2202 4961 dabit
2234 4906 2296 4958 in
2317 4907 2563 4974 tempore
2581 4898 2872 4969 suo(Psal.
2900 4912 2936 4962 ι,
2963 4898 3035 4965 4).
3087 4895 3225 4949 Nam
3282 4894 3334 4947 in
3383 4891 3650 4963 praefinita.

2049 5009 2331 5064 apparens
2361 4989 2698 5062 plenitudine
2746 4995 3070 5056 temporum,
3114 4981 3346 5037 caelestis
3388 4981 3648 5036 doctrinas

2049 5083 2236 5146 flores,
2263 5082 2317 5134 in
2349 5093 2508 5149 poma
2540 5077 2700 5132 vertit
2727 5075 3020 5130 electorum
3057 5087 3069 5140 ;
3113 5080 3164 5126 et
3220 5077 3481 5141 quotquot
3535 5066 3640 5121 sibi

2047 5169 2331 5240 conjunxit
2372 5185 2438 5222 ex
2472 5167 2712 5220 humano
2744 5180 2966 5235 genere,
3002 5161 3150 5232 quasi
3176 5168 3250 5213 tot
3280 5159 3480 5212 fructus
3509 5171 3642 5226 pro-

2049 5259 2166 5314 tulit
2191 5258 2258 5312 ad
2290 5255 2650 5312 aeternitatem
2690 5271 2700 5306 :
2737 5267 2843 5322 quo
2873 5251 2926 5304 in
2957 5251 3074 5304 loco
3105 5250 3229 5302 dum
3265 5245 3640 5316 Redemptoris

2046 5349 2154 5404 vita
2185 5345 2540 5411 describitur,
2567 5344 2796 5397 latenter
2825 5339 2984 5394 etiam
3018 5334 3216 5390 diaboli
3266 5333 3495 5404 perditio
3553 5333 3644 5388 de-

2047 5443 2398 5492 monstratur.
2434 5433 2576 5486 Nam
2610 5432 2675 5485 de
2698 5437 2876 5483 monte
2899 5423 3154 5495 Ephraim
3200 5422 3317 5488 fuit,
3352 5429 3404 5477 et
3459 5432 3641 5478 tamen

2045 5525 2401 5596 Ephrathaeus
2459 5536 2567 5575 non
2590 5519 2685 5572 fuit
2719 5533 2730 5571 :
2765 5517 2894 5586 quia
2924 5515 2992 5567 de
3022 5511 3159 5566 co:lo
3178 5511 3391 5581 quidem
3419 5511 3631 5580 cecidit,

2045 5614 2142 5670 sed
2176 5612 2338 5667 arbor
2354 5609 2592 5680 pessima
2623 5607 2823 5659 bonum
2855 5601 3083 5656 fructum
3114 5617 3228 5654 non
3260 5600 3430 5654 dedit.

2116 5693 2519 5772 (γαμή.)ραί
2551 5690 2785 5752 habebat
2817 5689 2958 5748 duas
3007 5701 3237 5758 uxores.
3270 5698 3475 5747 nomen
3526 5683 3641 5744 unt
