4062 6182
351 279 420 342 27
1537 285 1787 348 SANCTI
1818 283 2161 345 GREGORII
2201 283 2428 343 MAGNI
3576 288 3643 349 ξε

348 403 388 458 Α
401 418 536 471 ηηα,
552 416 759 462 nomen
779 406 1044 464 secunda:
1062 407 1404 467 Phenenna:
1430 411 1783 482 fueruntque
1804 404 1941 462 Phe.
1974 402 2031 465 A
2056 404 2181 475 quia
2194 403 2614 475 promissionum
2639 402 2903 478 insignia,
2929 422 3049 477 quae
3065 401 3120 460 in
3135 401 3341 463 sanctis
3360 402 3648 476 Scripturis

351 509 558 549 nonnae
577 493 705 561 ﬁlii,
750 496 930 551 Annae
952 513 1077 553 vero
1106 515 1219 555 non
1253 504 1420 556 erant
1447 497 1634 556 liberi.

424 586 473 636 8.
510 580 649 649 Quid
680 599 779 653 per
812 584 1186 652 Phenennam,
1218 587 1323 643 nisi
1354 589 1650 660 Synagoga
1686 583 1948 655 exprimi-

352 675 442 722 tur
467 669 494 722 ?
523 669 590 723 Et
617 671 746 742 quid
777 688 874 743 per
896 676 1127 742 Annam,
1158 675 1257 730 nisi
1288 685 1474 732 sancta
1497 673 1741 731 Ecclesia
1764 672 1951 745 ﬁgura-

353 763 443 811 tur
467 757 817 817 ?Phenennas
849 762 1049 834 quippe
1078 761 1170 818 lilii
1197 764 1367 820 fuisse
1418 764 1725 820 referuntur
1757 780 1771 818 :
1824 763 1953 833 quia

354 861 475 900 cum
516 848 852 918 Redemptor
869 860 1052 907 noster
1080 852 1134 907 in
1164 869 1329 908 carne
1360 852 1629 925 apparuit,
1688 868 1788 923 per
1843 851 1949 906 Le-

356 951 504 1005 gem,
538 953 694 1007 quam
727 938 971 1006 dederat,
999 958 1095 1011 per
1141 945 1456 1013 prOphetas,
1522 957 1656 1014 quos
1705 940 1948 1003 miserat,

355 1023 529 1079 editos
559 1026 611 1079 in
644 1025 748 1082 ﬁde
765 1044 1063 1102 synagoga:
1094 1029 1235 1085 ﬁlios
1292 1030 1516 1087 invenit.
1562 1034 1731 1085 Anna:
1773 1038 1952 1083 autem

358 1128 471 1166 non
499 1123 657 1168 erant
687 1116 866 1183 liberi,
903 1118 1027 1188 quia
1058 1119 1263 1174 novitia
1294 1128 1440 1186 tunc,
1465 1127 1515 1174 et
1530 1118 1737 1174 coelesti
1754 1133 1953 1189 sponso

358 1216 529 1272 nuper
555 1203 848 1272 conjuncta
876 1215 1066 1262 saneta
1096 1207 1358 1275 Ecclesia,
1383 1207 1733 1280 prmdicando
1779 1206 1955 1262 adhuc

354 1304 700 1363 nequaquam
736 1295 1001 1364 pariebat.
1043 1297 1196 1353 Unde
1212 1297 1330 1353 etei
1350 1296 1596 1367 ejusdem
1616 1295 1801 1368 sponsi
1820 1309 1956 1351 voce

354 1377 409 1431 in
438 1378 661 1435 Cantico
690 1381 914 1438 dicitur:
937 1385 1103 1441 Soror
1123 1390 1318 1442 nostra
1334 1386 1573 1459 parvula
1587 1391 1694 1454 est,
1708 1389 1767 1441 et
1784 1385 1956 1440 ubera

355 1482 471 1522 non
490 1466 650 1525 habet
670 1471 863 1541 (Cant.
900 1489 1017 1538 νιιι,
1045 1477 1124 1543 8).
1157 1474 1254 1531 Vel
1283 1483 1426 1531 certe
1452 1492 1563 1530 non
1593 1491 1689 1546 pro
1719 1474 1958 1545 inaequa-

354 1554 502 1612 litate
527 1558 702 1613 aetatis
731 1559 870 1616 ﬁlios
888 1578 997 1618 non
1019 1564 1274 1620 habuisse
1305 1564 1526 1632 dicitur,
1575 1563 1676 1618 sed
1720 1578 1817 1634 per
1864 1563 1955 1616 in-

354 1643 747 1704 fecunditatem
776 1652 1098 1707 sterilitatis.
1140 1652 1274 1723 Quae
1305 1661 1539 1726 estergo
1567 1652 1819 1707 sterilitas
1851 1653 1958 1705 An-

2057 493 2254 562 posuit,
2278 493 2597 564 apparando
2616 493 2956 550 monstravit.
2993 496 3181 549 Possut
3235 501 3417 549 autem
3473 495 3653 551 statuti

2056 581 2175 636 dies
2199 581 2429 655 intelligi
2460 582 2713 652 promissi
2744 583 2798 637 in
2828 584 3063 637 adventu
3083 584 3199 651 ejus
3220 581 3542 654 splendores
3563 586 3654 639 mi-

2056 670 2382 725 raculorum.
2416 669 2566 739 Quos
2596 670 2849 725 nimirum
2878 672 2996 726 dies
3034 670 3300 741 propheta
3343 670 3512 726 Isaias
3541 681 3654 727 sta~

2058 767 2203 815 tutos
2233 759 2468 825 intuens,
2502 760 2575 814 ait
2604 780 2617 815 :
2651 759 2839 816 Dicite
2865 760 3287 832 pussillanimis
3308 781 3326 818 :
3355 760 3653 832 Con/orta-

2058 850 2224 917 mini,
2239 852 2295 904 et
2309 850 2487 904 nolite
2511 849 2740 905 timere:
2757 865 2885 906 ecce
2901 850 3047 904 Deus
3058 853 3250 905 noster
3269 850 3546 907 ultionem
3562 850 3659 906 ad-

2062 937 2227 992 ducet
2241 937 2632 993 retributionis
2651 958 2669 1006 ,-
2690 940 2833 993 Deus
2850 938 2969 1010 ipse
2988 939 3191 1003 veniet,
3210 939 3516 995 etsalvabit
3534 953 3656 997 nos.

2070 1027 2219 1081 Tunc
2240 1027 2576 1098 aperientur
2592 1028 3055 1093 oculictecorum,
3072 1031 3127 1084 et
3142 1044 3311 1082 aures
3351 1027 3659 1083 surdorum

2061 1114 2296 1170 audient
2320 1134 2336 1168 :
2351 1121 2488 1171 tunc
2505 1116 2693 1184 saliet,
2715 1119 2867 1172 sicut
2885 1132 3104 1182 cervus,
3119 1117 3440 1183 claudus;et
3458 1122 3660 1190 aperta

2062 1201 2173 1259 erit
2193 1205 2390 1274 lingua
2408 1208 2698 1261 mutorum
2719 1204 2879 1274 (Isai.
2901 1222 3064 1274 xxxv,
3086 1205 3218 1277 6-6).
3256 1205 3362 1261 Sed
3387 1207 3484 1279 qui
3544 1206 3662 1262 dies

2064 1299 2299 1347 statutos
2317 1292 2384 1348 ad
2406 1309 2692 1349 ascensum
2711 1294 3095 1365 Redemptoris
3118 1295 3458 1367 agnovimus,
3484 1303 3665 1350 utrum

2063 1381 2116 1434 in
2149 1380 2229 1436 eis
2275 1381 2599 1450 ascenderit,
2650 1382 2959 1438 videamus.
3008 1382 3318 1453 Requisitus
3359 1400 3592 1456 namque
3634 1400 3666 1441 a

2061 1470 2290 1539 Joanne,
2304 1469 2346 1524 si
2370 1470 2569 1542 ipsum,
2586 1487 2652 1525 an
2670 1471 2829 1526 alium
2845 1473 3527 1542 exspectarent,respondit
3541 1472 3669 1528 mis-

2066 1558 2141 1613 sis
2171 1558 2471 1626 discipulis,
2495 1566 2548 1615 et
2567 1560 2673 1614 ait:
2701 1562 2783 1616 Ite
2799 1565 2853 1616 et
2870 1561 3042 1617 dicite
3057 1563 3275 1618 Joanni
3290 1579 3412 1633 quae
3446 1562 3669 1619 vidistis

2065 1651 2121 1702 et
2153 1648 2429 1703 audistis:
2460 1649 2593 1705 caeci
2624 1649 2836 1717 vident,
2868 1651 3062 1706 claudi
3102 1651 3421 1716 ambulant,
3458 1652 3670 1723 Ieprosi

359 1748 465 1803 nae,
489 1735 595 1790 nisi
624 1737 909 1793 obduratio
940 1741 1149 1796 Iudaea:
1177 1741 1205 1795 ?
1234 1740 1368 1809 Quae
1400 1742 1543 1796 enim
1600 1740 1735 1794 dura
1790 1739 1955 1795 corda
1979 1762 2036 1826 Β
2066 1736 2706 1808 mandanturpauperes
2733 1740 3207 1810 euangelizantur
3222 1758 3242 1806 ί
3272 1748 3327 1795 et
3349 1740 3546 1795 beatus
3578 1739 3672 1795 ho-

357 1822 672 1879 Judazorum
702 1827 773 1881 ad
803 1828 1180 1899 Redemptoris
1209 1829 1371 1885 ﬁdem
1390 1837 1709 1886 convertere
1738 1844 1847 1883 non
1876 1844 1948 1900 po

366 1912 485 1979 tuit,
517 1913 774 1969 nimirum
797 1917 1138 1973 sterilist‘uit.
1171 1919 1275 1973 Sed
1307 1921 1620 1979 notandum,
1655 1919 1776 1989 quia
1826 1919 1971 1972 Phe-

367 2014 568 2069 nenna,
600 2020 723 2074 quae
754 2006 905 2075 prius
934 2024 1125 2076 parere
1156 2007 1370 2075 dicitur,
1406 2021 1541 2061 uxor
1584 2006 1818 2062 secunda
1867 2022 1970 2061 no-

371 2089 622 2144 minatur.
656 2093 805 2147 Prius
836 2094 1043 2167 quippe
1078 2112 1354 2169 synagOga
1389 2096 1440 2149 in
1486 2095 1591 2150 ﬁde
1651 2094 1794 2151 filios
1849 2094 1970 2149 edi—

362 2176 457 2245 dit,
481 2178 578 2233 sed
609 2187 788 2236 tamen
818 2182 1080 2254 dignitate
1111 2192 1315 2241 sancta:
1346 2185 1603 2240 Ecclesiae
1636 2184 1814 2239 minor
1845 2183 1968 2239 fuit-

368 2266 614 2322 Secunda
662 2269 827 2342 igitur
881 2288 1020 2327 uxor
1062 2273 1284 2339 exstitit,
1344 2288 1452 2328 non
1526 2280 1771 2342 tempore
1835 2287 1973 2327 con-

359 2353 565 2426 jugalis
594 2359 819 2430 copula,
853 2360 950 2416 sed
989 2361 1355 2432 inaequalitate
1393 2360 1800 2432 praerogativae.
1867 2361 1972 2414 Se-

365 2444 547 2516 quitur
579 2465 592 2500 :

437 2534 618 2601 (Vers.
645 2537 718 2607 3.)
752 2538 820 2591 Et
849 2537 1188 2593 ascendebat
1232 2538 1318 2593 vir
1348 2538 1447 2593 ille
1487 2539 1728 2594 statutis
1781 2537 1974 2592 diebus

370 2620 438 2676 de
467 2622 701 2678 civitate
730 2641 855 2687 sua,
890 2630 956 2680 ut
984 2628 1249 2682 adoraret
1281 2630 1337 2682 et
1357 2627 1680 2682 immolaret
1741 2627 1973 2682 Domino

371 2710 480 2764 Deo
502 2713 862 2767 exercituum
893 2716 955 2769 in
986 2716 1120 2771 Silo.

440 2802 490 2851 9.
525 2797 659 2867 Qum
690 2801 831 2856 enim
854 2804 1115 2875 spiritalis
1163 2804 1351 2859 civitas
1405 2803 1810 2875 Redemptoris,
1869 2802 1978 2858 nisi

374 2886 646 2957 Scriptura
677 2906 829 2945 sacra
857 2893 1112 2947 exstitit?
1140 2894 1269 2950 Haec
1306 2893 1555 2948 nimirum
1614 2892 1805 2949 civitas
1861 2893 1975 2947 suis

372 2975 580 3033 civibus
621 2982 696 3033 tot
752 2979 1133 3037 defensionum
1182 2982 1483 3037 munimina
1530 2982 1777 3047 contulit,
1848 2997 1976 3053 quoi

364 3069 636 3136 praecepta
662 3086 675 3133 ;
709 3074 953 3123 totarma
966 3069 1044 3124 eis
1060 3071 1311 3141 prazbuit,
1346 3078 1475 3140 quot
1504 3070 1731 3126 consilia
1759 3071 1969 3126 salutis.

368 3151 507 3221 Quid
539 3162 717 3209 autem
752 3157 848 3211 fuit
879 3158 1231 3229 Redemptori
1253 3167 1442 3214 nostro
1491 3158 1804 3223 ascendere,
1859 3159 1964 3211 nisi

366 3242 421 3295 in
460 3242 807 3299 humanitatis
838 3245 1028 3315 forma,
1050 3244 1347 3302 divinitatis
1367 3264 1476 3303 suae
1498 3248 1609 3301 alta
1648 3246 1899 3303 revelare
1921 3247 1949 3301 ?

365 3330 433 3384 Et
464 3332 589 3400 quia
619 3331 675 3387 in
703 3349 861 3390 sacra
892 3335 1170 3407 Scriptura
1200 3338 1569 3408 cognoscitur,
1612 3322 1652 3387 1
1674 3324 1712 3386 1
1748 3336 1814 3389 de
1838 3335 1967 3391 civi-

369 3425 478 3472 tate
505 3435 605 3474 sua
646 3430 795 3477 recte
850 3425 1151 3480 ascendere
1199 3424 1535 3496 perhibetur.
1588 3426 1781 3480 Statuti
1832 3440 1966 3480 vero

370 3507 487 3562 dies
520 3517 641 3563 sunt
672 3511 1070 3581 promissiones
1098 3513 1167 3569 de
1198 3529 1279 3582 se,
1310 3514 1370 3569 in
1413 3514 1620 3569 sanctis
1668 3513 1968 3585 Scripturis

367 3597 579 3666 positae.
611 3598 742 3653 Dies
764 3600 962 3671 quippe
1010 3610 1152 3669 sunt,
1215 3603 1343 3675 quia
1400 3603 1469 3657 ad
1527 3603 1968 3675 cognoscendum

368 3701 515 3753 eum,
539 3686 724 3742 electis
753 3688 958 3744 lucent.
1008 3689 1199 3745 Statuti
1231 3707 1449 3762 quoque
1478 3691 1600 3746 dies
1645 3698 1787 3758 sunt,
1842 3691 1971 3760 quia

370 3774 439 3828 ab
471 3776 705 3846 antiquis
736 3778 984 3833 Pati-ibus
1012 3779 1064 3833 in
1079 3780 1270 3835 eodem
1294 3796 1451 3835 sacro
1473 3780 1689 3851 eloquio
1720 3796 1815 3835 eos
1846 3796 1971 3835 esse

365 3864 575 3934 positos
607 3881 711 3919 non
737 3866 1069 3938 ignoramus.
1104 3869 1256 3924 Diem
1291 3886 1522 3939 namque
1567 3884 1824 3923 ascensus
1853 3868 1972 3939 ejus

370 3953 688 4023 praeﬁgebat
718 3956 951 4026 Moyses,
978 3973 1100 4011 cum
1133 3957 1348 4013 dicebat
1390 3977 1402 4014 :
1441 3956 1781 4030 Prophetam
1824 3956 1974 4013 vobis

371 4042 671 4097 suscitabit
697 4044 963 4100 Dominus
977 4046 1188 4114 deﬁliis
1204 4047 1423 4112 vestris,
1455 4050 1729 4118 tanquam
1762 4061 1849 4100 me
1881 4046 1973 4118 ip—

371 4148 500 4187 sum
517 4133 763 4188 audietis
781 4134 964 4203 (Deut.
986 4135 1449 4205 xvm,‘18).Diem
1470 4150 1686 4207 quoque
1700 4133 1979 4190 statuebat

376 4220 468 4291 qui
500 4221 713 4277 dicebat
745 4225 901 4279 :lt'on
920 4224 1140 4292 deciﬁet
1164 4228 1453 4297 sceptrum
1479 4225 1544 4279 de
1568 4224 1738 4289 Juda,
1774 4226 1829 4278 et
1860 4222 1982 4278 dux

374 4310 440 4366 de
452 4313 668 4382 femore
679 4315 823 4386 ejus,
838 4313 1012 4370 donec
1026 4314 1219 4370 veniat
1236 4316 1333 4383 qui
1344 4313 1659 4369 mittendus
1672 4316 1779 4378 est,
1796 4316 1850 4367 et
1867 4311 1985 4382 ipse

372 4400 483 4456 erit
505 4403 854 4472 exspectatio
866 4403 1122 4472 gentium
1141 4400 1319 4470 (Gen.
1338 4417 1485 4466 xux,
1511 4401 1621 4468 1ο).
1641 4399 1796 4454 Diem
1816 4399 1980 4468 hujus

371 4502 630 4542 ascensus
646 4493 910 4558 statuens,
936 4490 1005 4542 ait
1020 4489 1272 4544 Michzeas
1291 4506 1303 4542 :
1323 4491 1389 4543 Et
1408 4493 1469 4544 tu
1486 4487 1804 4543 Bethtehem
1826 4492 1980 4544 terra

377 4575 543 4643 Juda,
592 4593 943 4649 nequaquam
974 4579 1215 4633 minima
1249 4594 1305 4633 es
1340 4580 1399 4633 in
1429 4578 1781 4649 principibus
1798 4577 1981 4632 Juda:

377 4681 451 4720 ex
486 4670 537 4721 te
550 4668 693 4722 enim
711 4668 863 4721 exiet
882 4667 1132 4739 dux,qui
1146 4671 1304 4738 regat
1312 4666 1584 4737 populum
1604 4682 1789 4721 meum
1809 4657 1988 4720 Israel

376 4753 563 4821 (illich.
589 4771 641 4820 v,
665 4755 745 4822 ἓ).
777 4754 911 4809 Hinc
938 4756 1104 4809 Isaias
1144 4755 1218 4809 ait
1252 4770 1265 4809 :
1315 4757 1452 4811 Ecce
1497 4755 1647 4823 virgo
1701 4754 1764 4809 in
1828 4757 1987 4809 utero

374 4844 676 4916 concipiet,
699 4845 953 4912 etpariet
967 4845 1175 4912 ﬁlium,
1200 4849 1255 4899 et
1306 4843 1595 4901 vocabitur
1626 4859 1831 4899 nomen
1867 4844 1990 4913 ejus

373 4930 995 5001 Emmanuel(lsai.vu,
1022 4934 1130 5001 14).
1173 4932 1447 5004 Quotquot
1478 4931 1620 4985 enim
1653 4932 1719 4986 de
1753 4931 1846 4985 illo
1880 4932 1986 4985 Le-

374 5019 462 5091 gis
479 5027 531 5074 et
562 5020 951 5090 prophetarum
992 5020 1388 5091 promissiones
1433 5028 1574 5086 sunt,
1617 5027 1695 5074 tot
1752 5028 1984 5076 statutos

376 5108 490 5163 dies
512 5108 577 5162 ad
596 5107 719 5178 ejus
740 5125 1023 5163 ascensum
1051 5100 1341 5163 intuemur.
1366 5110 1504 5162 Nam
1571 5109 1716 5162 velut
1758 5108 1814 5161 in
1872 5116 1988 5161 sta-

376 5197 503 5255 tutis
527 5197 723 5251 diebus
750 5198 1100 5261 ascendebat,
1135 5214 1258 5253 cum
1296 5196 1500 5252 ,Ιιιόωίδ
1533 5197 1743 5251 dicebat
1770 5198 1943 5252 :Scru
1965 5226 1982 5237 -

374 5283 1007 5355 taminiSeriptnrasﬁn
1026 5285 1223 5363 quibus
1247 5303 1332 5340 vos
1347 5287 1567 5355 putatis
1590 5292 1869 5340 aeternum
1895 5285 1991 5339 ha-

378 5376 504 5431 bere
519 5374 685 5425 vitari
701 5376 833 5443 quia
846 5374 981 5444 ipsce
995 5378 1274 5444 sunt,quce
1292 5373 1679 5428 testimonium
1693 5373 1989 5445 perhibent

375 5459 1307 5529 deme(J-)an.v,39).Hinciterum
1338 5460 1469 5516 dicit
1508 5479 1518 5514 :
1564 5462 1621 5516 Si
1665 5461 1983 5517 crederetis

377 5545 565 5617 Moysi,
586 5545 895 5602 crederetis
911 5548 1165 5618 forsitan
1186 5553 1244 5606 et
1263 5548 1426 5615 mihi,
1445 5547 1512 5603 de
1540 5562 1629 5602 me
1685 5548 1840 5604 enim
1887 5543 1994 5605 ίιιθ

368 5633 602 5706 scripsit
624 5630 942 5706 (lbid.,i6).
1003 5634 1231 5691 Statutis
1282 5651 1418 5709 ergo
1469 5632 1665 5692 diebus
1712 5634 1975 5708 ascendit,

2016 4445 2067 4507 D

2078 1840 2188 1888 mo,
2208 1826 2303 1897 qui
2319 1843 2433 1882 non
2447 1828 2627 1897 fuerit
2639 1828 3060 1884 scandalizatus
3078 1830 3138 1883 in
3151 1828 3403 1898 me(Luc.
3423 1844 3522 1895 vn,
3545 1828 3661 1897 19).

2078 1914 2300 1969 Statutis
2332 1929 2463 1987 ergo
2492 1914 2685 1969 diebus
2715 1916 2953 1971 ascendit
2978 1957 2994 1984 ,
3028 1917 3116 1987 qui
3148 1924 3200 1970 ut
3255 1917 3323 1969 ab
3371 1915 3674 1971 electorum

2079 2018 2298 2057 suorum
2320 2002 2578 2058 cordibus
2596 2004 2818 2058 vetustis
2840 2005 3049 2059 erroris
3085 2004 3380 2075 caliginem
3424 2005 3671 2076 pelleret,

2078 2097 2153 2145 tot
2170 2091 2565 2161 promissorum
2597 2092 2974 2148 miraculorum
2998 2094 3381 2163 splendoribus
3413 2093 3669 2149 radiavit.

2081 2180 2186 2236 Sed
2204 2181 2465 2251 ascendit,
2498 2188 2554 2236 ut
2583 2182 2840 2236 adorat-ot
2860 2189 2913 2236 et
2942 2182 3266 2248 immolaret,
3297 2182 3421 2251 quia
3450 2183 3516 2236 ad
3568 2184 3675 2239 hoc

2079 2271 2339 2340 cognosci
2373 2270 2560 2334 voluit,
2581 2278 2637 2324 ut
2659 2270 2938 2324 moriendo
2960 2270 3272 2335 redimeret,
3293 2286 3428 2342 quos
3440 2270 3674 2326 vivendo

2079 2355 2372 2411 docuisset.
2409 2358 2664 2412 Adoravit
2693 2357 2915 2429 quippe,
2938 2357 3064 2427 quia
3092 2358 3145 2412 in
3195 2358 3504 2430 exemplum
3553 2359 3673 2414 ele-

2078 2452 2286 2500 ctorum
2315 2460 2372 2499 se
2405 2445 2515 2500 Deo
2549 2445 2686 2500 Patri
2735 2453 2904 2500 totum
2963 2447 3240 2514 humilem,
3300 2455 3353 2501 et
3400 2448 3677 2516 adjectum

2080 2549 2178 2603 per
2207 2532 2568 2589 obedientiam
2600 2533 2848 2604 praebuit.
2899 2535 3229 2600 lmmolavit,
3289 2543 3490 2603 autem,
3551 2538 3681 2607 quia

2079 2622 2170 2693 qui
2201 2622 2358 2676 nobis
2386 2622 2638 2693 exempla
2667 2623 2983 2678 humilitatis
3014 2624 3246 2679 vivendo
3277 2625 3446 2693 dedit,
3466 2643 3526 2681 se
3561 2627 3676 2682 Deo

2083 2710 2229 2764 Patri
2255 2711 2310 2765 in
2336 2727 2427 2765 ara
2459 2711 2630 2767 crucis
2660 2711 2988 2768 oblationem
3035 2722 3088 2768 et
3132 2714 3366 2771 hostiam
3424 2715 3674 2782 tradidit,

2082 2809 2132 2856 et
2151 2816 2287 2872 quos
2317 2800 2548 2856 vivendo
2575 2801 2779 2867 docuit,
2799 2802 3079 2858 moriendo
3100 2803 3349 2858 redemit.
3370 2804 3681 2874 Utrumque

2081 2890 2223 2944 enim
2251 2889 2411 2945 nobis
2434 2889 2591 2945 valde
2622 2891 2993 2945 necessarium
3024 2893 3196 2960 novit,
3220 2900 3272 2947 et
3301 2891 3424 2947 ideo
3445 2892 3678 2948 alterum

2080 2979 2195 3034 sine
2234 2978 2403 3033 altero
2443 2995 2569 3033 nom
2598 2979 2882 3049 impendit.
2916 2982 3052 3034 Nam
3085 2997 3207 3035 cum
3238 2989 3396 3035 natus
3450 2997 3573 3036 esse
3622 2982 3680 3035 in

2082 3067 2396 3123 Bethlehein
2422 3068 2576 3124 Iudae
2605 3084 2732 3123 eum
2765 3067 2953 3123 fraude
2979 3069 3222 3124 Herodes
3256 3069 3321 3124 ad
3342 3069 3679 3125 interficien-

2003 3115 2054 3180 Ο
2082 3158 2212 3212 dum
2236 3154 2728 3228 quaesivitUHatt/t.
2749 3161 2910 3228 11,13)
2935 3175 2947 3219 ;
2968 3158 3063 3213 sed
3092 3158 3138 3212 si
3183 3167 3307 3213 tunc
3345 3157 3684 3230 Redemptor

2071 3254 2393 3313 moreretur,
2442 3247 2745 3301 immolaret
2767 3247 2966 3319 utique,
2993 3250 3047 3301 et
3076 3263 3185 3302 non
3221 3247 3514 3304 adoraret:
3549 3250 3679 3319 quia

2073 3334 2294 3390 victima
2331 3334 2616 3390 moriendo
2645 3334 2819 3401 fieret,
2871 3336 2966 3390 sed
3026 3352 3163 3407 quos
3219 3344 3391 3392 morte
3446 3336 3689 3403 debebat

2074 3423 2322 3488 liberare,
2349 3438 2689 3494 nequaquam
2721 3423 2951 3479 vivendo
2969 3424 3257 3481 docuisset.
3280 3425 3346 3479 Et
3367 3424 3412 3480 si
3444 3426 3685 3482 vivendo

2077 3528 2176 3567 nos
2206 3513 2425 3578 docens,
2458 3512 2595 3566 mori
2625 3519 3027 3580 contemneret,
3061 3513 3308 3582 profecto
3339 3514 3599 3571 adoraret
3632 3522 3689 3570 et

2077 3616 2182 3655 non
2208 3598 2539 3655 immolaret.
2579 3600 2641 3657 Ut
2673 3616 2803 3669 ergo
2834 3600 3099 3669 adoraret,
3149 3611 3573 3672 persequentem
3629 3619 3688 3658 se

2077 3704 2265 3761 regem
2284 3687 2336 3741 in
2355 3688 2647 3759 Egyptum
2672 3687 2829 3759 fugit,
2845 3695 2897 3743 et
2919 3697 2973 3743 ut
2993 3688 3317 3756 immolaret,
3342 3690 3689 3747 dissuadenti

2080 3779 2242 3832 Petro
2273 3777 2640 3847 exprobravit,
2672 3776 2893 3833 dicens:
2927 3778 3066 3833 Vade
3083 3784 3256 3846 retro,
3290 3783 3520 3844 satana,
3571 3797 3689 3837 non

2082 3868 2234 3923 enim
2265 3866 2415 3937 sapis
2446 3881 2509 3921 ea
2555 3882 2676 3936 qua:
2732 3865 2839 3920 Dei
2896 3871 3033 3921 sunt
3074 3867 3170 3922 sed
3226 3885 3347 3939 quae
3385 3869 3685 3925 hominum

2084 3954 2306 4023 (Matth.
2367 3968 2484 4019 xw,
2530 3954 2643 4020 ‘23).
2678 3953 2917 4009 Adorare
2972 3969 3202 4024 namque
3257 3970 3317 4009 se
3375 3954 3683 4028 insinuans,

2085 4043 2191 4098 ait:
2228 4043 2346 4098 Non
2380 4043 2508 4097 veni
2536 4045 2726 4113 facere
2758 4042 3107 4098 voluntatem
3146 4057 3349 4110 meam,
3405 4042 3501 4098 sed
3557 4045 3684 4114 ejus

2087 4132 2181 4205 qui
2201 4133 2357 4186 misit
2379 4146 2469 4185 me
2493 4129 2678 4198 (Joan.
2712 4145 2789 4197 vr,
2824 4132 2937 4200 38).
2994 4131 3132 4187 Hinc
3161 4131 3287 4186 item
3328 4130 3460 4187 dicit
3489 4151 3500 4186 :
3552 4132 3687 4201 Qua:

2089 4221 2144 4276 ei
2168 4223 2305 4275 sunt
2335 4206 2370 4269 1
2389 4205 2432 4268 2
2457 4220 2694 4292 placita,
2725 4220 2873 4292 facio
2891 4236 3101 4292 semper
3127 4222 3306 4282 (Joan.
3327 4225 3564 4288 vui,29).
3590 4223 3695 4276 Im-

2091 4308 2304 4363 molare
2325 4308 2481 4363 etiam
2514 4324 2573 4364 se
2605 4308 2909 4376 insinuans,
2935 4309 3038 4366 ait:
3067 4313 3375 4382 Propterea
3390 4327 3477 4366 me
3499 4311 3690 4383 diligit

2096 4399 2281 4461 Pater,
2304 4399 2434 4470 quia
2458 4414 2552 4469 ego
2580 4414 2725 4471 pono
2753 4399 3010 4455 animam
3035 4416 3237 4463 meam,
3259 4404 3316 4455 et
3343 4402 3555 4456 iterum
3586 4417 3690 4456 su-

2093 4502 2243 4542 mam
2272 4503 2432 4542 eam:
2452 4503 2616 4543 nemo
2649 4488 2801 4544 tollit
2819 4504 2943 4544 eam
2973 4505 3006 4543 a
3033 4504 3142 4556 me,
3157 4488 3252 4544 sed
3273 4503 3367 4560 ego
3392 4503 3539 4560 pono
3567 4505 3695 4545 eam

2093 4594 2128 4630 ιι
2156 4578 2386 4642 meipso.
2414 4577 2762 4632 Potestatem
2783 4578 2950 4632 habeo
2966 4577 3211 4648 ponendi
3235 4593 3380 4645 eam,
3395 4582 3449 4633 et
3472 4578 3689 4633 iterum

2096 4665 2355 4721 sumendi
2373 4681 2499 4719 eam
2526 4667 2676 4732 (Jon.
2707 4667 2995 4733 x,l7,18).
3028 4666 3093 4720 Et
3127 4666 3288 4734 paulo
3341 4670 3468 4721 ante
3528 4683 3541 4721 :
3584 4668 3694 4737 Ego

2097 4772 2225 4810 sum
2251 4756 2449 4808 Pastor
2499 4755 2693 4818 bonus,
2733 4755 2829 4825 qui
2866 4769 3008 4824 pono
3060 4754 3317 4809 animam
3367 4770 3552 4810 meam
3588 4770 3695 4827 pro

2098 4842 2287 4899 ovibus
2318 4843 2456 4897 meis
2476 4841 2657 4912 (Ibid,
2698 4845 2801 4913 tt).
2834 4840 3128 4897 Immolare
3177 4858 3301 4896 eum
3360 4843 3554 4897 Paulus
3613 4842 3696 4897 in-

2100 4940 2257 4986 tuens
2277 4932 2350 4985 ait
2385 4946 2396 4984 :
2422 4932 2670 4986 Tradidit
2699 4933 3065 5003 semetipsum
3093 4945 3194 5004 pro
3255 4932 3411 4987 nobis
3450 4932 3697 4988 oblatio-

2095 5037 2249 5085 nem,
2280 5025 2335 5076 et
2367 5020 2610 5075 hostiam
2641 5020 2749 5075 Dco
2787 5022 2849 5074 in
2872 5020 3094 5075 odorem
3117 5021 3420 5075 suavitatis
3454 5019 3685 5091 (Ephes.

2097 5126 2149 5177 v,
2181 5110 2264 5176 2).
2305 5106 2563 5162 Ascendit
2592 5122 2745 5178 ergo,
2799 5114 2854 5160 ut
2900 5106 3167 5174 adoraret,
3230 5115 3286 5162 et
3341 5108 3693 5162 immolaret:

2099 5198 2229 5268 quia
2269 5196 2335 5250 ad
2368 5197 2467 5249 hoc
2498 5212 2555 5248 se
2589 5203 2661 5249 tot
2693 5194 2963 5250 miraculis
2994 5196 3255 5263 ostendit,
3287 5205 3344 5250 ut
3370 5211 3471 5250 nos
3517 5195 3699 5250 verbis

2101 5293 2152 5339 et
2183 5284 2446 5354 exemplis
2466 5283 2772 5349 instrueret,
2805 5292 2858 5338 et
2887 5292 3114 5339 mortem
3140 5292 3379 5339 nostram
3413 5284 3700 5338 moriendo

2103 5380 2408 5443 superaret.

2177 5464 2268 5515 to.
2308 5459 2412 5514 Sed
2444 5460 2761 5527 notandum,
2821 5461 2946 5532 quia
3002 5478 3121 5517 cum
3178 5459 3247 5517 ad
3304 5460 3696 5517 immolandum

2102 5546 2457 5619 Ephretbzeus
2476 5546 2773 5604 ascendere
2789 5547 3032 5615 discitur,
3056 5549 3200 5605 Deus
3217 5549 3584 5621 omnipotens,
3607 5546 3698 5604 cui

2101 5632 2367 5704 immolat,
2399 5634 2544 5691 Deus
2564 5634 2900 5695 exercituum
2922 5634 3248 5693 nominatur.
3292 5635 3402 5694 Cur
3426 5636 3530 5695 hoc
3568 5632 3689 5692 ﬂeri
