4062 6182
291 267 361 332 ξς
1148 267 1225 331 IN
1255 270 1530 333 PRIMUM
1561 270 1809 331 REGUM
1828 266 2380 329 EXPOSITIONES.
2408 299 2481 314 -ο
2516 268 2653 328 LIB.
2691 269 2733 327 I.
3520 268 3588 329 30

289 394 649 472 cognoscitur
677 396 774 455 nisi
807 395 935 470 quia
965 395 1346 471 Redemptoris
1374 406 1551 456 morte
1605 412 1719 455 non
1745 413 1887 454 unus
1915 400 1969 462 Α
1997 403 2145 466 runt,
2176 397 2263 468 qui
2298 412 2443 464 eum,
2477 396 2564 454 cui
2594 397 2833 466 injuncta
2864 395 2984 464 fuit,
3017 411 3125 453 non
3154 394 3468 468 recipiendo
3492 412 3593 453 ve-

287 487 556 544 Judaicus
616 487 868 560 populus,
926 488 1025 544 sed
1086 504 1277 544 omnes
1302 487 1507 544 Gentes
1536 484 1892 543 redimeban-

288 578 422 632 tur‘?
452 576 597 646 Quid
641 576 787 632 enim
826 586 951 632 sunt
980 575 1169 634 ﬁdeles
1197 575 1571 632 multitudines
1593 574 1890 643 nationum,

286 665 394 720 nisi
425 665 530 721 Dei
557 663 943 735 omnipotentis
962 665 1269 721 exercitus?
1326 666 1437 720 Hos
1452 663 1709 719 nimirum
1729 680 1893 719 exer-

288 755 432 809 citus
460 753 540 807 ad
588 754 745 826 regis
796 754 881 808 sui
935 754 1272 824 triumphum
1321 753 1607 808 Psalmista
1649 752 1893 808 exultare

284 844 609 905 cohortans,
643 840 719 895 ait
744 860 755 895 :
788 841 991 896 Omnes
1007 845 1222 912 gentes,
1244 841 1502 912 plaudite
1518 839 1781 897 manibus
1795 842 1894 909 ju'

282 931 458 986 bitate
491 932 601 985 Deo
629 930 692 984 in
724 945 849 984 voce
908 931 1314 986 exsultationis
1373 931 1550 999 (Psal.
1582 930 1754 999 χιι-ι).
1786 931 1894 983 llos

284 1019 581 1074 convenire
607 1018 737 1074 item
767 1018 1004 1085 intuens,
1036 1018 1170 1074 dixit
1195 1037 1208 1074 :
1242 1019 1451 1074 Omnes
1470 1022 1693 1090 gentes,
1722 1034 1894 1090 quas-

284 1124 511 1177 cunque
539 1104 755 1179 fecisti,
806 1109 1059 1172 uenient,
1103 1108 1159 1162 et
1207 1106 1527 1163 adorabunt
1570 1122 1761 1164 coram
1816 1112 1891 1174 te,

282 1197 608 1264 Domine,et
622 1195 1075 1264 honoriﬁcabunt
1088 1211 1291 1251 nomen
1310 1199 1473 1253 tuum
1493 1196 1668 1267 (Psal.
1690 1211 1889 1260 LXXXV,

286 1286 363 1355 9).
398 1284 609 1339 Dicitur
635 1299 772 1355 ergo
802 1284 1065 1339 Dominus
1094 1284 1454 1354 exercituum,
1486 1284 1613 1356 quia
1645 1283 1894 1354 proiecto

283 1390 390 1445 per
408 1377 645 1428 mortem
700 1372 1044 1429 Dominicam
1106 1387 1214 1428 non
1261 1372 1439 1429 solum
1492 1372 1668 1429 electa
1709 1373 1895 1428 Judaea

283 1461 594 1534 colligitur,
625 1461 722 1517 sed
766 1477 963 1517 omnes
993 1466 1193 1535 gentes
1221 1463 1292 1517 ad
1349 1462 1453 1518 Dei
1509 1461 1895 1532 omnipotentis

286 1550 572 1605 servitium
604 1550 1017 1620 perducuntur;
1050 1565 1173 1622 quae
1229 1550 1361 1606 dum
1419 1558 1612 1606 contra
1649 1550 1894 1606 occultos

285 1641 474 1697 hostes
512 1636 704 1694 ﬁdeles
758 1638 908 1694 acies
963 1638 1217 1694 virtutum
1277 1639 1444 1694 armis
1501 1639 1757 1695 robustas
1788 1638 1894 1694 du-

2004 486 2175 543 nerati
2207 493 2351 548 sunt,
2383 485 2480 541 sed
2510 486 2845 557 expellendo
2873 494 3217 558 peremerunt
3245 487 3272 539 ἱ)
3302 485 3383 540 lbi
3412 494 3594 541 tamen

2003 576 2238 642 fuerunt,
2280 575 2407 647 quia
2461 576 2560 631 etsi
2608 574 2899 631 crudeliter
2944 575 3230 630 smvierunt
3260 575 3313 628 in
3364 581 3593 629 mortem

2002 664 2241 729 Domini,
2267 680 2333 720 ex
2354 664 2447 719 illa
2472 673 2648 720 tamen
2678 663 2991 721 crudelitate
3013 678 3121 717 non
3153 667 3276 717 sunt
3300 662 3595 730 consecuti,

2002 754 2147 824 quod
2179 752 2455 809 saeviendo
2484 760 2800 820 statuerunt,
2847 752 2940 807 sed
2972 753 3162 806 aiterni
3207 751 3378 806 Patris
3407 749 3593 806 consi-

2003 842 2130 897 lium
2162 843 2217 897 in
2247 842 2367 912 ejus
2398 842 2656 913 unigeniti
2690 849 2870 896 morte
2917 839 3249 910 compleant.
3297 838 3595 894 Consilium

2003 946 2238 1003 namque
2267 940 2457 987 eorunt
2489 931 2605 996 fuit,
2639 938 2696 986 ut
2724 930 2992 985 eumideo
3023 929 3181 984 mOrti
3213 928 3501 992 traderent,
3526 943 3595 981 ne

2002 1021 2055 1074 in
2089 1021 2264 1091 ipsum
2298 1021 2529 1092 pOpqus
2557 1020 2780 1076 credere
2827 1020 3126 1089 potuisset;
3159 1018 3254 1073 sed
3284 1017 3373 1087 qui
3403 1031 3594 1086 perse-

2002 1117 2220 1164 cutores
2248 1124 2379 1164 suos
2406 1109 2664 1179 injunctae
2693 1108 2796 1163 sibi
2819 1105 3473 1179 paternarpraeceptionis
3504 1104 3599 1159 ad-

1996 1196 2208 1266 jutores
2238 1198 2459 1267 habeat,
2492 1207 2733 1253 mortuus
2761 1197 3074 1262 resurrexit,
3121 1204 3174 1249 et
3212 1193 3389 1250 omnis
3429 1210 3596 1248 mun-

2002 1287 2107 1342 dus
2138 1287 2191 1341 in
2222 1303 2343 1342 eum
2374 1287 2617 1344 credidit.
2641 1288 2718 1342 lbi
2740 1286 2885 1342 enim
2916 1294 3071 1341 erant
3098 1283 3194 1338 ﬁlii
3224 1283 3364 1349 Heli,
3392 1282 3595 1353 Ophni,

2004 1383 2056 1430 et
2087 1375 2336 1443 Phincos,
2368 1376 2421 1430 id
2452 1379 2537 1430 est
2564 1376 2615 1430 in
2642 1375 2901 1431 missione
2927 1394 2938 1429 :
2975 1373 3098 1444 quia
3147 1373 3481 1441 Redemptor
3508 1386 3597 1425 no-

2004 1469 2115 1519 stcr
2143 1465 2210 1519 ad
2241 1464 2574 1535 implendam
2607 1465 2777 1520 Patris
2806 1464 2890 1519 sui
2920 1462 3594 1528 voluntatemJudazorum

2003 1554 2260 1624 prmlatos
2284 1553 2516 1611 fautores
2555 1554 2780 1619 habuit;
2839 1569 3165 1625 quamquam
3195 1551 3295 1621 ipsi
3327 1567 3386 1605 se
3417 1549 3465 1604 ei
3496 1564 3597 1604 ne-

2006 1660 2271 1715 quaquam
2306 1642 2487 1698 favere
2518 1643 2822 1710 crederent,
2868 1658 3029 1714 quem
3059 1640 3312 1697 occidere
3354 1654 3466 1694 non
3497 1653 3598 1709 pa-

284 1736 445 1796 cunt,
478 1744 580 1797 per
607 1726 844 1800 gloriam
888 1726 1144 1800 triumphi
1175 1726 1245 1782 ad
1299 1742 1535 1800 superna
1559 1743 1727 1799 regna
1757 1743 1891 1798 per-
1919 1757 1975 1818 Β
2006 1732 2226 1787 vissent.
2261 1732 2417 1788 Unde
2446 1740 2499 1788 et
2527 1732 2765 1803 sequitur
2799 1753 2812 1789 :

283 1816 535 1872 veniunt.

354 1906 451 1960 11.
501 1907 679 1961 Locus
721 1904 894 1962 etiam
947 1905 1331 1962 immolationis
1391 1904 1714 1970 declaratur,
1767 1905 1894 1976 quia

282 1993 523 2050 dicitur:
552 1995 623 2051 In
656 1995 790 2051 Silo.
825 1994 942 2051 Silo
971 1995 1119 2050 edim
1169 1995 1386 2063 missus,
1425 1996 1539 2051 sive
1584 1995 1771 2049 missio
1799 1995 1887 2048 in.

280 2090 635 2153 terpretatur.
661 2081 804 2152 Quid
827 2099 1061 2155 namque
1082 2099 1182 2154 per
1226 2082 1376 2138 hanc
1404 2083 1754 2148 missionem,
1787 2081 1893 2137 nisi

284 2172 490 2227 summi
522 2172 704 2227 Patris
731 2171 1034 2241 injunctum
1065 2172 1352 2243 unigenito
1390 2180 1726 2244 prieceptum
1752 2171 1892 2226 obe-

284 2260 512 2316 dientim
542 2260 865 2333 designatur
896 2261 925 2315 ?
955 2260 1084 2332 quid
1110 2269 1195 2316 est
1219 2261 1385 2316 etiam
1407 2261 1554 2333 quod
1572 2260 1625 2316 in
1649 2259 1764 2315 Silo
1791 2260 1895 2315 im-

282 2349 497 2405 molare
516 2348 735 2415 dicitur,
766 2348 873 2404 nisi
917 2349 1041 2419 quia
1084 2365 1194 2404 non
1239 2349 1396 2405 aliter
1439 2364 1499 2405 se
1528 2348 1687 2405 morti
1715 2348 1890 2416 dedit,

285 2453 457 2508 quam
484 2453 516 2491 a
549 2438 707 2492 Patre
733 2436 1041 2493 mandatum
1069 2437 1299 2493 habuit?
1328 2438 1450 2493 Non
1479 2437 1681 2509 quippe
1701 2436 1895 2491 immo-

284 2527 428 2582 laret
453 2525 513 2580 in
542 2525 680 2592 Silo,
712 2525 757 2579 si
796 2524 953 2581 aliter
1008 2534 1322 2595 moreretur,
1356 2541 1516 2596 quam
1566 2533 1893 2597 prmoeptum

283 2631 315 2669 ει
348 2617 514 2670 Patre
538 2614 849 2669 habuisset.
892 2614 1046 2670 Unde
1075 2624 1127 2669 et
1170 2630 1267 2685 per
1321 2614 1676 2685 semetipsum
1706 2614 1842 2670 dixit
1874 2633 1887 2670 :

283 2702 461 2760 Sicut
488 2702 831 2758 mandatum
855 2703 1010 2759 dedit
1032 2704 1179 2759 mihi
1210 2705 1398 2771 Pater,
1430 2706 1511 2761 sic
1528 2706 1680 2775 facio
1703 2705 1887 2772 (toan.

288 2809 411 2857 xxv,
438 2792 549 2861 31).
585 2792 728 2846 Hinc
772 2791 972 2846 Paulus
1013 2792 1117 2847 ait:
1153 2794 1358 2849 Factus
1412 2792 1672 2849 obediens
1729 2793 1893 2847 Patri

289 2897 475 2953 usque
504 2885 582 2936 ad
609 2885 848 2937 mortem
867 2882 1057 2937 crucis
1077 2882 1311 2952 (Philip.
1336 2898 1392 2949 ιι,
1416 2882 1489 2951 8).
1515 2881 1575 2937 In
1597 2880 1709 2935 Silo
1729 2881 1894 2951 igitur

288 2978 344 3025 et
407 2966 676 3036 adoravit,
734 2972 786 3023 et
850 2968 1201 3026 immolavit:
1274 2968 1413 3044 quia,
1449 2968 1889 3044 .ta,rn,,vivendo,

286 3074 464 3130 quam
492 3058 801 3114 moriendo.
851 3058 1020 3114 Patris
1072 3058 1158 3114 sui
1212 3041 1569 3131 voluntatem,
1600 3041 1928 3145 icci3,"§¢?.;‘

290 3150 483 3219 quitur
513 3168 528 3204 :

360 3265 554 3334 (Vera.
583 3265 662 3327 8.)
691 3265 871 3319 Erant
901 3263 979 3319 ibi
1008 3264 1117 3321 duo
1144 3263 1442 3349 ﬁgitjleli,
1466 3263 1667 3349 Qghni,
1701 3266 1756 3348 ft

285 3371 455 3419 necs,
490 3353 810 3409 sacerdotes
840 3353 1088 3410 Domini.
1188 3336 1193 3338 Ἴ
1270 3336 1313 3410 ’Ῐ
1466 3344 1488 3419 ,Ῐ

363 3443 464 3497 12.
502 3442 582 3497 De
604 3442 808 3513 quibus
839 3446 983 3497 recte
1018 3440 1291 3511 qumritur,
1315 3455 1414 3497 cur
1439 3426 1688 3495 dicantur
1710 3426 1907 3495 sacer-

288 3533 463 3587 dotes
495 3530 736 3598 Domini,
769 3529 858 3601 qui
888 3545 998 3584 non
1021 3530 1185 3585 valde
1216 3529 1439 3584 interius
1470 3529 1632 3584 Belial
1663 3527 1754 3582 ﬁlii
1784 3544 1907 3584 esse

290 3622 375 3691 (τι)
412 3618 766 3675 refcrantur?
796 3618 903 3673 Sed
932 3618 973 3673 si
1003 3618 1071 3672 ad
1126 3617 1359 3673 litteram
1417 3615 1736 3688 simpliciter
1763 3614 1900 3670 istud

292 3710 362 3764 de
400 3706 658 3764 Heliﬁliis
688 3708 960 3779 qua>ritur,
996 3706 1153 3762 facile
1202 3705 1604 3775 respondetur:
1664 3703 1787 3776 quia
1843 3719 1909 3759 eo

293 3806 557 3867 tempore
588 3796 900 3851 sacerdotes
930 3794 1148 3849 Domini
1170 3793 1295 3849 dicti
1327 3802 1469 3862 sunt,
1501 3794 1715 3866 quando
1745 3793 1912 3848 simu-

294 3887 580 3941 lacrorum
612 3885 923 3940 sacerdotes
952 3902 1014 3939 ex
1046 3885 1268 3940 deorum
1304 3882 1562 3938 falsorum
1593 3882 1909 3937 nominibus

293 3974 685 4030 censebantur.
717 3973 852 4028 Cum
893 3989 1026 4045 ergo
1054 3971 1308 4027 dicuntur
1334 3970 1642 4026 sacerdotes
1670 3969 1907 4036 Domini,

295 4080 403 4133 per
436 4061 676 4133 insignia
699 4059 844 4127 ﬁdei,
877 4076 907 4114 a
930 4060 1351 4116 simulacrorum
1385 4058 1679 4115 cultoribus
1708 4058 1910 4113 discer-

301 4159 535 4207 nuntur.
575 4151 670 4205 His
714 4150 858 4205 enim
916 4149 1097 4207 verbis
1154 4165 1341 4205 eorum
1369 4147 1521 4212 ﬁdes,
1581 4154 1636 4202 et
1662 4163 1772 4201 non
1804 4147 1913 4202 vita

296 4240 649 4311 praedicatur
681 4255 694 4293 :
736 4239 863 4310 quia
894 4244 947 4294 et
966 4238 1295 4309 pravitatem
1326 4236 1654 4292 exercebant
1700 4236 1906 4307 operis,

297 4330 403 4385 sed
440 4344 550 4382 non
581 4327 844 4382 errabant
873 4327 925 4380 in
958 4326 1063 4382 tide
1091 4326 1418 4382 Conditoris.
1450 4324 1607 4394 Quod
1647 4331 1829 4380 tamen
1859 4332 1911 4381 et

294 4427 556 4488 tempore
585 4416 784 4471 divinae
826 4415 1209 4472 incarnationis
1236 4414 1440 4470 Judaate
1496 4413 1724 4484 praelatis
1771 4428 1910 4471 con-

298 4505 598 4563 venienter
626 4503 963 4559 adscribitur.
1009 4502 1112 4572 Qui
1143 4502 1396 4558 nimirum
1436 4501 1746 4557 sacerdotes
1800 4500 1910 4557 duo

298 4612 435 4650 esse
467 4593 797 4658 referuntur,
830 4598 886 4647 et
916 4592 1019 4648 hoc
1047 4592 1220 4663 ipsum
1251 4607 1360 4646 non
1388 4591 1623 4646 refertur
1648 4589 1719 4644 ad
1751 4590 1913 4645 virtu-

299 4685 384 4739 tis
418 4681 663 4749 laudem,
696 4680 793 4736 sed
816 4681 883 4737 ad
902 4680 1210 4736 calliditatis
1233 4679 1726 4751 reprehensionem.
1759 4678 1912 4735 Unde

300 4782 361 4829 et
382 4787 490 4843 per
515 4770 872 4839 semetipsum
901 4769 1162 4824 Dominus
1186 4768 1265 4824 eis
1286 4767 1664 4832 comminatur,
1682 4766 1871 4822 dicens
1896 4785 1907 4820 :

311 4863 407 4916 Fce
440 4859 621 4928 vobis,
653 4858 861 4913 Scriba:
887 4861 943 4913 et
974 4857 1248 4912 Pharisazi
1275 4855 1598 4929 hypocritw,
1631 4857 1728 4927 qui
1757 4855 1915 4909 simi-

304 4952 393 5005 les
423 4950 566 5004 estis
592 4947 876 5019 sepulcris
912 4945 1206 5010 dealbatis,
1240 4961 1361 5016 qua:
1389 4961 1423 5000 α
1452 4946 1596 5012 [or-is
1650 4944 1915 4998 videntur

298 5036 583 5110 pulchra,
642 5035 808 5089 intus
860 5036 1000 5089 sunt
1056 5034 1228 5105 plena
1279 5033 1490 5089 ossibus
1557 5036 1914 5088 mortuorum

303 5126 542 5196 (Matth.
579 5140 732 5188 χχιιι,
788 5122 899 5193 2Ἱ).

392 5242 433 5307 1
449 5244 496 5308 3
534 5240 621 5294 13.
646 5238 756 5295 Sed
780 5237 913 5310 quid
944 5245 1046 5303 est,
1067 5236 1208 5307 quod
1234 5236 1304 5291 ibi
1336 5252 1455 5292 esse
1483 5235 1793 5292 referuntur
1812 5234 1839 5289 τ
1856 5233 1915 5290 Si

304 5328 463 5385 enim
496 5328 630 5395 Silo,
661 5328 712 5382 id
738 5325 1049 5393 estmissio,
1068 5326 1214 5381 illam
1239 5324 1431 5380 summi
1464 5325 1634 5380 Patris
1664 5342 1914 5395 praecep-

299 5419 517 5474 tionem
549 5415 840 5488 signiﬁcat,
892 5414 1165 5486 quomodo
1203 5413 1411 5486 prazlati
1453 5413 1656 5470 Judseae
1684 5413 1757 5469 ibi
1789 5414 1912 5470 fuc-

337 5684 344 5689 .
384 5590 467 5664 (α)
499 5589 613 5660 ΑΙ..
645 5592 1003 5677 referuntur.

2074 1823 2249 1892 (Vers.
2281 1822 2360 1891 4.)
2397 1824 2553 1878 Venit
2582 1838 2708 1894 ergo
2737 1822 2877 1889 dies,
2910 1827 2965 1876 et
2989 1820 3305 1875 immolavit
3335 1818 3594 1880 Ileleona.

2001 1910 2262 1983 deditque
2287 1912 2626 1976 Phenennce,
2655 1914 2711 1967 et
2738 1911 2896 1980 ﬁliis,
2916 1914 2972 1966 et
2992 1909 3215 1979 ﬁliabus
3239 1911 3361 1979 ejus
3381 1912 3594 1978 partes.

2077 2001 2160 2056 14.
2196 1999 2368 2068 Quem
2413 2001 2558 2056 diem
2599 2000 2758 2055 istum
2800 2016 2918 2054 esse
2948 1999 3239 2063 credimus,
3288 1997 3388 2051 nisi
3437 2011 3599 2067 quem

2001 2087 2291 2159 Scriptum
2318 2104 2486 2143 sacrm
2534 2088 2845 2143 testimonia
2871 2088 3043 2142 Isaias
3097 2086 3298 2152 statuit,
3355 2085 3546 2140 dicens
3580 2101 3591 2136 :

2010 2179 2296 2250 Tanquam
2316 2178 2430 2234 ouis
2449 2178 2521 2233 ad
2542 2180 2876 2233 occisionem
2896 2178 3157 2243 ducetur,
3182 2180 3238 2230 et
3254 2176 3400 2231 sicut
3418 2189 3598 2245 agnus

2001 2282 2189 2323 coram
2219 2283 2279 2322 se
2309 2266 2581 2322 tondente
2601 2268 2673 2333 (b)
2694 2266 3034 2322 obmutescet
3056 2305 3067 2326 ,
3094 2269 3150 2318 et
3168 2279 3282 2319 non
3306 2264 3520 2335 aperiet
3537 2277 3598 2317 os

2001 2371 2167 2412 suum
2199 2355 2359 2423 (Isai.
2384 2371 2496 2421 un,
2526 2355 2583 2427 ’7)
2604 2356 2632 2409 ?
2665 2353 2819 2409 Venit
2840 2354 3039 2424 quippe
3060 2353 3196 2413 dies.
3228 2368 3349 2407 cum
3380 2350 3595 2405 claritas

2000 2443 2476 2515 promissioraculi
2503 2451 2715 2513 tempus
2736 2443 2974 2498 ostendit
2993 2440 3289 2497 Dominica‘
3303 2438 3593 2508 passionis.

2001 2533 2151 2589 Tunc
2180 2532 2481 2588 immolavit
2510 2532 2771 2597 Helcana,
2803 2531 2925 2601 quia
2967 2547 3026 2585 se
3055 2530 3385 2599 Redemptor
3410 2536 3599 2583 noster
3654 2544 3663 2556 ε

2001 2630 2206 2678 mterno
2252 2622 2398 2677 Patri
2450 2622 2506 2676 in
2562 2621 2825 2676 sacriﬁcio
2878 2627 3074 2675 nostra:
3124 2615 3477 2673 absolutionis
3505 2631 3602 2685 per

2001 2720 2229 2766 mortem
2261 2710 2438 2766 crucis
2466 2710 2678 2765 obtulit.
2701 2710 2848 2764 Tunc
2878 2709 3187 2763 Phenenna:
3215 2714 3269 2762 et
3297 2706 3422 2760 ﬁliis
3453 2713 3507 2760 et
3527 2704 3595 2758 ti-

2001 2799 2175 2855 liabus
2201 2799 2322 2869 ejus
2343 2799 2489 2855 dedit
2518 2806 2717 2869 partes,
2737 2798 2864 2868 quia
2885 2796 3138 2851 nimirum
3171 2796 3372 2851 electos
3392 2792 3600 2849 Judaaae

2003 2906 2140 2959 quos
2171 2888 2323 2957 apud
2354 2887 2559 2943 inferos
2583 2887 2806 2957 reperit,
2841 2886 2910 2940 ad
2936 2885 3172 2955 paradisi
3202 2884 3400 2955 gaudia
3429 2897 3594 2952 repor

2003 2978 2154 3033 tavit.
2187 2979 2370 3033 Partes
2413 2976 2616 3047 quippe
2646 2990 2851 3038 eorum,
2908 2978 3031 3028 sunt
3060 2973 3205 3028 dona
3263 2972 3592 3043 gaudiorum

1965 3116 1977 3139 ,
2008 3065 2534 3139 pereeriium.rUade
2562 3072 2613 3120 et
2645 3062 2930 3120 Psalmista
2971 3063 3132 3117 sortis
3173 3077 3285 3116 suae
3326 3059 3483 3113 situm
3516 3059 3588 3113 eli

1986 3170 2168 3226 agens;
2182 3154 2281 3209 ait:
2306 3155 2496 3221 Pprtie
2512 3167 2658 3216 mea,
2679 3152 2928 3216 Domine,
2949 3151 3024 3205 sit
3039 3150 3100 3204 in
3122 3153 3273 3203 terra
3293 3148 3604 3204 viventium

2012 3247 2127 3314 (Ps.
2159 3259 2307 3309 cm,
2341 3243 2417 3312 6).
2449 3243 2593 3296 Bene
2620 3249 2796 3296 autem
2847 3253 3093 3294 seorsum
3132 3239 3419 3291 Plienenna
3451 3243 3503 3290 et
3532 3233 3602 3289 ﬁ-

2010 3332 2159 3388 liL‘et'
2181 3331 2577 3387 illae-seorsum
2608 3329 2664 3383 in
2692 3326 3025 3397 accipiendis
3055 3327 3291 3396 partibus
3324 3324 3605 3379 nominan-

2014 3420 2460 3479 turs'lrtterierna
2496 3418 2712 3490 .quippe
2768 3418 3024 3472 doctores
3075 3415 3278 3469 Judaem
3311 3412 3604 3484 significat,

2015 3508 2108 3565 ﬁlii
2128 3524 2255 3564 vero
2268 3508 2557 3565 validiores
2571 3507 2848 3560 auditores
2861 3502 3125 3573 ejus,ﬁliu:
3144 3511 3318 3556 autem
3338 3499 3605 3554 inﬁrmio-

2017 3615 2125 3663 res,
2157 3597 2327 3667 ipsius
2355 3596 2603 3650 subditos
2621 3594 2926 3665 designant,
2960 3594 3217 3649 Seorsum
3249 3605 3379 3661 ergo
3408 3596 3605 3654 mater,

2018 3694 2070 3742 et
2101 3687 2215 3749 ﬁiii,
2250 3693 2300 3741 et
2339 3683 2466 3740 ﬁlize
2508 3689 2912 3738 memorantur:
2946 3681 3073 3751 quia
3115 3687 3343 3749 prepter
3370 3677 3611 3749 disparia

2018 3777 2312 3833 electorum
2344 3782 2589 3830 veterum
2629 3772 2838 3839 merita,
2886 3769 3115 3842 aequalia
3170 3783 3352 3824 eorum
3383 3765 3609 3839 praemia

2018 3881 2125 3920 non
2156 3864 2389 3919 fuerunt.
2424 3862 2683 3933 Sequitur
2713 3878 2727 3915 :

2089 3953 2268 4022 (Vers.
2300 3950 2380 4022 5.)
2412 3955 2588 4007 Anna:
2608 3953 2802 4005 autem
2831 3948 2983 4004 dedit
3011 3951 3234 4020 partem
3259 3960 3432 4001 unam
3466 3944 3606 4001 tris-

2020 4045 2097 4098 tis
2133 4061 2150 4095 :
2176 4041 2308 4113 quia
2338 4042 2574 4095 Annam
2603 4038 2897 4110 diligebat.

2092 4131 2178 4186 15.
2211 4129 2355 4198 Quid
2377 4136 2474 4191 est,
2495 4127 2641 4198 quod
2670 4142 2793 4181 cum
2826 4134 3005 4196 partes
3033 4125 3360 4187 Phenennm,
3386 4130 3439 4176 et
3465 4119 3607 4188 ﬁliis,

2019 4218 2305 4274 etﬁliabus
2347 4217 2514 4282 dedit,
2560 4215 2727 4270 tristis
2773 4229 3113 4286 nequaquam
3146 4212 3286 4266 fuit:
3330 4226 3451 4265 cum
3482 4224 3611 4264 vero

2020 4319 2228 4380 partem
2259 4322 2424 4363 unam
2454 4309 2621 4362 Anna:
2641 4303 2850 4371 tribuit,
2878 4302 3044 4357 tristis
3068 4300 3236 4355 fuisse
3253 4298 3608 4370 perhibetur?

2021 4397 2129 4452 Sed
2160 4396 2285 4466 quid
2317 4402 2396 4451 est
2425 4410 2528 4450 una
2561 4410 2683 4464 pars
2703 4396 2891 4457 Annae,
2922 4390 3027 4446 nisi
3057 4388 3367 4459 temporalis
3388 4385 3610 4442 afﬂictio

1937 4466 1991 4526 D
2023 4492 2223 4540 sanctae
2268 4482 2574 4539 Ecclesiae?
2616 4484 2768 4537 Hanc
2807 4496 3040 4552 namque
3082 4478 3129 4534 ei
3176 4484 3383 4548 partem
3425 4475 3609 4540 dabat,

2021 4590 2146 4629 cum
2173 4572 2417 4629 dicebat:
2443 4574 2612 4627 Amen
2635 4587 2803 4626 amen
2820 4570 2941 4626 dico
2961 4568 3126 4633 vobis,
3146 4569 3278 4639 quia
3298 4564 3608 4635 plorabitis,

2021 4666 2080 4719 et
2092 4662 2300 4732 flebitis
2320 4677 2431 4724 vos,
2449 4660 2698 4714 mundus
2713 4663 2910 4713 autem
2928 4657 3205 4729 gaudebit,
3227 4671 3315 4710 vos
3339 4669 3463 4709 vero
3480 4668 3608 4709 con-

2024 4751 2404 4807 tristabimini
2435 4750 2616 4817 (Joan.
2636 4764 2743 4809 xvr.
2770 4748 2883 4815 20).
2918 4747 3078 4800 Hanc
3109 4753 3311 4814 partem
3343 4742 3393 4797 ei
3423 4741 3609 4806 dabat,

2023 4857 2142 4896 cum
2189 4837 2417 4893 Ananiae
2466 4835 2686 4891 Paulum
2732 4834 3160 4895 commendaret,
3206 4832 3432 4888 dicens:
3475 4830 3614 4885 Vade

2024 4930 2155 5002 quia
2190 4945 2287 4984 vas
2316 4926 2605 4982 electionis
2636 4928 2720 4980 est
2745 4923 2888 4978 mihi
2917 4926 3045 4987 iste,
3087 4927 3152 4975 ut
3190 4925 3376 4992 portet
3407 4935 3610 4975 nomen

2022 5034 2211 5075 meum
2234 5032 2420 5073 coram
2443 5015 2723 5086 gentibus.
2739 5012 3042 5082 etregibus,
3057 5016 3110 5065 ct
3130 5011 3269 5080 ﬁliis
3293 5010 3496 5063 Israel:
3518 5022 3611 5078 ego

2023 5110 2178 5165 enim
2200 5104 2493 5162 ostendam
2513 5105 2587 5171 ei,
2605 5105 2821 5173 quanta
2838 5116 2966 5155 cum
2988 5104 3244 5169 oporteat
3263 5113 3364 5168 pro
3384 5092 3612 5151 nomine

2022 5212 2145 5252 meo
2174 5196 2300 5267 pati
2331 5194 2472 5261 (Act.
2492 5208 2566 5255 χι,
2595 5194 2659 5244 15
2680 5190 2859 5257 e116).
2881 5189 3034 5244 Unde
3064 5188 3115 5240 in
3149 5186 3268 5253 ejus
3298 5184 3613 5252 acceptione

2024 5285 2171 5339 idem
2210 5284 2402 5337 doctor
2449 5280 2701 5335 Gentium
2741 5277 3023 5349 gloriatur,
3062 5275 3283 5329 dicens:
3321 5270 3613 5343 Adimpleo

2023 5390 2109 5442 ea,
2142 5388 2265 5444 qua
2294 5369 2499 5425 desunt
2542 5368 2864 5441 passionum
2901 5363 3108 5419 Christi
3154 5363 3213 5416 in
3240 5378 3467 5432 corpore
3493 5377 3612 5416 meo

2023 5462 2160 5533 (Col.
2196 5479 2235 5527 ι,
2264 5460 2379 5530 Ἡ).
2410 5457 2548 5512 Hinc
2568 5456 2758 5510 iterum
2780 5453 2938 5509 dicit:
2972 5453 3078 5522 Ego
3100 5451 3371 5522 stigmata
3400 5451 3529 5505 Iesu
3552 5451 3614 5504 in

2096 5585 2172 5657 (b)
2204 5582 2284 5639 Al.
2295 5621 2310 5652 ,
2339 5578 2619 5668 Tondente
2642 5578 2764 5634 sine
2788 5590 2913 5634 voce
2934 5591 3047 5633 non
3072 5578 3297 5651 aperiet
3320 5590 3377 5631 os
3401 5589 3566 5657 suum
3584 5569 3612 5625 ν
