4062 6182
330 286 395 349 81
1510 278 1788 338 ιεΑΝρΤι
1815 272 1979 332 GRH

2095 275 2159 330 ill
2188 272 2338 330 MAG
2347 274 2420 329 Nl
3560 266 3627 328 32

326 433 553 491 corpore
581 431 707 471 meo
734 418 899 487 porto
927 412 1232 484 (Galat.v1,
1252 408 1361 481 l7).
1381 407 1518 464 Hinc
1534 407 1610 462 ait
1629 426 1641 462 :
1661 405 1795 462 Mihi
1811 422 1913 460 au-
1942 397 1998 460 Α
2028 413 2126 470 pro
2157 412 2355 491 magno
2383 395 2641 491 habebat,
2684 393 2828 467 quod
2884 390 3127 491 converti
3181 388 3249 444 ad
3306 386 3471 443 ﬁdem
3524 402 3631 439 non

328 480 441 565 tem
470 505 616 561 absit
641 503 898 575 gloriari,
922 501 1039 557 nisi
1064 501 1125 556 in
1155 514 1322 557 cruce
1341 498 1566 555 Domini
1586 496 1773 551 nostri
1794 496 1929 550 Jesu
2033 485 2372 557 pravalebit.
2401 484 2567 554 Quasi
2599 499 2735 556 ergo
2764 480 3194 554 magnitudinem
3219 491 3485 533 cat-mus
3520 496 3545 528 τ»
3548 494 3633 543 J11.-

332 595 561 653 Christi.
594 610 695 664 per
737 607 900 664 quem
930 591 1075 645 mihi
1114 589 1363 645 mundus
1395 585 1715 654 cruciﬁxus
1741 586 1846 649 est,
1871 587 1928 637 et
2035 576 2306 647 prOpheta
2334 574 2626 638 admirans,
2669 572 2777 626 ait:
2818 572 2986 625 Tanta
3026 568 3268 639 caligine
3297 582 3503 619 erroris
3536 564 3635 618 de-

324 651 421 754 ego
442 651 652 737 mundo
676 651 866 751 (Ibid.,
901 682 1017 747 14).
1058 680 1229 735 Unam
1262 678 1463 747 quippe
1489 651 1696 744 partem
1716 690 1745 725 a
1774 688 1930 742 spon-
2041 664 2305 754 primitur,
2332 671 2390 717 ut
2420 661 2550 717 inde
2573 660 2726 715 bonis
2747 659 2983 754 insultet.
3027 655 3172 728 quod
3205 654 3321 726 ipsa
3354 656 3497 707 bona
3521 651 3636 705 tieri

326 743 390 826 so
420 778 756 841 susceperat,
793 769 883 841 qui
910 743 1131 836 gloriari
1160 768 1213 821 in
1246 743 1374 820 sola
1393 743 1554 821 cruce
1584 762 1928 833 disponebat.
2038 752 2182 808 ultra
2212 767 2324 807 non
2356 760 2551 822 potest.
2586 750 2681 804 Cui
2714 746 2955 819 profecto
3002 743 3258 818 pereunti
3305 743 3433 815 quia
3475 749 3637 796 santa

330 861 467 916 Cum
498 836 630 931 ergo
660 836 842 931 partes
871 859 1174 912 Plionenua
1217 854 1427 920 tribuit,
1480 853 1729 907 Helcana
1770 849 1933 905 tristis
2038 840 2289 898 Ecclesia
2317 837 2617 905 condoluit,
2648 836 2895 908 sequitur
2927 852 2940 889 :

328 965 441 1007 non
463 947 602 1012 fuit;
635 947 761 1020 quia
791 946 1121 1015 Redemptor
1149 952 1336 1000 noster
1365 943 1574 999 electos
1605 955 1931 1012 synagoga.

334 1045 461 1111 post
491 1037 684 1092 mortis
712 1036 1084 1107 triumphum;
1127 1034 1228 1102 14
1277 1031 1514 1104 paradisi
1560 1029 1779 1102 gaudiis
1817 1029 1934 1098 jam

337 1128 493 1184 latus
533 1124 789 1182 reddidit.
836 1126 1014 1180 Anna
1060 1130 1241 1177 autem
1285 1128 1495 1193 partem
1526 1118 1701 1173 tristis
1731 1116 1932 1185 tribuit,

2113 931 2291 1002 (Vers.
2322 930 2398 1000 7).
2435 931 2607 984 Porro
2637 929 2803 982 Anna
2832 923 3036 995 ﬂebat.

2114 1020 2201 1074 18.
2235 1019 2371 1073 Nam
2402 1025 2458 1072 et
2484 1014 2693 1071 doloris
2722 1014 2808 1069 sui
2846 1014 3081 1069 lamenta
3127 1008 3364 1093 protulit,
3398 1007 3589 1064 dicens
3621 1024 3635 1061 :

2051 1108 2306 1166 Tristitia
2336 1110 2421 1163 est
2451 1106 2597 1161 mihi
2625 1119 2855 1175 magna,
2889 1106 2946 1159 et
2964 1100 3273 1157 continuus
3301 1095 3458 1154 dolor
3486 1093 3641 1154 cordi

340 1216 470 1289 quia
502 1230 612 1271 non
641 1212 880 1284 compati
909 1212 959 1267 ei
987 1226 1097 1267 non
1126 1185 1357 1281 poterat,
1392 1225 1551 1280 quam
1582 1207 1771 1263 mortis
1800 1221 1938 1262 con-
2042 1213 2167 1253 meo
2193 1215 2209 1250 :
2237 1196 2494 1268 Optabam
2523 1194 2750 1266 quidem
2779 1196 2837 1248 et
2860 1192 2977 1264 ipse
3005 1187 3317 1245 anathema
3366 1185 3496 1255 ﬁeri
3542 1199 3642 1255 pro

335 1274 532 1377 iugem
568 1274 933 1374 relinquebat,
993 1308 1048 1356 et
1102 1274 1281 1356 crucis
1338 1274 1638 1354 haredem.
1704 1295 1856 1353 Unde
1887 1303 1942 1351 et

2095 1285 2323 1342 utribus
2350 1286 2492 1339 meis
2521 1300 2554 1338 a
2593 1282 2832 1345 Christo,
2864 1281 2963 1353 qui
2989 1281 3128 1335 sunt
3154 1276 3382 1347 cognati
3410 1274 3524 1329 mei
3550 1288 3646 1329 se-

342 1363 580 1466 pa‘tiente
611 1363 1144 1462 Step'hano,'apertis
1174 1388 1348 1455 caelis,
1394 1388 1553 1442 Jesus
1578 1396 1723 1442 stare
1751 1383 1941 1456 perhi—
2047 1374 2297 1466 cundum
2328 1388 2562 1429 carnem
2580 1373 2767 1442 (Rom.
2785 1386 2863 1437 ix,
2892 1372 2947 1434 2,
2977 1367 3060 1466 3).
3099 1367 3166 1421 Et
3354 1363 3429 1419 de
3457 1376 3645 1419 eorum

345 1482 507 1539 betur
532 1482 677 1550 (Act.
712 1496 809 1544 vn,
841 1482 954 1549 55).
989 1478 1143 1534 Stare
1173 1477 1320 1533 enim
1351 1477 1471 1546 ejus
1501 1475 1735 1546 compati
1767 1481 1869 1529 est.

425 1574 511 1626 16.
546 1569 702 1635 Quod
732 1576 915 1624 autem
943 1566 1218 1634 subditur,
1243 1568 1377 1638 quia
1407 1567 1629 1621 Annam
1654 1563 1941 1636 diligebat,

352 1659 634 1731 utriusque
663 1657 741 1713 rei
784 1672 945 1712 causa
1003 1655 1234 1728 intelligi
1288 1656 1681 1711 convenienter
1736 1658 1937 1723 potest.

2049 1463 2404 1522 conversione
2432 1461 2694 1534 gaudium
2727 1474 2838 1513 non
2870 1456 3099 1528 recepit,
3130 1452 3417 1509 subditur:

2131 1555 2231 1621 15
2267 1551 2443 1622 (Vers,
2478 1552 2557 1620 7.)
2588 1550 2659 1605 Et
2690 1547 2873 1603 cibum
2901 1562 3018 1603 non
3047 1542 3330 1616 capiebat.

2123 1640 2317 1696 Cibum
2346 1638 2581 1708 denique
2610 1645 2849 1709 caperet,
2891 1636 2937 1689 si
2966 1633 3035 1689 de
3064 1632 3265 1687 Judaa
3294 1630 3507 1700 integra
3527 1639 3655 1682 con-

354 1748 492 1805 Nam
524 1713 640 1803 sive
668 1748 811 1801 hunc
838 1745 960 1801 ideo
991 1713 1210 1799 tristem:
1242 1759 1364 1799 esse
1393 1742 1516 1812 quis
1544 1713 1790 1812 accipiat,
1824 1738 1946 1812 quia
1976 1757 2031 1818 Β
2060 1729 2317 1786 versione
2338 1727 2537 1784 latitia
2551 1726 2910 1782 refectionem
2931 1721 3229 1778 habuisset.
3247 1720 3383 1787 Qua
3398 1731 3533 1818 ergo
3552 1713 3658 1818 lle-

361 1839 576 1892 Annam
614 1833 896 1907 diligebat,
934 1833 1050 1888 sive
1090 1832 1294 1888 idcirco
1341 1830 1392 1888 ei
1420 1838 1627 1902 partem
1656 1844 1820 1884 unam
1850 1828 1949 1883 tri-

363 1924 567 1991 buisse,
597 1938 632 1978 a
658 1923 802 1979 bono
830 1921 1102 1978 intellectu
1124 1937 1232 1977 non
1262 1924 1438 1976 vacat.
1460 1919 1516 1974 Si
1537 1918 1682 1975 enim
1703 1933 1816 1973 non
1837 1915 1956 1971 dili-

366 2020 540 2086 geret,
571 2011 811 2082 compati
841 2010 960 2080 ejus
984 2008 1328 2082 passionibus
1371 2022 1711 2081 nequaquam
1769 2005 1952 2061 vellet.

369 2102 512 2158 Nam
543 2117 639 2156 cur
662 2100 753 2155 illa
772 2100 841 2156 de
859 2100 1094 2171 Egypto
1115 2098 1375 2165 educitur,
1399 2097 1503 2153 nisi
1519 2097 1640 2167 quia
1660 2096 1726 2150 ad
1753 2094 1956 2166 passio-

371 2206 496 2247 nem
526 2189 825 2245 invitatur?
875 2187 986 2245 Sed
1015 2188 1065 2244 ei
1109 2187 1268 2256 lacte,
1307 2186 1468 2243 melle
1508 2186 1814 2242 emanantia
1842 2184 1960 2240 loca

370 2277 771 2350 promittuntur.
801 2278 945 2333 Bene
973 2276 1142 2348 igitur
1168 2291 1293 2333 cum
1323 2277 1373 2331 ei
1404 2284 1609 2347 partem
1637 2288 1801 2329 unam
1831 2272 1962 2327 dare

373 2365 589 2433 dicitur,
622 2364 851 2439 diligere
879 2381 997 2421 eam
1037 2365 1381 2437 perhibetur:
1412 2363 1540 2434 quia
1567 2362 1821 2417 nimirum
1851 2360 1963 2415 Re-

377 2454 629 2526 demptor
655 2462 842 2510 noster
869 2461 1072 2508 sancta
1111 2451 1387 2516 Ecclesia,
1407 2452 1505 2506 etsi
1533 2451 1712 2506 crucis
1730 2465 1846 2504 sua
1875 2448 1962 2503 la-

377 2543 572 2599 borem
600 2542 844 2610 credidit,
867 2540 1260 2597 excellentiora
1286 2540 1337 2595 ei
1374 2539 1533 2596 valde
1559 2539 1615 2593 in
1644 2538 1785 2594 ccnlo
1814 2552 1967 2593 cons-

380 2631 530 2686 tituit
557 2630 704 2687 dona
746 2628 1128 2685 retributionis.
1189 2629 1353 2697 Cujus
1406 2626 1665 2681 nimirum
1693 2625 1967 2697 passionis

381 2720 725 2775 incrementa
754 2718 1060 2773 edisserens
1088 2716 1301 2782 subdit,
1335 2720 1498 2788 atque
1528 2716 1607 2771 ait
1631 2730 1644 2770 :

452 2809 631 2879 (Vera.
665 2810 694 2862 6
721 2816 774 2862 et
803 2812 877 2877 7).
912 2808 1165 2865 Dominis
1194 2815 1388 2863 autem
1429 2804 1791 2862 concluserat
1838 2803 1965 2858 vul-

382 2913 511 2953 vam
536 2898 683 2968 eius.
721 2897 1016 2968 Afﬂigebat
1056 2911 1267 2968 quoque
1312 2910 1437 2950 eam
1475 2894 1682 2950 minuta
1740 2892 1879 2962 ejus,
1911 2894 1969 2946 et

380 2985 741 3042 vehementer
770 2986 1086 3057 angebatin
1119 2989 1367 3049 tantum,
1399 2988 1467 3039 ut
1493 2982 1868 3055 exprobraret
1894 2980 1966 3057 ei,

384 3077 516 3146 quia
552 3077 911 3131 concluserat
937 3074 1215 3132 Dominus
1244 3074 1468 3129 vulvam
1508 3074 1673 3152 ejus}.
1693 3066 1872 3152 33:2
1955 3066 1975 3131 ὲ

454 3163 542 3219 17.
564 3162 795 3220 Vulvam
818 3162 1016 3234 quippe
1034 3169 1235 3218 sancta
1255 3146 1807 3232 Ecclesia-Damnum
1826 3152 1980 3213 claui

385 3251 472 3321 sit,
492 3254 618 3324 quia
637 3267 851 3307 summo
871 3250 991 3323 ejus
1006 3251 1212 3319 judicio
1232 3249 1505 3322 repulsum
1534 3249 1841 3305 Iudaeorum
1863 3262 1970 3318 po-

383 3318 572 3412 pulum
589 3340 643 3395 in
660 3318 1039 3411 Redemptoris
1055 3340 1220 3395 nostri
1241 3318 1344 3394 ﬁde
1365 3318 2037 3423 εερεςεζεεηηηξρίειῐιῖὶ)

388 3428 563 3497 Quam
594 3429 854 3484 nimirum
874 3429 994 3499 ejus
1021 3428 1218 3483 amula
1246 3427 1614 3510 alﬂixit,§quja
1634 3424 1972 3485 'eohtt'a’peam
1991 3434 2010 3449 '
2027 3446 2043 3459 -

388 3532 672 3590 synagoga
709 3517 871 3573 minis
899 3526 1060 3589 atque
1098 3516 1609 3588 exprobrationibus
1665 3514 1835 3570 sarit.
1869 3513 1979 3569 Sed

394 3606 443 3665 ei
467 3621 630 3676 quam
651 3622 754 3662 nec
771 3606 933 3661 mina
952 3622 1127 3677 neque
1142 3605 1483 3661 contumelia
1502 3604 1794 3676 fregerant,
1816 3603 1977 3657 etiam

396 3700 669 3751 tormento
700 3711 890 3767 pascas
918 3694 1201 3750 inferebat.
1226 3695 1371 3750 Bene
1399 3694 1582 3766 itaque
1611 3709 1731 3749 eam
1761 3707 1869 3747 non
1891 3706 1983 3746 so-

394 3783 505 3840 lum
530 3783 793 3856 afﬂigere,
838 3784 936 3840 sed
985 3784 1331 3839 vehementer
1370 3798 1574 3852 angere
1621 3781 1981 3852 perhibetur:

396 3873 525 3944 quia
551 3873 765 3944 repulsa
790 3872 979 3928 Judaa
1015 3880 1200 3928 contra
1255 3872 1482 3927 electam
1531 3870 1830 3926 Ecclesium
1859 3882 1984 3924 cum

398 3969 602 4018 terrore
633 3961 918 4030 minarum,
941 3961 1132 4028 movit,
1164 3968 1218 4015 et
1246 3960 1424 4033 plagis
1453 3959 1631 4015 cadit.
1663 3958 1817 4014 Unde
1847 3968 1900 4012 et
1919 3956 1986 4010 de

399 4057 766 4123 persequente
794 4054 921 4105 tunc
950 4048 1138 4118 Saulo,
1157 4048 1211 4103 in
1234 4048 1619 4119 Apostolorum
1652 4046 1878 4102 Actibus
1897 4044 1987 4098 di-

402 4142 577 4195 citur:
610 4140 815 4195 Saulus
844 4138 1030 4195 adhuc
1052 4138 1280 4207 spirans
1305 4140 1618 4200 minarum,
1653 4139 1713 4191 et
1735 4134 1907 4191 cadis
1927 4132 1989 4186 in

404 4228 710 4301 discipulos
736 4229 981 4292 Domini,
1012 4228 1249 4283 accessit
1285 4227 1357 4281 ad
1380 4226 1699 4295 principem
1728 4220 1990 4278 sacerdo-

409 4322 549 4385 tum,
584 4325 641 4374 et
665 4319 835 4389 petiit
864 4318 931 4373 ab
959 4332 1021 4373 eo
1062 4316 1326 4388 epistolas
1355 4316 1416 4368 in
1464 4315 1818 4375 Damascum,
1850 4313 1915 4363 ut
1945 4309 1996 4363 si

404 4423 536 4478 quos
568 4406 851 4461 inveniret
882 4404 1050 4463 huius
1078 4407 1184 4459 vile
1214 4405 1381 4465 viros,
1417 4401 1633 4455 vinctos
1664 4396 1999 4470 perduceret

1954 3050 2037 3069 ον’-

2060 1819 2139 1875 vit
2166 1818 2348 1874 cibum
2374 1831 2482 1871 non
2508 1814 2738 1886 accepit,
2771 1813 2900 1883 quia
2930 1827 3053 1881 qua
3082 1811 3152 1865 de
3175 1816 3437 1880 pereunte
3465 1805 3656 1860 Iudae

2063 1905 2257 1971 doluit,
2290 1905 2358 1961 de
2387 1905 2507 1975 ejus
2534 1903 2704 1959 salute
2733 1900 2993 1974 gaudium
3041 1913 3150 1954 non
3177 1896 3400 1967 recepit.
3435 1893 3544 1950 Sed
3571 1890 3654 1947 ci-

2063 1995 2165 2051 bus
2192 1993 2405 2057 latitia,
2430 1993 2520 2065 qui
2550 1993 2619 2048 de
2636 1991 2951 2046 Iudaeorum
2975 1984 3332 2044 conversione
3359 1998 3468 2039 non
3496 1981 3659 2035 datur

2065 2092 2270 2140 sancta
2299 2082 2570 2151 Ecclesia,
2604 2096 2702 2152 per
2729 2078 2916 2150 sponsi
2952 2073 3379 2134 cohortationem
3412 2068 3656 2143 porrigi-

2067 2176 2174 2228 tur.
2194 2173 2337 2227 Nam
2388 2171 2559 2227 verba
2609 2165 3017 2239 pradicationis
3069 2163 3209 2233 ejus.
3256 2161 3357 2217 etsi
3385 2157 3660 2215 auditores

2067 2276 2180 2317 non
2208 2261 2478 2330 recipiunt
2494 2258 2736 2329 reprobi,
2768 2271 2879 2311 non
2907 2264 3089 2309 tamen
3119 2258 3310 2307 vacant
3340 2265 3373 2304 a
3404 2245 3659 2303 mercede

2068 2348 2460 2406 retributionis.
2495 2345 2852 2416 Omnipotens
2879 2342 3028 2398 enim
3060 2341 3226 2404 Deus,
3257 2346 3309 2393 et
3337 2338 3442 2392 hoc
3471 2349 3663 2391 remu-

2071 2444 2219 2491 nerat
2250 2434 2397 2506 quod
2426 2434 2544 2490 sine
2573 2432 2929 2504 reproborum
2974 2430 3222 2499 proiectu
3269 2423 3523 2495 reprobis
3558 2421 3669 2476 im-

2072 2524 2366 2596 penditur;
2399 2531 2454 2579 et
2482 2521 2626 2594 quod
2658 2519 2840 2577 electis
2877 2514 3336 2590 praedicatoribus
3365 2510 3673 2567 adversita-

2072 2614 2144 2669 tis
2172 2612 2503 2684 ingererunt,
2535 2625 2634 2679 per
2682 2609 2879 2664 libram
2932 2605 3081 2676 aqui
3135 2602 3400 2659 examinis
3428 2602 3487 2653 in
3516 2599 3668 2655 lucro

2076 2702 2156 2759 eis
2185 2708 2373 2772 pensat
2405 2697 2810 2755 retributionis.
2849 2695 3005 2752 Unde
3034 2700 3162 2764 apte
3178 2689 3518 2746 subinfertur
3551 2706 3564 2742 :

2147 2790 2306 2860 (νει-ε
2337 2790 2416 2859 8.)
2451 2790 2614 2844 Dixit
2647 2800 2776 2857 ergo
2807 2786 2859 2841 ei
2890 2785 3140 2840 Helcana
3170 2780 3257 2835 vir
3285 2794 3421 2835 suus
3441 2796 3458 2829 :
3485 2778 3672 2841 Anna,

2078 2896 2183 2936 cur
2209 2879 2308 2947 [les
2340 2876 2368 2931 .9
2423 2878 2491 2931 Et
2518 2891 2693 2947 quare
2720 2890 2835 2930 non
2865 2870 3109 2928 comedis
3142 2874 3165 2925 ἵ
3209 2868 3277 2923 Ει
3308 2865 3665 2939 quamobrem

2080 2968 2363 3052 affligitur
2389 2962 2755 3052 cortinam?
2810 2959 3090 3032 Numquid
3147 2972 3262 3014 non
3316 2969 3412 3027 ego
3470 2949 3680 3009 melior

2022 3040 2207 3121 ’ἴοῖώ
2227 3040 2363 3139 fugi,
2397 3040 2783 3132 ἀιεὼηξᾱεξεηι
2820 3051 2932 3120 lilii.
2959 3049 2988 3102 φ

2007 3110 2079 3188 βξ
2107 3146 2125 3161 ⁵
2142 3130 2239 3188 θὶς
2254 3126 2280 3188 .’
2301 3134 2476 3188 nhh‘si
2492 3126 2621 3188 ἑνὰο
2649 3156 2749 3188 ner
2777 3140 2988 3188 interna

2062 3142 2079 3185 ί
2107 3146 2125 3161 ⁵
2142 3126 2280 3200 εἰέῖ
2301 3126 2476 3213 ῥειϊεί
2492 3126 2621 3213 ἐι·έο
2648 3126 2749 3211 per
2777 3140 3003 3195 interna
3030 3132 3399 3208 inspirationis
3424 3127 3677 3186 solatium

2080 3232 2253 3317 menti
2271 3231 2519 3317 majoris
2536 3231 2877 3317 2Redgippter
2906 3228 3050 3283 dicat
3077 3243 3091 3282 :
3138 3224 3350 3279 Frustra
3379 3219 3447 3275 de
3475 3217 3678 3272 amisso

2072 3302 2253 3401 lucrg:
2271 3302 2956 3401 ᾖξὲᾷῇῥίἰῇἶῐξξίξὰειὲτίε,
3010 3330 3135 3386 qua
3190 3327 3256 3368 eo
3310 3305 3678 3401 abundantio-

2076 3388 2850 3475 rem?rucltim~reéipis,iquo
2906 3398 3156 3455 aﬂ'cctum
3205 3391 3486 3475 charitatis
3510 3391 3673 3475 etiam

2081 3486 2315 3543 inimicis
2343 3468 2640 3555 impendis.
2679 3468 2810 3538 inde
2842 3480 3008 3552 igitur
3038 3478 3213 3545 doles,
3263 3473 3406 3530 unde
3438 3468 3678 3555 gaudere

2084 3569 2385 3626 debuisses.
2419 3551 2485 3623 Et
2516 3568 2652 3639 quia
2682 3567 2798 3636 ipse
2825 3551 2907 3621 eet
2944 3562 3237 3618 electorum
3268 3558 3575 3628 pramium,
3606 3551 3685 3639 in:

2090 3662 2335 3725 terrogat
2362 3628 2580 3707 dicens:
2616 3628 2896 3721 Numquid
2926 3662 3041 3701 non
3072 3660 3167 3716 ego
3198 3642 3398 3725 melior
3427 3655 3553 3695 sum
3587 3628 3689 3691 tibi

2091 3724 2261 3811 quam
2291 3736 2477 3792 decem
2511 3734 2662 3797 ﬁlii?
2693 3734 2892 3787 Decem
2917 3742 3149 3797 namque
3178 3724 3317 3779 tilios
3347 3725 3508 3777 Anna
3526 3733 3687 3811 pare-

2090 3802 2193 3885 ret,
2227 3821 2268 3876 si
2296 3819 2572 3891 primitiva
2589 3816 2837 3872 Ecclesia
2856 3815 3162 3868 Iudaeorum
3185 3809 3443 3880 populum
3466 3806 3566 3891 sub
3588 3802 3691 3856 de-

2088 3889 2473 3978 calogoiLegis
2494 3903 2731 3974 positum
2755 3901 2811 3954 in
2831 3897 2937 3953 ﬁde
2967 3896 3261 3969 genuisset.
3295 3893 3362 3947 Et
3392 3889 3687 3978 quia-non—

2091 3968 2603 4059 nullipradicando
2636 3990 2857 4055 prosunt
2886 3968 3024 4046 aliis,
3049 3979 3139 4050 qui
3170 3974 3475 4059 permulta
3486 3968 3683 4059 displi-

2096 4082 2221 4130 cent
2252 4051 2548 4138 Conditori,
2581 4051 2789 4123 ratione
2837 4063 3152 4125 ostenditur,
3200 4058 3328 4129 quia
3373 4055 3563 4110 melior
3605 4051 3689 4107 vir

2095 4172 2227 4213 suus
2257 4159 2445 4222 Anna,
2477 4167 2644 4224 quam
2676 4151 2870 4206 decem
2927 4147 3022 4203 lilii
3080 4152 3226 4201 sunt.
3288 4146 3464 4196 Potest
3509 4143 3687 4191 autem

2094 4255 2145 4300 et
2174 4259 2274 4315 per
2301 4244 2406 4297 hoc
2434 4240 2579 4312 quod
2608 4255 2701 4295 cur
2743 4238 2887 4305 ﬂeat,
2935 4234 3244 4305 inquiritur,
3288 4229 3460 4300 ipsius
3489 4225 3694 4281 Judaa

2099 4312 2332 4402 perditio
2362 4323 2661 4396 designari.
2690 4321 2858 4391 Quasi
2908 4320 3091 4375 dicat:
3149 4316 3340 4372 Otiose
3386 4312 3686 4384 plangitur,

2104 4417 2190 4473 cui
2212 4418 2478 4486 justorum
2507 4428 2667 4484 prece
2695 4423 3036 4482 nequaquam
3056 4406 3384 4475 indulgetur.
3405 4402 3539 4457 Cum
3564 4413 3699 4469 ergo

408 4462 473 4548 in
502 4492 820 4549 Jerusalem
849 4493 1006 4562 (Act.
1039 4508 1114 4556 ιχ,
1151 4494 1175 4544 1
1209 4494 1267 4545 et
1297 4462 1375 4557 2).
1405 4487 1510 4555 Qui
1566 4462 1711 4542 enim
1741 4485 1917 4539 minas
1944 4499 1979 4539 e:

2104 4462 2190 4473 "“"
2212 4462 2478 4486 J“'""'"‘
2507 4462 2664 4484 l'""
2696 4462 2961 4482 "'1“"1"'
3207 4462 3240 4475 υ
3628 4462 3655 4469 ς-

2105 4506 2507 4576 subsequenter
2540 4501 2874 4568 interrogat:
2908 4499 3095 4564 Quare
3123 4508 3240 4548 non
3267 4488 3542 4548 comedis?
3560 4490 3695 4543 Pro-

412 4581 593 4637 cades
622 4579 887 4652 spirabat,
920 4579 1171 4632 nimirum
1192 4592 1337 4642 eam,
1354 4592 1515 4648 quam
1538 4590 1650 4630 non
1671 4574 1811 4629 bene
1835 4588 1999 4627 amu-

414 4668 644 4736 labatur,
675 4668 985 4723 Ecclesiam
1015 4682 1124 4722 non
1166 4664 1344 4721 solum
1386 4664 1680 4736 afﬂigebat,
1717 4661 1813 4717 sed
1842 4662 2004 4716 etiam

418 4757 676 4830 angebat.
708 4758 844 4811 Nam
876 4756 992 4824 ejus
1009 4754 1261 4810 amulum
1281 4770 1341 4810 se
1355 4754 1522 4808 fuisse
1546 4752 1752 4818 fatetur,
1780 4751 2002 4805 dicens:

420 4846 673 4903 Audistis
691 4846 845 4901 enim
863 4844 1169 4915 aliquando
1195 4844 1680 4899 conversationem
1712 4854 1897 4894 meam
1943 4838 2008 4892 in

421 4931 738 4999 Judaismo,
759 4933 1029 5006 quoniam
1057 4948 1230 5003 supra
1258 4931 1487 4987 modum
1512 4928 1885 5003 persequebar
1902 4928 2009 4983 Ec-

428 5022 660 5079 clesium
689 5022 809 5086 Dei,
839 5025 897 5077 et
924 5021 1317 5093 expugnabat):
1348 5021 1536 5089 illam,
1567 5023 1623 5075 et
1652 5016 2012 5091 proﬁciebam

425 5113 491 5167 in
508 5109 799 5167 Judaismo
815 5125 990 5181 supra
1011 5109 1217 5164 multos
1236 5112 1544 5165 coataneos
1561 5123 1710 5163 meos
1730 5108 1793 5161 in
1812 5118 2014 5177 genere

426 5216 571 5263 meo.
593 5198 979 5255 abundantius
1006 5197 1306 5252 aemulator
1343 5198 1599 5252 existens
1642 5198 2015 5265 paternarum

426 5303 685 5344 mearum
717 5288 1096 5344 traditionum
1126 5285 1398 5355 (Galat.1,
1433 5287 1521 5349 i3,
1552 5283 1666 5352 14).
1705 5281 1778 5336 Et
1803 5281 1929 5352 quia
1956 5279 2017 5333 in

374 5372 407 5399 “
422 5383 594 5430 tanta
612 5374 977 5430 damnationis
993 5372 1319 5444 profundum
1347 5371 1534 5427 Judaa
1561 5369 1775 5436 cecidit,
1810 5377 1868 5422 ut
1896 5366 2021 5421 inde

432 5463 660 5530 latetur,
683 5462 826 5531 quod
853 5470 1055 5517 aeterna
1084 5460 1186 5515 Dei
1215 5458 1694 5516 animadversione
1721 5455 2020 5526 projicitur,

2109 4592 2252 4646 tecto
2282 4571 2331 4643 ei
2359 4586 2620 4659 gaudium
2651 4583 2721 4639 de
2748 4580 3109 4638 conversione
3127 4574 3450 4649 gentilitatis
3479 4571 3700 4655 intima-

2110 4682 2225 4728 tur.
2264 4646 2437 4740 Quasi
2464 4685 2597 4741 ergo
2626 4668 2803 4723 dicat:
2838 4665 2974 4720 Cum
2995 4646 3182 4718 orbem
3202 4658 3518 4713 universum
3530 4646 3704 4724 pare-

2112 4775 2171 4814 re
2201 4756 2425 4819 debeas,
2453 4754 2646 4809 frustra
2676 4766 2785 4805 non
2830 4748 3062 4821 gaudes,
3118 4743 3264 4814 quod
3293 4756 3379 4807 ea,
3411 4755 3538 4811 quae
3568 4751 3702 4807 pro-

2109 4843 2258 4913 jecta
2283 4849 2365 4895 est
2394 4837 2596 4895 erroris
2628 4834 2877 4892 tenebras
2919 4846 3031 4886 non
3071 4829 3356 4897 relinquat.
3408 4823 3662 4893 Sequitur
3692 4837 3705 4873 :

2188 4928 2367 4997 (Vers.
2398 4925 2431 4979 9
2462 4931 2513 4979 et
2551 4924 2659 4990 10.)
2698 4917 2967 4976 Surrexit
3008 4928 3137 4984 ergo
3186 4915 3371 4973 Anna.
3414 4910 3713 4997 postquam

2118 4993 2458 5076 comederat,
2481 5016 2538 5067 et
2565 5010 2781 5065 biberat
2811 5007 2872 5060 in
2892 5004 3027 5062 Silo.
3052 5001 3175 5057 Heli
3193 4997 3479 5055 sacerdote
3503 4993 3709 5049 seden-

2124 5106 2179 5157 te
2208 5116 2377 5172 super
2403 5098 2547 5154 sella
2562 5098 2700 5150 ante
2728 5093 2913 5162 postes
2931 5086 3129 5172 templi
3151 5083 3464 5172 Domini,et_
3485 5096 3616 5136 cum
3638 5091 3715 5133 es-

2123 5189 2208 5242 set
2224 5166 2416 5240 amaro
2433 5182 2625 5237 animo
2646 5176 2830 5235 oravit
2846 5172 2920 5228 ad
2943 5169 3251 5226 Dominum
3272 5168 3412 5235 {lens
3446 5166 3709 5234 largiter.

2199 5294 2294 5346 20.
2328 5287 2472 5358 Quid
2499 5284 2641 5343 enim
2674 5282 2778 5338 fuit
2805 5290 2932 5337 tunc
2968 5284 3168 5333 sancta
3197 5273 3455 5358 Ecclesia
3486 5267 3722 5358 mandu-

2130 5391 2275 5439 care,
2309 5352 2409 5427 nisi
2439 5371 2620 5426 cibum
2651 5366 2830 5423 solatii
2859 5363 3045 5419 divina
3074 5356 3443 5416 cohortatione
3472 5352 3722 5439 suscipe-

2130 5478 2191 5517 re
2220 5436 2340 5514 ‘i-Et
2369 5457 2553 5512 bibere
2583 5455 2632 5511 ei
2663 5452 2792 5524 quid
2821 5447 3044 5512 exstitit,
3078 5446 3180 5500 nisi
3214 5444 3282 5497 de
3312 5440 3491 5494 infusa
3522 5436 3725 5524 sibiiu-

439 5549 788 5620 subjunctum
805 5557 921 5603 est:
954 5549 1018 5603 In
1043 5552 1292 5615 tantum,
1310 5551 1378 5603 ut
1397 5516 1767 5619 exprobraret
1787 5544 1861 5608 ei,
1884 5540 2026 5614 quod
2132 5550 2303 5596 terna
2332 5516 2714 5593 consolationis
2743 5531 3009 5586 suavitate
3034 5524 3299 5620 gaudere.
3333 5534 3461 5575 nam
3494 5519 3538 5572 si
3556 5516 3718 5613 cibus

430 5601 1563 5708 animum»
1603 5631 1797 5692 Adhuc
1831 5601 2031 5701 quippe
2136 5623 2426 5689 centortat,
2459 5624 2619 5693 potus
2664 5615 2977 5679 nbilam;
3036 5605 3216 5667 cibum
3270 5618 3402 5676 ergo
3431 5601 3724 5669 sumimus.
