4062 6182
361 368 434 421 33
1202 359 1278 418 ΙΝ
1318 359 1586 422 PRIMUM
1625 364 1871 422 REGUM
1912 358 2450 426 EXPOSITIONES.
2490 400 2561 412 -—
2600 371 2723 430 LIB.
2771 377 2821 430 Ι.
3597 387 3667 444 36

364 490 591 563 quando
620 490 756 546 visis
785 488 1002 545 aeternis
1032 489 1448 561 praemiis,inter
1464 491 1695 548 adversa
1725 491 1962 547 robora-
1990 492 2048 554 A
2077 503 2356 552 momento
2383 497 2752 571 crediderunt,
2774 501 2870 558 sed
2901 505 3238 566 Paulusnon
3271 518 3397 569 ante
3410 514 3661 584 credidit,

363 597 507 635 mur.
544 582 610 635 Et
638 579 790 652 quasi
822 579 1137 650 postcibum
1166 578 1431 633 bibimus:
1452 579 1576 649 quia
1603 579 1694 634 ubi
1726 597 1786 636 se
1815 597 1970 636 mens

361 668 528 725 electi
558 669 610 723 in
643 676 979 724 aeternorum
1003 668 1270 722 bonorum
1288 671 1364 739 (a)
1381 669 1709 740 cogitatione
1731 669 1968 736 roborat,

367 774 440 814 eo
469 757 748 829 copiosius
765 757 969 830 gaudet
992 759 1137 812 inter
1165 773 1362 829 magna
1389 757 1623 813 adversa
1657 775 1775 829 qua:
1807 758 1970 813 susti-

363 856 484 912 net,
505 863 614 919 quo
644 846 863 919 magnis
915 845 1194 900 laboribus
1251 845 1545 916 ampliores
1591 847 1858 917 repositas
1913 848 1972 902 in

361 936 510 991 caelo
535 935 923 991 retributiones
955 933 1118 989 videt.
1151 934 1342 988 Audax
1381 934 1580 1005 quippe
1621 951 1858 1006 superna
1886 952 1974 991 re-

361 1025 604 1080 fectione
631 1032 762 1078 tunc
792 1022 1022 1089 reddita,
1055 1023 1198 1079 vires
1228 1031 1481 1089 renovat,
1519 1031 1575 1078 ut
1611 1031 1757 1079 tanto
1779 1023 1972 1079 fortius

362 1120 584 1169 terrena
623 1112 906 1184 despiciat,
968 1119 1170 1183 quanto
1227 1127 1350 1167 eam
1406 1128 1767 1183 supernorum
1816 1129 1974 1169 amor

363 1201 597 1256 exaltat.
621 1202 766 1256 Bene
797 1201 983 1272 itaque
1005 1209 1292 1272 postquam
1335 1201 1686 1257 manducavit
1731 1208 1785 1257 et
1812 1201 1969 1270 bibit,

363 1306 595 1362 surgere
626 1291 788 1344 Anna
819 1297 1180 1344 memoratur.
1215 1289 1452 1344 Surrexit
1474 1305 1729 1361 namque,
1758 1290 1884 1361 quia
1903 1290 1972 1344 ad

357 1378 772 1449 praedicationis
800 1377 1113 1432 instantiam
1145 1377 1379 1432 animum
1413 1377 1743 1435 reformavit.

441 1503 532 1558 21.
570 1503 633 1556 Et
664 1503 788 1574 quia
817 1501 1074 1559 Iudaicus
1101 1503 1334 1573 populus
1366 1503 1539 1558 adhuc
1579 1501 1969 1559 sacriﬁciorum

355 1591 522 1658 ritus,
555 1591 735 1647 adhuc
756 1600 807 1646 et
833 1593 1094 1647 honorem
1135 1591 1326 1663 legalis
1353 1591 1678 1663 magisterii,
1711 1599 1764 1646 et
1795 1591 1971 1646 subli-

356 1681 610 1736 mitatem
636 1679 966 1752 pontiﬁcalis
995 1679 1275 1751 dignitatis
1293 1679 1554 1747 habebat,
1585 1697 1749 1752 super
1777 1680 1967 1736 sellam

353 1768 486 1823 Heli
519 1769 779 1824 sacerdos
833 1769 1032 1824 sedere
1062 1768 1398 1839 perhibetur.
1429 1769 1589 1837 Quod
1641 1777 1820 1825 tamen
1858 1773 1959 1839 16

2080 599 2242 654 quam
2275 585 2408 656 ipsis
2439 589 2883 657 pradicatoribus
2930 611 3030 664 per
3058 599 3231 654 minas
3259 608 3311 656 et
3357 603 3533 658 caedes
3562 622 3663 662 ve-

2079 673 2362 728 hementer
2389 675 2614 731 obstitit.
2654 679 2942 751 Postquam
2973 693 3150 740 autem
3209 691 3575 759 manducavit,
3610 701 3666 749 et

2079 761 2221 852 bibit
2241 762 2294 816 in
2326 763 2437 819 Silo
2467 767 2642 835 Anna,
2675 771 2901 825 surrexit
2935 790 2946 826 :
2981 773 3104 843 quia
3133 779 3191 830 ut
3221 793 3337 845 eos,
3394 781 3484 852 qui
3513 789 3669 839 erant

2079 851 2444 920 praedestinati
2475 854 2541 909 ad
2560 865 2818 912 aeternam
2863 860 3048 929 vitam,
3103 863 3173 920 de
3190 866 3378 922 Iudaea
3415 851 3664 940 abstulit,

2079 955 2198 994 sese
2244 941 2310 994 ad
2355 943 2801 1012 praedicationem
2852 949 3104 1006 Gentium
3164 959 3511 1026 praeparavit.
3559 960 3666 1016 Sed

2079 1029 2295 1120 qualem
2321 1030 2550 1102 gignere
2579 1036 2887 1105 appetebat,
2919 1040 3220 1098 ostenditur
3252 1060 3352 1114 per
3378 1046 3499 1115 hoc,
3520 1049 3666 1120 quod

2079 1115 2322 1172 additum
2354 1128 2461 1174 est:

2150 1206 2346 1276 (Vens.
2364 1209 2478 1282 15.)
2497 1211 2766 1282 Είξυοιιιτη
2781 1217 2944 1287 vovit,
2970 1219 3164 1276 dicens
3183 1240 3193 1276 :
3209 1222 3668 1284 Domineea'erri-

2081 1298 2262 1362 tuum,
2284 1299 2332 1351 si
2351 1300 2657 1370 respiciens
2676 1303 2882 1359 videris
2897 1309 3271 1375 afﬂictionem
3282 1316 3519 1382 [amutce
3532 1321 3666 1389 tute,

2077 1387 2133 1472 et
2150 1386 2476 1443 recordatus
2491 1391 2603 1444 mei
2617 1393 2822 1461 fueris,
2844 1411 2952 1450 nec
2964 1398 3168 1454 oblitus
3181 1404 3411 1458 ancilla:
3430 1409 3560 1472 tute,
3577 1386 3668 1463 de-

2077 1471 2522 1547 derisquejservw
2541 1483 2652 1534 tute
2663 1496 2865 1537 sexum
2879 1486 3120 1555 virilem,
3138 1488 3274 1545 dabo
3285 1506 3416 1547 eum
3433 1495 3665 1553 Domino

2078 1563 2541 1621 omnibusdiebus
2568 1571 2702 1624 vitae
2729 1586 2866 1638 suae,
2885 1577 2941 1629 et
2973 1580 3247 1635 novacula
3259 1597 3374 1638 non
3400 1585 3665 1641 ascendet

2075 1666 2245 1720 super
2269 1659 2439 1725 caput
2459 1658 2600 1727 ejus.

2145 1744 2231 1794 23.
2257 1741 2396 1810 Quid
2426 1753 2528 1813 est,
2562 1747 2707 1816 quod
2736 1751 2894 1806 Anna
2915 1751 3121 1810 virilem
3145 1772 3339 1814 sexum
3371 1777 3402 1815 a
3431 1763 3664 1821 Domino

349 1858 529 1928 Legis
558 1857 955 1930 magisterium,
981 1829 1104 1926 quia
1128 1873 1235 1912 non
1260 1829 1599 1928 spiritaliter,
1632 1859 1726 1913 sed
1757 1829 1961 1914 carna:
1990 1844 2044 1905 Β
2069 1829 2338 1930 Ῥοδίξξῐδίν
2363 1832 2464 1930 {Mi
2497 1837 2619 1904 (Ιυίδ
2650 1852 2764 1930 90⁸»
2797 1856 2936 1930 quos
2965 1853 3153 1900 δειλαία
3206 1848 3446 1904 ECOleSia
3468 1869 3662 1923 parere

345 1946 484 2000 liter
513 1947 776 2001 exhibere
802 1953 1036 2016 poterat,
1072 1961 1179 2000 non
1208 1946 1351 2000 intra
1377 1946 1658 2017 templum,
1721 1947 1816 2002 sed
1839 1955 1962 2003 ante

345 2043 546 2106 postes
578 2035 763 2104 templi
792 2033 1037 2090 sedebat.
1081 2033 1222 2103 Quid
1250 2041 1330 2088 est
1355 2033 1497 2089 enim
1527 2033 1787 2106 templum
1843 2037 1961 2092 Do-

345 2124 514 2190 mini,
550 2125 651 2177 nisi
679 2123 934 2192 spiritalis
955 2122 1312 2194 intelligentia
1342 2131 1652 2179 sanctarum
1713 2124 1959 2195 Scriptu-

345 2229 551 2266 rarum
579 2213 607 2266 ?
642 2214 836 2268 Postes
866 2220 1042 2267 autem
1065 2212 1251 2282 templi
1281 2221 1403 2266 sunt
1436 2214 1540 2268 Lex
1561 2221 1612 2268 et
1641 2213 1956 2285 PrOphetia.

345 2301 518 2357 Unde
547 2309 600 2356 et
624 2301 679 2355 in
707 2308 890 2356 monte
913 2300 1175 2356 Dominus
1213 2301 1268 2354 in
1327 2300 1508 2356 medio
1538 2300 1706 2372 Moysi
1751 2308 1805 2358 et
1844 2303 1956 2358 He-

345 2389 446 2444 liae
481 2388 896 2462 transﬁguratus
917 2389 1166 2460 apparuit
1191 2388 1410 2457 (Matth.
1437 2404 1576 2458 xvu,
1611 2395 1639 2444 3
1673 2406 1688 2459 ;
1721 2392 1950 2462 Luc.ix,

344 2479 448 2544 30)
483 2496 495 2531 :
526 2478 651 2547 quia
684 2490 808 2534 tunc
847 2477 1148 2532 divinitatis
1205 2477 1325 2546 ejus
1353 2477 1614 2548 splendor
1669 2479 1951 2550 aspicitur,

345 2583 480 2621 cum
509 2582 622 2621 non
652 2567 706 2620 in
735 2566 1024 2622 occidente
1055 2567 1231 2621 littera
1261 2567 1335 2635 (ΙΙ
1365 2570 1520 2622 Petr.
1552 2567 1611 2636 ι),
1647 2568 1740 2622 sed
1759 2569 1812 2622 in
1842 2570 1952 2639 spi-

341 2655 532 2710 ritalis
564 2656 728 2727 Legis
755 2663 807 2710 et
838 2655 1144 2726 prophetia:
1171 2654 1584 2727 signiﬁcatione,
1617 2656 1735 2725 ejus
1757 2672 1951 2712 sacra-

344 2753 544 2798 menta
571 2744 943 2813 requiruntur.
1000 2743 1129 2798 Heli
1159 2759 1290 2815 ergo
1348 2744 1577 2798 sedebat
1604 2753 1728 2800 ante
1765 2753 1952 2815 postes

345 2833 567 2903 templi,
597 2833 652 2887 id
684 2838 769 2888 est
797 2833 951 2898 foris,
984 2833 1110 2904 quia
1139 2833 1388 2889 doctores
1423 2848 1719 2906 synagoga:
1749 2835 1954 2904 aspiri-

346 2920 454 2974 tali
487 2919 892 2990 Scripturarum
919 2919 1270 2991 intelligentia
1304 2920 1514 2990 expulsi
1569 2929 1744 2984 erant,
1793 2929 1848 2976 et
1879 2929 1953 2976 ta-

343 3025 484 3063 men
512 3008 568 3061 in
593 3008 950 3064 subversione
982 3008 1212 3078 subjecti
1233 3008 1833 3080 papuli,auctoritatem
1864 3011 1956 3064 ha-

346 3097 564 3152 bebant
593 3096 920 3168 magisterii,
953 3104 1005 3152 et
1034 3097 1350 3168 dignitatem
1396 3097 1760 3168 praelationis.
1798 3103 1956 3154 Anna

345 3193 540 3241 autem
571 3200 766 3240 amaro
796 3185 980 3240 animo
1007 3185 1224 3241 ﬂevisse
1244 3187 1523 3242 scribitur.

427 3305 518 3362 23.
551 3306 621 3360 Et
675 3305 798 3376 quia
853 3313 1041 3377 potum
1081 3307 1250 3362 Annae
1273 3307 1342 3361 ad
1371 3306 1613 3362 laetitiam
1665 3307 1958 3362 retulimus

346 3411 416 3450 sa
426 3403 564 3451 nctze
587 3395 866 3461 Ecclesize,
881 3411 1003 3467 quae
1021 3395 1188 3451 laetari
1204 3396 1525 3463 ostenditur,
1543 3411 1726 3452 amaro
1743 3397 1957 3452 animo—

342 3483 581 3539 ﬂevisse
598 3484 876 3555 quomodo
919 3487 1214 3539 narratur?
1236 3485 1342 3542 Sed
1374 3485 1766 3541 rationabiliter
1793 3485 1960 3541 intel-

351 3573 465 3642 ligi
521 3580 725 3642 potest,
761 3573 889 3643 quia
923 3573 992 3628 ad
1050 3573 1340 3628 laetandum
1377 3575 1516 3630 hanc
1573 3574 1957 3646 contemplatio

337 3676 605 3731 superne
618 3661 990 3716 retributionis
1006 3662 1296 3731 extulerat,
1317 3669 1368 3718 et
1389 3663 1698 3733 compassio
1725 3663 1956 3733 repulsae

337 3748 558 3803 Iudaeae
589 3749 644 3803 in
675 3750 1089 3804 amaritudinem
1122 3750 1291 3804 animi
1321 3750 1610 3806 alliciendo
1631 3750 1946 3806 concitavit.

337 3838 501 3892 Inter
531 3837 778 3892 turbines
809 3838 1010 3909 quippe
1047 3853 1263 3910 magna;
1304 3838 1700 3910 persecutionis
1753 3840 1954 3910 depre-

343 3927 552 3994 hensa,
587 3926 844 3982 revelatis
895 3927 1000 3980 sibi
1057 3927 1316 3998 supernis
1346 3927 1606 3998 prmmiis,
1642 3927 1954 3996 exsultavit,

341 4014 452 4068 sed
483 4016 547 4069 in
579 4015 1003 4070 amaritudinem
1033 4015 1237 4077 incidit,
1263 4016 1386 4087 quia
1421 4015 1648 4070 electum
1674 4017 1819 4086 prius
1852 4031 1954 4087 po-

335 4103 543 4173 pulum
575 4103 758 4173 perire
785 4103 1086 4173 conspexit.
1121 4103 1275 4159 Unde
1306 4112 1359 4158 et
1387 4119 1552 4158 orans
1599 4104 1823 4175 largiter
1852 4105 1954 4158 ile-

338 4207 409 4245 re
442 4191 797 4258 describitur,
833 4199 894 4245 ut
917 4198 1078 4246 tanta:
1126 4190 1425 4247 affectionis
1466 4208 1710 4260 munere,
1771 4192 1955 4264 populi

339 4278 438 4332 sui
462 4277 696 4334 salutem
721 4295 755 4334 a
786 4279 1020 4335 Domino
1049 4278 1342 4350 impetrare
1379 4281 1663 4350 potuisset.
1698 4281 1879 4336 Potest
1905 4290 1958 4338 et

341 4365 467 4420 hoc
500 4375 675 4421 totum
698 4368 860 4421 aliter
885 4367 1136 4438 intelligi.
1170 4369 1307 4423 Nam
1340 4367 1392 4422 in
1424 4369 1557 4436 Silo,
1593 4368 1648 4423 id
1679 4377 1760 4425 est
1792 4370 1844 4423 in
1859 4369 1956 4423 mi-

342 4455 606 4521 nisterio,
639 4470 748 4526 quo
779 4456 942 4511 missa
969 4465 1068 4519 est,
1104 4456 1441 4512 manducavit
1474 4472 1488 4525 ;
1524 4457 1650 4529 quia
1699 4459 1797 4512 etsi
1828 4474 1951 4514 om-

341 4559 480 4598 nem
503 4542 815 4598 Judaeorum
843 4546 1094 4615 pOpulum
1118 4545 1441 4601 lucrifacere
1473 4561 1578 4601 non
1611 4548 1804 4616 potuit,
1826 4549 1950 4618 plu-
1981 4549 2034 4609 D

345 4648 444 4685 res
473 4640 658 4686 tamen
690 4648 757 4686 ex
779 4648 845 4688 eo
877 4634 944 4687 ad
977 4633 1356 4705 Redemptoris
1412 4633 1574 4689 ﬁdem
1604 4635 1954 4705 prmdicando

351 4719 659 4774 convertit.
695 4719 854 4774 Unde
885 4727 938 4774 et
966 4720 1292 4790 praedicante
1324 4723 1515 4788 Petro,
1547 4737 1650 4776 una
1681 4723 1770 4777 die
1800 4723 1961 4792 quin-

347 4823 462 4879 que
494 4807 666 4862 millia
713 4808 998 4863 hominum
1029 4811 1183 4878 (Act.
1236 4825 1311 4875 iv,
1341 4811 1417 4880 4),
1451 4811 1622 4866 altera
1643 4825 1798 4878 vero,
1860 4811 1960 4867 tria

348 4895 532 4950 millia
561 4896 914 4952 crediderunt
946 4900 1090 4967 (Act.
1121 4913 1181 4965 it,
1216 4899 1292 4961 4).
1313 4900 1386 4969 (b)
1407 4901 1472 4954 Et
1493 4899 1617 4971 quia
1648 4899 1793 4970 quod
1824 4899 1960 4954 bibi-

348 5001 503 5053 mus,
543 4984 758 5040 facilius
783 4985 988 5058 glutire
1017 5001 1330 5057 possumus,
1361 5003 1525 5060 quam
1555 4987 1700 5058 quod
1722 4987 1957 5042 mandu-

349 5088 552 5129 camus
577 5090 589 5126 :
625 5074 982 5131 manducavit
1002 5079 1158 5131 Anna
1175 5083 1226 5130 et
1243 5075 1400 5142 bibit,
1423 5076 1552 5146 quia
1566 5075 1785 5132 difﬁcile
1799 5076 1954 5142 alios,

349 5161 497 5217 alios
530 5177 659 5218 vero
691 5162 852 5219 facile
881 5163 1228 5234 praedicando
1270 5165 1550 5227 convertit,
1604 5164 1742 5218 Nam
1793 5173 1846 5220 et
1887 5164 1958 5219 ad

351 5251 676 5323 praedictam
725 5252 870 5308 Petri
935 5251 1373 5324 praedicationem
1423 5253 1576 5327 plura
1641 5253 1792 5308 milia
1845 5269 1958 5311 uno

431 5444 507 5512 (a)
538 5445 726 5512 Gilot.,
757 5448 958 5516 fructu
984 5445 1229 5504 roborat.

431 5517 500 5584 (ὁ)
529 5517 743 5594 ΕειάιεαιΔ
768 5518 900 5594 dicit
941 5519 1247 5594 Dernardus
1272 5518 1326 5572 in
1377 5519 1558 5594 Tract.
1583 5520 1652 5577 de
1674 5520 1954 5594 diligendo

350 5585 494 5647 Deo,
521 5603 642 5658 cap.
687 5589 775 5656 11,
806 5589 912 5643 col.
944 5588 1048 5642 597
1078 5597 1132 5643 et
1162 5593 1262 5644 598
1288 5605 1445 5646 novas
1465 5592 1736 5647 editionis.

429 5659 498 5726 (ο)
519 5657 780 5726 Quaedam
809 5661 915 5715 hoc
943 5658 1174 5716 deﬁcere
1203 5659 1480 5719 videntur.
1515 5658 1830 5738 Legendum
1847 5662 1953 5723 for-

2073 1918 2428 1989 praedicando
2483 1927 2708 1993 appetit,
2778 1929 3108 2002 Evangelica
3137 1918 3482 2003 perfectione
3500 1941 3662 1999 fortes

2071 2023 2192 2064 esse
2220 2011 2603 2103 concupiscit?
2625 2017 2686 2069 In
2707 2021 3111 2089 comparatiOne
3131 2025 3332 2096 quippe
3365 2029 3663 2103 Evangeli-

2069 2110 2148 2152 σω
2178 2099 2550 2170 perfectionis,
2592 2119 2758 2174 Opera
2815 2107 2908 2161 illa
2947 2109 3128 2181 Legis,
3181 2129 3300 2182 qua
3340 2099 3661 2176 videbantur

2068 2185 2249 2254 fortia,
2271 2204 2378 2242 non
2399 2189 2612 2244 luerunt
2642 2194 2816 2260 fortia,
2854 2197 2950 2250 sed
2979 2198 3192 2255 inﬁrma
3210 2202 3287 2256 lbi
3319 2205 3465 2260 enim
3499 2224 3660 2262 man-

2067 2273 2248 2329 datum
2265 2284 2343 2330 est
2366 2292 2377 2330 :
2401 2280 2603 2350 Diliges
2620 2283 2942 2352 proximum
2988 2290 3166 2351 tuum,
3202 2293 3258 2344 et
3293 2293 3415 2346 odio
3437 2293 3661 2353 habebis

2064 2363 2364 2421 inimicum
2383 2370 2759 2438 tuum(Levit.
2794 2387 2912 2439 xxx,
2941 2374 3040 2443 18).
3063 2376 3118 2428 In
3149 2377 3453 2450 Evangelio
3471 2389 3653 2439 autem

2064 2453 2325 2509 Dominus
2345 2458 2607 2527 praecipit,
2628 2458 2814 2514 dicens
2835 2477 2846 2515 :
2867 2463 3100 2532 Diligtte
3129 2467 3388 2525 inimicos
3420 2477 3650 2540 vestros,

2062 2542 2378 2631 benefacite
2394 2546 2481 2601 his
2497 2548 2620 2616 quis
2640 2548 2883 2605 oderunl
2899 2568 2992 2607 vos
3015 2554 3232 2620 (Matth.
3250 2573 3308 2625 ν,
3331 2560 3440 2630 lii).
3470 2561 3546 2615 lbi
3576 2564 3654 2631 (ς)

2060 2630 2406 2688 immunditia
2435 2634 3094 2711 fornicationisaeorpore
3118 2645 3391 2713 reciditur,
3410 2657 3464 2703 ut
3495 2630 3654 2706 forti-

2059 2722 2190 2776 tudo
2207 2725 2656 2794 conversationis,
2673 2728 2826 2796 quasi
2844 2727 2991 2784 virili
3008 2746 3142 2787 sexu
3162 2737 3454 2804 praecellat,
3488 2739 3654 2797 etiam

2065 2813 2167 2880 1'7
2203 2825 2236 2865 a
2262 2811 2426 2868 corde
2455 2812 2735 2869 immunda
2757 2817 3020 2884 cogitatio
3052 2831 3327 2879 resecatur
3358 2843 3370 2879 :
3406 2827 3512 2894 Qui
3562 2831 3650 2885 vi-

2061 2899 2228 2966 derit,
2245 2900 2442 2971 inquit,
2455 2904 2755 2960 mulierem
2767 2907 2838 2960 ad
2857 2912 3365 2980 concupiscendum
3377 2931 3520 2984 eam,
3535 2919 3653 2987 iam

2062 2988 2373 3045 meechatus
2391 2994 2478 3046 est
2493 3007 2618 3048 eam
2637 2994 2696 3048 in
2709 2995 2871 3050 corde
2882 3012 2982 3053 suo
3002 2997 3221 3066 (Matth.
3253 3018 3312 3068 v,
3345 3003 3458 3073 82).
3478 3006 3656 3077 Syna-

2063 3092 2207 3148 goga
2236 3077 2421 3149 igitur,
2441 3096 2563 3150 quae
2591 3079 2908 3138 inﬁrmitate
2939 3095 3332 3158 praeceptorum
3370 3093 3656 3151 Judaicum

1984 3197 2034 3259 Ο
2063 3167 2323 3259 pepuluin
2353 3169 2559 3259 genuit,
2592 3185 2698 3225 non
2731 3173 2939 3242 peperit
2964 3190 3154 3230 sexum
3193 3177 3537 3249 virilem,sed
3560 3200 3658 3256 po-

2065 3254 2170 3309 tius
2200 3255 2536 3312 muliebrem.
2572 3259 2736 3313 Anna
2763 3259 2943 3332 itaque
2970 3263 3098 3317 dum
3132 3265 3345 3322 virilem
3367 3254 3654 3328 sexum—si-

2064 3341 2121 3397 bi
2150 3343 2269 3398 dari
2299 3361 2329 3398 a
2354 3346 2592 3402 Domino
2621 3348 2872 3418 postulat,
2909 3350 3038 3419 quid
3077 3353 3223 3408 aliud
3252 3363 3508 3428 ex0ptare
3529 3378 3654 3417 cer-

2066 3432 2227 3498 nitur,
2264 3432 2368 3488 nisi
2395 3435 2528 3490 tales
2557 3452 2653 3506 per
2679 3437 3037 3510 Evangelium
3086 3442 3331 3514 gignere,
3369 3448 3457 3516 qui
3488 3448 3658 3506 fortes

2065 3529 2383 3592 appareant,
2417 3531 2467 3578 et
2496 3524 2748 3581 exteriori
2780 3527 3045 3582 munditia
3069 3532 3333 3601 corporis,
3365 3543 3418 3589 et
3445 3535 3658 3594 interna

2064 3611 2322 3666 cbaritate
2352 3613 2380 3666 ?

2137 3701 2231 3756 2i.
2271 3700 2333 3753 Et
2355 3699 2481 3772 quia
2511 3701 2578 3757 de
2610 3704 2972 3762 conversione
3027 3708 3312 3780 gentilium
3360 3712 3654 3774 humanam

2062 3787 2297 3859 gloriam
2328 3790 2743 3860 prardicatorum
2766 3794 2901 3850 ordo
2931 3811 3039 3852 non
3064 3799 3287 3868 appetit,
3345 3802 3657 3872 subjectum

2065 3883 2146 3931 est
2177 3891 2190 3930 :
2223 3878 2368 3932 Dabo
2399 3894 2528 3934 eum
2555 3881 2790 3937 Domino
2818 3883 3078 3940 omnibus
3107 3887 3298 3944 diebus
3349 3892 3481 3947 vita:
3503 3909 3647 3950 sure.

2066 3964 2308 4019 Domino
2325 3982 2561 4038 namque
2591 3967 2756 4023 filium
2789 3970 2881 4025 dat
2910 3972 3002 4042 qui
3028 3973 3096 4028 de
3148 3988 3214 4030 eo
3246 3992 3406 4046 quem
3449 3981 3656 4048 praedi-

2064 4052 2238 4107 cando
2267 4053 2446 4126 gignit
2473 4056 2673 4126 aliquid
2706 4059 2820 4112 suis
2852 4058 3104 4116 laudibus
3127 4078 3236 4118 non
3257 4076 3498 4138 usurpat.
3517 4068 3658 4123 Om-

2063 4139 2224 4194 nibus
2244 4157 2458 4213 quoque
2489 4142 2681 4198 diebus
2710 4144 2836 4200 vitae
2863 4163 2976 4202 sua:
3005 4149 3150 4205 hunc
3183 4152 3414 4208 Domino
3444 4157 3652 4224 tribuit,

2065 4228 2155 4300 qui
2214 4229 2283 4284 de
2341 4231 2645 4298 virtutibus,
2697 4231 2752 4287 in
2808 4234 3003 4303 quibus
3033 4237 3281 4293 subditus
3312 4241 3652 4301 meliorando

2065 4317 2295 4389 proﬁcit,
2322 4320 2556 4392 propriis
2585 4321 2864 4377 favoribus
2885 4324 3018 4377 nihil
3047 4327 3289 4381 ascribit.
3339 4330 3468 4384 Dies
3496 4348 3653 4386 nam-

2062 4421 2166 4474 que
2195 4405 2318 4460 vitm
2345 4406 2501 4462 electi
2529 4407 2728 4462 subditi
2756 4418 2960 4465 sanctae
2989 4410 3212 4468 virtutes
3240 4418 3651 4488 sunt,quaeejus

2066 4493 2302 4548 animam
2348 4497 2692 4553 coruscando
2725 4498 3032 4555 illuminant
3070 4516 3136 4555 ne
3184 4502 3239 4557 in
3277 4504 3364 4560 via
3405 4507 3650 4563 ccelestis

2064 4583 2254 4652 patrias
2284 4583 2531 4640 vitiorum
2564 4595 2723 4642 nocte
2769 4590 3133 4647 tenebrescat.

2135 4673 2221 4725 25.
2255 4669 2360 4725 Sed
2382 4672 2659 4740 perfectus
2689 4674 2824 4730 ordo
2854 4676 3245 4746 prmdicatoris,
3276 4679 3403 4735 dum
3435 4681 3649 4740 favores

2061 4753 2127 4808 de
2157 4754 2308 4810 lucro
2333 4757 2732 4827 praedicationis
2770 4759 2975 4816 habere
3019 4761 3267 4831 despicit,
3312 4766 3648 4823 subditorum

2059 4835 2383 4905 temporalia
2401 4837 2544 4891 bona
2565 4838 2856 4895 ambiendo
2878 4857 2988 4894 non
3005 4841 3168 4896 tollit.
3195 4843 3348 4900 Unde
3363 4845 3502 4902 bene
3517 4865 3649 4920 quo-

2060 4935 2166 4990 que
2187 4920 2298 4975 illic
2320 4921 2574 4976 subditur
2598 4941 2609 4977 :
2633 4924 2698 4978 Et
2727 4926 3004 4982 novacula
3024 4942 3138 4981 non
3183 4931 3447 4986 ascendet
3478 4949 3648 5005 super

2059 5009 2230 5072 caput
2249 5007 2392 5076 ejus.
2420 5006 2696 5062 Novacula
2728 5023 2852 5064 cum
2891 5027 3053 5081 super
3081 5020 3240 5082 caput
3266 5015 3522 5079 ascendit,
3547 5032 3645 5072 ca-

2059 5087 2221 5158 pillos
2253 5089 2568 5158 radit.Quid
2598 5093 2745 5147 enim
2776 5109 2875 5164 per
2905 5095 3153 5164 capillos,
3187 5098 3276 5167 qui
3306 5097 3518 5168 corpori
3551 5117 3643 5154 su-

2058 5172 2348 5242 perfluunt,
2384 5175 2486 5228 nisi
2516 5175 2798 5232 abundans
2843 5186 3067 5234 terrenae
3111 5182 3428 5236 substantiae
3485 5184 3648 5252 c0pia

2058 5256 2374 5330 designatur
2399 5260 2426 5312 ?
2456 5258 2520 5313 Et
2549 5260 2674 5332 quid
2705 5278 2804 5333 per
2849 5263 3187 5332 novaculam,
3228 5263 3334 5319 nisi
3382 5264 3648 5325 malorum

2057 5455 2200 5528 tasse
2235 5447 3216 5528 :Ibiimmunditiafornicationisa
3249 5467 3478 5528 corpore
3496 5457 3644 5513 reci-

2056 5523 2214 5576 ditur
2243 5541 2261 5577 :
2294 5521 2403 5590 hic,
2436 5527 2500 5576 ut
2517 5522 2812 5591 fortitudo,
2838 5532 2977 5586 etin,
3008 5535 3059 5576 ut
3093 5526 3302 5581 scilicet
3331 5521 3645 5584 ostendatur

2055 5593 2217 5665 Legis
2247 5593 2593 5665 Evangelicae
2611 5607 2676 5646 ac
2703 5593 2958 5648 Mosaicm
2985 5594 3304 5652 discrimen.
