  <div class='ocr_page' id='page_1' title='image "/cluster/home/n/w/nwhite01/storage/ocr_20150623/79/hvd.32044054758834/023.png"; bbox 0 0 4062 6182; ppageno 0'>
   <div class='ocr_carea' id='block_1_1' title="bbox 376 364 3700 458">
    <p class='ocr_par' dir='ltr' id='par_1_1' title="bbox 376 364 3700 458">
     <span class='ocr_line' id='line_1_1' title="bbox 376 364 3700 458; baseline -0.001 -12"><span class='ocrx_word' id='word_1_1' title='bbox 376 392 476 458; x_wconf 70' lang='lat'>&#39;33</span> <span class='ocrx_word' id='word_1_2' title='bbox 1597 369 1847 445; x_wconf 75' lang='lat' dir='ltr'>SANCTI</span> <span class='ocrx_word' id='word_1_3' title='bbox 1888 364 2241 447; x_wconf 69' lang='lat' dir='ltr'>GREGORH</span> <span class='ocrx_word' id='word_1_4' title='bbox 2280 372 2518 448; x_wconf 77' lang='lat' dir='ltr'><strong>MAGNl</strong></span> <span class='ocrx_word' id='word_1_5' title='bbox 3635 386 3700 453; x_wconf 61' lang='lat' dir='ltr'>si</span> 
     </span>
    </p>
   </div>
   <div class='ocr_carea' id='block_1_2' title="bbox 405 506 2097 598">
    <p class='ocr_par' dir='ltr' id='par_1_2' title="bbox 405 506 2097 598">
     <span class='ocr_line' id='line_1_2' title="bbox 405 506 2097 598; baseline -0.008 -17"><span class='ocrx_word' id='word_1_6' title='bbox 405 532 684 598; x_wconf 80' lang='lat' dir='ltr'>pastorum</span> <span class='ocrx_word' id='word_1_7' title='bbox 745 519 1014 592; x_wconf 74' lang='lat' dir='ltr'>cupiditas</span> <span class='ocrx_word' id='word_1_8' title='bbox 1046 515 1365 590; x_wconf 74' lang='lat' dir='ltr'>exprimitur</span> <span class='ocrx_word' id='word_1_9' title='bbox 1390 516 1418 569; x_wconf 66' lang='grc' dir='ltr'><strong>ε)</strong></span> <span class='ocrx_word' id='word_1_10' title='bbox 1447 513 1568 583; x_wconf 90' lang='lat' dir='ltr'>Qua</span> <span class='ocrx_word' id='word_1_11' title='bbox 1597 512 1859 569; x_wconf 76' lang='lat' dir='ltr'>novacula</span> <span class='ocrx_word' id='word_1_12' title='bbox 1889 512 2002 569; x_wconf 89' lang='lat' dir='ltr'>nati</span> <span class='ocrx_word' id='word_1_13' title='bbox 2031 506 2097 576; x_wconf 49' lang='lat' dir='ltr'>A&#39;</span> 
     </span>
    </p>
   </div>
   <div class='ocr_carea' id='block_1_3' title="bbox 405 605 2010 682">
    <p class='ocr_par' dir='ltr' id='par_1_3' title="bbox 405 605 2010 682">
     <span class='ocr_line' id='line_1_3' title="bbox 405 605 2010 682; baseline -0.006 -15"><span class='ocrx_word' id='word_1_14' title='bbox 405 614 500 668; x_wconf 86' lang='lat' dir='ltr'>tilii</span> <span class='ocrx_word' id='word_1_15' title='bbox 532 619 690 682; x_wconf 82' lang='lat' dir='ltr'>caput</span> <span class='ocrx_word' id='word_1_16' title='bbox 720 610 946 672; x_wconf 81' lang='lat' dir='ltr'>raditur,</span> <span class='ocrx_word' id='word_1_17' title='bbox 1003 624 1124 665; x_wconf 89' lang='lat' dir='ltr'>cum</span> <span class='ocrx_word' id='word_1_18' title='bbox 1155 608 1298 662; x_wconf 90' lang='lat' dir='ltr'>bona</span> <span class='ocrx_word' id='word_1_19' title='bbox 1345 605 1685 660; x_wconf 84' lang='lat' dir='ltr'>subditorum</span> <span class='ocrx_word' id='word_1_20' title='bbox 1744 619 1842 674; x_wconf 88' lang='lat' dir='ltr'>per</span> <span class='ocrx_word' id='word_1_21' title='bbox 1867 616 2010 674; x_wconf 80' lang='lat' dir='ltr'>pra-</span> 
     </span>
    </p>
   </div>
   <div class='ocr_carea' id='block_1_4' title="bbox 402 693 2012 769">
    <p class='ocr_par' dir='ltr' id='par_1_4' title="bbox 402 693 2012 769">
     <span class='ocr_line' id='line_1_4' title="bbox 402 693 2012 769; baseline -0.007 -12"><span class='ocrx_word' id='word_1_22' title='bbox 402 703 710 757; x_wconf 86' lang='lat' dir='ltr'>dicatorum</span> <span class='ocrx_word' id='word_1_23' title='bbox 753 698 1101 769; x_wconf 78' lang='lat' dir='ltr'>cupiditatem</span> <span class='ocrx_word' id='word_1_24' title='bbox 1158 695 1457 766; x_wconf 88' lang='lat' dir='ltr'>rapiuntur.</span> <span class='ocrx_word' id='word_1_25' title='bbox 1504 693 1639 747; x_wconf 85' lang='lat' dir='ltr'>llinc</span> <span class='ocrx_word' id='word_1_26' title='bbox 1694 706 1927 761; x_wconf 82' lang='lat' dir='ltr'>namque</span> <span class='ocrx_word' id='word_1_27' title='bbox 1957 696 2012 745; x_wconf 87' lang='lat' dir='ltr'>et</span> 
     </span>
    </p>
   </div>
   <div class='ocr_carea' id='block_1_5' title="bbox 407 780 2010 860">
    <p class='ocr_par' dir='ltr' id='par_1_5' title="bbox 407 780 2010 860">
     <span class='ocr_line' id='line_1_5' title="bbox 407 780 2010 860; baseline -0.007 -14"><span class='ocrx_word' id='word_1_28' title='bbox 407 789 744 860; x_wconf 83' lang='lat' dir='ltr'>delinquenti</span> <span class='ocrx_word' id='word_1_29' title='bbox 774 788 976 842; x_wconf 80' lang='lat' dir='ltr'>Judaa</span> <span class='ocrx_word' id='word_1_30' title='bbox 1009 803 1108 857; x_wconf 88' lang='lat' dir='ltr'>per</span> <span class='ocrx_word' id='word_1_31' title='bbox 1154 784 1477 856; x_wconf 90' lang='lat' dir='ltr'>prophetam</span> <span class='ocrx_word' id='word_1_32' title='bbox 1535 780 1770 837; x_wconf 87' lang='lat' dir='ltr'>dicitur:</span> <span class='ocrx_word' id='word_1_33' title='bbox 1807 780 2010 835; x_wconf 83' lang='lat' dir='ltr'>Pasto-</span> 
     </span>
    </p>
   </div>
   <div class='ocr_carea' id='block_1_6' title="bbox 406 867 2000 949">
    <p class='ocr_par' dir='ltr' id='par_1_6' title="bbox 406 867 2000 949">
     <span class='ocr_line' id='line_1_6' title="bbox 406 867 2000 949; baseline -0.008 -14"><span class='ocrx_word' id='word_1_34' title='bbox 406 896 497 935; x_wconf 82' lang='lat' dir='ltr'>rcs</span> <span class='ocrx_word' id='word_1_35' title='bbox 517 880 604 934; x_wconf 87' lang='lat' dir='ltr'>tui</span> <span class='ocrx_word' id='word_1_36' title='bbox 624 878 741 948; x_wconf 83' lang='lat' dir='ltr'>lupi</span> <span class='ocrx_word' id='word_1_37' title='bbox 761 891 983 949; x_wconf 76' lang='lat' dir='ltr'>vespere</span> <span class='ocrx_word' id='word_1_38' title='bbox 1001 891 1118 931; x_wconf 80' lang='lat' dir='ltr'>non</span> <span class='ocrx_word' id='word_1_39' title='bbox 1133 875 1520 944; x_wconf 77' lang='lat' dir='ltr'>relinquentes</span> <span class='ocrx_word' id='word_1_40' title='bbox 1542 873 1598 925; x_wconf 84' lang='lat' dir='ltr'>in</span> <span class='ocrx_word' id='word_1_41' title='bbox 1618 885 1782 924; x_wconf 79' lang='lat' dir='ltr'>mane</span> <span class='ocrx_word' id='word_1_42' title='bbox 1805 867 1973 941; x_wconf 73' lang='lat' dir='ltr'>(Sapit</span> <span class='ocrx_word' id='word_1_43' title='bbox 1986 909 2000 923; x_wconf 95' lang='lat'>.</span> 
     </span>
    </p>
   </div>
   <div class='ocr_carea' id='block_1_7' title="bbox 406 957 2011 1037">
    <p class='ocr_par' dir='ltr' id='par_1_7' title="bbox 406 957 2011 1037">
     <span class='ocr_line' id='line_1_7' title="bbox 406 957 2011 1037; baseline -0.007 -14"><span class='ocrx_word' id='word_1_44' title='bbox 406 985 489 1033; x_wconf 87' lang='grc' dir='ltr'><strong>ιιι,</strong></span> <span class='ocrx_word' id='word_1_45' title='bbox 522 968 597 1037; x_wconf 84' lang='lat'>3).</span> <span class='ocrx_word' id='word_1_46' title='bbox 624 968 860 1037; x_wconf 77' lang='lat' dir='ltr'>Vespere</span> <span class='ocrx_word' id='word_1_47' title='bbox 890 979 1127 1034; x_wconf 81' lang='lat' dir='ltr'>namque</span> <span class='ocrx_word' id='word_1_48' title='bbox 1149 966 1400 1031; x_wconf 81' lang='lat' dir='ltr'>pastores</span> <span class='ocrx_word' id='word_1_49' title='bbox 1420 959 1530 1030; x_wconf 85' lang='lat' dir='ltr'>lupi</span> <span class='ocrx_word' id='word_1_50' title='bbox 1562 957 1715 1023; x_wconf 86' lang='lat' dir='ltr'>ﬁunt,</span> <span class='ocrx_word' id='word_1_51' title='bbox 1741 958 1865 1027; x_wconf 87' lang='lat' dir='ltr'>quia</span> <span class='ocrx_word' id='word_1_52' title='bbox 1884 957 2011 1012; x_wconf 84' lang='lat' dir='ltr'>inte-</span> 
     </span>
    </p>
   </div>
   <div class='ocr_carea' id='block_1_8' title="bbox 406 1043 2008 1124">
    <p class='ocr_par' dir='ltr' id='par_1_8' title="bbox 406 1043 2008 1124">
     <span class='ocr_line' id='line_1_8' title="bbox 406 1043 2008 1124; baseline -0.007 -12"><span class='ocrx_word' id='word_1_53' title='bbox 406 1057 785 1121; x_wconf 87' lang='lat' dir='ltr'>nebrescente,</span> <span class='ocrx_word' id='word_1_54' title='bbox 816 1062 978 1124; x_wconf 76' lang='lat' dir='ltr'>atque</span> <span class='ocrx_word' id='word_1_55' title='bbox 996 1052 1352 1107; x_wconf 83' lang='lat' dir='ltr'>decrescente</span> <span class='ocrx_word' id='word_1_56' title='bbox 1403 1048 1458 1102; x_wconf 91' lang='lat' dir='ltr'>in</span> <span class='ocrx_word' id='word_1_57' title='bbox 1489 1046 1596 1103; x_wconf 85' lang='lat' dir='ltr'>ﬁne</span> <span class='ocrx_word' id='word_1_58' title='bbox 1625 1046 1725 1101; x_wconf 88' lang='lat' dir='ltr'>isto</span> <span class='ocrx_word' id='word_1_59' title='bbox 1785 1043 2008 1109; x_wconf 72' lang='lat' dir='ltr'>saculo,</span> 
     </span>
    </p>
   </div>
   <div class='ocr_carea' id='block_1_9' title="bbox 406 1133 2012 1217">
    <p class='ocr_par' dir='ltr' id='par_1_9' title="bbox 406 1133 2012 1217">
     <span class='ocr_line' id='line_1_9' title="bbox 406 1133 2012 1217; baseline -0.009 -15"><span class='ocrx_word' id='word_1_60' title='bbox 406 1162 598 1217; x_wconf 85' lang='lat' dir='ltr'>rapere</span> <span class='ocrx_word' id='word_1_61' title='bbox 631 1143 969 1197; x_wconf 83' lang='lat' dir='ltr'>subditorum</span> <span class='ocrx_word' id='word_1_62' title='bbox 997 1140 1140 1195; x_wconf 87' lang='lat' dir='ltr'>bona</span> <span class='ocrx_word' id='word_1_63' title='bbox 1169 1154 1278 1193; x_wconf 87' lang='lat' dir='ltr'>non</span> <span class='ocrx_word' id='word_1_64' title='bbox 1321 1140 1595 1193; x_wconf 87' lang='lat' dir='ltr'>metuunt.</span> <span class='ocrx_word' id='word_1_65' title='bbox 1633 1134 1738 1202; x_wconf 87' lang='lat' dir='ltr'>Qui</span> <span class='ocrx_word' id='word_1_66' title='bbox 1770 1133 1822 1188; x_wconf 91' lang='lat' dir='ltr'>in</span> <span class='ocrx_word' id='word_1_67' title='bbox 1855 1148 2012 1187; x_wconf 87' lang='lat' dir='ltr'>mane</span> 
     </span>
    </p>
   </div>
   <div class='ocr_carea' id='block_1_10' title="bbox 407 1221 2009 1300">
    <p class='ocr_par' dir='ltr' id='par_1_10' title="bbox 407 1221 2009 1300">
     <span class='ocr_line' id='line_1_10' title="bbox 407 1221 2009 1300; baseline -0.009 -12"><span class='ocrx_word' id='word_1_68' title='bbox 407 1251 516 1289; x_wconf 88' lang='lat' dir='ltr'>non</span> <span class='ocrx_word' id='word_1_69' title='bbox 577 1232 909 1300; x_wconf 80' lang='lat' dir='ltr'>relinquunt,</span> <span class='ocrx_word' id='word_1_70' title='bbox 967 1228 1093 1299; x_wconf 84' lang='lat' dir='ltr'>quia</span> <span class='ocrx_word' id='word_1_71' title='bbox 1149 1228 1278 1281; x_wconf 90' lang='lat' dir='ltr'>dum</span> <span class='ocrx_word' id='word_1_72' title='bbox 1334 1222 1726 1295; x_wconf 83' lang='lat' dir='ltr'>temporalibus</span> <span class='ocrx_word' id='word_1_73' title='bbox 1782 1221 2009 1284; x_wconf 84' lang='lat' dir='ltr'>inhiant,</span> 
     </span>
    </p>
   </div>
   <div class='ocr_carea' id='block_1_11' title="bbox 407 1310 2014 1383">
    <p class='ocr_par' dir='ltr' id='par_1_11' title="bbox 407 1310 2014 1383">
     <span class='ocr_line' id='line_1_11' title="bbox 407 1310 2014 1383; baseline -0.009 -6"><span class='ocrx_word' id='word_1_74' title='bbox 407 1322 773 1378; x_wconf 80' lang='lat' dir='ltr'>inalbescente</span> <span class='ocrx_word' id='word_1_75' title='bbox 799 1318 1037 1375; x_wconf 88' lang='lat' dir='ltr'>adventu</span> <span class='ocrx_word' id='word_1_76' title='bbox 1088 1315 1250 1371; x_wconf 80' lang='lat' dir='ltr'>futuri</span> <span class='ocrx_word' id='word_1_77' title='bbox 1280 1313 1485 1383; x_wconf 82' lang='lat' dir='ltr'>iudicii,</span> <span class='ocrx_word' id='word_1_78' title='bbox 1512 1311 1695 1367; x_wconf 87' lang='lat' dir='ltr'>danda</span> <span class='ocrx_word' id='word_1_79' title='bbox 1721 1310 1828 1365; x_wconf 85' lang='lat' dir='ltr'>sibi</span> <span class='ocrx_word' id='word_1_80' title='bbox 1864 1325 2014 1381; x_wconf 82' lang='lat' dir='ltr'>pra-</span> 
     </span>
    </p>
   </div>
   <div class='ocr_carea' id='block_1_12' title="bbox 407 1398 2011 1474">
    <p class='ocr_par' dir='ltr' id='par_1_12' title="bbox 407 1398 2011 1474">
     <span class='ocr_line' id='line_1_12' title="bbox 407 1398 2011 1474; baseline -0.009 -9"><span class='ocrx_word' id='word_1_81' title='bbox 407 1410 516 1465; x_wconf 86' lang='lat' dir='ltr'>mia</span> <span class='ocrx_word' id='word_1_82' title='bbox 546 1425 655 1463; x_wconf 89' lang='lat' dir='ltr'>non</span> <span class='ocrx_word' id='word_1_83' title='bbox 681 1414 989 1462; x_wconf 79' lang='lat' dir='ltr'>reservant.</span> <span class='ocrx_word' id='word_1_84' title='bbox 1029 1404 1179 1474; x_wconf 88' lang='lat' dir='ltr'>Quos</span> <span class='ocrx_word' id='word_1_85' title='bbox 1211 1403 1463 1457; x_wconf 83' lang='lat' dir='ltr'>nimirum</span> <span class='ocrx_word' id='word_1_86' title='bbox 1489 1401 1744 1455; x_wconf 83' lang='lat' dir='ltr'>Michaas</span> <span class='ocrx_word' id='word_1_87' title='bbox 1765 1398 2011 1461; x_wconf 84' lang='lat' dir='ltr'>denotat,</span> 
     </span>
    </p>
   </div>
   <div class='ocr_carea' id='block_1_13' title="bbox 408 1487 2018 1569">
    <p class='ocr_par' dir='ltr' id='par_1_13' title="bbox 408 1487 2018 1569">
     <span class='ocr_line' id='line_1_13' title="bbox 408 1487 2018 1569; baseline -0.009 -14"><span class='ocrx_word' id='word_1_88' title='bbox 408 1500 594 1555; x_wconf 86' lang='lat' dir='ltr'>dicens</span> <span class='ocrx_word' id='word_1_89' title='bbox 616 1515 628 1551; x_wconf 89' lang='lat'>:</span> <span class='ocrx_word' id='word_1_90' title='bbox 650 1495 945 1569; x_wconf 72' lang='lat' dir='ltr'>Pr0phetae</span> <span class='ocrx_word' id='word_1_91' title='bbox 960 1495 1056 1566; x_wconf 85' lang='lat' dir='ltr'>qui</span> <span class='ocrx_word' id='word_1_92' title='bbox 1077 1492 1356 1549; x_wconf 79' lang='lat' dir='ltr'>seducunt</span> <span class='ocrx_word' id='word_1_93' title='bbox 1384 1490 1659 1564; x_wconf 83' lang='lat' dir='ltr'>papulum</span> <span class='ocrx_word' id='word_1_94' title='bbox 1677 1503 1887 1549; x_wconf 86' lang='lat' dir='ltr'>meum.</span> <span class='ocrx_word' id='word_1_95' title='bbox 1921 1487 2018 1558; x_wconf 85' lang='lat' dir='ltr'>qui</span> 
     </span>
    </p>
   </div>
   <div class='ocr_carea' id='block_1_14' title="bbox 410 1574 2017 1654">
    <p class='ocr_par' dir='ltr' id='par_1_14' title="bbox 410 1574 2017 1654">
     <span class='ocr_line' id='line_1_14' title="bbox 410 1574 2017 1654; baseline -0.01 -9"><span class='ocrx_word' id='word_1_96' title='bbox 410 1586 943 1645; x_wconf 82' lang='lat' dir='ltr'>mordentdentibus</span> <span class='ocrx_word' id='word_1_97' title='bbox 955 1583 1093 1648; x_wconf 78' lang='lat' dir='ltr'>suis,</span> <span class='ocrx_word' id='word_1_98' title='bbox 1115 1588 1169 1638; x_wconf 90' lang='lat' dir='ltr'>et</span> <span class='ocrx_word' id='word_1_99' title='bbox 1182 1581 1502 1654; x_wconf 72' lang='lat' dir='ltr'>praedicant</span> <span class='ocrx_word' id='word_1_100' title='bbox 1512 1593 1708 1651; x_wconf 87' lang='lat' dir='ltr'>pacem</span> <span class='ocrx_word' id='word_1_101' title='bbox 1728 1574 1882 1641; x_wconf 72' lang='grc' dir='ltr'>ςειεί</span> <span class='ocrx_word' id='word_1_102' title='bbox 1894 1576 2017 1649; x_wconf 75' lang='lat' dir='ltr'>quis</span> 
     </span>
    </p>
   </div>
   <div class='ocr_carea' id='block_1_15' title="bbox 409 1667 2016 1743">
    <p class='ocr_par' dir='ltr' id='par_1_15' title="bbox 409 1667 2016 1743">
     <span class='ocr_line' id='line_1_15' title="bbox 409 1667 2016 1743; baseline -0.009 -10"><span class='ocrx_word' id='word_1_103' title='bbox 409 1695 525 1734; x_wconf 79' lang='lat' dir='ltr'>non</span> <span class='ocrx_word' id='word_1_104' title='bbox 542 1675 758 1731; x_wconf 76' lang='lat' dir='ltr'>dederit</span> <span class='ocrx_word' id='word_1_105' title='bbox 772 1677 831 1729; x_wconf 85' lang='lat' dir='ltr'>in</span> <span class='ocrx_word' id='word_1_106' title='bbox 848 1689 941 1729; x_wconf 85' lang='lat' dir='ltr'>ore</span> <span class='ocrx_word' id='word_1_107' title='bbox 963 1687 1157 1727; x_wconf 89' lang='lat' dir='ltr'>eorum</span> <span class='ocrx_word' id='word_1_108' title='bbox 1179 1670 1490 1743; x_wconf 75' lang='lat' dir='ltr'>quidpiam,</span> <span class='ocrx_word' id='word_1_109' title='bbox 1509 1667 1879 1735; x_wconf 79' lang='lat' dir='ltr'>sanctiﬁcant</span> <span class='ocrx_word' id='word_1_110' title='bbox 1918 1680 2016 1719; x_wconf 84' lang='lat' dir='ltr'>su—</span> 
     </span>
    </p>
   </div>
   <div class='ocr_carea' id='block_1_16' title="bbox 409 1753 2016 1836">
    <p class='ocr_par' dir='ltr' id='par_1_16' title="bbox 409 1753 2016 1836">
     <span class='ocr_line' id='line_1_16' title="bbox 409 1753 2016 1836; baseline -0.009 -14"><span class='ocrx_word' id='word_1_111' title='bbox 409 1783 510 1836; x_wconf 85' lang='lat' dir='ltr'>per</span> <span class='ocrx_word' id='word_1_112' title='bbox 526 1764 935 1834; x_wconf 72' lang='lat' dir='ltr'>eumprwlium</span> <span class='ocrx_word' id='word_1_113' title='bbox 955 1759 1138 1831; x_wconf 74' lang='lat' dir='ltr'>(.ilich,</span> <span class='ocrx_word' id='word_1_114' title='bbox 1164 1775 1245 1826; x_wconf 82' lang='grc' dir='ltr'><strong>ιιι,</strong></span> <span class='ocrx_word' id='word_1_115' title='bbox 1270 1760 1349 1828; x_wconf 76' lang='lat'>5).</span> <span class='ocrx_word' id='word_1_116' title='bbox 1384 1757 1671 1828; x_wconf 73' lang='lat' dir='ltr'>PrOpheta</span> <span class='ocrx_word' id='word_1_117' title='bbox 1689 1753 1887 1826; x_wconf 91' lang='lat' dir='ltr'>quippe</span> <span class='ocrx_word' id='word_1_118' title='bbox 1915 1768 2016 1823; x_wconf 88' lang='lat' dir='ltr'>po-</span> 
     </span>
    </p>
   </div>
   <div class='ocr_carea' id='block_1_17' title="bbox 2190 516 3700 595">
    <p class='ocr_par' dir='ltr' id='par_1_17' title="bbox 2190 516 3700 595">
     <span class='ocr_line' id='line_1_17' title="bbox 2190 516 3700 595; baseline 0.006 -26"><span class='ocrx_word' id='word_1_119' title='bbox 2190 516 2384 585; x_wconf 77' lang='lat' dir='ltr'>(Vnns.</span> <span class='ocrx_word' id='word_1_120' title='bbox 2420 518 2532 582; x_wconf 79' lang='lat' dir='ltr'>l3.)</span> <span class='ocrx_word' id='word_1_121' title='bbox 2564 518 2736 574; x_wconf 84' lang='lat' dir='ltr'>Porro</span> <span class='ocrx_word' id='word_1_122' title='bbox 2753 518 2918 576; x_wconf 80' lang='lat' dir='ltr'>Anna</span> <span class='ocrx_word' id='word_1_123' title='bbox 2942 521 3274 595; x_wconf 80' lang='lat' dir='ltr'>loquebatur</span> <span class='ocrx_word' id='word_1_124' title='bbox 3288 522 3349 578; x_wconf 87' lang='lat' dir='ltr'>in</span> <span class='ocrx_word' id='word_1_125' title='bbox 3383 519 3547 580; x_wconf 85' lang='lat' dir='ltr'>cordo</span> <span class='ocrx_word' id='word_1_126' title='bbox 3582 538 3700 589; x_wconf 87' lang='lat' dir='ltr'>suo,</span> 
     </span>
    </p>
   </div>
   <div class='ocr_carea' id='block_1_18' title="bbox 2120 606 3702 684">
    <p class='ocr_par' dir='ltr' id='par_1_18' title="bbox 2120 606 3702 684">
     <span class='ocr_line' id='line_1_18' title="bbox 2120 606 3702 684; baseline 0.004 -25"><span class='ocrx_word' id='word_1_127' title='bbox 2120 608 2462 677; x_wconf 83' lang='lat' dir='ltr'>tantumque</span> <span class='ocrx_word' id='word_1_128' title='bbox 2487 606 2634 663; x_wconf 79' lang='lat' dir='ltr'>labia</span> <span class='ocrx_word' id='word_1_129' title='bbox 2672 609 3205 679; x_wconf 79' lang='lat' dir='ltr'>eiusmovebantur,</span> <span class='ocrx_word' id='word_1_130' title='bbox 3240 614 3298 667; x_wconf 89' lang='lat' dir='ltr'>et</span> <span class='ocrx_word' id='word_1_131' title='bbox 3325 628 3430 668; x_wconf 81' lang='lat' dir='ltr'>uox</span> <span class='ocrx_word' id='word_1_132' title='bbox 3470 612 3702 684; x_wconf 81' lang='lat' dir='ltr'>penitus</span> 
     </span>
    </p>
   </div>
   <div class='ocr_carea' id='block_1_19' title="bbox 2116 694 2617 751">
    <p class='ocr_par' dir='ltr' id='par_1_19' title="bbox 2116 694 2617 751">
     <span class='ocr_line' id='line_1_19' title="bbox 2116 694 2617 751; baseline 0.006 -3"><span class='ocrx_word' id='word_1_133' title='bbox 2116 708 2232 748; x_wconf 81' lang='lat' dir='ltr'>non</span> <span class='ocrx_word' id='word_1_134' title='bbox 2263 694 2617 751; x_wconf 80' lang='lat' dir='ltr'>audiebatur.</span> 
     </span>
    </p>
   </div>
   <div class='ocr_carea' id='block_1_20' title="bbox 2188 781 3710 860">
    <p class='ocr_par' dir='ltr' id='par_1_20' title="bbox 2188 781 3710 860">
     <span class='ocr_line' id='line_1_20' title="bbox 2188 781 3710 860; baseline 0.005 -22"><span class='ocrx_word' id='word_1_135' title='bbox 2188 783 2283 838; x_wconf 74' lang='lat'>27.</span> <span class='ocrx_word' id='word_1_136' title='bbox 2311 781 2453 851; x_wconf 85' lang='lat' dir='ltr'>Quid</span> <span class='ocrx_word' id='word_1_137' title='bbox 2483 784 2729 840; x_wconf 89' lang='lat' dir='ltr'>estaliud</span> <span class='ocrx_word' id='word_1_138' title='bbox 2749 791 3062 844; x_wconf 83' lang='lat' dir='ltr'>corsancta</span> <span class='ocrx_word' id='word_1_139' title='bbox 3085 788 3362 855; x_wconf 84' lang='lat' dir='ltr'>Ecclesia,</span> <span class='ocrx_word' id='word_1_140' title='bbox 3387 787 3488 845; x_wconf 88' lang='lat' dir='ltr'>nisi</span> <span class='ocrx_word' id='word_1_141' title='bbox 3505 804 3563 844; x_wconf 88' lang='lat' dir='ltr'>ea</span> <span class='ocrx_word' id='word_1_142' title='bbox 3588 805 3710 860; x_wconf 76' lang='lat' dir='ltr'>qua</span> 
     </span>
    </p>
   </div>
   <div class='ocr_carea' id='block_1_21' title="bbox 2119 869 3713 935">
    <p class='ocr_par' dir='ltr' id='par_1_21' title="bbox 2119 869 3713 935">
     <span class='ocr_line' id='line_1_21' title="bbox 2119 869 3713 935; baseline 0.005 -11"><span class='ocrx_word' id='word_1_143' title='bbox 2119 869 2256 925; x_wconf 89' lang='lat' dir='ltr'>intra</span> <span class='ocrx_word' id='word_1_144' title='bbox 2299 887 2355 926; x_wconf 89' lang='lat' dir='ltr'>se</span> <span class='ocrx_word' id='word_1_145' title='bbox 2384 881 2464 926; x_wconf 87' lang='lat' dir='ltr'>est</span> <span class='ocrx_word' id='word_1_146' title='bbox 2511 873 2713 929; x_wconf 87' lang='lat' dir='ltr'>devota</span> <span class='ocrx_word' id='word_1_147' title='bbox 2760 881 2814 931; x_wconf 89' lang='lat' dir='ltr'>et</span> <span class='ocrx_word' id='word_1_148' title='bbox 2843 877 3057 933; x_wconf 86' lang='lat' dir='ltr'>erudita</span> <span class='ocrx_word' id='word_1_149' title='bbox 3083 876 3363 935; x_wconf 76' lang='lat' dir='ltr'>beatitudo</span> <span class='ocrx_word' id='word_1_150' title='bbox 3422 876 3659 933; x_wconf 79' lang='lat' dir='ltr'>fidelium</span> <span class='ocrx_word' id='word_1_151' title='bbox 3684 877 3713 932; x_wconf 67' lang='grc' dir='ltr'><strong><em>Ἰ</em></strong></span> 
     </span>
    </p>
   </div>
   <div class='ocr_carea' id='block_1_22' title="bbox 2120 959 3709 1037">
    <p class='ocr_par' dir='ltr' id='par_1_22' title="bbox 2120 959 3709 1037">
     <span class='ocr_line' id='line_1_22' title="bbox 2120 959 3709 1037; baseline 0.005 -24"><span class='ocrx_word' id='word_1_152' title='bbox 2120 959 2177 1013; x_wconf 84' lang='lat' dir='ltr'>In</span> <span class='ocrx_word' id='word_1_153' title='bbox 2212 960 2377 1015; x_wconf 85' lang='lat' dir='ltr'>corde</span> <span class='ocrx_word' id='word_1_154' title='bbox 2406 965 2586 1016; x_wconf 85' lang='lat' dir='ltr'>autem</span> <span class='ocrx_word' id='word_1_155' title='bbox 2621 978 2722 1018; x_wconf 91' lang='lat' dir='ltr'>suo</span> <span class='ocrx_word' id='word_1_156' title='bbox 2758 966 2919 1019; x_wconf 77' lang='lat' dir='ltr'>Anna</span> <span class='ocrx_word' id='word_1_157' title='bbox 2950 965 3127 1022; x_wconf 85' lang='lat' dir='ltr'>locuta</span> <span class='ocrx_word' id='word_1_158' title='bbox 3182 975 3289 1034; x_wconf 87' lang='lat' dir='ltr'>est,</span> <span class='ocrx_word' id='word_1_159' title='bbox 3336 966 3461 1037; x_wconf 85' lang='lat' dir='ltr'>quia</span> <span class='ocrx_word' id='word_1_160' title='bbox 3512 975 3709 1021; x_wconf 80' lang='lat' dir='ltr'>sanctae</span> 
     </span>
    </p>
   </div>
   <div class='ocr_carea' id='block_1_23' title="bbox 2120 1048 3709 1128">
    <p class='ocr_par' dir='ltr' id='par_1_23' title="bbox 2120 1048 3709 1128">
     <span class='ocr_line' id='line_1_23' title="bbox 2120 1048 3709 1128; baseline 0.004 -25"><span class='ocrx_word' id='word_1_161' title='bbox 2120 1048 2381 1104; x_wconf 80' lang='lat' dir='ltr'>Ecclesia</span> <span class='ocrx_word' id='word_1_162' title='bbox 2412 1050 2727 1121; x_wconf 67' lang='lat' dir='ltr'>praedicatio</span> <span class='ocrx_word' id='word_1_163' title='bbox 2757 1052 2836 1108; x_wconf 90' lang='lat' dir='ltr'>eis</span> <span class='ocrx_word' id='word_1_164' title='bbox 2868 1061 3067 1108; x_wconf 73' lang='lat' dir='ltr'>tantum</span> <span class='ocrx_word' id='word_1_165' title='bbox 3095 1055 3299 1126; x_wconf 82' lang='lat' dir='ltr'>profuit</span> <span class='ocrx_word' id='word_1_166' title='bbox 3341 1055 3430 1128; x_wconf 92' lang='lat' dir='ltr'>qui</span> <span class='ocrx_word' id='word_1_167' title='bbox 3461 1071 3591 1110; x_wconf 88' lang='lat' dir='ltr'>vero</span> <span class='ocrx_word' id='word_1_168' title='bbox 3623 1056 3709 1110; x_wconf 90' lang='lat' dir='ltr'>lu-</span> 
     </span>
    </p>
   </div>
   <div class='ocr_carea' id='block_1_24' title="bbox 2120 1137 3705 1213">
    <p class='ocr_par' dir='ltr' id='par_1_24' title="bbox 2120 1137 3705 1213">
     <span class='ocr_line' id='line_1_24' title="bbox 2120 1137 3705 1213; baseline 0.004 -22"><span class='ocrx_word' id='word_1_169' title='bbox 2120 1137 2274 1193; x_wconf 85' lang='lat' dir='ltr'>mine</span> <span class='ocrx_word' id='word_1_170' title='bbox 2318 1138 2619 1194; x_wconf 89' lang='lat' dir='ltr'>illustrandi</span> <span class='ocrx_word' id='word_1_171' title='bbox 2650 1148 2802 1196; x_wconf 88' lang='lat' dir='ltr'>erant</span> <span class='ocrx_word' id='word_1_172' title='bbox 2843 1158 2907 1197; x_wconf 86' lang='lat' dir='ltr'>ex</span> <span class='ocrx_word' id='word_1_173' title='bbox 2963 1142 3144 1198; x_wconf 89' lang='lat' dir='ltr'>divina</span> <span class='ocrx_word' id='word_1_174' title='bbox 3203 1143 3705 1213; x_wconf 85' lang='lat' dir='ltr'>pradestinatione.</span> 
     </span>
    </p>
   </div>
   <div class='ocr_carea' id='block_1_25' title="bbox 2122 1225 3720 1304">
    <p class='ocr_par' dir='ltr' id='par_1_25' title="bbox 2122 1225 3720 1304">
     <span class='ocr_line' id='line_1_25' title="bbox 2122 1225 3720 1304; baseline 0.004 -24"><span class='ocrx_word' id='word_1_175' title='bbox 2122 1225 2262 1294; x_wconf 87' lang='lat' dir='ltr'>Quid</span> <span class='ocrx_word' id='word_1_176' title='bbox 2283 1243 2413 1282; x_wconf 80' lang='lat' dir='ltr'>vero</span> <span class='ocrx_word' id='word_1_177' title='bbox 2438 1236 2522 1282; x_wconf 89' lang='lat' dir='ltr'>est</span> <span class='ocrx_word' id='word_1_178' title='bbox 2542 1236 2720 1284; x_wconf 89' lang='lat' dir='ltr'>motus</span> <span class='ocrx_word' id='word_1_179' title='bbox 2750 1229 3036 1297; x_wconf 89' lang='lat' dir='ltr'>labiorum,</span> <span class='ocrx_word' id='word_1_180' title='bbox 3071 1230 3463 1303; x_wconf 75' lang='lat' dir='ltr'>nisisignorum</span> <span class='ocrx_word' id='word_1_181' title='bbox 3494 1248 3720 1304; x_wconf 87' lang='lat' dir='ltr'>promo-</span> 
     </span>
    </p>
   </div>
   <div class='ocr_carea' id='block_1_26' title="bbox 2123 1314 3720 1391">
    <p class='ocr_par' dir='ltr' id='par_1_26' title="bbox 2123 1314 3720 1391">
     <span class='ocr_line' id='line_1_26' title="bbox 2123 1314 3720 1391; baseline 0.004 -23"><span class='ocrx_word' id='word_1_182' title='bbox 2123 1314 2198 1370; x_wconf 91' lang='lat' dir='ltr'>tio</span> <span class='ocrx_word' id='word_1_183' title='bbox 2229 1315 2282 1369; x_wconf 94' lang='lat' dir='ltr'>in</span> <span class='ocrx_word' id='word_1_184' title='bbox 2312 1316 2514 1372; x_wconf 82' lang='lat' dir='ltr'>sanctis</span> <span class='ocrx_word' id='word_1_185' title='bbox 2551 1318 2996 1387; x_wconf 81' lang='lat' dir='ltr'>pradicatoribus</span> <span class='ocrx_word' id='word_1_186' title='bbox 3024 1320 3053 1372; x_wconf 79' lang='lat'>‘.’</span> <span class='ocrx_word' id='word_1_187' title='bbox 3075 1319 3179 1388; x_wconf 90' lang='lat' dir='ltr'>Qui</span> <span class='ocrx_word' id='word_1_188' title='bbox 3205 1320 3468 1391; x_wconf 78' lang='lat' dir='ltr'>profecto,</span> <span class='ocrx_word' id='word_1_189' title='bbox 3501 1320 3604 1375; x_wconf 83' lang='lat' dir='ltr'>etsi</span> <span class='ocrx_word' id='word_1_190' title='bbox 3631 1338 3720 1377; x_wconf 85' lang='lat' dir='ltr'>ve-</span> 
     </span>
    </p>
   </div>
   <div class='ocr_carea' id='block_1_27' title="bbox 2123 1404 3719 1478">
    <p class='ocr_par' dir='ltr' id='par_1_27' title="bbox 2123 1404 3719 1478">
     <span class='ocr_line' id='line_1_27' title="bbox 2123 1404 3719 1478; baseline 0.004 -20"><span class='ocrx_word' id='word_1_191' title='bbox 2123 1404 2198 1458; x_wconf 90' lang='lat' dir='ltr'>lut</span> <span class='ocrx_word' id='word_1_192' title='bbox 2230 1404 2366 1459; x_wconf 79' lang='lat' dir='ltr'>foris</span> <span class='ocrx_word' id='word_1_193' title='bbox 2397 1405 2675 1476; x_wconf 84' lang='lat' dir='ltr'>loquentia</span> <span class='ocrx_word' id='word_1_194' title='bbox 2706 1406 2851 1462; x_wconf 83' lang='lat' dir='ltr'>labia</span> <span class='ocrx_word' id='word_1_195' title='bbox 2881 1416 2936 1462; x_wconf 88' lang='lat' dir='ltr'>et</span> <span class='ocrx_word' id='word_1_196' title='bbox 2965 1408 3016 1461; x_wconf 91' lang='lat' dir='ltr'>in</span> <span class='ocrx_word' id='word_1_197' title='bbox 3051 1408 3159 1463; x_wconf 92' lang='lat' dir='ltr'>imo</span> <span class='ocrx_word' id='word_1_198' title='bbox 3211 1417 3353 1464; x_wconf 88' lang='lat' dir='ltr'>stare</span> <span class='ocrx_word' id='word_1_199' title='bbox 3375 1409 3719 1478; x_wconf 78' lang='lat' dir='ltr'>videbantur,</span> 
     </span>
    </p>
   </div>
   <div class='ocr_carea' id='block_1_28' title="bbox 2124 1491 3721 1563">
    <p class='ocr_par' dir='ltr' id='par_1_28' title="bbox 2124 1491 3721 1563">
     <span class='ocr_line' id='line_1_28' title="bbox 2124 1491 3721 1563; baseline 0.003 -16"><span class='ocrx_word' id='word_1_200' title='bbox 2124 1491 2255 1547; x_wconf 89' lang='lat' dir='ltr'>dum</span> <span class='ocrx_word' id='word_1_201' title='bbox 2296 1493 2460 1550; x_wconf 75' lang='lat' dir='ltr'>cacis</span> <span class='ocrx_word' id='word_1_202' title='bbox 2489 1493 2682 1561; x_wconf 88' lang='lat' dir='ltr'>visum,</span> <span class='ocrx_word' id='word_1_203' title='bbox 2734 1494 2975 1550; x_wconf 89' lang='lat' dir='ltr'>auditum</span> <span class='ocrx_word' id='word_1_204' title='bbox 3033 1496 3233 1563; x_wconf 86' lang='lat' dir='ltr'>surdis,</span> <span class='ocrx_word' id='word_1_205' title='bbox 3266 1497 3429 1553; x_wconf 84' lang='lat' dir='ltr'>vitam</span> <span class='ocrx_word' id='word_1_206' title='bbox 3487 1500 3721 1552; x_wconf 84' lang='lat' dir='ltr'>mortuis</span> 
     </span>
    </p>
   </div>
   <div class='ocr_carea' id='block_1_29' title="bbox 2124 1581 3722 1654">
    <p class='ocr_par' dir='ltr' id='par_1_29' title="bbox 2124 1581 3722 1654">
     <span class='ocr_line' id='line_1_29' title="bbox 2124 1581 3722 1654; baseline 0.003 -18"><span class='ocrx_word' id='word_1_207' title='bbox 2124 1581 2346 1646; x_wconf 85' lang='lat' dir='ltr'>dabant,</span> <span class='ocrx_word' id='word_1_208' title='bbox 2403 1598 2639 1654; x_wconf 84' lang='lat' dir='ltr'>magnos</span> <span class='ocrx_word' id='word_1_209' title='bbox 2694 1583 2875 1653; x_wconf 84' lang='lat' dir='ltr'>utique</span> <span class='ocrx_word' id='word_1_210' title='bbox 2933 1584 3249 1640; x_wconf 88' lang='lat' dir='ltr'>meritorum</span> <span class='ocrx_word' id='word_1_211' title='bbox 3281 1594 3463 1641; x_wconf 89' lang='lat' dir='ltr'>motus</span> <span class='ocrx_word' id='word_1_212' title='bbox 3495 1585 3722 1641; x_wconf 81' lang='lat' dir='ltr'>exhibe-</span> 
     </span>
    </p>
   </div>
   <div class='ocr_carea' id='block_1_30' title="bbox 2124 1670 3715 1744">
    <p class='ocr_par' dir='ltr' id='par_1_30' title="bbox 2124 1670 3715 1744">
     <span class='ocr_line' id='line_1_30' title="bbox 2124 1670 3715 1744; baseline 0.003 -19"><span class='ocrx_word' id='word_1_213' title='bbox 2124 1670 2275 1725; x_wconf 90' lang='lat' dir='ltr'>bant.</span> <span class='ocrx_word' id='word_1_214' title='bbox 2307 1671 2469 1725; x_wconf 88' lang='lat' dir='ltr'>Unde</span> <span class='ocrx_word' id='word_1_215' title='bbox 2500 1679 2554 1725; x_wconf 92' lang='lat' dir='ltr'>et</span> <span class='ocrx_word' id='word_1_216' title='bbox 2583 1671 2715 1726; x_wconf 89' lang='lat' dir='ltr'>illud</span> <span class='ocrx_word' id='word_1_217' title='bbox 2746 1672 2941 1744; x_wconf 78' lang='lat' dir='ltr'>ingens</span> <span class='ocrx_word' id='word_1_218' title='bbox 2963 1673 3165 1729; x_wconf 88' lang='lat' dir='ltr'>labium</span> <span class='ocrx_word' id='word_1_219' title='bbox 3203 1683 3405 1731; x_wconf 85' lang='lat' dir='ltr'>sancta</span> <span class='ocrx_word' id='word_1_220' title='bbox 3435 1674 3715 1741; x_wconf 82' lang='lat' dir='ltr'>Ecclesia,</span> 
     </span>
    </p>
   </div>
   <div class='ocr_carea' id='block_1_31' title="bbox 2122 1758 3719 1835">
    <p class='ocr_par' dir='ltr' id='par_1_31' title="bbox 2122 1758 3719 1835">
     <span class='ocr_line' id='line_1_31' title="bbox 2122 1758 3719 1835; baseline 0.002 -21"><span class='ocrx_word' id='word_1_221' title='bbox 2122 1758 2251 1814; x_wconf 61' lang='lat' dir='ltr'>dim</span> <span class='ocrx_word' id='word_1_222' title='bbox 2274 1760 2509 1831; x_wconf 88' lang='lat' dir='ltr'>loquens</span> <span class='ocrx_word' id='word_1_223' title='bbox 2539 1760 2681 1815; x_wconf 81' lang='lat' dir='ltr'>velut</span> <span class='ocrx_word' id='word_1_224' title='bbox 2711 1760 2765 1815; x_wconf 90' lang='lat' dir='ltr'>in</span> <span class='ocrx_word' id='word_1_225' title='bbox 2792 1761 2902 1817; x_wconf 91' lang='lat' dir='ltr'>imo</span> <span class='ocrx_word' id='word_1_226' title='bbox 2930 1770 3082 1817; x_wconf 85' lang='lat' dir='ltr'>stare</span> <span class='ocrx_word' id='word_1_227' title='bbox 3102 1761 3395 1830; x_wconf 80' lang='lat' dir='ltr'>videretur,</span> <span class='ocrx_word' id='word_1_228' title='bbox 3451 1763 3577 1835; x_wconf 87' lang='lat' dir='ltr'>quia</span> <span class='ocrx_word' id='word_1_229' title='bbox 3605 1778 3719 1818; x_wconf 90' lang='lat' dir='ltr'>non</span> 
     </span>
    </p>
   </div>
   <div class='ocr_carea' id='block_1_32' title="bbox 412 1841 3717 1931">
    <p class='ocr_par' dir='ltr' id='par_1_32' title="bbox 412 1841 3717 1931">
     <span class='ocr_line' id='line_1_32' title="bbox 412 1841 3717 1931; baseline -0.006 -5"><span class='ocrx_word' id='word_1_230' title='bbox 412 1854 598 1926; x_wconf 73' lang='grc' dir='ltr'>Ροιυῐη</span> <span class='ocrx_word' id='word_1_231' title='bbox 616 1850 832 1906; x_wconf 64' lang='lat' dir='ltr'>Domini</span> <span class='ocrx_word' id='word_1_232' title='bbox 852 1849 1258 1915; x_wconf 71' lang='grc' dir='ltr'>δθάυουηῑιθιιῐη</span> <span class='ocrx_word' id='word_1_233' title='bbox 1274 1845 1652 1918; x_wconf 60' lang='grc' dir='ltr'>Ρτωάίθθίοτεε</span> <span class='ocrx_word' id='word_1_234' title='bbox 1665 1841 1896 1931; x_wconf 55' lang='lat' dir='ltr'>reprobi</span> <span class='ocrx_word' id='word_1_235' title='bbox 1926 1857 2016 1895; x_wconf 69' lang='grc' dir='ltr'>δυ’</span> <span class='ocrx_word' id='word_1_236' title='bbox 2044 1871 2098 1931; x_wconf 81' lang='grc' dir='ltr'>Β</span> <span class='ocrx_word' id='word_1_237' title='bbox 2126 1848 2299 1904; x_wconf 85' lang='lat' dir='ltr'>solum</span> <span class='ocrx_word' id='word_1_238' title='bbox 2329 1848 2497 1904; x_wconf 87' lang='lat' dir='ltr'>verbo</span> <span class='ocrx_word' id='word_1_239' title='bbox 2552 1856 2606 1903; x_wconf 90' lang='lat' dir='ltr'>et</span> <span class='ocrx_word' id='word_1_240' title='bbox 2635 1850 3046 1907; x_wconf 86' lang='lat' dir='ltr'>conversatione</span> <span class='ocrx_word' id='word_1_241' title='bbox 3075 1850 3295 1905; x_wconf 84' lang='lat' dir='ltr'>humilis</span> <span class='ocrx_word' id='word_1_242' title='bbox 3315 1859 3447 1919; x_wconf 84' lang='lat' dir='ltr'>erat,</span> <span class='ocrx_word' id='word_1_243' title='bbox 3507 1852 3602 1906; x_wconf 90' lang='lat' dir='ltr'>sed</span> <span class='ocrx_word' id='word_1_244' title='bbox 3660 1859 3717 1907; x_wconf 90' lang='lat' dir='ltr'>et</span> 
     </span>
    </p>
   </div>
   <div class='ocr_carea' id='block_1_33' title="bbox 414 1930 2014 2007">
    <p class='ocr_par' dir='ltr' id='par_1_33' title="bbox 414 1930 2014 2007">
     <span class='ocr_line' id='line_1_33' title="bbox 414 1930 2014 2007; baseline -0.009 -9"><span class='ocrx_word' id='word_1_245' title='bbox 414 1944 651 1998; x_wconf 91' lang='lat' dir='ltr'>ditorum</span> <span class='ocrx_word' id='word_1_246' title='bbox 698 1954 913 1995; x_wconf 89' lang='lat' dir='ltr'>suorum</span> <span class='ocrx_word' id='word_1_247' title='bbox 937 1938 1141 2007; x_wconf 88' lang='lat' dir='ltr'>judicia</span> <span class='ocrx_word' id='word_1_248' title='bbox 1174 1935 1536 1992; x_wconf 80' lang='lat' dir='ltr'>confundunt.</span> <span class='ocrx_word' id='word_1_249' title='bbox 1585 1933 1653 1987; x_wconf 88' lang='lat' dir='ltr'>Et</span> <span class='ocrx_word' id='word_1_250' title='bbox 1700 1930 2014 1986; x_wconf 89' lang='lat' dir='ltr'>mordentes</span> 
     </span>
    </p>
   </div>
   <div class='ocr_carea' id='block_1_34' title="bbox 421 2021 2017 2101">
    <p class='ocr_par' dir='ltr' id='par_1_34' title="bbox 421 2021 2017 2101">
     <span class='ocr_line' id='line_1_34' title="bbox 421 2021 2017 2101; baseline -0.009 -14"><span class='ocrx_word' id='word_1_251' title='bbox 421 2031 679 2088; x_wconf 87' lang='lat' dir='ltr'>dentibus</span> <span class='ocrx_word' id='word_1_252' title='bbox 709 2045 906 2101; x_wconf 87' lang='lat' dir='ltr'>pacem</span> <span class='ocrx_word' id='word_1_253' title='bbox 936 2025 1203 2093; x_wconf 89' lang='lat' dir='ltr'>nuntiant,</span> <span class='ocrx_word' id='word_1_254' title='bbox 1236 2024 1362 2096; x_wconf 87' lang='lat' dir='ltr'>quia</span> <span class='ocrx_word' id='word_1_255' title='bbox 1392 2023 1445 2076; x_wconf 91' lang='lat' dir='ltr'>in</span> <span class='ocrx_word' id='word_1_256' title='bbox 1474 2021 1837 2093; x_wconf 83' lang='lat' dir='ltr'>appetitusua</span> <span class='ocrx_word' id='word_1_257' title='bbox 1857 2034 2017 2090; x_wconf 82' lang='lat' dir='ltr'>rapa-</span> 
     </span>
    </p>
   </div>
   <div class='ocr_carea' id='block_1_35' title="bbox 412 2108 2011 2187">
    <p class='ocr_par' dir='ltr' id='par_1_35' title="bbox 412 2108 2011 2187">
     <span class='ocr_line' id='line_1_35' title="bbox 412 2108 2011 2187; baseline -0.009 -12"><span class='ocrx_word' id='word_1_258' title='bbox 412 2120 615 2187; x_wconf 88' lang='lat' dir='ltr'>citatis,</span> <span class='ocrx_word' id='word_1_259' title='bbox 648 2120 775 2173; x_wconf 86' lang='lat' dir='ltr'>dum</span> <span class='ocrx_word' id='word_1_260' title='bbox 807 2127 1025 2171; x_wconf 88' lang='lat' dir='ltr'>terrena</span> <span class='ocrx_word' id='word_1_261' title='bbox 1046 2113 1444 2185; x_wconf 86' lang='lat' dir='ltr'>ﬂagitiosorum</span> <span class='ocrx_word' id='word_1_262' title='bbox 1501 2112 1646 2165; x_wconf 90' lang='lat' dir='ltr'>dona</span> <span class='ocrx_word' id='word_1_263' title='bbox 1692 2108 2011 2180; x_wconf 91' lang='lat' dir='ltr'>suspiciunt,</span> 
     </span>
    </p>
   </div>
   <div class='ocr_carea' id='block_1_36' title="bbox 415 2196 2015 2277">
    <p class='ocr_par' dir='ltr' id='par_1_36' title="bbox 415 2196 2015 2277">
     <span class='ocr_line' id='line_1_36' title="bbox 415 2196 2015 2277; baseline -0.008 -13"><span class='ocrx_word' id='word_1_264' title='bbox 415 2210 494 2265; x_wconf 92' lang='lat' dir='ltr'>eis</span> <span class='ocrx_word' id='word_1_265' title='bbox 523 2209 720 2263; x_wconf 84' lang='lat' dir='ltr'>divina</span> <span class='ocrx_word' id='word_1_266' title='bbox 746 2204 1101 2277; x_wconf 78' lang='lat' dir='ltr'>indulgentia</span> <span class='ocrx_word' id='word_1_267' title='bbox 1126 2202 1471 2258; x_wconf 86' lang='lat' dir='ltr'>securitatem</span> <span class='ocrx_word' id='word_1_268' title='bbox 1503 2198 1849 2271; x_wconf 88' lang='lat' dir='ltr'>pollicentur.</span> <span class='ocrx_word' id='word_1_269' title='bbox 1907 2196 2015 2252; x_wconf 89' lang='lat' dir='ltr'>Su-</span> 
     </span>
    </p>
   </div>
   <div class='ocr_carea' id='block_1_37' title="bbox 415 2286 2014 2369">
    <p class='ocr_par' dir='ltr' id='par_1_37' title="bbox 415 2286 2014 2369">
     <span class='ocr_line' id='line_1_37' title="bbox 415 2286 2014 2369; baseline -0.009 -16"><span class='ocrx_word' id='word_1_270' title='bbox 415 2313 515 2369; x_wconf 89' lang='lat' dir='ltr'>per</span> <span class='ocrx_word' id='word_1_271' title='bbox 551 2297 696 2368; x_wconf 90' lang='lat' dir='ltr'>ipsos</span> <span class='ocrx_word' id='word_1_272' title='bbox 719 2304 897 2350; x_wconf 89' lang='lat' dir='ltr'>autem</span> <span class='ocrx_word' id='word_1_273' title='bbox 928 2292 1174 2365; x_wconf 80' lang='lat' dir='ltr'>pralium</span> <span class='ocrx_word' id='word_1_274' title='bbox 1207 2288 1567 2354; x_wconf 87' lang='lat' dir='ltr'>sanctiﬁcant,</span> <span class='ocrx_word' id='word_1_275' title='bbox 1597 2287 1687 2359; x_wconf 87' lang='lat' dir='ltr'>qui</span> <span class='ocrx_word' id='word_1_276' title='bbox 1717 2286 1772 2340; x_wconf 92' lang='lat' dir='ltr'>in</span> <span class='ocrx_word' id='word_1_277' title='bbox 1801 2301 1899 2340; x_wconf 87' lang='lat' dir='ltr'>ore</span> <span class='ocrx_word' id='word_1_278' title='bbox 1914 2300 2014 2339; x_wconf 90' lang='lat' dir='ltr'>eo-</span> 
     </span>
    </p>
   </div>
   <div class='ocr_carea' id='block_1_38' title="bbox 416 2372 2017 2458">
    <p class='ocr_par' dir='ltr' id='par_1_38' title="bbox 416 2372 2017 2458">
     <span class='ocr_line' id='line_1_38' title="bbox 416 2372 2017 2458; baseline -0.01 -16"><span class='ocrx_word' id='word_1_279' title='bbox 416 2403 540 2442; x_wconf 90' lang='lat' dir='ltr'>rum</span> <span class='ocrx_word' id='word_1_280' title='bbox 570 2384 773 2458; x_wconf 87' lang='lat' dir='ltr'>aliquid</span> <span class='ocrx_word' id='word_1_281' title='bbox 808 2399 921 2438; x_wconf 91' lang='lat' dir='ltr'>non</span> <span class='ocrx_word' id='word_1_282' title='bbox 981 2382 1131 2447; x_wconf 87' lang='lat' dir='ltr'>dant,</span> <span class='ocrx_word' id='word_1_283' title='bbox 1163 2380 1289 2449; x_wconf 84' lang='lat' dir='ltr'>quia</span> <span class='ocrx_word' id='word_1_284' title='bbox 1313 2378 1497 2447; x_wconf 92' lang='lat' dir='ltr'>justos</span> <span class='ocrx_word' id='word_1_285' title='bbox 1546 2377 1707 2431; x_wconf 89' lang='lat' dir='ltr'>etiam</span> <span class='ocrx_word' id='word_1_286' title='bbox 1761 2372 2017 2428; x_wconf 88' lang='lat' dir='ltr'>districtis</span> 
     </span>
    </p>
   </div>
   <div class='ocr_carea' id='block_1_39' title="bbox 417 2460 2013 2539">
    <p class='ocr_par' dir='ltr' id='par_1_39' title="bbox 417 2460 2013 2539">
     <span class='ocr_line' id='line_1_39' title="bbox 417 2460 2013 2539; baseline -0.011 -8"><span class='ocrx_word' id='word_1_287' title='bbox 417 2476 704 2531; x_wconf 88' lang='lat' dir='ltr'>sententiis</span> <span class='ocrx_word' id='word_1_288' title='bbox 730 2478 949 2537; x_wconf 88' lang='lat' dir='ltr'>terrent,</span> <span class='ocrx_word' id='word_1_289' title='bbox 984 2469 1076 2539; x_wconf 91' lang='lat' dir='ltr'>qui</span> <span class='ocrx_word' id='word_1_290' title='bbox 1099 2468 1178 2524; x_wconf 90' lang='lat' dir='ltr'>eis</span> <span class='ocrx_word' id='word_1_291' title='bbox 1202 2482 1301 2539; x_wconf 89' lang='lat' dir='ltr'>pro</span> <span class='ocrx_word' id='word_1_292' title='bbox 1324 2474 1450 2523; x_wconf 86' lang='lat' dir='ltr'>voto</span> <span class='ocrx_word' id='word_1_293' title='bbox 1472 2474 1687 2520; x_wconf 89' lang='lat' dir='ltr'>terrena</span> <span class='ocrx_word' id='word_1_294' title='bbox 1715 2478 1825 2518; x_wconf 90' lang='lat' dir='ltr'>non</span> <span class='ocrx_word' id='word_1_295' title='bbox 1856 2460 2013 2517; x_wconf 81' lang='lat' dir='ltr'>exhi-</span> 
     </span>
    </p>
   </div>
   <div class='ocr_carea' id='block_1_40' title="bbox 416 2552 2013 2630">
    <p class='ocr_par' dir='ltr' id='par_1_40' title="bbox 416 2552 2013 2630">
     <span class='ocr_line' id='line_1_40' title="bbox 416 2552 2013 2630; baseline -0.009 -12"><span class='ocrx_word' id='word_1_296' title='bbox 416 2564 573 2618; x_wconf 84' lang='lat' dir='ltr'>bent.</span> <span class='ocrx_word' id='word_1_297' title='bbox 613 2561 715 2630; x_wconf 87' lang='lat' dir='ltr'>Qui</span> <span class='ocrx_word' id='word_1_298' title='bbox 746 2559 1000 2614; x_wconf 89' lang='lat' dir='ltr'>nimirum</span> <span class='ocrx_word' id='word_1_299' title='bbox 1032 2572 1199 2628; x_wconf 88' lang='lat' dir='ltr'>super</span> <span class='ocrx_word' id='word_1_300' title='bbox 1223 2562 1389 2627; x_wconf 87' lang='lat' dir='ltr'>caput</span> <span class='ocrx_word' id='word_1_301' title='bbox 1420 2552 1516 2608; x_wconf 82' lang='lat' dir='ltr'>ﬁlii</span> <span class='ocrx_word' id='word_1_302' title='bbox 1546 2552 1862 2608; x_wconf 80' lang='lat' dir='ltr'>novaculam</span> <span class='ocrx_word' id='word_1_303' title='bbox 1908 2565 2013 2621; x_wconf 91' lang='lat' dir='ltr'>po-</span> 
     </span>
    </p>
   </div>
   <div class='ocr_carea' id='block_1_41' title="bbox 416 2640 2012 2718">
    <p class='ocr_par' dir='ltr' id='par_1_41' title="bbox 416 2640 2012 2718">
     <span class='ocr_line' id='line_1_41' title="bbox 416 2640 2012 2718; baseline -0.009 -12"><span class='ocrx_word' id='word_1_304' title='bbox 416 2659 570 2713; x_wconf 85' lang='lat' dir='ltr'>nunt,</span> <span class='ocrx_word' id='word_1_305' title='bbox 601 2650 726 2704; x_wconf 91' lang='lat' dir='ltr'>dum</span> <span class='ocrx_word' id='word_1_306' title='bbox 786 2654 1044 2718; x_wconf 80' lang='lat' dir='ltr'>pratcxtu</span> <span class='ocrx_word' id='word_1_307' title='bbox 1074 2644 1347 2701; x_wconf 87' lang='lat' dir='ltr'>charitatis</span> <span class='ocrx_word' id='word_1_308' title='bbox 1400 2642 1642 2699; x_wconf 68' lang='lat' dir='ltr'>caelestia</span> <span class='ocrx_word' id='word_1_309' title='bbox 1695 2640 2012 2712; x_wconf 82' lang='lat' dir='ltr'>pradicant,</span> 
     </span>
    </p>
   </div>
   <div class='ocr_carea' id='block_1_42' title="bbox 417 2731 2016 2807">
    <p class='ocr_par' dir='ltr' id='par_1_42' title="bbox 417 2731 2016 2807">
     <span class='ocr_line' id='line_1_42' title="bbox 417 2731 2016 2807; baseline -0.008 -12"><span class='ocrx_word' id='word_1_310' title='bbox 417 2749 475 2795; x_wconf 89' lang='lat' dir='ltr'>ut</span> <span class='ocrx_word' id='word_1_311' title='bbox 504 2740 584 2795; x_wconf 87' lang='lat' dir='ltr'>eis</span> <span class='ocrx_word' id='word_1_312' title='bbox 616 2742 830 2792; x_wconf 83' lang='lat' dir='ltr'>terrena</span> <span class='ocrx_word' id='word_1_313' title='bbox 860 2753 961 2806; x_wconf 88' lang='lat' dir='ltr'>per</span> <span class='ocrx_word' id='word_1_314' title='bbox 990 2735 1343 2807; x_wconf 89' lang='lat' dir='ltr'>cupiditatem</span> <span class='ocrx_word' id='word_1_315' title='bbox 1402 2731 1609 2788; x_wconf 89' lang='lat' dir='ltr'>tollant.</span> <span class='ocrx_word' id='word_1_316' title='bbox 1667 2732 1820 2785; x_wconf 84' lang='lat' dir='ltr'>Hanc</span> <span class='ocrx_word' id='word_1_317' title='bbox 1866 2734 2016 2783; x_wconf 88' lang='lat' dir='ltr'>certe</span> 
     </span>
    </p>
   </div>
   <div class='ocr_carea' id='block_1_43' title="bbox 414 2816 2014 2896">
    <p class='ocr_par' dir='ltr' id='par_1_43' title="bbox 414 2816 2014 2896">
     <span class='ocr_line' id='line_1_43' title="bbox 414 2816 2014 2896; baseline -0.008 -14"><span class='ocrx_word' id='word_1_318' title='bbox 414 2827 734 2884; x_wconf 81' lang='lat' dir='ltr'>novaculam</span> <span class='ocrx_word' id='word_1_319' title='bbox 761 2826 905 2896; x_wconf 88' lang='lat' dir='ltr'>quod</span> <span class='ocrx_word' id='word_1_320' title='bbox 927 2828 1119 2879; x_wconf 89' lang='lat' dir='ltr'>sancta</span> <span class='ocrx_word' id='word_1_321' title='bbox 1141 2821 1389 2879; x_wconf 80' lang='lat' dir='ltr'>Ecclesia</span> <span class='ocrx_word' id='word_1_322' title='bbox 1419 2821 1472 2875; x_wconf 94' lang='lat' dir='ltr'>in</span> <span class='ocrx_word' id='word_1_323' title='bbox 1492 2817 1730 2893; x_wconf 81' lang='lat' dir='ltr'>pradam</span> <span class='ocrx_word' id='word_1_324' title='bbox 1762 2816 2014 2873; x_wconf 88' lang='lat' dir='ltr'>subdito-</span> 
     </span>
    </p>
   </div>
   <div class='ocr_carea' id='block_1_44' title="bbox 413 2908 2016 2983">
    <p class='ocr_par' dir='ltr' id='par_1_44' title="bbox 413 2908 2016 2983">
     <span class='ocr_line' id='line_1_44' title="bbox 413 2908 2016 2983; baseline -0.006 -10"><span class='ocrx_word' id='word_1_325' title='bbox 413 2933 537 2973; x_wconf 88' lang='lat' dir='ltr'>rum</span> <span class='ocrx_word' id='word_1_326' title='bbox 568 2932 676 2972; x_wconf 91' lang='lat' dir='ltr'>non</span> <span class='ocrx_word' id='word_1_327' title='bbox 709 2914 929 2979; x_wconf 86' lang='lat' dir='ltr'>habeat,</span> <span class='ocrx_word' id='word_1_328' title='bbox 961 2913 1152 2969; x_wconf 89' lang='lat' dir='ltr'>doctor</span> <span class='ocrx_word' id='word_1_329' title='bbox 1180 2911 1442 2983; x_wconf 76' lang='lat' dir='ltr'>egregius</span> <span class='ocrx_word' id='word_1_330' title='bbox 1499 2910 1551 2963; x_wconf 92' lang='lat' dir='ltr'>in</span> <span class='ocrx_word' id='word_1_331' title='bbox 1576 2908 1871 2976; x_wconf 87' lang='lat' dir='ltr'>semetipso</span> <span class='ocrx_word' id='word_1_332' title='bbox 1926 2921 2016 2964; x_wconf 85' lang='lat' dir='ltr'>os-</span> 
     </span>
    </p>
   </div>
   <div class='ocr_carea' id='block_1_45' title="bbox 414 2998 2015 3074">
    <p class='ocr_par' dir='ltr' id='par_1_45' title="bbox 414 2998 2015 3074">
     <span class='ocr_line' id='line_1_45' title="bbox 414 2998 2015 3074; baseline -0.009 -11"><span class='ocrx_word' id='word_1_333' title='bbox 414 3007 610 3069; x_wconf 85' lang='lat' dir='ltr'>tendit,</span> <span class='ocrx_word' id='word_1_334' title='bbox 637 3005 827 3060; x_wconf 89' lang='lat' dir='ltr'>dicens</span> <span class='ocrx_word' id='word_1_335' title='bbox 860 3004 1015 3058; x_wconf 80' lang='lat' dir='ltr'>:Non</span> <span class='ocrx_word' id='word_1_336' title='bbox 1059 3019 1168 3074; x_wconf 82' lang='lat' dir='ltr'>qua</span> <span class='ocrx_word' id='word_1_337' title='bbox 1183 3016 1243 3057; x_wconf 88' lang='lat' dir='ltr'>ro</span> <span class='ocrx_word' id='word_1_338' title='bbox 1273 3002 1489 3063; x_wconf 85' lang='lat' dir='ltr'>datum,</span> <span class='ocrx_word' id='word_1_339' title='bbox 1521 2998 1615 3053; x_wconf 80' lang='lat' dir='ltr'>sed</span> <span class='ocrx_word' id='word_1_340' title='bbox 1642 3011 1829 3070; x_wconf 82' lang='lat' dir='ltr'>quer</span> <span class='ocrx_word' id='word_1_341' title='bbox 1858 2998 2015 3066; x_wconf 83' lang='lat' dir='ltr'>fruc-</span> 
     </span>
    </p>
   </div>
   <div class='ocr_carea' id='block_1_46' title="bbox 417 3085 2014 3164">
    <p class='ocr_par' dir='ltr' id='par_1_46' title="bbox 417 3085 2014 3164">
     <span class='ocr_line' id='line_1_46' title="bbox 417 3085 2014 3164; baseline -0.009 -12"><span class='ocrx_word' id='word_1_342' title='bbox 417 3101 540 3152; x_wconf 90' lang='lat' dir='ltr'>tum</span> <span class='ocrx_word' id='word_1_343' title='bbox 557 3094 792 3164; x_wconf 78' lang='lat' dir='ltr'>(Philip.</span> <span class='ocrx_word' id='word_1_344' title='bbox 812 3108 887 3159; x_wconf 82' lang='lat' dir='ltr'>IV,</span> <span class='ocrx_word' id='word_1_345' title='bbox 904 3092 1014 3161; x_wconf 69' lang='lat'>77).</span> <span class='ocrx_word' id='word_1_346' title='bbox 1033 3091 1169 3145; x_wconf 87' lang='lat' dir='ltr'>llinc</span> <span class='ocrx_word' id='word_1_347' title='bbox 1187 3090 1312 3143; x_wconf 84' lang='lat' dir='ltr'>item</span> <span class='ocrx_word' id='word_1_348' title='bbox 1336 3088 1467 3144; x_wconf 88' lang='lat' dir='ltr'>dicit</span> <span class='ocrx_word' id='word_1_349' title='bbox 1490 3105 1503 3141; x_wconf 89' lang='lat'><strong>:</strong></span> <span class='ocrx_word' id='word_1_350' title='bbox 1527 3087 1630 3154; x_wconf 85' lang='lat' dir='ltr'>Qui</span> <span class='ocrx_word' id='word_1_351' title='bbox 1647 3085 2014 3156; x_wconf 81' lang='lat' dir='ltr'>Evangeltum</span> 
     </span>
    </p>
   </div>
   <div class='ocr_carea' id='block_1_47' title="bbox 415 3178 2089 3286">
    <p class='ocr_par' dir='ltr' id='par_1_47' title="bbox 415 3178 2089 3286">
     <span class='ocr_line' id='line_1_47' title="bbox 415 3178 2089 3286; baseline -0.01 -45"><span class='ocrx_word' id='word_1_352' title='bbox 415 3184 756 3248; x_wconf 78' lang='lat' dir='ltr'>annuntiat,</span> <span class='ocrx_word' id='word_1_353' title='bbox 781 3182 847 3236; x_wconf 87' lang='lat' dir='ltr'>de</span> <span class='ocrx_word' id='word_1_354' title='bbox 868 3180 1164 3250; x_wconf 84' lang='lat' dir='ltr'>Evangelia</span> <span class='ocrx_word' id='word_1_355' title='bbox 1194 3181 1358 3240; x_wconf 79' lang='lat' dir='ltr'>vivat,</span> <span class='ocrx_word' id='word_1_356' title='bbox 1395 3178 1501 3249; x_wconf 85' lang='lat' dir='ltr'>Ego</span> <span class='ocrx_word' id='word_1_357' title='bbox 1521 3179 1715 3230; x_wconf 87' lang='lat' dir='ltr'>autem</span> <span class='ocrx_word' id='word_1_358' title='bbox 1732 3190 1849 3230; x_wconf 78' lang='lat' dir='ltr'>non</span> <span class='ocrx_word' id='word_1_359' title='bbox 1887 3188 2011 3228; x_wconf 88' lang='lat' dir='ltr'>sum</span> <span class='ocrx_word' id='word_1_360' title='bbox 2040 3221 2089 3286; x_wconf 70' lang='grc' dir='ltr'><strong>Ο</strong></span> 
     </span>
     <span class='ocr_line' id='line_1_48' title="bbox 577 3261 1984 3286; baseline 0 0"><span class='ocrx_word' id='word_1_361' title='bbox 577 3273 588 3286; x_wconf 81' lang='grc' dir='ltr'>ι</span> <span class='ocrx_word' id='word_1_362' title='bbox 782 3274 793 3286; x_wconf 81' lang='grc' dir='ltr'>ι</span> <span class='ocrx_word' id='word_1_363' title='bbox 868 3272 884 3286; x_wconf 66' lang='grc' dir='ltr'><strong><em>Α</em></strong></span> <span class='ocrx_word' id='word_1_364' title='bbox 931 3267 1051 3286; x_wconf 39' lang='grc' dir='ltr'>ΔᾼΙΙ</span> <span class='ocrx_word' id='word_1_365' title='bbox 1087 3266 1183 3286; x_wconf 25' lang='lat' dir='ltr'>ne“</span> <span class='ocrx_word' id='word_1_366' title='bbox 1236 3281 1290 3286; x_wconf 83' lang='lat'>__-</span> <span class='ocrx_word' id='word_1_367' title='bbox 1351 3267 1405 3286; x_wconf 74' lang='lat' dir='ltr'><strong>ll</strong></span> <span class='ocrx_word' id='word_1_368' title='bbox 1471 3265 1552 3286; x_wconf 61' lang='grc' dir='ltr'>..Α</span> <span class='ocrx_word' id='word_1_369' title='bbox 1623 3262 1724 3286; x_wconf 87' lang='lat' dir='ltr'>n.-:</span> <span class='ocrx_word' id='word_1_370' title='bbox 1761 3261 1984 3286; x_wconf 47' lang='lat' dir='ltr'>Ant“..-</span> 
     </span>
    </p>
   </div>
   <div class='ocr_carea' id='block_1_48' title="bbox 415 3261 2012 3342">
    <p class='ocr_par' dir='ltr' id='par_1_48' title="bbox 415 3261 2012 3342">
     <span class='ocr_line' id='line_1_49' title="bbox 415 3261 2012 3342; baseline -0.009 -13"><span class='ocrx_word' id='word_1_371' title='bbox 415 3290 553 3329; x_wconf 82' lang='lat' dir='ltr'>usus</span> <span class='ocrx_word' id='word_1_372' title='bbox 570 3273 672 3328; x_wconf 81' lang='lat' dir='ltr'>hac</span> <span class='ocrx_word' id='word_1_373' title='bbox 697 3272 981 3342; x_wconf 85' lang='lat' dir='ltr'>potestate</span> <span class='ocrx_word' id='word_1_374' title='bbox 1001 3267 1051 3338; x_wconf 90' lang='grc' dir='ltr'>(Ι</span> <span class='ocrx_word' id='word_1_375' title='bbox 1084 3266 1203 3323; x_wconf 84' lang='lat' dir='ltr'>Cor.</span> <span class='ocrx_word' id='word_1_376' title='bbox 1235 3281 1312 3331; x_wconf 79' lang='lat' dir='ltr'>Ix,</span> <span class='ocrx_word' id='word_1_377' title='bbox 1348 3267 1431 3329; x_wconf 75' lang='grc'><strong>14,</strong></span> <span class='ocrx_word' id='word_1_378' title='bbox 1470 3265 1581 3334; x_wconf 55' lang='lat' dir='ltr'>ta).</span> <span class='ocrx_word' id='word_1_379' title='bbox 1622 3262 1727 3330; x_wconf 92' lang='lat' dir='ltr'>Qui</span> <span class='ocrx_word' id='word_1_380' title='bbox 1757 3261 1902 3316; x_wconf 88' lang='lat' dir='ltr'>enim</span> <span class='ocrx_word' id='word_1_381' title='bbox 1920 3276 2012 3315; x_wconf 86' lang='lat' dir='ltr'>ne-</span> 
     </span>
    </p>
   </div>
   <div class='ocr_carea' id='block_1_49' title="bbox 415 3352 2010 3423">
    <p class='ocr_par' dir='ltr' id='par_1_49' title="bbox 415 3352 2010 3423">
     <span class='ocr_line' id='line_1_50' title="bbox 415 3352 2010 3423; baseline -0.008 -6"><span class='ocrx_word' id='word_1_382' title='bbox 415 3360 653 3417; x_wconf 87' lang='lat' dir='ltr'>cessaria</span> <span class='ocrx_word' id='word_1_383' title='bbox 667 3375 773 3414; x_wconf 90' lang='lat' dir='ltr'>non</span> <span class='ocrx_word' id='word_1_384' title='bbox 803 3365 950 3413; x_wconf 85' lang='lat' dir='ltr'>curat</span> <span class='ocrx_word' id='word_1_385' title='bbox 971 3372 1003 3411; x_wconf 87' lang='lat' dir='ltr'>a</span> <span class='ocrx_word' id='word_1_386' title='bbox 1032 3356 1267 3411; x_wconf 87' lang='lat' dir='ltr'>subditis</span> <span class='ocrx_word' id='word_1_387' title='bbox 1288 3355 1543 3409; x_wconf 87' lang='lat' dir='ltr'>alimenta</span> <span class='ocrx_word' id='word_1_388' title='bbox 1593 3352 1892 3423; x_wconf 81' lang='lat' dir='ltr'>percipere,</span> <span class='ocrx_word' id='word_1_389' title='bbox 1916 3364 2010 3405; x_wconf 85' lang='lat' dir='ltr'>os-</span> 
     </span>
    </p>
   </div>
   <div class='ocr_carea' id='block_1_50' title="bbox 415 3438 2010 3518">
    <p class='ocr_par' dir='ltr' id='par_1_50' title="bbox 415 3438 2010 3518">
     <span class='ocr_line' id='line_1_51' title="bbox 415 3438 2010 3518; baseline -0.007 -14"><span class='ocrx_word' id='word_1_390' title='bbox 415 3450 591 3506; x_wconf 87' lang='lat' dir='ltr'>tendit</span> <span class='ocrx_word' id='word_1_391' title='bbox 616 3447 780 3518; x_wconf 88' lang='lat' dir='ltr'>plane</span> <span class='ocrx_word' id='word_1_392' title='bbox 838 3461 946 3515; x_wconf 90' lang='lat' dir='ltr'>qua</span> <span class='ocrx_word' id='word_1_393' title='bbox 984 3443 1247 3499; x_wconf 89' lang='lat' dir='ltr'>mundani</span> <span class='ocrx_word' id='word_1_394' title='bbox 1292 3448 1632 3512; x_wconf 87' lang='lat' dir='ltr'>contemptus</span> <span class='ocrx_word' id='word_1_395' title='bbox 1680 3438 2010 3494; x_wconf 87' lang='lat' dir='ltr'>sublimitate</span> 
     </span>
    </p>
   </div>
   <div class='ocr_carea' id='block_1_51' title="bbox 414 3526 2013 3606">
    <p class='ocr_par' dir='ltr' id='par_1_51' title="bbox 414 3526 2013 3606">
     <span class='ocr_line' id='line_1_52' title="bbox 414 3526 2013 3606; baseline -0.008 -13"><span class='ocrx_word' id='word_1_396' title='bbox 414 3538 567 3593; x_wconf 91' lang='lat' dir='ltr'>lucra</span> <span class='ocrx_word' id='word_1_397' title='bbox 596 3536 776 3606; x_wconf 90' lang='lat' dir='ltr'>turpia</span> <span class='ocrx_word' id='word_1_398' title='bbox 805 3542 860 3590; x_wconf 90' lang='lat' dir='ltr'>et</span> <span class='ocrx_word' id='word_1_399' title='bbox 886 3533 1070 3587; x_wconf 85' lang='lat' dir='ltr'>illicita</span> <span class='ocrx_word' id='word_1_400' title='bbox 1099 3532 1243 3588; x_wconf 88' lang='lat' dir='ltr'>dona</span> <span class='ocrx_word' id='word_1_401' title='bbox 1271 3530 1594 3587; x_wconf 83' lang='lat' dir='ltr'>confutaret.</span> <span class='ocrx_word' id='word_1_402' title='bbox 1654 3531 1810 3583; x_wconf 89' lang='lat' dir='ltr'>Anna</span> <span class='ocrx_word' id='word_1_403' title='bbox 1848 3526 2013 3598; x_wconf 82' lang='lat' dir='ltr'>igitur</span> 
     </span>
    </p>
   </div>
   <div class='ocr_carea' id='block_1_52' title="bbox 416 3614 2009 3687">
    <p class='ocr_par' dir='ltr' id='par_1_52' title="bbox 416 3614 2009 3687">
     <span class='ocr_line' id='line_1_53' title="bbox 416 3614 2009 3687; baseline -0.008 -6"><span class='ocrx_word' id='word_1_404' title='bbox 416 3627 544 3681; x_wconf 88' lang='lat' dir='ltr'>dum</span> <span class='ocrx_word' id='word_1_405' title='bbox 576 3623 892 3680; x_wconf 87' lang='lat' dir='ltr'>novaculam</span> <span class='ocrx_word' id='word_1_406' title='bbox 917 3636 1023 3676; x_wconf 93' lang='lat' dir='ltr'>non</span> <span class='ocrx_word' id='word_1_407' title='bbox 1040 3634 1385 3676; x_wconf 89' lang='lat' dir='ltr'>ascensuram</span> <span class='ocrx_word' id='word_1_408' title='bbox 1405 3633 1571 3687; x_wconf 88' lang='lat' dir='ltr'>super</span> <span class='ocrx_word' id='word_1_409' title='bbox 1595 3623 1752 3687; x_wconf 89' lang='lat' dir='ltr'>caput</span> <span class='ocrx_word' id='word_1_410' title='bbox 1782 3614 1876 3669; x_wconf 88' lang='lat' dir='ltr'>ﬁlii</span> <span class='ocrx_word' id='word_1_411' title='bbox 1907 3629 2009 3670; x_wconf 55' lang='lat' dir='ltr'>vo-</span> 
     </span>
    </p>
   </div>
   <div class='ocr_carea' id='block_1_53' title="bbox 416 3703 2012 3784">
    <p class='ocr_par' dir='ltr' id='par_1_53' title="bbox 416 3703 2012 3784">
     <span class='ocr_line' id='line_1_54' title="bbox 416 3703 2012 3784; baseline -0.008 -14"><span class='ocrx_word' id='word_1_412' title='bbox 416 3722 526 3783; x_wconf 86' lang='lat' dir='ltr'>vet,</span> <span class='ocrx_word' id='word_1_413' title='bbox 558 3720 749 3784; x_wconf 86' lang='lat' dir='ltr'>aperte</span> <span class='ocrx_word' id='word_1_414' title='bbox 779 3725 967 3765; x_wconf 85' lang='lat' dir='ltr'>mores</span> <span class='ocrx_word' id='word_1_415' title='bbox 987 3718 1187 3764; x_wconf 87' lang='lat' dir='ltr'>sancta</span> <span class='ocrx_word' id='word_1_416' title='bbox 1217 3707 1478 3764; x_wconf 88' lang='lat' dir='ltr'>Ecclesia</span> <span class='ocrx_word' id='word_1_417' title='bbox 1506 3705 1760 3771; x_wconf 86' lang='lat' dir='ltr'>insinuat,</span> <span class='ocrx_word' id='word_1_418' title='bbox 1793 3719 1912 3775; x_wconf 84' lang='lat' dir='ltr'>qua</span> <span class='ocrx_word' id='word_1_419' title='bbox 1943 3703 2012 3758; x_wconf 87' lang='lat' dir='ltr'>ad</span> 
     </span>
    </p>
   </div>
   <div class='ocr_carea' id='block_1_54' title="bbox 415 3791 2011 3868">
    <p class='ocr_par' dir='ltr' id='par_1_54' title="bbox 415 3791 2011 3868">
     <span class='ocr_line' id='line_1_55' title="bbox 415 3791 2011 3868; baseline -0.008 -11"><span class='ocrx_word' id='word_1_420' title='bbox 415 3810 666 3857; x_wconf 84' lang='lat' dir='ltr'>aternam</span> <span class='ocrx_word' id='word_1_421' title='bbox 726 3799 888 3856; x_wconf 86' lang='lat' dir='ltr'>vitam</span> <span class='ocrx_word' id='word_1_422' title='bbox 920 3798 1122 3854; x_wconf 89' lang='lat' dir='ltr'>electos</span> <span class='ocrx_word' id='word_1_423' title='bbox 1178 3795 1450 3868; x_wconf 87' lang='lat' dir='ltr'>loquendo</span> <span class='ocrx_word' id='word_1_424' title='bbox 1491 3792 1737 3866; x_wconf 86' lang='lat' dir='ltr'>parturit,</span> <span class='ocrx_word' id='word_1_425' title='bbox 1782 3792 1881 3861; x_wconf 74' lang='lat'>18</span> <span class='ocrx_word' id='word_1_426' title='bbox 1914 3791 2011 3846; x_wconf 90' lang='lat' dir='ltr'>sed</span> 
     </span>
    </p>
   </div>
   <div class='ocr_carea' id='block_1_55' title="bbox 416 3882 2010 3960">
    <p class='ocr_par' dir='ltr' id='par_1_55' title="bbox 416 3882 2010 3960">
     <span class='ocr_line' id='line_1_56' title="bbox 416 3882 2010 3960; baseline -0.008 -15"><span class='ocrx_word' id='word_1_427' title='bbox 416 3890 735 3960; x_wconf 87' lang='lat' dir='ltr'>temporalia</span> <span class='ocrx_word' id='word_1_428' title='bbox 788 3887 936 3942; x_wconf 91' lang='lat' dir='ltr'>bona</span> <span class='ocrx_word' id='word_1_429' title='bbox 991 3901 1181 3942; x_wconf 91' lang='lat' dir='ltr'>eorum</span> <span class='ocrx_word' id='word_1_430' title='bbox 1234 3900 1333 3956; x_wconf 89' lang='lat' dir='ltr'>per</span> <span class='ocrx_word' id='word_1_431' title='bbox 1378 3882 1665 3939; x_wconf 88' lang='lat' dir='ltr'>avaritiam</span> <span class='ocrx_word' id='word_1_432' title='bbox 1733 3896 2010 3950; x_wconf 88' lang='lat' dir='ltr'>nunquam</span> 
     </span>
    </p>
   </div>
   <div class='ocr_carea' id='block_1_56' title="bbox 415 3973 2011 4047">
    <p class='ocr_par' dir='ltr' id='par_1_56' title="bbox 415 3973 2011 4047">
     <span class='ocr_line' id='line_1_57' title="bbox 415 3973 2011 4047; baseline -0.008 -14"><span class='ocrx_word' id='word_1_433' title='bbox 415 3979 575 4033; x_wconf 87' lang='lat' dir='ltr'>tollit.</span> <span class='ocrx_word' id='word_1_434' title='bbox 609 3977 716 4032; x_wconf 89' lang='lat' dir='ltr'>Sed</span> <span class='ocrx_word' id='word_1_435' title='bbox 747 3976 874 4047; x_wconf 87' lang='lat' dir='ltr'>quia</span> <span class='ocrx_word' id='word_1_436' title='bbox 904 3976 1009 4031; x_wconf 90' lang='lat' dir='ltr'>hoc</span> <span class='ocrx_word' id='word_1_437' title='bbox 1033 3974 1104 4029; x_wconf 90' lang='lat' dir='ltr'>de</span> <span class='ocrx_word' id='word_1_438' title='bbox 1133 3975 1283 4028; x_wconf 80' lang='lat' dir='ltr'>Anna</span> <span class='ocrx_word' id='word_1_439' title='bbox 1311 3973 1487 4027; x_wconf 89' lang='lat' dir='ltr'>adhuc</span> <span class='ocrx_word' id='word_1_440' title='bbox 1509 3978 1759 4037; x_wconf 90' lang='lat' dir='ltr'>vovente,</span> <span class='ocrx_word' id='word_1_441' title='bbox 1793 3976 1846 4024; x_wconf 90' lang='lat' dir='ltr'>et</span> <span class='ocrx_word' id='word_1_442' title='bbox 1902 3984 2011 4023; x_wconf 89' lang='lat' dir='ltr'>non</span> 
     </span>
    </p>
   </div>
   <div class='ocr_carea' id='block_1_57' title="bbox 415 4062 1471 4139">
    <p class='ocr_par' dir='ltr' id='par_1_57' title="bbox 415 4062 1471 4139">
     <span class='ocr_line' id='line_1_58' title="bbox 415 4062 1471 4139; baseline -0.005 -18"><span class='ocrx_word' id='word_1_443' title='bbox 415 4067 659 4139; x_wconf 89' lang='lat' dir='ltr'>pariente</span> <span class='ocrx_word' id='word_1_444' title='bbox 690 4064 906 4131; x_wconf 89' lang='lat' dir='ltr'>dicitur,</span> <span class='ocrx_word' id='word_1_445' title='bbox 938 4071 1065 4134; x_wconf 85' lang='lat' dir='ltr'>apte</span> <span class='ocrx_word' id='word_1_446' title='bbox 1094 4062 1424 4118; x_wconf 87' lang='lat' dir='ltr'>subinfertur</span> <span class='ocrx_word' id='word_1_447' title='bbox 1455 4078 1471 4116; x_wconf 89' lang='lat'><strong>:</strong></span> 
     </span>
    </p>
   </div>
   <div class='ocr_carea' id='block_1_58' title="bbox 490 4148 2014 4225">
    <p class='ocr_par' dir='ltr' id='par_1_58' title="bbox 490 4148 2014 4225">
     <span class='ocr_line' id='line_1_59' title="bbox 490 4148 2014 4225; baseline -0.006 -14"><span class='ocrx_word' id='word_1_448' title='bbox 490 4157 664 4225; x_wconf 89' lang='lat' dir='ltr'>(Vers.</span> <span class='ocrx_word' id='word_1_449' title='bbox 688 4156 800 4223; x_wconf 79' lang='lat' dir='ltr'>t2.)</span> <span class='ocrx_word' id='word_1_450' title='bbox 814 4154 1049 4209; x_wconf 82' lang='lat' dir='ltr'>Factum</span> <span class='ocrx_word' id='word_1_451' title='bbox 1064 4155 1375 4219; x_wconf 83' lang='lat' dir='ltr'>estautem,</span> <span class='ocrx_word' id='word_1_452' title='bbox 1395 4149 1649 4206; x_wconf 86' lang='lat' dir='ltr'>dumilla</span> <span class='ocrx_word' id='word_1_453' title='bbox 1661 4148 2014 4219; x_wconf 85' lang='lat' dir='ltr'>multiplica-</span> 
     </span>
    </p>
   </div>
   <div class='ocr_carea' id='block_1_59' title="bbox 417 4237 2002 4317">
    <p class='ocr_par' dir='ltr' id='par_1_59' title="bbox 417 4237 2002 4317">
     <span class='ocr_line' id='line_1_60' title="bbox 417 4237 2002 4317; baseline -0.009 -15"><span class='ocrx_word' id='word_1_454' title='bbox 417 4249 511 4302; x_wconf 84' lang='lat' dir='ltr'>ret</span> <span class='ocrx_word' id='word_1_455' title='bbox 525 4258 717 4317; x_wconf 82' lang='lat' dir='ltr'>preces</span> <span class='ocrx_word' id='word_1_456' title='bbox 730 4257 919 4300; x_wconf 88' lang='lat' dir='ltr'>coram</span> <span class='ocrx_word' id='word_1_457' title='bbox 933 4241 1187 4306; x_wconf 83' lang='lat' dir='ltr'>Domino,</span> <span class='ocrx_word' id='word_1_458' title='bbox 1212 4244 1281 4296; x_wconf 86' lang='lat' dir='ltr'>ut</span> <span class='ocrx_word' id='word_1_459' title='bbox 1303 4240 1426 4295; x_wconf 80' lang='lat' dir='ltr'>Heli</span> <span class='ocrx_word' id='word_1_460' title='bbox 1450 4238 1771 4295; x_wconf 85' lang='lat' dir='ltr'>observaret</span> <span class='ocrx_word' id='word_1_461' title='bbox 1783 4252 1841 4292; x_wconf 89' lang='lat' dir='ltr'>os</span> <span class='ocrx_word' id='word_1_462' title='bbox 1853 4237 1975 4307; x_wconf 85' lang='lat' dir='ltr'>ejus</span> <span class='ocrx_word' id='word_1_463' title='bbox 1987 4273 2002 4288; x_wconf 91' lang='lat'>.</span> 
     </span>
    </p>
   </div>
   <div class='ocr_carea' id='block_1_60' title="bbox 487 4322 2010 4400">
    <p class='ocr_par' dir='ltr' id='par_1_60' title="bbox 487 4322 2010 4400">
     <span class='ocr_line' id='line_1_61' title="bbox 487 4322 2010 4400; baseline -0.007 -13"><span class='ocrx_word' id='word_1_464' title='bbox 487 4335 585 4389; x_wconf 67' lang='lat'>26.</span> <span class='ocrx_word' id='word_1_465' title='bbox 622 4330 763 4400; x_wconf 86' lang='lat' dir='ltr'>Quid</span> <span class='ocrx_word' id='word_1_466' title='bbox 792 4330 893 4386; x_wconf 78' lang='lat' dir='ltr'>fuit</span> <span class='ocrx_word' id='word_1_467' title='bbox 920 4339 1123 4385; x_wconf 81' lang='lat' dir='ltr'>sancta</span> <span class='ocrx_word' id='word_1_468' title='bbox 1149 4326 1414 4383; x_wconf 77' lang='lat' dir='ltr'>Ecclesia.</span> <span class='ocrx_word' id='word_1_469' title='bbox 1440 4341 1537 4397; x_wconf 88' lang='lat' dir='ltr'>pro</span> <span class='ocrx_word' id='word_1_470' title='bbox 1592 4323 1841 4396; x_wconf 86' lang='lat' dir='ltr'>pariendi</span> <span class='ocrx_word' id='word_1_471' title='bbox 1862 4322 2010 4377; x_wconf 86' lang='lat' dir='ltr'>desi-</span> 
     </span>
    </p>
   </div>
   <div class='ocr_carea' id='block_1_61' title="bbox 412 4410 2010 4492">
    <p class='ocr_par' dir='ltr' id='par_1_61' title="bbox 412 4410 2010 4492">
     <span class='ocr_line' id='line_1_62' title="bbox 412 4410 2010 4492; baseline -0.009 -13"><span class='ocrx_word' id='word_1_472' title='bbox 412 4422 564 4479; x_wconf 88' lang='lat' dir='ltr'>derio</span> <span class='ocrx_word' id='word_1_473' title='bbox 594 4434 782 4492; x_wconf 87' lang='lat' dir='ltr'>preces</span> <span class='ocrx_word' id='word_1_474' title='bbox 809 4432 997 4474; x_wconf 87' lang='lat' dir='ltr'>coram</span> <span class='ocrx_word' id='word_1_475' title='bbox 1027 4416 1260 4473; x_wconf 91' lang='lat' dir='ltr'>Domino</span> <span class='ocrx_word' id='word_1_476' title='bbox 1287 4413 1666 4483; x_wconf 89' lang='lat' dir='ltr'>multiplicare,</span> <span class='ocrx_word' id='word_1_477' title='bbox 1697 4411 1802 4465; x_wconf 85' lang='lat' dir='ltr'>nisi</span> <span class='ocrx_word' id='word_1_478' title='bbox 1863 4410 2010 4466; x_wconf 89' lang='lat' dir='ltr'>assi-</span> 
     </span>
    </p>
   </div>
   <div class='ocr_carea' id='block_1_62' title="bbox 416 4499 2012 4576">
    <p class='ocr_par' dir='ltr' id='par_1_62' title="bbox 416 4499 2012 4576">
     <span class='ocr_line' id='line_1_63' title="bbox 416 4499 2012 4576; baseline -0.007 -12"><span class='ocrx_word' id='word_1_479' title='bbox 416 4508 543 4566; x_wconf 86' lang='lat' dir='ltr'>duis</span> <span class='ocrx_word' id='word_1_480' title='bbox 553 4507 899 4564; x_wconf 80' lang='lat' dir='ltr'>orationibus</span> <span class='ocrx_word' id='word_1_481' title='bbox 912 4520 1013 4576; x_wconf 91' lang='lat' dir='ltr'>pro</span> <span class='ocrx_word' id='word_1_482' title='bbox 1024 4502 1391 4560; x_wconf 88' lang='lat' dir='ltr'>convertenda</span> <span class='ocrx_word' id='word_1_483' title='bbox 1406 4502 1707 4574; x_wconf 78' lang='lat' dir='ltr'>SynagOga</span> <span class='ocrx_word' id='word_1_484' title='bbox 1718 4499 1971 4554; x_wconf 88' lang='lat' dir='ltr'>insistere</span> <span class='ocrx_word' id='word_1_485' title='bbox 1983 4499 2012 4552; x_wconf 62' lang='grc' dir='ltr'>εἰ</span> 
     </span>
    </p>
   </div>
   <div class='ocr_carea' id='block_1_63' title="bbox 2126 1937 3720 2012">
    <p class='ocr_par' dir='ltr' id='par_1_63' title="bbox 2126 1937 3720 2012">
     <span class='ocr_line' id='line_1_64' title="bbox 2126 1937 3720 2012; baseline 0.002 -20"><span class='ocrx_word' id='word_1_486' title='bbox 2126 1937 2405 2009; x_wconf 82' lang='lat' dir='ltr'>signorum</span> <span class='ocrx_word' id='word_1_487' title='bbox 2435 1946 2704 2009; x_wconf 78' lang='lat' dir='ltr'>potestate</span> <span class='ocrx_word' id='word_1_488' title='bbox 2726 1937 2996 2007; x_wconf 86' lang='lat' dir='ltr'>sublimis,</span> <span class='ocrx_word' id='word_1_489' title='bbox 3029 1948 3086 1995; x_wconf 91' lang='lat' dir='ltr'>ut</span> <span class='ocrx_word' id='word_1_490' title='bbox 3116 1948 3295 1996; x_wconf 74' lang='lat' dir='ltr'>motus</span> <span class='ocrx_word' id='word_1_491' title='bbox 3316 1940 3415 2009; x_wconf 90' lang='lat' dir='ltr'>sui,</span> <span class='ocrx_word' id='word_1_492' title='bbox 3449 1956 3626 2012; x_wconf 86' lang='lat' dir='ltr'>usque</span> <span class='ocrx_word' id='word_1_493' title='bbox 3647 1939 3720 1995; x_wconf 90' lang='lat' dir='ltr'>ad</span> 
     </span>
    </p>
   </div>
   <div class='ocr_carea' id='block_1_64' title="bbox 2123 2025 3723 2093">
    <p class='ocr_par' dir='ltr' id='par_1_64' title="bbox 2123 2025 3723 2093">
     <span class='ocr_line' id='line_1_65' title="bbox 2123 2025 3723 2093; baseline 0.003 -11"><span class='ocrx_word' id='word_1_494' title='bbox 2123 2025 2621 2093; x_wconf 74' lang='lat' dir='ltr'>calumseextulit,</span> <span class='ocrx_word' id='word_1_495' title='bbox 2639 2026 2828 2082; x_wconf 89' lang='lat' dir='ltr'>dicens</span> <span class='ocrx_word' id='word_1_496' title='bbox 2854 2029 3089 2084; x_wconf 85' lang='lat' dir='ltr'>:Nostra</span> <span class='ocrx_word' id='word_1_497' title='bbox 3117 2030 3468 2086; x_wconf 83' lang='lat' dir='ltr'>conversatio</span> <span class='ocrx_word' id='word_1_498' title='bbox 3514 2030 3577 2086; x_wconf 84' lang='lat' dir='ltr'>in</span> <span class='ocrx_word' id='word_1_499' title='bbox 3609 2046 3723 2086; x_wconf 75' lang='lat' dir='ltr'>cce-</span> 
     </span>
    </p>
   </div>
   <div class='ocr_carea' id='block_1_65' title="bbox 2125 2116 3723 2188">
    <p class='ocr_par' dir='ltr' id='par_1_65' title="bbox 2125 2116 3723 2188">
     <span class='ocr_line' id='line_1_66' title="bbox 2125 2116 3723 2188; baseline 0.001 -17"><span class='ocrx_word' id='word_1_500' title='bbox 2125 2116 2198 2171; x_wconf 82' lang='lat' dir='ltr'>lts</span> <span class='ocrx_word' id='word_1_501' title='bbox 2213 2118 2299 2172; x_wconf 87' lang='lat' dir='ltr'>est</span> <span class='ocrx_word' id='word_1_502' title='bbox 2318 2116 2551 2187; x_wconf 87' lang='lat' dir='ltr'>(Philip.</span> <span class='ocrx_word' id='word_1_503' title='bbox 2581 2130 2664 2187; x_wconf 86' lang='grc' dir='ltr'><strong>ιιι,</strong></span> <span class='ocrx_word' id='word_1_504' title='bbox 2696 2117 2790 2171; x_wconf 74' lang='lat'>20.</span> <span class='ocrx_word' id='word_1_505' title='bbox 2830 2117 2951 2172; x_wconf 86' lang='lat' dir='ltr'>Heli</span> <span class='ocrx_word' id='word_1_506' title='bbox 2978 2118 3161 2188; x_wconf 89' lang='lat' dir='ltr'>itaque</span> <span class='ocrx_word' id='word_1_507' title='bbox 3185 2124 3393 2173; x_wconf 86' lang='lat' dir='ltr'>tantum</span> <span class='ocrx_word' id='word_1_508' title='bbox 3427 2120 3606 2175; x_wconf 82' lang='lat' dir='ltr'>Anna</span> <span class='ocrx_word' id='word_1_509' title='bbox 3636 2119 3723 2173; x_wconf 84' lang='lat' dir='ltr'>la-</span> 
     </span>
    </p>
   </div>
   <div class='ocr_carea' id='block_1_66' title="bbox 2123 2202 3721 2275">
    <p class='ocr_par' dir='ltr' id='par_1_66' title="bbox 2123 2202 3721 2275">
     <span class='ocr_line' id='line_1_67' title="bbox 2123 2202 3721 2275; baseline 0.002 -18"><span class='ocrx_word' id='word_1_510' title='bbox 2123 2202 2214 2259; x_wconf 89' lang='lat' dir='ltr'>bia</span> <span class='ocrx_word' id='word_1_511' title='bbox 2241 2212 2390 2259; x_wconf 90' lang='lat' dir='ltr'>mota</span> <span class='ocrx_word' id='word_1_512' title='bbox 2417 2205 2716 2275; x_wconf 87' lang='lat' dir='ltr'>conspexit,</span> <span class='ocrx_word' id='word_1_513' title='bbox 2747 2208 2802 2259; x_wconf 91' lang='lat' dir='ltr'>et</span> <span class='ocrx_word' id='word_1_514' title='bbox 2831 2219 3017 2259; x_wconf 88' lang='lat' dir='ltr'>vocem</span> <span class='ocrx_word' id='word_1_515' title='bbox 3059 2205 3274 2274; x_wconf 89' lang='lat' dir='ltr'>penitus</span> <span class='ocrx_word' id='word_1_516' title='bbox 3328 2220 3439 2260; x_wconf 92' lang='lat' dir='ltr'>non</span> <span class='ocrx_word' id='word_1_517' title='bbox 3489 2205 3721 2274; x_wconf 87' lang='lat' dir='ltr'>audivit,</span> 
     </span>
    </p>
   </div>
   <div class='ocr_carea' id='block_1_67' title="bbox 2122 2291 3725 2364">
    <p class='ocr_par' dir='ltr' id='par_1_67' title="bbox 2122 2291 3725 2364">
     <span class='ocr_line' id='line_1_68' title="bbox 2122 2291 3725 2364; baseline 0.002 -17"><span class='ocrx_word' id='word_1_518' title='bbox 2122 2292 2252 2364; x_wconf 89' lang='lat' dir='ltr'>quia</span> <span class='ocrx_word' id='word_1_519' title='bbox 2308 2292 2385 2363; x_wconf 90' lang='lat' dir='ltr'>(a)</span> <span class='ocrx_word' id='word_1_520' title='bbox 2439 2291 2726 2347; x_wconf 85' lang='lat' dir='ltr'>Judaicum</span> <span class='ocrx_word' id='word_1_521' title='bbox 2757 2292 3119 2348; x_wconf 83' lang='lat' dir='ltr'>sacerdotium</span> <span class='ocrx_word' id='word_1_522' title='bbox 3149 2307 3319 2363; x_wconf 82' lang='lat' dir='ltr'>Opera</span> <span class='ocrx_word' id='word_1_523' title='bbox 3350 2294 3725 2364; x_wconf 86' lang='lat' dir='ltr'>apostolorum</span> 
     </span>
    </p>
   </div>
   <div class='ocr_carea' id='block_1_68' title="bbox 2123 2379 3726 2451">
    <p class='ocr_par' dir='ltr' id='par_1_68' title="bbox 2123 2379 3726 2451">
     <span class='ocr_line' id='line_1_69' title="bbox 2123 2379 3726 2451; baseline 0.002 -17"><span class='ocrx_word' id='word_1_524' title='bbox 2123 2381 2376 2435; x_wconf 88' lang='lat' dir='ltr'>miratum</span> <span class='ocrx_word' id='word_1_525' title='bbox 2408 2388 2508 2447; x_wconf 87' lang='lat' dir='ltr'>est,</span> <span class='ocrx_word' id='word_1_526' title='bbox 2539 2379 2635 2435; x_wconf 89' lang='lat' dir='ltr'>sed</span> <span class='ocrx_word' id='word_1_527' title='bbox 2665 2396 2730 2434; x_wconf 84' lang='lat' dir='ltr'>ex</span> <span class='ocrx_word' id='word_1_528' title='bbox 2774 2395 2969 2435; x_wconf 90' lang='lat' dir='ltr'>eorum</span> <span class='ocrx_word' id='word_1_529' title='bbox 3029 2380 3419 2451; x_wconf 66' lang='lat' dir='ltr'>praedicatione</span> <span class='ocrx_word' id='word_1_530' title='bbox 3474 2397 3586 2438; x_wconf 92' lang='lat' dir='ltr'>non</span> <span class='ocrx_word' id='word_1_531' title='bbox 3642 2391 3726 2439; x_wconf 91' lang='lat' dir='ltr'>est</span> 
     </span>
    </p>
   </div>
   <div class='ocr_carea' id='block_1_69' title="bbox 2121 2467 3723 2539">
    <p class='ocr_par' dir='ltr' id='par_1_69' title="bbox 2121 2467 3723 2539">
     <span class='ocr_line' id='line_1_70' title="bbox 2121 2467 3723 2539; baseline 0.003 -18"><span class='ocrx_word' id='word_1_532' title='bbox 2121 2476 2430 2539; x_wconf 88' lang='lat' dir='ltr'>promotum</span> <span class='ocrx_word' id='word_1_533' title='bbox 2470 2468 2525 2522; x_wconf 91' lang='lat' dir='ltr'>in</span> <span class='ocrx_word' id='word_1_534' title='bbox 2554 2467 2805 2524; x_wconf 86' lang='lat' dir='ltr'>salutem.</span> <span class='ocrx_word' id='word_1_535' title='bbox 2839 2469 2952 2524; x_wconf 83' lang='lat' dir='ltr'>Vox</span> <span class='ocrx_word' id='word_1_536' title='bbox 2975 2468 3155 2538; x_wconf 90' lang='lat' dir='ltr'>itaque</span> <span class='ocrx_word' id='word_1_537' title='bbox 3184 2471 3362 2525; x_wconf 85' lang='lat' dir='ltr'>Anna</span> <span class='ocrx_word' id='word_1_538' title='bbox 3391 2485 3501 2526; x_wconf 90' lang='lat' dir='ltr'>non</span> <span class='ocrx_word' id='word_1_539' title='bbox 3523 2470 3723 2526; x_wconf 84' lang='lat' dir='ltr'>audie-</span> 
     </span>
    </p>
   </div>
   <div class='ocr_carea' id='block_1_70' title="bbox 2125 2556 3721 2628">
    <p class='ocr_par' dir='ltr' id='par_1_70' title="bbox 2125 2556 3721 2628">
     <span class='ocr_line' id='line_1_71' title="bbox 2125 2556 3721 2628; baseline 0.002 -17"><span class='ocrx_word' id='word_1_540' title='bbox 2125 2557 2302 2623; x_wconf 89' lang='lat' dir='ltr'>batur,</span> <span class='ocrx_word' id='word_1_541' title='bbox 2337 2557 2463 2627; x_wconf 90' lang='lat' dir='ltr'>quia</span> <span class='ocrx_word' id='word_1_542' title='bbox 2494 2556 2597 2612; x_wconf 86' lang='lat' dir='ltr'>etsi</span> <span class='ocrx_word' id='word_1_543' title='bbox 2627 2557 2911 2628; x_wconf 79' lang='lat' dir='ltr'>signorum</span> <span class='ocrx_word' id='word_1_544' title='bbox 2934 2557 3246 2613; x_wconf 81' lang='lat' dir='ltr'>ostensione</span> <span class='ocrx_word' id='word_1_545' title='bbox 3290 2566 3474 2613; x_wconf 87' lang='lat' dir='ltr'>sancta</span> <span class='ocrx_word' id='word_1_546' title='bbox 3521 2559 3721 2615; x_wconf 79' lang='lat' dir='ltr'>Eccle-</span> 
     </span>
    </p>
   </div>
   <div class='ocr_carea' id='block_1_71' title="bbox 2121 2644 3721 2718">
    <p class='ocr_par' dir='ltr' id='par_1_71' title="bbox 2121 2644 3721 2718">
     <span class='ocr_line' id='line_1_72' title="bbox 2121 2644 3721 2718; baseline 0.002 -19"><span class='ocrx_word' id='word_1_547' title='bbox 2121 2646 2202 2699; x_wconf 88' lang='lat' dir='ltr'>sia</span> <span class='ocrx_word' id='word_1_548' title='bbox 2224 2646 2493 2701; x_wconf 87' lang='lat' dir='ltr'>mirabilis</span> <span class='ocrx_word' id='word_1_549' title='bbox 2508 2652 2644 2711; x_wconf 84' lang='lat' dir='ltr'>erat,</span> <span class='ocrx_word' id='word_1_550' title='bbox 2676 2645 2808 2700; x_wconf 89' lang='lat' dir='ltr'>dum</span> <span class='ocrx_word' id='word_1_551' title='bbox 2838 2644 3236 2715; x_wconf 83' lang='lat' dir='ltr'>pradicationis</span> <span class='ocrx_word' id='word_1_552' title='bbox 3263 2646 3435 2702; x_wconf 89' lang='lat' dir='ltr'>verba</span> <span class='ocrx_word' id='word_1_553' title='bbox 3477 2648 3721 2718; x_wconf 86' lang='lat' dir='ltr'>protulit,</span> 
     </span>
    </p>
   </div>
   <div class='ocr_carea' id='block_1_72' title="bbox 2123 2734 3723 2804">
    <p class='ocr_par' dir='ltr' id='par_1_72' title="bbox 2123 2734 3723 2804">
     <span class='ocr_line' id='line_1_73' title="bbox 2123 2734 3723 2804; baseline 0.001 -14"><span class='ocrx_word' id='word_1_554' title='bbox 2123 2734 2192 2790; x_wconf 88' lang='lat' dir='ltr'>ad</span> <span class='ocrx_word' id='word_1_555' title='bbox 2234 2750 2481 2790; x_wconf 87' lang='lat' dir='ltr'>amorem</span> <span class='ocrx_word' id='word_1_556' title='bbox 2535 2734 2917 2804; x_wconf 86' lang='lat' dir='ltr'>Redemptoris</span> <span class='ocrx_word' id='word_1_557' title='bbox 2943 2743 3234 2790; x_wconf 84' lang='lat' dir='ltr'>extraneos</span> <span class='ocrx_word' id='word_1_558' title='bbox 3281 2736 3550 2791; x_wconf 90' lang='lat' dir='ltr'>accendit.</span> <span class='ocrx_word' id='word_1_559' title='bbox 3611 2736 3723 2792; x_wconf 89' lang='lat' dir='ltr'>Sed</span> 
     </span>
    </p>
   </div>
   <div class='ocr_carea' id='block_1_73' title="bbox 2123 2821 3723 2896">
    <p class='ocr_par' dir='ltr' id='par_1_73' title="bbox 2123 2821 3723 2896">
     <span class='ocr_line' id='line_1_74' title="bbox 2123 2821 3723 2896; baseline 0 -18"><span class='ocrx_word' id='word_1_560' title='bbox 2123 2823 2255 2896; x_wconf 81' lang='lat' dir='ltr'>quid</span> <span class='ocrx_word' id='word_1_561' title='bbox 2289 2822 2360 2879; x_wconf 83' lang='lat' dir='ltr'>de</span> <span class='ocrx_word' id='word_1_562' title='bbox 2385 2838 2456 2878; x_wconf 89' lang='lat' dir='ltr'>ea</span> <span class='ocrx_word' id='word_1_563' title='bbox 2483 2821 2680 2877; x_wconf 86' lang='lat' dir='ltr'>sentiat</span> <span class='ocrx_word' id='word_1_564' title='bbox 2706 2821 2846 2891; x_wconf 87' lang='lat' dir='ltr'>Heli,</span> <span class='ocrx_word' id='word_1_565' title='bbox 2877 2838 3041 2894; x_wconf 87' lang='lat' dir='ltr'>quam</span> <span class='ocrx_word' id='word_1_566' title='bbox 3072 2838 3180 2879; x_wconf 89' lang='lat' dir='ltr'>non</span> <span class='ocrx_word' id='word_1_567' title='bbox 3199 2822 3499 2896; x_wconf 79' lang='lat' dir='ltr'>intelligit?</span> <span class='ocrx_word' id='word_1_568' title='bbox 3531 2824 3723 2896; x_wconf 83' lang='lat' dir='ltr'>Sequi-</span> 
     </span>
    </p>
   </div>
   <div class='ocr_carea' id='block_1_74' title="bbox 2088 2919 2256 2967">
    <p class='ocr_par' dir='ltr' id='par_1_74' title="bbox 2088 2919 2256 2967">
     <span class='ocr_line' id='line_1_75' title="bbox 2088 2919 2256 2967; baseline -0.006 0"><span class='ocrx_word' id='word_1_569' title='bbox 2088 2919 2256 2967; x_wconf 15' lang='lat' dir='ltr'>itur:</span> 
     </span>
    </p>
   </div>
   <div class='ocr_carea' id='block_1_75' title="bbox 2195 2998 3728 3073">
    <p class='ocr_par' dir='ltr' id='par_1_75' title="bbox 2195 2998 3728 3073">
     <span class='ocr_line' id='line_1_76' title="bbox 2195 2998 3728 3073; baseline 0.001 -17"><span class='ocrx_word' id='word_1_570' title='bbox 2195 3001 2394 3070; x_wconf 73' lang='lat' dir='ltr'>(Vens.</span> <span class='ocrx_word' id='word_1_571' title='bbox 2433 3002 2543 3071; x_wconf 83' lang='lat' dir='ltr'>t3.)</span> <span class='ocrx_word' id='word_1_572' title='bbox 2565 3001 2891 3058; x_wconf 68' lang='lat' dir='ltr'>Aistimavit</span> <span class='ocrx_word' id='word_1_573' title='bbox 2910 2998 3035 3057; x_wconf 81' lang='lat' dir='ltr'>eam</span> <span class='ocrx_word' id='word_1_574' title='bbox 3066 3001 3251 3073; x_wconf 83' lang='lat' dir='ltr'>igitur</span> <span class='ocrx_word' id='word_1_575' title='bbox 3273 3001 3408 3058; x_wconf 85' lang='lat' dir='ltr'>Heli</span> <span class='ocrx_word' id='word_1_576' title='bbox 3440 3002 3728 3059; x_wconf 77' lang='lat' dir='ltr'>temulen-</span> 
     </span>
    </p>
   </div>
   <div class='ocr_carea' id='block_1_76' title="bbox 2121 3094 2262 3145">
    <p class='ocr_par' dir='ltr' id='par_1_76' title="bbox 2121 3094 2262 3145">
     <span class='ocr_line' id='line_1_77' title="bbox 2121 3094 2262 3145; baseline 0 0"><span class='ocrx_word' id='word_1_577' title='bbox 2121 3094 2262 3145; x_wconf 87' lang='lat' dir='ltr'>tam.</span> 
     </span>
    </p>
   </div>
   <div class='ocr_carea' id='block_1_77' title="bbox 2190 3177 3729 3248">
    <p class='ocr_par' dir='ltr' id='par_1_77' title="bbox 2190 3177 3729 3248">
     <span class='ocr_line' id='line_1_78' title="bbox 2190 3177 3729 3248; baseline 0 -14"><span class='ocrx_word' id='word_1_578' title='bbox 2190 3181 2285 3234; x_wconf 75' lang='lat'>28.</span> <span class='ocrx_word' id='word_1_579' title='bbox 2317 3179 2433 3235; x_wconf 85' lang='lat' dir='ltr'>Hoc</span> <span class='ocrx_word' id='word_1_580' title='bbox 2461 3177 2715 3233; x_wconf 91' lang='lat' dir='ltr'>nimirum</span> <span class='ocrx_word' id='word_1_581' title='bbox 2737 3178 2902 3233; x_wconf 89' lang='lat' dir='ltr'>etiam</span> <span class='ocrx_word' id='word_1_582' title='bbox 2947 3179 3102 3248; x_wconf 82' lang='lat' dir='ltr'>juxta</span> <span class='ocrx_word' id='word_1_583' title='bbox 3158 3179 3441 3235; x_wconf 86' lang='lat' dir='ltr'>historiam</span> <span class='ocrx_word' id='word_1_584' title='bbox 3491 3182 3729 3235; x_wconf 79' lang='lat' dir='ltr'>Actuum</span> 
     </span>
    </p>
   </div>
   <div class='ocr_carea' id='block_1_78' title="bbox 2118 3265 3730 3339">
    <p class='ocr_par' dir='ltr' id='par_1_78' title="bbox 2118 3265 3730 3339">
     <span class='ocr_line' id='line_1_79' title="bbox 2118 3265 3730 3339; baseline 0.001 -19"><span class='ocrx_word' id='word_1_585' title='bbox 2118 3265 2490 3337; x_wconf 86' lang='lat' dir='ltr'>apostolorum</span> <span class='ocrx_word' id='word_1_586' title='bbox 2532 3267 2876 3339; x_wconf 82' lang='lat' dir='ltr'>agnovimus,</span> <span class='ocrx_word' id='word_1_587' title='bbox 2934 3267 3065 3338; x_wconf 89' lang='lat' dir='ltr'>quia</span> <span class='ocrx_word' id='word_1_588' title='bbox 3108 3267 3301 3324; x_wconf 90' lang='lat' dir='ltr'>diebus</span> <span class='ocrx_word' id='word_1_589' title='bbox 3360 3268 3730 3325; x_wconf 81' lang='lat' dir='ltr'>Pentecostes</span> 
     </span>
    </p>
   </div>
   <div class='ocr_carea' id='block_1_79' title="bbox 2118 3354 3727 3427">
    <p class='ocr_par' dir='ltr' id='par_1_79' title="bbox 2118 3354 3727 3427">
     <span class='ocr_line' id='line_1_80' title="bbox 2118 3354 3727 3427; baseline 0 -16"><span class='ocrx_word' id='word_1_590' title='bbox 2118 3355 2293 3411; x_wconf 86' lang='lat' dir='ltr'>sancti</span> <span class='ocrx_word' id='word_1_591' title='bbox 2321 3356 2551 3427; x_wconf 87' lang='lat' dir='ltr'>apostoli</span> <span class='ocrx_word' id='word_1_592' title='bbox 2580 3354 2722 3410; x_wconf 89' lang='lat' dir='ltr'>ebrii</span> <span class='ocrx_word' id='word_1_593' title='bbox 2751 3354 2945 3412; x_wconf 84' lang='lat' dir='ltr'>crediti</span> <span class='ocrx_word' id='word_1_594' title='bbox 2975 3365 3119 3422; x_wconf 88' lang='lat' dir='ltr'>sunt,</span> <span class='ocrx_word' id='word_1_595' title='bbox 3151 3373 3293 3424; x_wconf 92' lang='lat' dir='ltr'>cum,</span> <span class='ocrx_word' id='word_1_596' title='bbox 3337 3364 3567 3427; x_wconf 83' lang='lat' dir='ltr'>accepta</span> <span class='ocrx_word' id='word_1_597' title='bbox 3594 3374 3727 3413; x_wconf 89' lang='lat' dir='ltr'>san-</span> 
     </span>
    </p>
   </div>
   <div class='ocr_carea' id='block_1_80' title="bbox 2117 3443 3727 3517">
    <p class='ocr_par' dir='ltr' id='par_1_80' title="bbox 2117 3443 3727 3517">
     <span class='ocr_line' id='line_1_81' title="bbox 2117 3443 3727 3517; baseline 0 -16"><span class='ocrx_word' id='word_1_598' title='bbox 2117 3444 2186 3501; x_wconf 88' lang='lat' dir='ltr'>cti</span> <span class='ocrx_word' id='word_1_599' title='bbox 2223 3443 2455 3515; x_wconf 89' lang='lat' dir='ltr'>Spiritus</span> <span class='ocrx_word' id='word_1_600' title='bbox 2484 3444 2843 3516; x_wconf 86' lang='lat' dir='ltr'>plenitudine,</span> <span class='ocrx_word' id='word_1_601' title='bbox 2875 3444 3076 3499; x_wconf 88' lang='lat' dir='ltr'>Christi</span> <span class='ocrx_word' id='word_1_602' title='bbox 3111 3445 3387 3517; x_wconf 82' lang='lat' dir='ltr'>magnalia</span> <span class='ocrx_word' id='word_1_603' title='bbox 3430 3445 3586 3501; x_wconf 88' lang='lat' dir='ltr'>omni</span> <span class='ocrx_word' id='word_1_604' title='bbox 3615 3446 3727 3501; x_wconf 90' lang='lat' dir='ltr'>lin-</span> 
     </span>
    </p>
   </div>
   <div class='ocr_carea' id='block_1_81' title="bbox 2116 3528 3723 3602">
    <p class='ocr_par' dir='ltr' id='par_1_81' title="bbox 2116 3528 3723 3602">
     <span class='ocr_line' id='line_1_82' title="bbox 2116 3528 3723 3602; baseline 0 -17"><span class='ocrx_word' id='word_1_605' title='bbox 2116 3544 2228 3602; x_wconf 76' lang='lat' dir='ltr'>gua</span> <span class='ocrx_word' id='word_1_606' title='bbox 2281 3528 2636 3599; x_wconf 89' lang='lat' dir='ltr'>loquerentur</span> <span class='ocrx_word' id='word_1_607' title='bbox 2692 3529 2836 3598; x_wconf 82' lang='lat' dir='ltr'>(Act.</span> <span class='ocrx_word' id='word_1_608' title='bbox 2877 3544 2938 3594; x_wconf 89' lang='grc' dir='ltr'>ιι,</span> <span class='ocrx_word' id='word_1_609' title='bbox 2986 3531 3062 3599; x_wconf 69' lang='lat' dir='ltr'>Ii).</span> <span class='ocrx_word' id='word_1_610' title='bbox 3121 3530 3486 3599; x_wconf 87' lang='lat' dir='ltr'>Spiritualiter</span> <span class='ocrx_word' id='word_1_611' title='bbox 3534 3539 3723 3587; x_wconf 89' lang='lat' dir='ltr'>autem</span> 
     </span>
    </p>
   </div>
   <div class='ocr_carea' id='block_1_82' title="bbox 2117 3615 3722 3689">
    <p class='ocr_par' dir='ltr' id='par_1_82' title="bbox 2117 3615 3722 3689">
     <span class='ocr_line' id='line_1_83' title="bbox 2117 3615 3722 3689; baseline 0.003 -18"><span class='ocrx_word' id='word_1_612' title='bbox 2117 3624 2305 3673; x_wconf 89' lang='lat' dir='ltr'>sancta</span> <span class='ocrx_word' id='word_1_613' title='bbox 2334 3615 2587 3673; x_wconf 88' lang='lat' dir='ltr'>Ecclesia</span> <span class='ocrx_word' id='word_1_614' title='bbox 2613 3616 2763 3672; x_wconf 88' lang='lat' dir='ltr'>ebria</span> <span class='ocrx_word' id='word_1_615' title='bbox 2790 3617 3047 3685; x_wconf 89' lang='lat' dir='ltr'>creditur,</span> <span class='ocrx_word' id='word_1_616' title='bbox 3081 3634 3241 3689; x_wconf 89' lang='lat' dir='ltr'>quam</span> <span class='ocrx_word' id='word_1_617' title='bbox 3266 3617 3450 3674; x_wconf 76' lang='lat' dir='ltr'>Judaa</span> <span class='ocrx_word' id='word_1_618' title='bbox 3469 3634 3581 3675; x_wconf 90' lang='lat' dir='ltr'>non</span> <span class='ocrx_word' id='word_1_619' title='bbox 3617 3636 3722 3675; x_wconf 79' lang='lat' dir='ltr'>as-</span> 
     </span>
    </p>
   </div>
   <div class='ocr_carea' id='block_1_83' title="bbox 2117 3704 3716 3778">
    <p class='ocr_par' dir='ltr' id='par_1_83' title="bbox 2117 3704 3716 3778">
     <span class='ocr_line' id='line_1_84' title="bbox 2117 3704 3716 3778; baseline 0.004 -20"><span class='ocrx_word' id='word_1_620' title='bbox 2117 3705 2267 3760; x_wconf 91' lang='lat' dir='ltr'>timat</span> <span class='ocrx_word' id='word_1_621' title='bbox 2296 3721 2426 3762; x_wconf 90' lang='lat' dir='ltr'>vera</span> <span class='ocrx_word' id='word_1_622' title='bbox 2453 3704 2835 3772; x_wconf 88' lang='lat' dir='ltr'>asserere,sed</span> <span class='ocrx_word' id='word_1_623' title='bbox 2865 3704 3136 3772; x_wconf 73' lang='lat' dir='ltr'>haeretica,</span> <span class='ocrx_word' id='word_1_624' title='bbox 3152 3714 3203 3760; x_wconf 91' lang='lat' dir='ltr'>et</span> <span class='ocrx_word' id='word_1_625' title='bbox 3228 3705 3363 3761; x_wconf 84' lang='lat' dir='ltr'>falsa</span> <span class='ocrx_word' id='word_1_626' title='bbox 3388 3707 3716 3778; x_wconf 85' lang='lat' dir='ltr'>pradicare.</span> 
     </span>
    </p>
   </div>
   <div class='ocr_carea' id='block_1_84' title="bbox 2114 3793 3723 3868">
    <p class='ocr_par' dir='ltr' id='par_1_84' title="bbox 2114 3793 3723 3868">
     <span class='ocr_line' id='line_1_85' title="bbox 2114 3793 3723 3868; baseline 0.004 -20"><span class='ocrx_word' id='word_1_627' title='bbox 2114 3794 2281 3848; x_wconf 89' lang='lat' dir='ltr'>Ebria</span> <span class='ocrx_word' id='word_1_628' title='bbox 2302 3802 2483 3850; x_wconf 89' lang='lat' dir='ltr'>tamen</span> <span class='ocrx_word' id='word_1_629' title='bbox 2513 3798 2661 3863; x_wconf 83' lang='lat' dir='ltr'>erat,</span> <span class='ocrx_word' id='word_1_630' title='bbox 2699 3809 2813 3849; x_wconf 89' lang='lat' dir='ltr'>non</span> <span class='ocrx_word' id='word_1_631' title='bbox 2844 3793 3121 3865; x_wconf 89' lang='lat' dir='ltr'>potatione</span> <span class='ocrx_word' id='word_1_632' title='bbox 3142 3795 3363 3863; x_wconf 89' lang='lat' dir='ltr'>erroris,</span> <span class='ocrx_word' id='word_1_633' title='bbox 3413 3796 3514 3852; x_wconf 85' lang='lat' dir='ltr'>sed</span> <span class='ocrx_word' id='word_1_634' title='bbox 3541 3798 3723 3868; x_wconf 87' lang='lat' dir='ltr'>reple-</span> 
     </span>
    </p>
   </div>
   <div class='ocr_carea' id='block_1_85' title="bbox 2119 3882 3785 3954">
    <p class='ocr_par' dir='ltr' id='par_1_85' title="bbox 2119 3882 3785 3954">
     <span class='ocr_line' id='line_1_86' title="bbox 2119 3882 3785 3954; baseline 0.003 -18"><span class='ocrx_word' id='word_1_635' title='bbox 2119 3882 2263 3939; x_wconf 89' lang='lat' dir='ltr'>tione</span> <span class='ocrx_word' id='word_1_636' title='bbox 2284 3882 2523 3954; x_wconf 87' lang='lat' dir='ltr'>Spiritus</span> <span class='ocrx_word' id='word_1_637' title='bbox 2562 3882 2762 3938; x_wconf 87' lang='lat' dir='ltr'>sancti.</span> <span class='ocrx_word' id='word_1_638' title='bbox 2807 3882 3020 3938; x_wconf 89' lang='lat' dir='ltr'>Etenim</span> <span class='ocrx_word' id='word_1_639' title='bbox 3054 3891 3259 3938; x_wconf 90' lang='lat' dir='ltr'>mutare</span> <span class='ocrx_word' id='word_1_640' title='bbox 3311 3899 3429 3951; x_wconf 90' lang='lat' dir='ltr'>cor,</span> <span class='ocrx_word' id='word_1_641' title='bbox 3479 3894 3720 3941; x_wconf 89' lang='lat' dir='ltr'>mentem</span> <span class='ocrx_word' id='word_1_642' title='bbox 3771 3942 3785 3953; x_wconf 52' lang='grc'>,</span> 
     </span>
    </p>
   </div>
   <div class='ocr_carea' id='block_1_86' title="bbox 2120 3972 3718 4030">
    <p class='ocr_par' dir='ltr' id='par_1_86' title="bbox 2120 3972 3718 4030">
     <span class='ocr_line' id='line_1_87' title="bbox 2120 3972 3718 4030; baseline 0.001 -3"><span class='ocrx_word' id='word_1_643' title='bbox 2120 3972 2356 4027; x_wconf 89' lang='lat' dir='ltr'>alienare</span> <span class='ocrx_word' id='word_1_644' title='bbox 2384 3973 2667 4028; x_wconf 87' lang='lat' dir='ltr'>consuevit</span> <span class='ocrx_word' id='word_1_645' title='bbox 2721 3972 2987 4028; x_wconf 86' lang='lat' dir='ltr'>ebrietas.</span> <span class='ocrx_word' id='word_1_646' title='bbox 3053 3973 3254 4027; x_wconf 85' lang='lat' dir='ltr'>Mutato</span> <span class='ocrx_word' id='word_1_647' title='bbox 3311 3980 3489 4028; x_wconf 89' lang='lat' dir='ltr'>autem</span> <span class='ocrx_word' id='word_1_648' title='bbox 3547 3974 3718 4030; x_wconf 87' lang='lat' dir='ltr'>corde</span> 
     </span>
    </p>
   </div>
   <div class='ocr_carea' id='block_1_87' title="bbox 2118 4058 3720 4135">
    <p class='ocr_par' dir='ltr' id='par_1_87' title="bbox 2118 4058 3720 4135">
     <span class='ocr_line' id='line_1_88' title="bbox 2118 4058 3720 4135; baseline 0.001 -19"><span class='ocrx_word' id='word_1_649' title='bbox 2118 4060 2400 4133; x_wconf 83' lang='lat' dir='ltr'>pergebat,</span> <span class='ocrx_word' id='word_1_650' title='bbox 2433 4060 2522 4130; x_wconf 88' lang='lat' dir='ltr'>qui</span> <span class='ocrx_word' id='word_1_651' title='bbox 2554 4076 2725 4129; x_wconf 87' lang='lat' dir='ltr'>nuper</span> <span class='ocrx_word' id='word_1_652' title='bbox 2745 4061 2939 4115; x_wconf 90' lang='lat' dir='ltr'>domos</span> <span class='ocrx_word' id='word_1_653' title='bbox 2967 4060 3188 4128; x_wconf 90' lang='lat' dir='ltr'>intrans,</span> <span class='ocrx_word' id='word_1_654' title='bbox 3249 4058 3438 4117; x_wconf 85' lang='lat' dir='ltr'>ﬁdeles</span> <span class='ocrx_word' id='word_1_655' title='bbox 3466 4076 3720 4135; x_wconf 90' lang='lat' dir='ltr'>quosque</span> 
     </span>
    </p>
   </div>
   <div class='ocr_carea' id='block_1_88' title="bbox 2117 4148 3718 4223">
    <p class='ocr_par' dir='ltr' id='par_1_88' title="bbox 2117 4148 3718 4223">
     <span class='ocr_line' id='line_1_89' title="bbox 2117 4148 3718 4223; baseline 0.002 -21"><span class='ocrx_word' id='word_1_656' title='bbox 2117 4148 2280 4203; x_wconf 90' lang='lat' dir='ltr'>minis</span> <span class='ocrx_word' id='word_1_657' title='bbox 2311 4156 2543 4216; x_wconf 90' lang='lat' dir='ltr'>terrens,</span> <span class='ocrx_word' id='word_1_658' title='bbox 2574 4148 2815 4204; x_wconf 84' lang='lat' dir='ltr'>cadibus</span> <span class='ocrx_word' id='word_1_659' title='bbox 2848 4148 3077 4216; x_wconf 85' lang='lat' dir='ltr'>lanians,</span> <span class='ocrx_word' id='word_1_660' title='bbox 3101 4149 3212 4218; x_wconf 86' lang='lat' dir='ltr'>jam</span> <span class='ocrx_word' id='word_1_661' title='bbox 3234 4164 3358 4204; x_wconf 88' lang='lat' dir='ltr'>eum</span> <span class='ocrx_word' id='word_1_662' title='bbox 3390 4166 3551 4222; x_wconf 77' lang='lat' dir='ltr'>quem</span> <span class='ocrx_word' id='word_1_663' title='bbox 3583 4167 3718 4223; x_wconf 87' lang='lat' dir='ltr'>per-</span> 
     </span>
    </p>
   </div>
   <div class='ocr_carea' id='block_1_89' title="bbox 2119 4236 3719 4310">
    <p class='ocr_par' dir='ltr' id='par_1_89' title="bbox 2119 4236 3719 4310">
     <span class='ocr_line' id='line_1_90' title="bbox 2119 4236 3719 4310; baseline 0.001 -18"><span class='ocrx_word' id='word_1_664' title='bbox 2119 4244 2337 4292; x_wconf 90' lang='lat' dir='ltr'>secutus</span> <span class='ocrx_word' id='word_1_665' title='bbox 2361 4236 2544 4292; x_wconf 79' lang='lat' dir='ltr'>Jesum</span> <span class='ocrx_word' id='word_1_666' title='bbox 2596 4236 2767 4292; x_wconf 81' lang='lat' dir='ltr'>fuerat</span> <span class='ocrx_word' id='word_1_667' title='bbox 2808 4253 3000 4293; x_wconf 87' lang='lat' dir='ltr'>verum</span> <span class='ocrx_word' id='word_1_668' title='bbox 3030 4254 3155 4294; x_wconf 89' lang='lat' dir='ltr'>esse</span> <span class='ocrx_word' id='word_1_669' title='bbox 3210 4238 3597 4310; x_wconf 85' lang='lat' dir='ltr'>omnipotentis</span> <span class='ocrx_word' id='word_1_670' title='bbox 3616 4239 3719 4295; x_wconf 88' lang='lat' dir='ltr'>Dei</span> 
     </span>
    </p>
   </div>
   <div class='ocr_carea' id='block_1_90' title="bbox 2120 4324 3718 4399">
    <p class='ocr_par' dir='ltr' id='par_1_90' title="bbox 2120 4324 3718 4399">
     <span class='ocr_line' id='line_1_91' title="bbox 2120 4324 3718 4399; baseline 0.001 -19"><span class='ocrx_word' id='word_1_671' title='bbox 2120 4325 2317 4380; x_wconf 87' lang='lat' dir='ltr'>Filium</span> <span class='ocrx_word' id='word_1_672' title='bbox 2348 4324 2680 4395; x_wconf 79' lang='lat' dir='ltr'>praedicabat</span> <span class='ocrx_word' id='word_1_673' title='bbox 2709 4326 2951 4395; x_wconf 57' lang='lat' dir='ltr'>(Actu,</span> <span class='ocrx_word' id='word_1_674' title='bbox 2973 4327 3026 4393; x_wconf 88' lang='grc'>5,</span> <span class='ocrx_word' id='word_1_675' title='bbox 3058 4327 3170 4397; x_wconf 71' lang='lat'>20).</span> <span class='ocrx_word' id='word_1_676' title='bbox 3205 4326 3363 4381; x_wconf 86' lang='lat' dir='ltr'>Unde</span> <span class='ocrx_word' id='word_1_677' title='bbox 3392 4328 3718 4399; x_wconf 87' lang='lat' dir='ltr'>etsuperio-</span> 
     </span>
    </p>
   </div>
   <div class='ocr_carea' id='block_1_91' title="bbox 2117 4412 3715 4485">
    <p class='ocr_par' dir='ltr' id='par_1_91' title="bbox 2117 4412 3715 4485">
     <span class='ocr_line' id='line_1_92' title="bbox 2117 4412 3715 4485; baseline 0.003 -17"><span class='ocrx_word' id='word_1_678' title='bbox 2117 4413 2192 4468; x_wconf 91' lang='lat' dir='ltr'>ris</span> <span class='ocrx_word' id='word_1_679' title='bbox 2223 4412 2700 4469; x_wconf 86' lang='lat' dir='ltr'>sensusinsaniam</span> <span class='ocrx_word' id='word_1_680' title='bbox 2722 4429 2844 4469; x_wconf 85' lang='lat' dir='ltr'>sese</span> <span class='ocrx_word' id='word_1_681' title='bbox 2873 4412 3179 4485; x_wconf 87' lang='lat' dir='ltr'>perdidisse</span> <span class='ocrx_word' id='word_1_682' title='bbox 3209 4413 3477 4484; x_wconf 80' lang='lat' dir='ltr'>glorians,</span> <span class='ocrx_word' id='word_1_683' title='bbox 3535 4415 3668 4472; x_wconf 88' lang='lat' dir='ltr'>dicit</span> <span class='ocrx_word' id='word_1_684' title='bbox 3700 4432 3715 4471; x_wconf 89' lang='lat'><em>:</em></span> 
     </span>
    </p>
   </div>
   <div class='ocr_carea' id='block_1_92' title="bbox 2122 4500 3714 4575">
    <p class='ocr_par' dir='ltr' id='par_1_92' title="bbox 2122 4500 3714 4575">
     <span class='ocr_line' id='line_1_93' title="bbox 2122 4500 3714 4575; baseline 0.002 -17"><span class='ocrx_word' id='word_1_685' title='bbox 2122 4502 2229 4569; x_wconf 86' lang='lat' dir='ltr'>Qui</span> <span class='ocrx_word' id='word_1_686' title='bbox 2255 4502 2416 4573; x_wconf 85' lang='lat' dir='ltr'>prius</span> <span class='ocrx_word' id='word_1_687' title='bbox 2440 4500 2538 4572; x_wconf 81' lang='lat' dir='ltr'>fui</span> <span class='ocrx_word' id='word_1_688' title='bbox 2561 4502 2941 4575; x_wconf 75' lang='lat' dir='ltr'>blasphemus,</span> <span class='ocrx_word' id='word_1_689' title='bbox 2971 4505 3027 4558; x_wconf 91' lang='lat' dir='ltr'>et</span> <span class='ocrx_word' id='word_1_690' title='bbox 3049 4506 3394 4571; x_wconf 84' lang='lat' dir='ltr'>persecutor,</span> <span class='ocrx_word' id='word_1_691' title='bbox 3417 4506 3477 4558; x_wconf 88' lang='lat' dir='ltr'>et</span> <span class='ocrx_word' id='word_1_692' title='bbox 3509 4509 3714 4561; x_wconf 79' lang='lat' dir='ltr'>contu-</span> 
     </span>
    </p>
   </div>
   <div class='ocr_carea' id='block_1_93' title="bbox 420 4572 2013 4669">
    <p class='ocr_par' dir='ltr' id='par_1_93' title="bbox 420 4572 2011 4669">
     <span class='ocr_line' id='line_1_94' title="bbox 420 4572 2011 4669; baseline -0.008 -16"><span class='ocrx_word' id='word_1_693' title='bbox 420 4600 491 4653; x_wconf 86' lang='lat' dir='ltr'>Et</span> <span class='ocrx_word' id='word_1_694' title='bbox 508 4596 636 4669; x_wconf 92' lang='lat' dir='ltr'>quid</span> <span class='ocrx_word' id='word_1_695' title='bbox 656 4593 879 4648; x_wconf 88' lang='lat' dir='ltr'>Judaico</span> <span class='ocrx_word' id='word_1_696' title='bbox 899 4572 1207 4648; x_wconf 76' lang='lat' dir='ltr'>sacerdotio</span> <span class='ocrx_word' id='word_1_697' title='bbox 1263 4606 1327 4647; x_wconf 92' lang='lat' dir='ltr'>os</span> <span class='ocrx_word' id='word_1_698' title='bbox 1357 4572 1476 4659; x_wconf 83' lang='lat' dir='ltr'>ejus</span> <span class='ocrx_word' id='word_1_699' title='bbox 1528 4572 1845 4656; x_wconf 84' lang='lat' dir='ltr'>observare,</span> <span class='ocrx_word' id='word_1_700' title='bbox 1906 4587 2011 4642; x_wconf 87' lang='lat' dir='ltr'>nisi</span> 
     </span>
    </p>
   </div>
   <div class='ocr_carea' id='block_1_94' title="bbox 2123 4572 3720 4669">
    <p class='ocr_par' dir='ltr' id='par_1_94' title="bbox 2128 4572 3720 4666">
     <span class='ocr_line' id='line_1_95' title="bbox 2128 4572 3720 4666; baseline 0.002 -20"><span class='ocrx_word' id='word_1_701' title='bbox 2128 4592 2414 4655; x_wconf 82' lang='lat' dir='ltr'>meliosus,</span> <span class='ocrx_word' id='word_1_702' title='bbox 2438 4591 2540 4646; x_wconf 79' lang='lat' dir='ltr'>sed</span> <span class='ocrx_word' id='word_1_703' title='bbox 2554 4572 3005 4647; x_wconf 83' lang='lat' dir='ltr'>misericordiam</span> <span class='ocrx_word' id='word_1_704' title='bbox 3037 4596 3373 4647; x_wconf 75' lang='lat' dir='ltr'>consecutus</span> <span class='ocrx_word' id='word_1_705' title='bbox 3401 4607 3550 4661; x_wconf 86' lang='lat' dir='ltr'>sum,</span> <span class='ocrx_word' id='word_1_706' title='bbox 3581 4595 3720 4666; x_wconf 85' lang='lat' dir='ltr'>quia</span> 
     </span>
    </p>
   </div>
   <div class='ocr_carea' id='block_1_95' title="bbox 420 4676 2017 4758">
    <p class='ocr_par' dir='ltr' id='par_1_95' title="bbox 420 4676 2017 4758">
     <span class='ocr_line' id='line_1_96' title="bbox 420 4676 2017 4758; baseline -0.004 -18"><span class='ocrx_word' id='word_1_707' title='bbox 420 4682 800 4758; x_wconf 83' lang='lat' dir='ltr'>pradicationi</span> <span class='ocrx_word' id='word_1_708' title='bbox 825 4688 1028 4737; x_wconf 89' lang='lat' dir='ltr'>sancta</span> <span class='ocrx_word' id='word_1_709' title='bbox 1056 4678 1322 4736; x_wconf 87' lang='lat' dir='ltr'>Ecclesia</span> <span class='ocrx_word' id='word_1_710' title='bbox 1351 4677 1647 4733; x_wconf 75' lang='lat' dir='ltr'>insidiari?</span> <span class='ocrx_word' id='word_1_711' title='bbox 1668 4676 1743 4731; x_wconf 88' lang='lat' dir='ltr'>Os</span> <span class='ocrx_word' id='word_1_712' title='bbox 1780 4691 2017 4746; x_wconf 87' lang='lat' dir='ltr'>namque</span> 
     </span>
    </p>
   </div>
   <div class='ocr_carea' id='block_1_96' title="bbox 419 4764 2018 4845">
    <p class='ocr_par' dir='ltr' id='par_1_96' title="bbox 419 4764 2018 4845">
     <span class='ocr_line' id='line_1_97' title="bbox 419 4764 2018 4845; baseline -0.006 -16"><span class='ocrx_word' id='word_1_713' title='bbox 419 4775 538 4845; x_wconf 89' lang='lat' dir='ltr'>ejus</span> <span class='ocrx_word' id='word_1_714' title='bbox 560 4770 889 4840; x_wconf 86' lang='lat' dir='ltr'>observavit,</span> <span class='ocrx_word' id='word_1_715' title='bbox 924 4769 1048 4842; x_wconf 89' lang='lat' dir='ltr'>quia</span> <span class='ocrx_word' id='word_1_716' title='bbox 1078 4777 1280 4825; x_wconf 90' lang='lat' dir='ltr'>rectam</span> <span class='ocrx_word' id='word_1_717' title='bbox 1312 4766 1752 4839; x_wconf 80' lang='lat' dir='ltr'>pradicationem</span> <span class='ocrx_word' id='word_1_718' title='bbox 1782 4764 1907 4821; x_wconf 84' lang='lat' dir='ltr'>ﬁdei</span> <span class='ocrx_word' id='word_1_719' title='bbox 1936 4780 2018 4820; x_wconf 88' lang='lat' dir='ltr'>re-</span> 
     </span>
    </p>
   </div>
   <div class='ocr_carea' id='block_1_97' title="bbox 419 4856 2016 4935">
    <p class='ocr_par' dir='ltr' id='par_1_97' title="bbox 419 4856 2016 4935">
     <span class='ocr_line' id='line_1_98' title="bbox 419 4856 2016 4935; baseline -0.006 -17"><span class='ocrx_word' id='word_1_720' title='bbox 419 4860 754 4935; x_wconf 80' lang='lat' dir='ltr'>prehendero</span> <span class='ocrx_word' id='word_1_721' title='bbox 808 4859 1161 4917; x_wconf 88' lang='lat' dir='ltr'>vehementer</span> <span class='ocrx_word' id='word_1_722' title='bbox 1188 4856 1416 4913; x_wconf 90' lang='lat' dir='ltr'>studuit.</span> <span class='ocrx_word' id='word_1_723' title='bbox 1472 4857 1618 4912; x_wconf 90' lang='lat' dir='ltr'>Bene</span> <span class='ocrx_word' id='word_1_724' title='bbox 1659 4863 1837 4910; x_wconf 88' lang='lat' dir='ltr'>autem</span> <span class='ocrx_word' id='word_1_725' title='bbox 1886 4860 2016 4909; x_wconf 86' lang='lat' dir='ltr'>tunc</span> 
     </span>
    </p>
   </div>
   <div class='ocr_carea' id='block_1_98' title="bbox 419 4941 2011 5021">
    <p class='ocr_par' dir='ltr' id='par_1_98' title="bbox 419 4941 2011 5021">
     <span class='ocr_line' id='line_1_99' title="bbox 419 4941 2011 5021; baseline -0.008 -13"><span class='ocrx_word' id='word_1_726' title='bbox 419 4968 484 5008; x_wconf 91' lang='lat' dir='ltr'>os</span> <span class='ocrx_word' id='word_1_727' title='bbox 514 4952 633 5021; x_wconf 82' lang='lat' dir='ltr'>ejus</span> <span class='ocrx_word' id='word_1_728' title='bbox 663 4948 989 5005; x_wconf 86' lang='lat' dir='ltr'>observasse</span> <span class='ocrx_word' id='word_1_729' title='bbox 1019 4946 1232 5015; x_wconf 88' lang='lat' dir='ltr'>dicitur,</span> <span class='ocrx_word' id='word_1_730' title='bbox 1263 4961 1387 5003; x_wconf 90' lang='lat' dir='ltr'>cum</span> <span class='ocrx_word' id='word_1_731' title='bbox 1419 4945 1511 5000; x_wconf 89' lang='lat' dir='ltr'>illa</span> <span class='ocrx_word' id='word_1_732' title='bbox 1539 4959 1733 5015; x_wconf 85' lang='lat' dir='ltr'>preces</span> <span class='ocrx_word' id='word_1_733' title='bbox 1750 4941 2011 5012; x_wconf 88' lang='lat' dir='ltr'>multipli-</span> 
     </span>
    </p>
   </div>
   <div class='ocr_carea' id='block_1_99' title="bbox 419 5033 2012 5111">
    <p class='ocr_par' dir='ltr' id='par_1_99' title="bbox 419 5033 2012 5111">
     <span class='ocr_line' id='line_1_100' title="bbox 419 5033 2012 5111; baseline -0.008 -13"><span class='ocrx_word' id='word_1_734' title='bbox 419 5045 586 5109; x_wconf 85' lang='lat' dir='ltr'>caret,</span> <span class='ocrx_word' id='word_1_735' title='bbox 620 5038 711 5111; x_wconf 91' lang='lat' dir='ltr'>qui</span> <span class='ocrx_word' id='word_1_736' title='bbox 741 5044 890 5092; x_wconf 88' lang='lat' dir='ltr'>tanto</span> <span class='ocrx_word' id='word_1_737' title='bbox 922 5036 1169 5093; x_wconf 88' lang='lat' dir='ltr'>callidius</span> <span class='ocrx_word' id='word_1_738' title='bbox 1196 5034 1248 5091; x_wconf 91' lang='lat' dir='ltr'>ei</span> <span class='ocrx_word' id='word_1_739' title='bbox 1297 5049 1494 5090; x_wconf 89' lang='lat' dir='ltr'>nocere</span> <span class='ocrx_word' id='word_1_740' title='bbox 1519 5033 1744 5097; x_wconf 90' lang='lat' dir='ltr'>studuit,</span> <span class='ocrx_word' id='word_1_741' title='bbox 1804 5038 2012 5102; x_wconf 87' lang='lat' dir='ltr'>quanto</span> 
     </span>
    </p>
   </div>
   <div class='ocr_carea' id='block_1_100' title="bbox 418 5119 2010 5199">
    <p class='ocr_par' dir='ltr' id='par_1_100' title="bbox 418 5119 2010 5199">
     <span class='ocr_line' id='line_1_101' title="bbox 418 5119 2010 5199; baseline -0.006 -15"><span class='ocrx_word' id='word_1_742' title='bbox 418 5128 629 5199; x_wconf 84' lang='lat' dir='ltr'>majora</span> <span class='ocrx_word' id='word_1_743' title='bbox 650 5127 769 5197; x_wconf 87' lang='lat' dir='ltr'>ejus</span> <span class='ocrx_word' id='word_1_744' title='bbox 795 5124 1041 5180; x_wconf 88' lang='lat' dir='ltr'>desidera</span> <span class='ocrx_word' id='word_1_745' title='bbox 1077 5124 1132 5178; x_wconf 92' lang='lat' dir='ltr'>in</span> <span class='ocrx_word' id='word_1_746' title='bbox 1175 5120 1578 5194; x_wconf 87' lang='lat' dir='ltr'>pradieationis</span> <span class='ocrx_word' id='word_1_747' title='bbox 1622 5119 1878 5175; x_wconf 89' lang='lat' dir='ltr'>instantia</span> <span class='ocrx_word' id='word_1_748' title='bbox 1923 5133 2010 5174; x_wconf 87' lang='lat' dir='ltr'>re-</span> 
     </span>
    </p>
   </div>
   <div class='ocr_carea' id='block_1_101' title="bbox 419 5207 2008 5292">
    <p class='ocr_par' dir='ltr' id='par_1_101' title="bbox 419 5207 2008 5292">
     <span class='ocr_line' id='line_1_102' title="bbox 419 5207 2008 5292; baseline -0.009 -17"><span class='ocrx_word' id='word_1_749' title='bbox 419 5216 697 5292; x_wconf 81' lang='lat' dir='ltr'>cognovit.</span> <span class='ocrx_word' id='word_1_750' title='bbox 726 5213 973 5284; x_wconf 90' lang='lat' dir='ltr'>Denique</span> <span class='ocrx_word' id='word_1_751' title='bbox 1002 5228 1062 5268; x_wconf 91' lang='lat' dir='ltr'>os</span> <span class='ocrx_word' id='word_1_752' title='bbox 1093 5211 1214 5281; x_wconf 86' lang='lat' dir='ltr'>ejus</span> <span class='ocrx_word' id='word_1_753' title='bbox 1244 5226 1352 5266; x_wconf 89' lang='lat' dir='ltr'>non</span> <span class='ocrx_word' id='word_1_754' title='bbox 1378 5210 1716 5276; x_wconf 83' lang='lat' dir='ltr'>observaret,</span> <span class='ocrx_word' id='word_1_755' title='bbox 1772 5207 1869 5262; x_wconf 89' lang='lat' dir='ltr'>sed</span> <span class='ocrx_word' id='word_1_756' title='bbox 1922 5214 2008 5261; x_wconf 83' lang='lat' dir='ltr'>at-</span> 
     </span>
    </p>
   </div>
   <div class='ocr_carea' id='block_1_102' title="bbox 417 5296 2009 5374">
    <p class='ocr_par' dir='ltr' id='par_1_102' title="bbox 417 5296 2009 5374">
     <span class='ocr_line' id='line_1_103' title="bbox 417 5296 2009 5374; baseline -0.005 -14"><span class='ocrx_word' id='word_1_757' title='bbox 417 5308 688 5374; x_wconf 84' lang='lat' dir='ltr'>tenderet,</span> <span class='ocrx_word' id='word_1_758' title='bbox 720 5303 766 5358; x_wconf 93' lang='lat' dir='ltr'>si</span> <span class='ocrx_word' id='word_1_759' title='bbox 783 5300 1223 5374; x_wconf 87' lang='lat' dir='ltr'>praedicationem</span> <span class='ocrx_word' id='word_1_760' title='bbox 1245 5297 1373 5354; x_wconf 81' lang='lat' dir='ltr'>fidei</span> <span class='ocrx_word' id='word_1_761' title='bbox 1390 5307 1589 5354; x_wconf 80' lang='lat' dir='ltr'>nostra</span> <span class='ocrx_word' id='word_1_762' title='bbox 1604 5298 1674 5354; x_wconf 91' lang='lat' dir='ltr'>ad</span> <span class='ocrx_word' id='word_1_763' title='bbox 1694 5296 1881 5353; x_wconf 89' lang='lat' dir='ltr'>salutis</span> <span class='ocrx_word' id='word_1_764' title='bbox 1896 5311 2009 5352; x_wconf 91' lang='lat' dir='ltr'>sua</span> 
     </span>
    </p>
   </div>
   <div class='ocr_carea' id='block_1_103' title="bbox 415 5386 1510 5459">
    <p class='ocr_par' dir='ltr' id='par_1_103' title="bbox 415 5386 1510 5459">
     <span class='ocr_line' id='line_1_104' title="bbox 415 5386 1510 5459; baseline -0.003 -11"><span class='ocrx_word' id='word_1_765' title='bbox 415 5394 652 5449; x_wconf 82' lang='lat' dir='ltr'>fructum</span> <span class='ocrx_word' id='word_1_766' title='bbox 680 5391 872 5447; x_wconf 88' lang='lat' dir='ltr'>audire</span> <span class='ocrx_word' id='word_1_767' title='bbox 901 5389 1181 5448; x_wconf 90' lang='lat' dir='ltr'>voluisset.</span> <span class='ocrx_word' id='word_1_768' title='bbox 1212 5386 1466 5459; x_wconf 87' lang='lat' dir='ltr'>Sequitur</span> <span class='ocrx_word' id='word_1_769' title='bbox 1496 5406 1510 5445; x_wconf 87' lang='lat'><strong>:</strong></span> 
     </span>
    </p>
   </div>
   <div class='ocr_carea' id='block_1_104' title="bbox 488 5592 2006 5667">
    <p class='ocr_par' dir='ltr' id='par_1_104' title="bbox 488 5592 2006 5667">
     <span class='ocr_line' id='line_1_105' title="bbox 488 5592 2006 5667; baseline -0.005 -14"><span class='ocrx_word' id='word_1_770' title='bbox 488 5598 565 5667; x_wconf 90' lang='lat' dir='ltr'>(a)</span> <span class='ocrx_word' id='word_1_771' title='bbox 578 5596 637 5651; x_wconf 88' lang='lat' dir='ltr'>In</span> <span class='ocrx_word' id='word_1_772' title='bbox 655 5594 841 5661; x_wconf 86' lang='lat' dir='ltr'>Editis,</span> <span class='ocrx_word' id='word_1_773' title='bbox 872 5593 1170 5667; x_wconf 77' lang='lat' dir='ltr'>Iudaicum</span> <span class='ocrx_word' id='word_1_774' title='bbox 1186 5593 1571 5667; x_wconf 71' lang='lat' dir='ltr'>sacerdotium</span> <span class='ocrx_word' id='word_1_775' title='bbox 1602 5605 1771 5667; x_wconf 79' lang='lat' dir='ltr'>Opera</span> <span class='ocrx_word' id='word_1_776' title='bbox 1788 5592 2006 5667; x_wconf 44' lang='lat' dir='ltr'>apostoj</span> 
     </span>
    </p>
   </div>
   <div class='ocr_carea' id='block_1_105' title="bbox 420 5662 2006 5737">
    <p class='ocr_par' dir='ltr' id='par_1_105' title="bbox 420 5662 2006 5737">
     <span class='ocr_line' id='line_1_106' title="bbox 420 5662 2006 5737; baseline -0.007 -10"><span class='ocrx_word' id='word_1_777' title='bbox 420 5662 601 5727; x_wconf 72' lang='lat' dir='ltr'>lorum</span> <span class='ocrx_word' id='word_1_778' title='bbox 623 5669 870 5724; x_wconf 77' lang='lat' dir='ltr'>miratu:</span> <span class='ocrx_word' id='word_1_779' title='bbox 891 5669 1003 5733; x_wconf 81' lang='lat' dir='ltr'>est,</span> <span class='ocrx_word' id='word_1_780' title='bbox 1028 5665 1122 5723; x_wconf 69' lang='lat' dir='ltr'>sed</span> <span class='ocrx_word' id='word_1_781' title='bbox 1150 5679 1345 5723; x_wconf 82' lang='lat' dir='ltr'>eorum</span> <span class='ocrx_word' id='word_1_782' title='bbox 1362 5662 1766 5737; x_wconf 56' lang='lat' dir='ltr'>praedicatione</span> <span class='ocrx_word' id='word_1_783' title='bbox 1788 5676 1903 5718; x_wconf 81' lang='lat' dir='ltr'>non</span> <span class='ocrx_word' id='word_1_784' title='bbox 1921 5664 2006 5717; x_wconf 80' lang='lat' dir='ltr'>est</span> 
     </span>
    </p>
   </div>
   <div class='ocr_carea' id='block_1_106' title="bbox 2121 4678 3717 4754">
    <p class='ocr_par' dir='ltr' id='par_1_106' title="bbox 2121 4678 3717 4754">
     <span class='ocr_line' id='line_1_107' title="bbox 2121 4678 3717 4754; baseline 0.001 -19"><span class='ocrx_word' id='word_1_785' title='bbox 2121 4681 2395 4750; x_wconf 80' lang='lat' dir='ltr'>ignaram</span> <span class='ocrx_word' id='word_1_786' title='bbox 2413 4680 2527 4750; x_wconf 82' lang='lat' dir='ltr'>feci</span> <span class='ocrx_word' id='word_1_787' title='bbox 2557 4678 2605 4750; x_wconf 89' lang='grc' dir='ltr'><strong>(ι</strong></span> <span class='ocrx_word' id='word_1_788' title='bbox 2636 4680 2772 4734; x_wconf 82' lang='lat' dir='ltr'>Tim.</span> <span class='ocrx_word' id='word_1_789' title='bbox 2802 4695 2845 4745; x_wconf 92' lang='grc' dir='ltr'>ι,</span> <span class='ocrx_word' id='word_1_790' title='bbox 2877 4679 2987 4749; x_wconf 80' lang='grc'><strong>13).</strong></span> <span class='ocrx_word' id='word_1_791' title='bbox 3031 4678 3191 4734; x_wconf 87' lang='lat' dir='ltr'>Aliud</span> <span class='ocrx_word' id='word_1_792' title='bbox 3212 4694 3309 4735; x_wconf 85' lang='lat' dir='ltr'>cor</span> <span class='ocrx_word' id='word_1_793' title='bbox 3328 4695 3389 4735; x_wconf 89' lang='lat' dir='ltr'>se</span> <span class='ocrx_word' id='word_1_794' title='bbox 3430 4683 3717 4754; x_wconf 88' lang='lat' dir='ltr'>accepisse</span> 
     </span>
    </p>
   </div>
   <div class='ocr_carea' id='block_1_107' title="bbox 2123 4766 3719 4837">
    <p class='ocr_par' dir='ltr' id='par_1_107' title="bbox 2123 4766 3719 4837">
     <span class='ocr_line' id='line_1_108' title="bbox 2123 4766 3719 4837; baseline 0.003 -14"><span class='ocrx_word' id='word_1_795' title='bbox 2123 4766 2438 4837; x_wconf 88' lang='lat' dir='ltr'>testiﬁcans,</span> <span class='ocrx_word' id='word_1_796' title='bbox 2470 4767 2576 4823; x_wconf 91' lang='lat' dir='ltr'>ait:</span> <span class='ocrx_word' id='word_1_797' title='bbox 2610 4768 2717 4824; x_wconf 81' lang='lat' dir='ltr'>Nos</span> <span class='ocrx_word' id='word_1_798' title='bbox 2747 4771 3181 4824; x_wconf 82' lang='lat' dir='ltr'>autemsemum</span> <span class='ocrx_word' id='word_1_799' title='bbox 3206 4766 3420 4826; x_wconf 81' lang='lat' dir='ltr'>Christi</span> <span class='ocrx_word' id='word_1_800' title='bbox 3449 4769 3719 4828; x_wconf 80' lang='lat' dir='ltr'>habemus</span> 
     </span>
    </p>
   </div>
   <div class='ocr_carea' id='block_1_108' title="bbox 2120 4855 3716 4930">
    <p class='ocr_par' dir='ltr' id='par_1_108' title="bbox 2120 4855 3716 4930">
     <span class='ocr_line' id='line_1_109' title="bbox 2120 4855 3716 4930; baseline 0.001 -18"><span class='ocrx_word' id='word_1_801' title='bbox 2120 4856 2173 4927; x_wconf 83' lang='grc' dir='ltr'>(Ι</span> <span class='ocrx_word' id='word_1_802' title='bbox 2202 4858 2323 4914; x_wconf 84' lang='lat' dir='ltr'>Cor.</span> <span class='ocrx_word' id='word_1_803' title='bbox 2356 4871 2414 4922; x_wconf 88' lang='grc' dir='ltr'>ιι,</span> <span class='ocrx_word' id='word_1_804' title='bbox 2448 4856 2558 4925; x_wconf 75' lang='grc'><strong>16).</strong></span> <span class='ocrx_word' id='word_1_805' title='bbox 2593 4855 2747 4912; x_wconf 88' lang='lat' dir='ltr'>Unde</span> <span class='ocrx_word' id='word_1_806' title='bbox 2777 4863 2828 4911; x_wconf 92' lang='lat' dir='ltr'>et</span> <span class='ocrx_word' id='word_1_807' title='bbox 2854 4862 2998 4912; x_wconf 90' lang='lat' dir='ltr'>tanto</span> <span class='ocrx_word' id='word_1_808' title='bbox 3054 4857 3310 4913; x_wconf 86' lang='lat' dir='ltr'>attentius</span> <span class='ocrx_word' id='word_1_809' title='bbox 3360 4859 3716 4930; x_wconf 78' lang='lat' dir='ltr'>praedicabat,</span> 
     </span>
    </p>
   </div>
   <div class='ocr_carea' id='block_1_109' title="bbox 2122 4943 3716 5014">
    <p class='ocr_par' dir='ltr' id='par_1_109' title="bbox 2122 4943 3716 5014">
     <span class='ocr_line' id='line_1_110' title="bbox 2122 4943 3716 5014; baseline 0.003 -15"><span class='ocrx_word' id='word_1_810' title='bbox 2122 4952 2323 5014; x_wconf 89' lang='lat' dir='ltr'>quanto</span> <span class='ocrx_word' id='word_1_811' title='bbox 2346 4944 2401 5000; x_wconf 89' lang='lat' dir='ltr'>in</span> <span class='ocrx_word' id='word_1_812' title='bbox 2431 4960 2596 5000; x_wconf 86' lang='lat' dir='ltr'>sensu</span> <span class='ocrx_word' id='word_1_813' title='bbox 2642 4943 2844 5000; x_wconf 82' lang='lat' dir='ltr'>Christi</span> <span class='ocrx_word' id='word_1_814' title='bbox 2863 4944 2972 4999; x_wconf 89' lang='lat' dir='ltr'>vim</span> <span class='ocrx_word' id='word_1_815' title='bbox 3000 4946 3225 5014; x_wconf 84' lang='lat' dir='ltr'>majoris</span> <span class='ocrx_word' id='word_1_816' title='bbox 3281 4946 3589 5004; x_wconf 89' lang='lat' dir='ltr'>dilectionis</span> <span class='ocrx_word' id='word_1_817' title='bbox 3610 4964 3716 5004; x_wconf 88' lang='lat' dir='ltr'>ac-</span> 
     </span>
    </p>
   </div>
   <div class='ocr_carea' id='block_1_110' title="bbox 2119 5033 3715 5105">
    <p class='ocr_par' dir='ltr' id='par_1_110' title="bbox 2119 5033 3715 5105">
     <span class='ocr_line' id='line_1_111' title="bbox 2119 5033 3715 5105; baseline 0.001 -15"><span class='ocrx_word' id='word_1_818' title='bbox 2119 5041 2359 5105; x_wconf 87' lang='lat' dir='ltr'>ceperat.</span> <span class='ocrx_word' id='word_1_819' title='bbox 2398 5034 2501 5103; x_wconf 78' lang='grc'>19</span> <span class='ocrx_word' id='word_1_820' title='bbox 2535 5033 2643 5089; x_wconf 91' lang='lat' dir='ltr'>Sed</span> <span class='ocrx_word' id='word_1_821' title='bbox 2669 5033 2800 5089; x_wconf 91' lang='lat' dir='ltr'>dum</span> <span class='ocrx_word' id='word_1_822' title='bbox 2826 5033 3077 5091; x_wconf 87' lang='lat' dir='ltr'>ardenter</span> <span class='ocrx_word' id='word_1_823' title='bbox 3099 5042 3288 5091; x_wconf 86' lang='lat' dir='ltr'>sancta</span> <span class='ocrx_word' id='word_1_824' title='bbox 3314 5035 3566 5093; x_wconf 87' lang='lat' dir='ltr'>Ecclesia</span> <span class='ocrx_word' id='word_1_825' title='bbox 3589 5036 3715 5092; x_wconf 89' lang='lat' dir='ltr'>dili-</span> 
     </span>
    </p>
   </div>
   <div class='ocr_carea' id='block_1_111' title="bbox 2117 5120 3709 5196">
    <p class='ocr_par' dir='ltr' id='par_1_111' title="bbox 2117 5120 3709 5196">
     <span class='ocr_line' id='line_1_112' title="bbox 2117 5120 3709 5196; baseline 0.002 -18"><span class='ocrx_word' id='word_1_826' title='bbox 2117 5130 2293 5194; x_wconf 80' lang='lat' dir='ltr'>geret,</span> <span class='ocrx_word' id='word_1_827' title='bbox 2316 5122 2444 5177; x_wconf 91' lang='lat' dir='ltr'>dum</span> <span class='ocrx_word' id='word_1_828' title='bbox 2473 5120 2787 5177; x_wconf 85' lang='lat' dir='ltr'>ﬁducialiter</span> <span class='ocrx_word' id='word_1_829' title='bbox 2814 5137 2876 5177; x_wconf 90' lang='lat' dir='ltr'>ea</span> <span class='ocrx_word' id='word_1_830' title='bbox 2907 5139 3027 5194; x_wconf 84' lang='lat' dir='ltr'>qua</span> <span class='ocrx_word' id='word_1_831' title='bbox 3054 5122 3318 5196; x_wconf 79' lang='lat' dir='ltr'>diligebat</span> <span class='ocrx_word' id='word_1_832' title='bbox 3353 5124 3709 5194; x_wconf 73' lang='lat' dir='ltr'>praedicaret,</span> 
     </span>
    </p>
   </div>
   <div class='ocr_carea' id='block_1_112' title="bbox 2114 5210 3712 5287">
    <p class='ocr_par' dir='ltr' id='par_1_112' title="bbox 2114 5210 3712 5287">
     <span class='ocr_line' id='line_1_113' title="bbox 2114 5210 3712 5287; baseline 0.003 -20"><span class='ocrx_word' id='word_1_833' title='bbox 2114 5211 2431 5267; x_wconf 75' lang='lat' dir='ltr'>Iudaeorum</span> <span class='ocrx_word' id='word_1_834' title='bbox 2462 5210 2827 5267; x_wconf 88' lang='lat' dir='ltr'>sacerdotium</span> <span class='ocrx_word' id='word_1_835' title='bbox 2857 5211 2978 5280; x_wconf 86' lang='lat' dir='ltr'>ejus</span> <span class='ocrx_word' id='word_1_836' title='bbox 3009 5212 3178 5269; x_wconf 88' lang='lat' dir='ltr'>verba</span> <span class='ocrx_word' id='word_1_837' title='bbox 3208 5212 3264 5268; x_wconf 88' lang='lat' dir='ltr'>in</span> <span class='ocrx_word' id='word_1_838' title='bbox 3314 5228 3481 5270; x_wconf 86' lang='lat' dir='ltr'>onere</span> <span class='ocrx_word' id='word_1_839' title='bbox 3536 5215 3712 5287; x_wconf 87' lang='lat' dir='ltr'>impa-</span> 
     </span>
    </p>
   </div>
   <div class='ocr_carea' id='block_1_113' title="bbox 2118 5298 3713 5373">
    <p class='ocr_par' dir='ltr' id='par_1_113' title="bbox 2118 5298 3713 5373">
     <span class='ocr_line' id='line_1_114' title="bbox 2118 5298 3713 5373; baseline 0.004 -19"><span class='ocrx_word' id='word_1_840' title='bbox 2118 5298 2338 5366; x_wconf 86' lang='lat' dir='ltr'>tientia,</span> <span class='ocrx_word' id='word_1_841' title='bbox 2397 5314 2506 5354; x_wconf 88' lang='lat' dir='ltr'>non</span> <span class='ocrx_word' id='word_1_842' title='bbox 2539 5298 2592 5353; x_wconf 92' lang='lat' dir='ltr'>in</span> <span class='ocrx_word' id='word_1_843' title='bbox 2614 5298 2880 5356; x_wconf 88' lang='lat' dir='ltr'>suavitate</span> <span class='ocrx_word' id='word_1_844' title='bbox 2909 5298 3231 5370; x_wconf 88' lang='lat' dir='ltr'>devotionis,</span> <span class='ocrx_word' id='word_1_845' title='bbox 3262 5301 3469 5358; x_wconf 86' lang='lat' dir='ltr'>habuit.</span> <span class='ocrx_word' id='word_1_846' title='bbox 3529 5302 3713 5373; x_wconf 85' lang='lat' dir='ltr'>Quare</span> 
     </span>
    </p>
   </div>
   <div class='ocr_carea' id='block_1_114' title="bbox 2117 5387 2475 5459">
    <p class='ocr_par' dir='ltr' id='par_1_114' title="bbox 2117 5387 2475 5459">
     <span class='ocr_line' id='line_1_115' title="bbox 2117 5387 2475 5459; baseline -0.006 -15"><span class='ocrx_word' id='word_1_847' title='bbox 2117 5395 2170 5444; x_wconf 89' lang='lat' dir='ltr'>et</span> <span class='ocrx_word' id='word_1_848' title='bbox 2198 5387 2475 5459; x_wconf 89' lang='lat' dir='ltr'>sequitur:</span> 
     </span>
    </p>
   </div>
   <div class='ocr_carea' id='block_1_115' title="bbox 2110 5587 3501 5667">
    <p class='ocr_par' dir='ltr' id='par_1_115' title="bbox 2110 5587 3501 5667">
     <span class='ocr_line' id='line_1_116' title="bbox 2110 5587 3501 5667; baseline 0.004 -19"><span class='ocrx_word' id='word_1_849' title='bbox 2110 5592 2425 5663; x_wconf 79' lang='lat' dir='ltr'>promotus,</span> <span class='ocrx_word' id='word_1_850' title='bbox 2458 5595 2598 5661; x_wconf 90' lang='lat' dir='ltr'>etc.,</span> <span class='ocrx_word' id='word_1_851' title='bbox 2628 5587 2776 5663; x_wconf 89' lang='lat' dir='ltr'>quod</span> <span class='ocrx_word' id='word_1_852' title='bbox 2803 5592 3039 5651; x_wconf 81' lang='lat' dir='ltr'>retinere</span> <span class='ocrx_word' id='word_1_853' title='bbox 3065 5607 3175 5652; x_wconf 87' lang='lat' dir='ltr'>non</span> <span class='ocrx_word' id='word_1_854' title='bbox 3202 5593 3501 5667; x_wconf 87' lang='lat' dir='ltr'>potuimus.</span> 
     </span>
    </p>
   </div>
  </div>
