4062 6182
362 364 436 428 37
1225 360 1299 427 ΙΝ
1344 358 1614 427 PRIMUM
1670 368 1917 427 REGUM
1960 362 2493 425 EXPOSITIONES.
2524 398 2593 411 —
2622 356 2750 425 LIB.
2780 368 2822 427 ῐ.
3606 364 3676 435 39

436 499 620 569 (Vera.
659 497 767 568 14.)
798 496 1040 570 Dixique
1070 497 1121 553 ei
1145 516 1162 548 .·
1185 497 1466 569 Usquequo
1488 495 1648 553 ebria
1672 496 1783 552 eris
1815 493 1843 548 .9

437 591 509 644 Et
538 587 673 660 quia
702 588 751 643 ei
782 587 1057 642 silentium
1082 587 1321 642 indicere
1342 584 1851 656 tentavit,adjunxit
1880 603 1892 639 :

436 678 621 749 (Vera.
658 676 768 747 14.)
786 678 982 746 Digere
1010 676 1305 749 paulisper
1324 675 1539 740 vinum,
1559 691 1664 748 quo
1685 675 1895 730 madas.

435 772 536 821 ‘29.
578 766 776 819 Vinum
809 780 914 834 quo
945 764 1195 819 madebat
1228 764 1388 817 Anna
1418 764 1715 835 digereret,
1741 764 1833 817 sia
1855 762 1971 818 fer-

359 870 497 909 vore
537 851 957 924 praedicationis
987 860 1170 906 sancta
1201 851 1443 905 Ecclesia
1472 850 1779 907 Judaeorum
1815 850 1975 904 minis

360 943 514 999 victa
550 942 837 1013 tepuisset.
878 941 940 994 Et
974 940 1102 1010 quia
1136 940 1274 995 ultro
1309 939 1714 1009 pranlicationis
1755 955 1974 994 sensum

364 1033 421 1087 ei
447 1030 770 1085 subtrahere
800 1029 1132 1092 nitebantur,
1168 1029 1352 1083 vinum
1383 1030 1540 1083 Anna
1570 1028 1843 1098 paulisper
1896 1026 1974 1082 di-

364 1118 930 1191 gererejubetur.An
962 1135 1068 1173 non
1102 1117 1352 1190 digerere
1410 1120 1618 1171 Annam
1678 1118 1795 1172 Heli
1851 1124 1977 1172 tunc

367 1209 557 1279 jussit,
581 1224 704 1263 cum
720 1207 1025 1262 Judreorum
1056 1207 1329 1279 principes
1352 1206 1508 1261 carsis
1555 1206 1816 1277 apostolis
1874 1206 1975 1260 de—

378 1297 785 1359 nuntiaverunt,
827 1296 1067 1350 dicentes
1096 1313 1163 1351 ne
1194 1295 1329 1349 ultra
1379 1294 1737 1364 loquerentur
1789 1296 1845 1349 in
1884 1312 1977 1350 no-

369 1387 522 1443 mine
552 1386 679 1440 Jesu
711 1385 740 1440 ?
760 1386 837 1454 (a)
857 1386 960 1441 Sed
983 1386 1113 1457 quia
1142 1385 1277 1441 illud
1308 1400 1415 1454 quo
1434 1383 1980 1458 madebantdigerere

372 1477 559 1532 vinum
588 1474 892 1542 noluerunt,
928 1474 1339 1545 respondentes,
1376 1476 1629 1531 dixerunt
1674 1492 1687 1528 :
1752 1476 1982 1531 Obedire

2000 496 2055 556 A
2082 493 2296 564 perdita
2321 493 2563 565 paradisi
2594 495 2796 567 gaudia
2846 496 2963 550 sine
3018 497 3273 568 praesenti
3329 499 3674 560 tribulatione

2076 583 2276 639 reverti
2307 582 2597 655 potuisset.
2631 583 2768 639 Hinc
2796 600 3032 654 namque
3060 586 3271 655 Paulus,
3306 588 3487 646 nimia:
3515 591 3675 662 hujus

2077 671 2409 727 infelicitatis
2439 687 2741 727 arumnam
2770 671 3134 729 inevitabilem
3164 677 3474 746 ostendens,
3506 681 3673 740 dicit:

2078 762 2186 816 Per
2206 761 2422 815 multas
2456 760 2849 817 tribulatione:
2869 766 3085 833 oportet
3107 748 3211 816 20
3244 782 3344 822 nos
3363 768 3675 827 introirein

2080 864 2318 920 regnum
2351 851 2448 905 Dei
2467 848 2625 917 (Act.
2661 850 2910 920 xxv,2l).
2932 855 3014 906 Ac
3045 851 3088 905 si
3104 867 3233 924 erga
3258 853 3676 916 detrahentisibi

2081 938 2312 993 Judaico
2341 937 2648 993 sacerdotio
2678 946 2867 993 sancta
2898 940 3142 995 Ecclesia
3155 944 3493 1011 respondens
3513 946 3676 1004 dicat:

2082 1027 2160 1080 Tu
2192 1026 2323 1079 mihi
2354 1042 2585 1098 regnum
2605 1027 2908 1082 ascribisin
2945 1028 3200 1084 felicitate
3233 1034 3516 1102 temporis,
3577 1039 3679 1093 sed

2083 1130 2265 1170 meum
2297 1114 2435 1169 illud
2468 1122 2546 1169 est
2576 1115 2645 1171 ad
2676 1116 2821 1186 quod
2852 1132 2961 1172 non
2995 1118 3327 1190 pertingitur
3352 1121 3458 1177 nisi
3490 1139 3558 1179 ex
3591 1125 3679 1181 af-

2084 1202 2325 1257 ﬂictione
2358 1202 2537 1257 multae
2559 1203 2940 1270 tribulationis,
2970 1206 3211 1278 sequitur
3252 1224 3263 1261 :

2160 1291 2333 1360 (Vers.
2368 1290 2483 1359 15.)
2525 1294 2720 1349 Vinum
2751 1297 2807 1349 et
2835 1308 3000 1351 omne
3029 1297 3170 1368 quod
3192 1298 3472 1357 inebriare
3495 1306 3683 1374 potest

2087 1394 2202 1435 non
2233 1380 2333 1435 ibi.

2160 1470 2252 1523 3‘2.
2294 1469 2488 1525 Vinum
2517 1485 2755 1544 namque
2780 1487 2886 1528 non
2922 1472 3078 1543 bibit,
3111 1475 3237 1547 quia
3280 1477 3351 1534 de
3403 1482 3679 1548 praedica-

371 1568 595 1636 Oportet
624 1566 807 1634 magis
837 1564 945 1619 Deo
982 1581 1151 1636 quam
1172 1562 1867 1635 hominibus(Act.v,29).
1914 1565 1987 1629 Ει
2088 1556 2253 1612 tionis
2302 1557 2480 1615 officio
2536 1562 2858 1632 temporalio
2916 1563 3067 1619 lucra
3122 1580 3229 1620 non
3289 1569 3461 1638 petiit.
3522 1572 3684 1629 Aliud

371 1654 578 1707 iterum
604 1670 617 1706 :
642 1654 758 1709 Non
787 1670 1083 1724 possumus
1106 1670 1229 1724 qua:
1267 1654 1508 1708 vidimus
1552 1657 1606 1707 et
1662 1653 1982 1709 audivimus

368 1759 489 1799 non
517 1744 668 1815 loqui
699 1742 880 1810 (Ibid.,
907 1757 987 1805 tv,
1009 1745 1123 1810 20).
1182 1741 1288 1796 Sed
1341 1742 1468 1812 quia
1499 1750 1689 1797 sancta
1722 1740 1976 1797 Ecclesia

2091 1646 2237 1717 quod
2267 1647 2538 1704 inebriare
2571 1658 2748 1720 potest
2777 1667 2885 1707 non
2932 1651 3088 1723 bibit,
3141 1671 3302 1725 quam
3358 1657 3413 1711 in
3468 1660 3681 1730 lapsum

2089 1736 2345 1791 vitiorum
2376 1737 2552 1793 carnis
2582 1739 3020 1810 concupiscentia
3078 1758 3187 1797 non
3246 1747 3454 1802 evertit.
3515 1750 3684 1806 Juxta

370 1832 519 1887 inter
550 1831 719 1887 verba
744 1830 1013 1886 libertatis
1054 1832 1305 1886 virtutem
1337 1831 1775 1886 mansuetudinis
1794 1840 1978 1887 custo-
2010 1858 2062 1918 Β
2092 1825 2433 1894 superiorem
2470 1843 2595 1883 vero
2623 1830 2946 1883 sententiam
2980 1830 3164 1886 vinum
3191 1848 3301 1887 non
3347 1833 3501 1904 bibit,
3562 1855 3685 1909 quae

363 1919 528 1988 divit,
560 1919 835 1990 sequitur:

440 2009 628 2078 (Vers.
664 2010 774 2075 15.)
796 2007 1181 2080 Nequaquam,
1215 2007 1448 2064 Domine
1478 2010 1577 2064 mi.

446 2099 536 2150 30.
596 2095 889 2150 Dominum
946 2111 1182 2165 namque
1242 2096 1470 2164 vocavit,
1551 2095 1637 2152 cui
1722 2095 1970 2152 ministe-

372 2184 520 2239 rium
552 2184 956 2256 prazdicationis
985 2184 1250 2251 exhibuit,
1282 2185 1376 2238 sed
1409 2184 1699 2240 Dominum
1748 2200 1971 2254 vocans,

370 2274 589 2329 ebriam
618 2290 675 2329 se
707 2289 824 2328 esse
845 2273 1083 2344 abnegat
1108 2290 1120 2335 ;
1152 2282 1205 2327 ut
1237 2274 1507 2343 superiori
1537 2273 1712 2328 ordini
1742 2290 1807 2329 ex
1868 2275 1973 2328 hu-

367 2363 604 2418 militate
633 2378 692 2417 se
715 2361 995 2430 subderet,
1022 2368 1076 2416 et
1106 2359 1252 2417 falsa:
1281 2361 1579 2431 objectioni
1622 2379 1690 2416 ex
1746 2361 1973 2418 veritate

366 2451 688 2506 contrairet.
724 2449 1015 2505 Dominum
1046 2465 1283 2520 namque
1333 2465 1455 2504 eum
1517 2465 1742 2515 vocans,
1799 2450 1972 2505 hono-

375 2537 558 2602 tavit;
594 2547 647 2594 et
673 2538 879 2593 ebriam
910 2553 971 2593 se
1002 2553 1124 2593 esse
1155 2538 1459 2609 abnegans,
1500 2538 1644 2610 quod
1695 2554 1803 2593 non
1853 2543 1973 2593 erat

365 2629 501 2681 satis
555 2627 834 2683 humiliter
889 2626 1151 2681 ostendit.
1217 2626 1395 2681 Potest
1458 2635 1636 2681 autem
1695 2627 1972 2683 ebrietatis

363 2716 608 2783 objectio
638 2732 773 2788 erga
801 2724 1042 2771 sanctam
1074 2713 1371 2771 Ecclesium
1403 2715 1556 2770 aliter
1583 2716 1780 2787 accipi.
1827 2717 1969 2771 Nam

362 2802 501 2857 dum
532 2804 835 2859 ministerio
864 2803 1200 2875 evangelica:
1235 2804 1635 2876 przedicationis
1677 2804 1965 2871 insisteret,

362 2891 500 2945 dum
527 2908 593 2947 ex
622 2891 776 2948 lucro
802 2892 1157 2959 credentium,
1215 2891 1270 2946 in
1328 2908 1585 2965 magnam
1646 2893 1967 2964 populorum

360 2980 606 3052 gloriam
666 2982 893 3045 veniret,
955 2997 1073 3035 eam
1135 2981 1446 3037 sacerdotes
1491 2982 1801 3038 Iudaeorum
1860 2998 1970 3038 non

360 3068 634 3139 putabant
664 3078 990 3125 aeternorum
1021 3068 1290 3125 bonorum
1321 3069 1539 3125 culmen
1570 3076 1850 3141 appetere,
1871 3070 1969 3126 sed

360 3165 608 3213 terrenae
629 3156 973 3212 sublimitatis
999 3156 1230 3228 gloriam
1254 3157 1597 3213 desiderare.
1632 3160 1771 3213 Dum
1831 3174 1969 3232 ergo

360 3244 520 3300 ebria
590 3255 838 3315 vocatur,
914 3262 1107 3301 everso
1193 3256 1334 3301 statu
1416 3248 1638 3313 mentis,
1721 3247 1969 3303 caelestia

364 3341 707 3405 postponere
728 3344 781 3390 et
811 3342 1064 3407 appetere
1099 3343 1317 3391 terrena
1334 3336 1774 3406 reprehenditur.

433 3423 496 3475 3t
518 3463 532 3476 .
562 3422 673 3478 Sed
689 3439 810 3496 quae
828 3410 1067 3479 labentia
1083 3424 1220 3479 bona
1237 3424 1421 3479 steculi
1440 3426 1510 3495 (b)
1534 3424 1808 3494 despexit,
1828 3424 1982 3490 dicit:

361 3510 760 3583 Nequaquam,
790 3514 1028 3569 Domine
1050 3516 1151 3568 mi.
1172 3513 1327 3568 Nam
1356 3515 1567 3569 mulier
1582 3513 1795 3585 infelix
1807 3516 1981 3571 nimis

367 3614 471 3670 ego
501 3616 650 3655 sum.
670 3599 840 3661 Quasi
870 3601 1016 3656 dicat
1047 3619 1062 3656 :
1097 3602 1176 3655 Tu
1196 3617 1285 3656 me
1325 3602 1561 3657 labentis
1612 3603 1797 3657 mundi
1846 3602 1978 3659 feli-

363 3688 595 3744 citatem
625 3696 883 3760 appetere
913 3688 1146 3762 cogitas,
1196 3690 1289 3745 sed
1358 3706 1462 3763 ego
1510 3696 1661 3747 tanto
1716 3691 1979 3748 infelicio-

362 3793 488 3831 rem
518 3792 609 3831 me
638 3776 819 3845 video,
854 3786 1059 3850 quanto
1092 3778 1368 3834 felicitatis
1406 3795 1541 3835 meae
1597 3780 1796 3852 gaudia
1849 3781 1976 3836 hinc

361 3865 601 3937 longius
622 3881 982 3938 recOgnosco.
1017 3866 1157 3935 Quia
1187 3883 1319 3923 vero
1350 3868 1459 3925 illic
1488 3885 1575 3924 me
1605 3868 1841 3925 futuram
1889 3869 1973 3926 fe-

351 3954 531 4009 licem
563 3954 751 4023 credo,
777 3954 865 4010 hic
894 3972 959 4011 eo
1014 3956 1180 4012 valde
1235 3973 1325 4013 me
1382 3957 1658 4013 infelicem
1711 3959 1968 4036 arbitror,

357 4058 474 4113 quo
504 4042 575 4097 ad
606 4044 839 4114 gloriam
870 4044 1073 4099 nullam
1097 4046 1450 4117 concupisco.
1507 4045 1703 4102 Mulier
1766 4047 1970 4120 quippe

357 4139 561 4187 sancta
621 4132 868 4187 Ecclesia
904 4133 1103 4189 dicitur
1165 4149 1264 4203 pro
1348 4134 1695 4201 fecunditate,
1783 4135 1968 4192 infelix

350 4220 653 4291 nimispro
682 4221 1021 4290 fortitudine,
1054 4222 1179 4293 quia
1236 4231 1291 4279 et
1346 4223 1538 4279 orbem
1596 4224 1766 4279 verbo
1815 4224 1967 4296 pari-

356 4319 487 4362 tura
519 4318 663 4375 erat,
693 4316 747 4363 et
773 4310 923 4364 orbis
953 4310 1189 4382 gloriam
1219 4327 1332 4366 non
1360 4320 1545 4382 posset
1572 4312 1815 4384 perfecte
1843 4313 1966 4368 des-

352 4398 573 4469 picere,
600 4398 644 4451 si
674 4412 782 4453 nOn
806 4413 926 4452 eam
956 4415 1226 4468 supernus
1250 4415 1407 4455 amor
1452 4401 1591 4456 mira
1647 4401 1961 4457 fortitudine

353 4485 650 4540 roboraret
674 4504 688 4550 ;
724 4486 810 4541 vel
839 4486 999 4541 nimis
1030 4487 1223 4542 infelix
1252 4488 1373 4555 fuit,
1404 4488 1532 4561 quia
1561 4489 1629 4543 de
1651 4489 1958 4559 perditione

1999 3211 2049 3274 Ο

2083 1911 2286 1982 aliquid
2317 1914 2601 1982 pravitatis
2630 1916 2898 1972 hzereticae
2929 1932 3035 1972 non
3067 1919 3254 1975 habuit
3284 1920 3337 1975 in
3358 1921 3677 1983 refectione.

2079 1999 2240 2054 Aliud
2268 2002 2411 2070 quod
2440 2002 2713 2059 inebriare
2743 2013 2915 2075 potest
2947 2006 3176 2077 biberet,
3210 2009 3256 2063 si
3286 2011 3356 2065 de
3385 2011 3531 2068 verbi
3591 2014 3683 2070 fa-

2080 2089 2276 2143 cundia
2307 2090 2535 2160 decepta
2591 2094 2893 2148 tumuisset.
2946 2093 3085 2163 Quia
3138 2113 3270 2153 vero
3328 2110 3476 2156 recta
3510 2102 3685 2161 inten-

2082 2175 2231 2231 tione
2259 2193 2393 2233 vera
2421 2178 2623 2247 docuit,
2654 2180 2913 2247 subdens,
2948 2182 3018 2236 ait
3044 2202 3057 2238 :

2156 2266 2334 2335 (Vers.
2371 2266 2601 2333 15.)Sed
2630 2269 2806 2341 e/Iudi
2834 2272 3088 2326 animam
3102 2289 3288 2331 meam
3302 2277 3359 2333 in
3380 2286 3685 2353 conspecta

2080 2354 2335 2410 Domini.

2155 2447 2239 2497 33.
2272 2443 2330 2498 In
2359 2454 2653 2516 conspectu
2683 2462 2918 2519 namque
2950 2449 3167 2506 Domini
3201 2453 3444 2510 animam
3502 2457 3680 2515 effun-

2080 2529 2210 2586 dere
2242 2539 2325 2587 est
2354 2544 2674 2606 conceptam
2723 2536 2777 2590 in
2822 2545 3004 2594 mente
3048 2540 3203 2596 verbi
3249 2543 3352 2597 Dei
3396 2548 3683 2603 scientiam

2077 2636 2181 2692 pro
2214 2622 2330 2676 solo
2360 2623 2657 2679 conditoris
2688 2640 2874 2681 amore
2905 2627 3223 2697 praedicare.
3258 2631 3454 2688 Anima
3481 2637 3683 2707 quippe

2082 2709 2351 2778 eunditur,
2403 2727 2523 2765 cum
2556 2712 2774 2768 innatus
2805 2715 2959 2771 verbi
2987 2716 3087 2771 Dei
3117 2718 3424 2775 intellectus
3458 2724 3527 2777 ad
3550 2726 3684 2778 utili-

2077 2804 2241 2853 tatem
2290 2799 2623 2855 audientium
2654 2801 2983 2875 divulgatur.
3016 2804 3434 2878 Quisquisenim
3461 2813 3687 2883 probu-

2077 2887 2259 2941 manis
2290 2886 2587 2960 favoribus,
2643 2888 2889 2962 quisquis
2938 2909 3036 2965 pro
3096 2902 3316 2951 terreno
3370 2902 3680 2972 commodo,

2076 2975 2304 3031 verbum
2331 2976 2429 3031 Dei
2461 2977 2738 3048 praedicat,
2772 2981 2895 3050 quia
2927 2997 3013 3035 res
3044 2982 3150 3038 alia
3180 2984 3247 3039 de
3286 2986 3683 3056 praadicatione

2078 3063 2387 3133 attenditur,
2423 3066 2481 3120 in
2510 3075 2807 3137 conspectu
2831 3068 3048 3125 Domini
3069 3071 3296 3126 verbum
3326 3073 3456 3128 illud
3485 3077 3681 3136 animae

2079 3168 2187 3206 non
2218 3151 2519 3222 profertur.
2562 3152 2744 3222 Quare
2775 3164 2827 3210 et
2855 3156 3043 3213 doctor
3071 3161 3316 3230 gentium
3347 3164 3556 3231 asserit,
3591 3167 3680 3222 di—

2090 3255 2220 3295 cens
2252 3257 2263 3293 :
2300 3242 2416 3298 Non
2449 3259 2663 3311 sumus,
2688 3244 2838 3300 sicut
2851 3247 3113 3316 plurimi,
3134 3247 3528 3308 adulterantes
3552 3271 3681 3311 ver-

2090 3328 2217 3384 bum
2236 3331 2353 3395 Dei,
2378 3332 2475 3386 sed
2494 3333 2643 3386 sicut
2664 3347 2737 3387 ea:
2761 3334 3112 3400 sinceritate,
3145 3337 3242 3392 sed
3269 3339 3419 3394 sicut
3445 3356 3522 3397 ea:
3549 3344 3678 3412 Deo,

2088 3433 2279 3474 coram
2298 3419 2405 3475 Deo
2435 3420 2498 3475 in
2532 3419 2756 3476 Christo
2791 3423 3074 3493 loquimur
3103 3423 3185 3495 (11
3238 3426 3365 3483 Cor.
3426 3444 3487 3496 ιι,
3553 3433 3669 3503 17).

2085 3510 2244 3561 Anna
2274 3523 2409 3579 ergo
2436 3507 2490 3561 in
2520 3517 2813 3580 conspectu
2834 3511 3051 3565 Domini
3081 3512 3319 3568 animam
3377 3533 3534 3574 suam
3593 3522 3680 3576 ef-

2086 3595 2244 3662 fudit,
2278 3596 2402 3665 quia
2433 3605 2619 3652 sancta
2646 3599 2891 3654 Ecclesia
2918 3598 2972 3654 in
3003 3599 3259 3657 virtutum
3292 3606 3537 3661 omnium
3554 3610 3679 3666 cul-

2081 3682 2228 3738 mine
2258 3684 2520 3755 perfecta,
2552 3687 2605 3740 in
2632 3687 2933 3743 eruditione
2955 3687 3192 3743 ﬁdelium
3235 3706 3437 3765 magna
3483 3697 3683 3753 facun-

2081 3771 2187 3828 diae
2218 3772 2382 3828 verba
2430 3774 2673 3844 protulit,
2729 3777 2823 3831 sed
2873 3792 2942 3831 ex
2989 3776 3113 3832 vita:
3168 3780 3352 3835 verbis
3407 3785 3507 3839 soli
3563 3787 3681 3845 Deo

2079 3860 2297 3931 placere
2319 3862 2664 3918 desideravit.
2691 3863 2860 3934 Cujus
2890 3866 3295 3936 praedicationis
3348 3870 3512 3928 etiam
3569 3876 3677 3932 mi-

2078 3949 2362 4004 nisterium
2394 3952 2760 4018 commendat,
2792 3952 2982 4008 dicens
3014 3970 3029 4007 :

2150 4038 2326 4105 (Vers.
2347 4041 2457 4108 16).
2477 4040 2553 4095 Ne
2567 4044 2738 4112 putes
2749 4043 3026 4096 ancillam
3056 4047 3214 4100 tuam
3243 4048 3404 4117 quasi
3414 4067 3590 4109 unam
3612 4055 3677 4113 de

2075 4125 2308 4195 ﬁliabus
2332 4127 2530 4193 Belial,
2559 4130 2691 4199 quia
2712 4144 2787 4184 ex
2800 4131 3183 4190 multitudine
3210 4134 3416 4193 doloris
3445 4145 3503 4195 et
3538 4160 3673 4199 mce-

2074 4213 2227 4270 roris
2255 4216 2370 4271 mei
2401 4215 2592 4272 locuta
2622 4232 2750 4271 sum
2782 4232 2958 4288 usque
2986 4219 3050 4273 in
3077 4236 3347 4292 praesens.

2143 4303 2233 4360 34.
2266 4305 2434 4367 Quasi
2456 4304 2604 4359 dicat
2633 4321 2647 4361 :
2677 4304 2812 4374 Quae
2841 4305 2937 4360 tibi
2981 4314 3201 4363 mternae
3230 4309 3354 4367 vitae
3407 4313 3552 4373 bona
3591 4319 3679 4377 1ο-

2068 4392 2266 4464 quitur,
2300 4393 2445 4447 velut
2476 4394 2551 4464 (c)
2588 4392 2870 4449 idololatra
2901 4394 3110 4465 despici
3138 4412 3247 4454 non
3277 4410 3532 4460 meretur.
3562 4411 3681 4464 An-
3760 4402 3763 4407 ’

2087 4480 2271 4536 cillam
2303 4496 2517 4553 quoque
2548 4499 2700 4536 suam
2730 4498 2790 4539 se
2819 4498 2943 4539 esse
2971 4486 3191 4554 asserit,
3223 4496 3678 4563 utcognoscatex

354 4573 551 4645 populi
578 4574 663 4628 sui
691 4590 801 4629 non
829 4589 1024 4647 parum
1059 4576 1249 4632 doluit.
1278 4576 1452 4645 Quam
1467 4578 1712 4649 profecto
1747 4579 1965 4650 sapiens
1996 4566 2046 4626 D
2082 4568 2303 4624 nomine
2333 4570 2612 4626 ministerii
2641 4572 2768 4642 quia
2817 4572 2886 4628 ad
2919 4582 3114 4628 interna
3174 4577 3228 4630 ei
3280 4582 3483 4652 appetit
3525 4584 3683 4643 lucra

359 4664 633 4719 Salomon
668 4664 1021 4719 vehementer
1048 4665 1346 4733 admirans,
1390 4666 1461 4720 ait
1502 4668 1788 4723 Mulierem
1838 4672 1963 4741 for-

360 4757 481 4806 tem
511 4754 637 4822 quis
673 4753 925 4809 inveniet
964 4756 1146 4825 (Prov.
1197 4770 1353 4822 XXXI,
1389 4755 1474 4826 10)
1504 4756 1535 4808 ‘?
1576 4755 1697 4823 Quo
1734 4755 1789 4810 in
1844 4757 1966 4813 loco

358 4839 532 4894 etiam
563 4841 863 4895 notandum
894 4849 973 4897 est
1003 4842 1125 4912 quia
1156 4859 1268 4897 non
1300 4843 1430 4899 dicit
1494 4844 1690 4898 mulier
1744 4844 1963 4913 infelix,

352 4928 525 4982 nimis
557 4944 661 5000 ego
692 4945 837 4985 sum.
870 4931 1051 4985 Nimis
1081 4947 1318 5004 namque
1351 4931 1544 4986 infelix
1574 4932 1697 5001 fuit,
1720 4933 1807 4988 cui
1848 4933 1967 4988 nul-

354 5016 474 5071 lum
503 5016 571 5072 de
599 5019 799 5073 saeculo
829 5020 1254 5077 blandimentum
1285 5021 1505 5092 placuit.
1524 5022 1623 5077 Vel
1638 5030 1780 5077 certe
1800 5022 1966 5077 nimis

354 5104 639 5161 infelicem
672 5122 733 5161 se
757 5108 975 5175 asserit,
1008 5125 1134 5180 quae
1162 5125 1220 5165 se
1250 5110 1319 5165 ab
1348 5118 1570 5166 aeternae
1593 5111 1716 5167 vita)
1745 5111 1962 5182 gaudiis

355 5193 651 5264 expulsam
674 5211 775 5265 per
800 5196 997 5265 prima:
1024 5197 1203 5267 culpas
1268 5198 1519 5253 meritum
1567 5197 1835 5264 meminit,
1891 5199 1959 5254 ad

355 5297 484 5351 quae
511 5281 693 5337 redire
723 5298 833 5338 non
866 5284 1142 5355 prmvalet,
1175 5286 1278 5341 nisi
1302 5303 1404 5358 per
1433 5287 1631 5343 multas
1646 5287 1768 5344 vita:
1796 5287 1959 5358 hujus

354 5369 763 5427 tribulationem
800 5371 925 5428 Non
953 5373 1098 5429 enim
1117 5375 1281 5431 nimis
1300 5374 1494 5433 infelix
1517 5375 1793 5448 existeret,
1818 5375 1865 5432 si
1885 5377 1956 5434 ad

426 5495 508 5571 (ᾳ)
529 5494 723 5571 ρξμοιη
752 5495 850 5571 θεά
877 5498 991 5571 συί·

425 5568 504 5639 (b)
525 5567 718 5639 Gilot.,
744 5567 1099 5636 despexerat.

425 5636 505 5713 (ο)
527 5636 699 5695 Gilot.
732 5647 786 5695 et
813 5641 1025 5712 Vatic.,
1056 5642 1320 5703 idolatra.

2074 4657 2349 4713 famulari.
2384 4658 2674 4729 Sequitur:
2716 4660 2856 4728 Quia
2875 4676 2949 4717 ea:
2991 4663 3367 4724 multitudine
3422 4679 3680 4734 mwroris

2076 4751 2134 4803 et
2157 4745 2368 4803 doloris
2385 4747 2577 4803 locuta
2597 4764 2724 4803 sum
2743 4750 2994 4821 usquein
3010 4768 3284 4823 praeeris.
3322 4755 3494 4825 Quasi
3523 4778 3679 4834 aper-

2075 4835 2182 4891 tius
2215 4835 2483 4907 loquatur,
2510 4845 2563 4891 et
2585 4836 2731 4892 dicat
2756 4855 2769 4892 :
2799 4838 2939 4895 Hinc
2969 4856 3210 4913 agnosce
3255 4846 3399 4915 quod
3452 4851 3584 4907 nihil
3641 4869 3680 4911 a.

2076 4924 2220 4980 malo
2250 4924 2444 4995 spiritu
2474 4924 2727 4992 habeam,
2753 4925 2876 4996 quia
2906 4942 2977 4982 ex
3008 4928 3179 4985 multa
3207 4947 3373 5003 pinna
3410 4954 3676 5007 ρει-δεου-

2076 5020 2239 5075 tionis
2268 5021 2334 5075 ad
2357 5021 2694 5093 loquendum
2728 5024 2910 5090 venio,
2945 5032 2998 5079 et
3022 5027 3425 5097 praedicationis
3466 5034 3679 5092 instan-

2073 5108 2210 5163 tiam
2239 5108 2400 5164 nullis
2417 5110 2595 5178 pmnis
2617 5109 2763 5165 victa
2780 5111 3125 5185 derelinquo.
3164 5116 3512 5175 Potesteliam
3523 5123 3679 5181 dolor

2067 5197 2250 5253 Annae
2266 5198 2337 5253 ad
2369 5197 2711 5254 affectionem
2737 5204 2942 5256 sancta:
2971 5202 3248 5274 Ecclesiae,
3301 5223 3501 5265 mmror
3556 5213 3678 5283 ejus

2066 5286 2264 5343 referri
2294 5287 2362 5343 ad
2391 5288 2728 5359 passionem.
2764 5290 2845 5344 Ex
2874 5290 3216 5347 multitudine
3245 5296 3464 5365 quidem
3485 5298 3682 5371 (d)do.

2063 5377 2195 5438 loris
2224 5376 2403 5432 locuta
2448 5384 2550 5447 est,
2585 5394 2706 5448 quae
2724 5379 2968 5451 pereunti
2997 5378 3219 5435 Judaico
3230 5386 3429 5456 populo
3450 5392 3680 5450 verbum

2146 5500 2228 5581 (ἀ)
2244 5502 2409 5581 Deest
2438 5499 2645 5560 doloris
2667 5501 2725 5557 in
2752 5500 2951 5559 Editis.
2989 5501 3217 5578 Requiri
3245 5516 3426 5570 tamen
3455 5532 3522 5573 ex
3566 5518 3685 5581 sola

2092 5572 2323 5630 lectione
2345 5573 2537 5646 liquet.
