4062 6182
408 323 473 375 39
1605 310 1851 367 SANCTI
1881 301 2224 367 GREGORII
2257 304 2507 367 MAGNI.
3635 320 3701 376 ιο

400 441 799 517 praedicationis
828 440 1052 514 protulit
1072 455 1138 496 ex
1154 438 1348 495 affectu
1382 437 1798 510 compassionis.
1839 437 1995 507 Quod
2024 437 2083 498 A
2110 452 2299 493 coram
2325 437 2596 504 Domino;
2628 439 2943 512 reversique
2959 445 3114 508 sunt,
3140 445 3196 498 et
3215 447 3498 500 venerunt
3522 446 3584 501 in
3602 445 3706 502 do-

405 532 608 587 Paulus
635 531 888 596 insinuat,
921 531 1105 585 dicens
1132 549 1144 584 :
1177 530 1476 586 Veritatem
1496 530 1617 585 dico
1676 529 1737 584 in
1791 528 2008 585 Christo

405 623 676 685 Jesu,non
689 621 1355 686 mentior,testimonium
1369 616 1704 689 perhibente
1717 617 1861 671 mihi
1881 632 2012 682 con,

399 710 643 765 scientia
658 725 782 764 mea
802 710 863 763 in
878 709 1322 780 Spirit-usancto,
1344 708 1616 779 quoniam
1642 706 1885 761 tristitia
1929 715 2012 767 est

404 797 549 854 mihi
566 813 794 868 magna,
817 801 874 852 et
901 797 1210 852 continuus
1231 796 1388 851 dolor
1416 796 1570 850 σοι-άὶ
1598 811 1718 852 meo
1768 815 1786 850 :
1841 799 2012 866 opta-

407 886 535 942 bam
567 902 664 958 ego
687 887 802 958 ipse
823 885 1134 941 anathema
1163 901 1282 941 esse
1309 900 1414 956 pro
1447 884 1728 956 fratribus
1780 886 1922 939 meis
1978 900 2014 939 a

409 973 649 1041 Christo,
674 977 773 1047 qui
789 979 928 1030 sunt
948 975 1174 1046 cognati
1192 976 1304 1029 mei
1332 973 1641 1029 secundum
1661 979 2015 1046 earnem,qui

402 1068 546 1120 sunt
576 1063 854 1119 Israelita
883 1065 1056 1130 (Rom.
1090 1079 1164 1129 ix,
1191 1063 1488 1133 1,2,seq.).
1523 1062 1634 1118 Sed
1681 1063 1771 1134 qui
1829 1078 1888 1117 se
1947 1078 2015 1118 ex

408 1151 752 1207 multitudine
784 1151 988 1207 doloris
1019 1151 1164 1224 loqui
1223 1150 1480 1218 insinuat,
1529 1167 1598 1206 an
1658 1168 1724 1206 ex
1767 1150 2013 1206 multitu-

401 1241 525 1296 dine
556 1241 810 1312 loquatur
839 1240 1022 1296 dicat:
1063 1243 1102 1296 Α
1163 1240 1371 1296 Judaei:
1418 1243 1716 1313 quinquies
1766 1240 2015 1312 quadra-

414 1345 604 1403 genas,
631 1346 749 1384 una
764 1333 976 1396 minus,
998 1332 1209 1400 accepi,
1232 1333 1318 1385 ter
1330 1329 1501 1401 virgis
1513 1346 1688 1386 caesus
1703 1345 1829 1385 sum
1843 1329 2014 1384 semel

415 1419 704 1491 lapidatus
728 1435 853 1474 sum
876 1420 955 1490 (II
991 1421 1119 1476 Cor.
1150 1434 1234 1487 χι,
1273 1419 1387 1488 24).
1423 1419 1621 1474 Sancta
1651 1435 1782 1473 vero
1814 1417 2015 1474 Eccle-

404 1507 483 1562 sia
512 1506 778 1578 patienter
806 1507 1027 1561 adversa
1058 1507 1313 1574 tolerans,
1364 1506 1640 1562 humiliter
1670 1506 2012 1572 innocentiae,

405 1603 459 1651 et
489 1595 728 1651 veritatis
785 1613 896 1652 sua:
942 1595 1194 1651 virtutem
1253 1595 1621 1663 manifestans,
1691 1595 2016 1667 quibusdam

406 1685 612 1740 Judzeaa
643 1684 1021 1740 sacerdotibus
1046 1685 1246 1739 bonum
1298 1684 1706 1756 praedicationis
1771 1701 1880 1740 suae
1936 1685 2016 1740 lo—

408 1773 624 1846 quando
654 1773 942 1844 persuasit.
978 1772 1161 1843 Quare
1183 1781 1236 1830 et
1265 1774 1513 1828 subditur
1544 1791 1556 1826 :

506 1865 606 1932 21
644 1876 956 1947 (Vers.l7.)
987 1879 1136 1932 Tunc
1160 1879 1244 1932 ait
1264 1877 1416 1932 Heli:
1445 1877 1585 1933 Vade
1606 1877 1669 1932 in
1709 1893 1866 1948 pace,
1918 1876 2013 1933 det

401 1969 518 2043 tibi
548 1969 690 2024 Deus
722 1965 895 2022 Israel
923 1967 1256 2037 petitionem
1289 1981 1456 2037 quam
1487 1967 1698 2036 rogasti
1742 1983 1896 2022 eum.

491 2058 587 2112 35.
641 2055 793 2110 Prius
823 2055 1021 2125 quippe
1052 2055 1170 2109 Heli
1201 2055 1383 2109 oranti
1403 2057 1575 2110 Annae
1605 2055 1828 2126 prolatis
1877 2070 2014 2110 con-

417 2145 654 2203 tumeliis
683 2142 1022 2205 contradixit,
1065 2147 1256 2213 postea
1282 2158 1409 2197 vero
1438 2140 1492 2196 in
1523 2143 1644 2212 ejus
1693 2143 1795 2196 sibi
1841 2143 2018 2200 devo-

417 2236 562 2292 tione
591 2231 930 2304 complacuit.
964 2229 1104 2299 Quid
1127 2238 1208 2284 est
1235 2231 1356 2295 hoc,
1387 2230 1490 2285 nisi
1538 2231 1684 2302 quod
1732 2231 2020 2287 Judaicum

420 2322 808 2386 sacerdotium,
827 2328 878 2374 et
889 2336 988 2390 per
1004 2318 1136 2374 alios
1147 2319 1224 2373 sui
1239 2317 1400 2374 ofﬁcii
1415 2318 1688 2374 ministros
1702 2320 2021 2389 pradicanti

430 2412 688 2468 Ecclesiae
709 2409 934 2477 obstitit,
951 2415 1004 2464 et
1024 2424 1118 2479 per
1129 2407 1267 2462 alios
1283 2407 1516 2480 cognitas
1527 2407 1744 2478 demum
1761 2407 1885 2462 ﬁdei
1909 2425 2024 2464 nos-

428 2510 526 2558 trae
555 2499 768 2556 veritati
791 2497 1123 2554 consensit?
1180 2498 1317 2551 Nam
1374 2496 1442 2552 de
1499 2497 1882 2552 obsistentibus
1936 2498 2025 2552 di-

429 2593 587 2657 citur,
620 2589 710 2660 qui
738 2587 890 2643 caesis
920 2585 1374 2641 denuntiaverunt
1437 2586 1719 2658 apostolis,
1778 2587 2027 2643 dicentes

431 2695 500 2735 ne
530 2678 667 2733 ultra
695 2677 1046 2749 loquerentur
1065 2675 1118 2730 in
1149 2675 1367 2730 nomine
1389 2675 1517 2731 Jesu
1540 2677 1690 2746 (Act.
1729 2693 1783 2743 v,
1811 2677 1920 2746 L0).
1946 2677 2025 2732 De

429 2765 892 2824 consentientibus
922 2771 1100 2820 autem
1129 2763 1272 2818 idem
1305 2765 1486 2819 Lucas
1518 2764 1781 2829 meminit,
1805 2765 2020 2832 dicens;

428 2857 687 2913 Plurima
710 2853 876 2910 turba
905 2853 1260 2910 sacerdotum
1283 2852 1567 2908 obediebat
1594 2853 1726 2921 ﬁdei
1744 2853 1925 2923 (Ibid.,
1948 2871 2022 2923 v1,

424 2947 499 3016 7).
533 2946 682 2999 Tnnc
703 2957 838 3014 ergo
868 2941 988 2998 Heli
1017 2957 1115 3011 pro
1143 2949 1268 2996 voto
1299 2940 1642 2997 fecunditatis
1672 2944 1844 2997 Annae
1896 2959 2024 3013 pre-

425 3043 580 3091 catus
612 3041 713 3102 est,
747 3048 869 3087 cum
902 3031 1242 3087 sacerdotum
1273 3030 1508 3102 plurima
1531 3030 1623 3084 illa
1666 3031 1842 3096 turba,
1900 3031 2024 3087 ﬁdei

424 3122 702 3190 obediens,
735 3137 834 3192 per
863 3118 1307 3192 prazdicationem
1337 3127 1540 3175 sanctae
1569 3120 1830 3175 Ecclesia:
1875 3121 2025 3178 elec-

424 3219 602 3268 torum
637 3225 918 3265 numerum
941 3207 1284 3278 multiplicari
1307 3207 1656 3262 desideravit.
1679 3207 1850 3277 Quam
1875 3218 2021 3265 certe

428 3301 489 3356 in
522 3314 654 3372 pace
684 3298 760 3354 ire
789 3298 1014 3370 optavit,
1049 3297 1170 3368 quia
1201 3295 1438 3351 fructum
1469 3297 1871 3368 praedicationis
1901 3314 2021 3354 eam

418 3388 744 3446 desideravit
773 3386 1062 3459 consequi,
1095 3385 1209 3440 sine
1242 3384 1429 3440 dolore
1461 3384 1755 3456 passionis.
1804 3387 1872 3441 Et
1903 3388 2028 3457 quia

417 3479 472 3533 in
505 3494 691 3535 eorum
720 3485 845 3534 voto
889 3483 1075 3530 sancta
1089 3473 1335 3530 Ecclesia
1351 3473 1454 3528 sibi
1475 3475 1819 3546 complacuit,
1840 3476 2026 3546 sequi-

424 3574 513 3623 tur
541 3585 554 3622 :

489 3655 778 3726 (νει-318.)
819 3653 1050 3712 Utinam
1080 3652 1342 3709 inveniat
1372 3651 1589 3711 ancilla
1642 3658 1743 3712 tua
1777 3656 2026 3727 gratiam

429 3746 494 3802 in
524 3745 702 3802 oculis
737 3745 882 3799 tuis.

493 3833 660 3902 Quasi
690 3833 834 3888 dicat
864 3848 877 3885 :
912 3831 1080 3887 Juxta
1130 3829 1383 3887 intuitum
1443 3832 1698 3890 desiderii
1752 3835 1827 3890 tui
1885 3851 2026 3908 opus

425 3920 715 3978 ministerii
747 3919 851 3976 mei
879 3920 1246 3990 subsequatur
1266 3923 1446 3994 gratia
1493 3923 1691 3979 divinae
1745 3924 2024 3996 dispensa-

429 4011 621 4068 tionis.
662 4011 919 4081 Sequitur
950 4027 961 4066 :

499 4101 678 4170 (Vers.
715 4100 835 4167 18.)
870 4101 936 4155 Et
957 4100 1097 4156 abiit
1115 4100 1324 4157 mulier
1350 4101 1411 4156 in
1445 4102 1588 4157 viam
1612 4119 1796 4168 suam,
1841 4107 1897 4160 et
1925 4119 2022 4162 co-

427 4189 629 4257 medit,
653 4192 708 4244 et
750 4189 907 4255 bibit,
936 4191 1233 4261 vultusque
1257 4193 1378 4260 ejus
1409 4208 1524 4248 non
1577 4196 1717 4246 sunt
1772 4193 2022 4264 amplius

431 4280 499 4334 in
531 4278 752 4334 diversa
781 4280 1021 4333 mutati.

491 4371 583 4421 36.
622 4369 683 4420 In
712 4367 857 4420 viam
889 4382 1039 4420 suam
1068 4367 1264 4424 mulier
1294 4366 1449 4434 abiit,
1498 4367 1627 4439 quia
1667 4376 1853 4425 sancta
1907 4367 2021 4424 Ec-

423 4455 593 4512 clesia
623 4454 844 4508 verbum
880 4451 1001 4508 fidei
1021 4456 1272 4525 gentibus
1287 4455 1622 4525 prmdicavit.
1648 4456 1803 4525 Quod
1821 4465 1873 4513 et
1890 4473 2018 4529 apo-

421 4539 543 4594 stoli
575 4537 777 4592 Judazis
806 4538 1202 4593 comminantes
1229 4539 1452 4594 dicunt:
1477 4539 1624 4603 Quia
1657 4541 1922 4612 indignos
1943 4544 2018 4611 (a)

426 4643 519 4683 vos
572 4627 849 4698 judicatis
885 4630 1114 4682 (sternte
1151 4628 1296 4694 vitae,
1338 4644 1464 4685 ecce
1505 4631 1894 4687 convertimur
1948 4633 2022 4688 ad

421 4719 614 4788 gentes
644 4713 801 4784 (Act.
837 4730 956 4782 xm,
991 4717 1100 4785 t6).
1127 4713 1260 4784 Quae
1284 4717 1421 4772 bene
1446 4718 1637 4773 mulier
1655 4727 1783 4775 tunc
1803 4721 2015 4788 dicitur,

417 4819 539 4858 cum
572 4803 790 4868 recedit,
825 4803 952 4874 quia
984 4820 1080 4874 per
1141 4806 1582 4875 praedicationem
1640 4808 2018 4880 Redemptoris

419 4891 724 4948 exhibitura
752 4899 871 4946 erat
907 4892 961 4946 in
992 4895 1249 4964 gentibus
1283 4894 1522 4951 fructum
1555 4913 1771 4968 magnae
1827 4899 2016 4954 fecun-

419 4981 626 5036 ditatis.
669 4980 1140 5049 Comeditautem,
1170 4992 1223 5038 et
1266 4984 1422 5047 bibit,
1481 4993 1533 5040 et
1587 4993 1765 5041 tamen
1825 4987 2011 5042 vultus

420 5065 539 5136 ejus
567 5080 677 5120 non
703 5073 825 5120 sunt
855 5067 1091 5136 amplius
1116 5067 1169 5121 in
1193 5067 1408 5124 diversa
1430 5071 1642 5136 mutati,
1669 5071 1786 5141 quia
1812 5087 2012 5143 magna

418 5153 568 5209 lucra
598 5154 664 5209 de
694 5155 1046 5211 conversione
1074 5157 1316 5227 gentium
1348 5159 1552 5228 habuit,
1586 5160 1681 5214 sed
1735 5159 2008 5231 percutio-

417 5259 543 5297 nem
574 5258 736 5314 quam
766 5244 824 5297 in
843 5244 1029 5300 Judzea
1059 5261 1218 5316 passa
1248 5248 1442 5314 fuerat,
1476 5251 1636 5303 etiam
1667 5248 1721 5302 in
1751 5249 2008 5321 gentibus

411 5328 645 5387 invenit.
665 5331 771 5387 Sed
791 5331 981 5388 ordine
1011 5348 1118 5404 quo
1149 5335 1345 5389 abierit
1373 5335 1704 5403 edisserens,
1737 5338 1812 5391 ait
1853 5357 1864 5393 :

488 5418 673 5491 (Vere.
699 5421 808 5490 19.)
829 5421 1328 5491 Etsurrexerunt,
1345 5439 1535 5493 mane,
1551 5428 1607 5482 et
1629 5425 2011 5484 adoraverunt

489 5543 565 5614 (a)
605 5543 790 5617 Gilot.,
822 5561 914 5602 vos
941 5546 1185 5616 fecistis.

2113 544 2269 582 mum
2299 544 2483 591 suam,
2507 527 2570 582 in
2605 529 2900 584 Ramatha.

2185 620 2272 671 37.
2307 614 2448 684 Quid
2477 624 2560 670 est
2588 624 2765 670 autem
2788 617 2933 688 quod
2961 635 3128 690 supra
3155 620 3224 676 de
3255 621 3372 678 sola
3401 625 3559 679 Anna
3587 624 3707 680 sin-

2115 705 2376 778 gulariter
2403 705 2603 760 dicitur
2636 720 2648 759 :
2677 706 2827 762 Abiit
2858 707 3072 764 mulier
3087 710 3148 764 in
3170 693 3526 780 viam‘suam,
3559 730 3708 770 nunc

2115 809 2246 850 vero
2266 794 2548 866 pluraliter
2568 811 2582 849 :
2601 794 2992 851 Surrexerunt
3014 814 3207 866 mane,
3231 800 3336 853 nisi
3360 808 3416 855 ut
3444 817 3564 856 cum
3589 803 3708 859 viro

2115 883 2442 939 descendere
2459 892 2818 956 cognoscatur
2843 889 2866 940 .9
2887 885 2954 938 Et
2976 885 3100 956 quia
3122 887 3205 942 vir
3223 898 3422 945 sanctae
3443 890 3708 948 Ecclesiae

2117 972 2448 1044 Redemptor
2485 973 2711 1027 humani
2739 973 2956 1045 generis
2988 981 3090 1041 est,
3121 976 3210 1048 qui
3235 976 3352 1046 jam
3412 978 3482 1033 ad
3537 980 3706 1036 caelos

2117 1061 2457 1128 ascenderat,
2479 1078 2601 1116 cum
2624 1061 2801 1130 ipsam
2833 1062 3086 1118 Judasam
3145 1065 3539 1122 incredulitatis
3595 1085 3707 1125 suae

2115 1151 2346 1224 caligine
2377 1151 2626 1207 obrutam
2657 1151 3016 1222 relinquebat,
3052 1155 3324 1222 quomodo
3353 1155 3420 1211 de
3451 1159 3604 1212 Anna
3657 1167 3709 1214 et

2117 1241 2184 1295 de
2215 1240 2332 1296 viro
2363 1256 2460 1295 suo
2491 1240 2729 1296 Ilelcana
2759 1241 2992 1314 intelligi
3016 1242 3069 1296 in
3099 1243 3290 1298 Christi
3343 1253 3393 1300 et
3449 1246 3708 1303 Ecclesiae

2116 1337 2243 1401 typo
2272 1345 2410 1384 nunc
2441 1335 2621 1400 potest
2638 1330 2781 1402 quod
2809 1330 2966 1384 sintut
2995 1347 3154 1388 mane
3185 1343 3492 1405 surgerent,
3545 1339 3598 1390 et
3647 1336 3702 1390 in

2117 1417 2388 1473 civitatem
2420 1435 2567 1472 suam
2600 1420 2801 1489 pariter
2826 1419 3064 1474 redirent
3093 1422 3120 1473 ‘?
3152 1421 3256 1476 Sed
3289 1423 3415 1493 quia
3439 1423 3704 1479 civitatem

2117 1507 2402 1571 Ramatlia,
2435 1507 2705 1562 caelestem
2739 1507 2963 1578 patriam
2988 1509 3410 1582 designarejam
3449 1511 3701 1579 diximus,

2118 1595 2392 1666 quomodo
2422 1594 2530 1652 hoc
2559 1604 2755 1651 sanctm
2786 1597 3045 1653 Ecclesia:
3060 1599 3334 1667 convenit,
3364 1618 3483 1672 quae
3532 1603 3708 1657 statim

2115 1693 2174 1740 ut
2201 1701 2231 1739 a
2263 1685 2576 1740 Judzeorum
2608 1685 2990 1756 praedicatione
3022 1688 3277 1759 cessavit,
3311 1690 3380 1744 ad
3429 1689 3708 1746 caelestem

2038 1786 2092 1846 Β
2123 1775 2349 1846 patriam
2382 1774 2454 1845 (b)
2489 1790 2595 1830 non
2624 1775 2871 1830 ascendit
2899 1777 2927 1828 ‘l
2981 1776 3180 1832 Verum
3214 1778 3340 1849 quia
3365 1795 3656 1851 resurgens
3680 1797 3712 1834 a

2121 1863 2346 1918 mortuis
2375 1864 2654 1930 Dominus,
2688 1865 2864 1918 missis
2885 1864 2939 1919 in
2970 1865 3352 1937 praedicatione
3399 1869 3710 1924 doctoribus

2121 1951 2374 2024 loquitur,
2406 1952 2596 2008 dicens
2630 1970 2642 2006 :
2677 1955 2816 2010 Ecce
2854 1970 2948 2027 ego
2981 1956 3261 2012 vobiscum
3292 1973 3418 2012 sum
3450 1958 3710 2014 omnibus

2123 2042 2338 2109 diebus,
2370 2057 2540 2114 usque
2569 2043 2641 2097 ad
2669 2045 3220 2100 consummationem
3250 2045 3449 2102 seaculi
3489 2048 3715 2117 (Matth.

2126 2148 2317 2198 xxvm,
2341 2135 2452 2203 20),
2487 2131 2782 2187 absurdum
2815 2149 2920 2188 non
2951 2141 3032 2187 est
3060 2140 3117 2187 ut
3146 2150 3268 2190 cum
3291 2150 3355 2190 eo
3387 2143 3573 2191 sancta
3605 2137 3718 2192 Ec-

2128 2220 2290 2276 clesia
2321 2236 2548 2292 surgere
2571 2228 2623 2275 et
2652 2221 2855 2276 reverti
2886 2220 3163 2276 sentiatur.
3199 2221 3298 2289 Qui
3341 2223 3485 2277 enim
3519 2224 3720 2280 electos

2129 2324 2256 2363 suos
2289 2325 2384 2379 per
2410 2308 2701 2378 spiritalem
2750 2309 3099 2379 praesentiam
3154 2326 3436 2380 nunquam
3494 2311 3718 2380 deserit,

2131 2405 2181 2451 et
2205 2412 2324 2452 cum
2339 2396 2601 2451 stantibus
2618 2404 2917 2467 permanet,
2941 2401 2996 2452 et
3015 2412 3138 2452 cum
3156 2398 3481 2455 abeuntibus
3498 2401 3724 2457 recedit.

2131 2485 2396 2541 Ramatha
2426 2501 2558 2540 vero
2589 2484 2861 2541 coelestem
2883 2487 3113 2554 patriam
3148 2487 3437 2558 designare
3466 2489 3720 2558 diximus,

2133 2573 2229 2628 sed
2257 2573 2403 2643 quod
2432 2571 2564 2628 nihil
2591 2573 2733 2627 aliud
2764 2572 3072 2646 signiﬁcare
3105 2575 3272 2645 possit
3303 2591 3411 2631 non
3463 2576 3720 2632 diximus.

2135 2661 2279 2730 Quid
2309 2677 2442 2734 ergo
2474 2662 2618 2717 aliud
2649 2662 2752 2718 hoc
2787 2649 2888 2712 22
2949 2661 3004 2715 in
3060 2661 3181 2717 loco
3246 2662 3538 2734 significat,
3617 2663 3722 2719 nisi

2133 2752 2572 2822 adimpletionem
2596 2750 2896 2822 prOphetia‘.
2916 2749 2970 2805 in
2992 2751 3236 2822 gentium
3265 2754 3588 2808 vocatione?
3618 2755 3720 2810 Ra-

2135 2841 2312 2895 matlia
2342 2840 2544 2912 quippe
2575 2839 2713 2894 visio
2737 2848 3110 2895 consummata
3137 2839 3351 2904 dicitur,
3387 2851 3441 2895 ut
3461 2841 3579 2910 jam
3632 2841 3723 2896 di-

2134 2929 2340 2984 ximus.
2381 2928 2522 2997 Quid
2543 2945 2670 2984 vero
2702 2936 2782 2983 est
2811 2929 3050 3001 gentium
3073 2929 3191 2998 jam
3219 2928 3440 3000 impleta
3488 2930 3719 2997 vocatio,

2133 3018 2239 3074 nisi
2269 3019 2656 3090 prophetarum
2679 3018 2814 3073 visio
2845 3021 3258 3074 consummata?
3287 3020 3425 3073 Nam
3456 3019 3721 3074 visionem

2136 3107 2438 3170 asserebat,
2455 3107 2549 3161 sed
2565 3122 2672 3162 non
2690 3116 3147 3174 consummatam,
3165 3107 3259 3178 qui
3280 3106 3346 3162 de
3359 3108 3535 3162 futuro
3547 3108 3720 3162 adhuc

2136 3197 2283 3271 quod
2313 3195 2529 3251 viderat
2560 3195 2958 3266 pronuntiabat,
2991 3196 3179 3254 dicens
3211 3215 3224 3250 :
3284 3199 3486 3252 Omnes
3527 3201 3724 3269 gentes

2133 3301 2490 3357 quascunque
2507 3287 2724 3356 fecistis
2746 3286 2992 3351 venient,
3017 3290 3073 3342 et
3091 3285 3406 3342 adorabunt
3435 3302 3620 3342 coram
3643 3289 3718 3352 te,

2133 3375 2561 3443 Domine(Psal.
2601 3391 2806 3443 Lxxxv,
2840 3377 2916 3446 9).
2943 3375 3080 3430 llinc
3109 3374 3237 3430 item
3265 3375 3608 3444 repromittit,
3642 3373 3722 3428 di-

2135 3479 2265 3518 cens
2300 3463 2663 3519 :Adorabunt
2695 3480 2823 3519 eum
2847 3479 3039 3519 omnes
3084 3479 3237 3535 reges
3297 3468 3481 3530 terra,
3531 3478 3722 3519 omnes

2133 3557 2327 3625 gentes
2354 3554 2605 3609 servient
2634 3555 2686 3609 ei
2715 3554 2887 3624 (Psal.
2913 3568 3063 3619 LXXI,
3097 3554 3210 3623 15).
3235 3552 3378 3608 Visio
3406 3553 3574 3623 igitur
3593 3566 3722 3606 con-

2135 3650 2403 3697 summata
2431 3647 2576 3697 recte
2608 3643 2996 3712 prOphetarum
3032 3641 3318 3713 promissio
3347 3641 3563 3707 dicitur,
3598 3640 3726 3710 quia

2133 3731 2410 3799 nimirum,
2443 3739 2660 3787 auctore
2689 3730 2827 3798 Deo,
2845 3732 2999 3799 juxta
3029 3745 3214 3786 eorum
3246 3729 3480 3798 oracula,
3515 3730 3570 3784 in
3615 3730 3725 3785 Re—

2135 3821 2473 3892 demptorem
2504 3819 2727 3875 humani
2757 3820 2978 3891 generis
3009 3835 3200 3875 omnes
3230 3827 3420 3892 gentes
3470 3818 3726 3874 credide-

2134 3917 2278 3966 runt.
2312 3910 2470 3964 Mane
2502 3918 2681 3964 autem
2710 3925 2831 3964 cum
2862 3908 2977 3964 viro
3005 3923 3101 3963 suo
3132 3908 3290 3962 Anna
3316 3923 3541 3979 surgere
3581 3907 3718 3963 dici-

2132 4007 2234 4068 tur,
2263 3997 2382 4068 quia
2413 4004 2596 4053 sancta
2628 3996 2875 4054 Ecclesia
2895 3997 2947 4051 in
2971 4004 3163 4052 exortu
3186 3995 3381 4050 interni
3399 3995 3618 4050 luminis
3649 3995 3719 4049 ad

2130 4095 2321 4160 gentes
2353 4087 2567 4142 transiit
2595 4102 2715 4140 cum
2745 4086 2915 4142 verbo
2942 4085 3366 4156 praedicationis.
3401 4083 3498 4139 Vel
3553 4099 3719 4138 mane

2131 4175 2322 4248 surgit,
2354 4175 2498 4246 quod
2528 4173 2772 4229 Judmam
2794 4173 2850 4228 in
2880 4181 3038 4230 nocte
3068 4171 3394 4228 infidelitatis
3449 4171 3710 4228 deseruit.

2129 4267 2286 4320 Mane
2317 4264 2477 4320 etiam
2508 4264 2698 4335 surgit,
2732 4263 2857 4333 quia
2886 4278 3180 4334 posperum
3221 4261 3323 4317 iter
3379 4260 3437 4315 in
3495 4277 3722 4318 conver-

2127 4355 2282 4410 sione
2312 4353 2556 4426 gentium
2585 4352 2888 4408 invenit.Et
2917 4367 3101 4408 coram
3155 4350 3386 4406 Domino
3454 4351 3719 4416 adoravit,

2129 4444 2261 4518 quia
2281 4444 2335 4498 in
2353 4459 2406 4498 re
2413 4441 2662 4513 pulsione
2680 4439 3546 4514 Synagoga:incomprehensibile
3579 4438 3726 4508 judi-

2133 4535 2274 4591 cium
2303 4539 2556 4588 venerata
2587 4530 3062 4601 estomnipotentis
3080 4527 3198 4583 Dei.
3217 4527 3473 4583 Adoravit
3501 4528 3720 4600 quippe,

2135 4633 2188 4680 et
2217 4624 2461 4688 recessit,
2495 4623 2625 4694 quia
2654 4637 2777 4677 cum
2808 4636 2838 4675 a
2867 4620 3044 4702 gentis
3071 4633 3180 4673 sum
3209 4615 3597 4688 praedicatione
3626 4631 3722 4687 pro

2135 4715 2252 4769 sola
2282 4714 2382 4767 Dei
2411 4710 2799 4781 omnipotentis
2830 4707 3168 4764 ordinatione
3197 4704 3505 4772 recederet,
3537 4705 3720 4760 divino

2126 4803 2330 4872 judicio
2361 4817 2462 4873 per
2489 4799 2860 4856 obedientiam
2892 4797 3152 4852 obsecuta
3181 4793 3422 4866 estquod
3433 4797 3723 4866 penetrare

2133 4891 2490 4962 intelligendo
2520 4905 2627 4944 non
2657 4887 2848 4958 potuit.
2880 4885 3128 4940 Adorans
3157 4893 3334 4939 autem
3365 4899 3584 4938 reversa
3615 4887 3716 4947 est,

2121 4983 2251 5052 quia
2283 4978 2639 5034 ministerium
2658 4973 3058 5046 praedicationis
3079 4974 3133 5028 in
3155 4973 3444 5029 vocatione
3467 4971 3712 5043 gentium

2119 5071 2186 5124 ad
2218 5069 2444 5140 implere
2475 5067 2775 5138 prOposuit,
2808 5063 2908 5118 sed
2940 5071 3141 5117 tantum
3173 5062 3417 5132 ejusdem
3441 5059 3711 5130 praedica-

2119 5158 2280 5214 tionis
2295 5157 2513 5212 modum
2531 5157 2585 5209 in
2605 5169 2840 5226 superna
2856 5150 3311 5222 contemplatione
3329 5148 3595 5221 quaesivit.
3617 5147 3724 5202 Re.

2118 5247 2254 5304 verti
2285 5247 2430 5302 enim
2443 5243 2890 5316 praedicatoribus
2908 5248 2987 5297 est
3002 5240 3070 5296 ad
3082 5239 3278 5296 divinae
3291 5236 3679 5308 contemplatio
3693 5265 3725 5278 -

2120 5331 2864 5392 nislumen'recurrereJnde
2885 5330 3084 5402 quippe
3100 5329 3278 5384 lucem
3317 5325 3594 5392 hauriunt,
3618 5340 3725 5398 qua.

2119 5435 2172 5482 et
2201 5426 2269 5481 ad
2293 5423 2701 5481 venerationem
2729 5420 2974 5476 ﬁdelium
3017 5419 3251 5488 luceant,
3309 5424 3363 5474 et
3409 5431 3573 5488 quam
3630 5413 3718 5470 lo-

2197 5553 2270 5624 (b)
2293 5550 2460 5608 Gilot.
2494 5557 2549 5608 et
2576 5548 2772 5617 Vatic.,
2805 5561 2917 5603 non
2947 5541 3297 5604 ascenditur.
