4062 6182
206 347 264 398 u
1061 337 1133 392 IN
1183 335 1454 392 PRIMUM
1485 329 1728 389 REGUM
1759 325 2301 388 EXPOSITIONES.
2348 363 2421 372 —
2455 333 2583 388 LIB.
2614 334 2655 388 I.
3443 343 3515 397 52

205 456 422 528 quendo
451 455 761 510 auditorum
781 469 1008 509 suorum
1037 451 1315 506 mentibus
1333 449 1639 505 infundant.
1659 446 1792 500 Hinc
1820 441 1880 504 Α
1908 445 2104 502 divinas
2127 447 2478 516 conspicitur,
2528 447 2597 502 ad
2655 450 3060 507 venerationem
3106 454 3508 524 praedicationis

205 561 437 615 namque
466 552 550 598 est
578 543 720 612 quod
753 542 1072 613 praedicator
1101 540 1358 612 egregius
1387 545 1511 592 ante
1533 537 1601 590 ad
1664 537 1804 591 tertii

203 633 328 691 οωιί
359 640 566 687 secreta
595 631 906 698 suttollitur,
940 638 992 684 et
1021 630 1101 684 sic
1131 637 1347 683 terrena
1362 627 1652 697 diSponere
1672 644 1804 699 per-

211 722 442 786 hibetur,
467 724 520 773 et
536 719 777 790 paradisi
796 723 1000 773 secreta
1027 716 1342 788 ingrediens
1360 715 1522 769 verba
1555 716 1800 786 precipit,

213 826 332 882 quae
361 825 468 864 non
499 809 626 864 licet
667 807 871 864 homini
928 806 1071 875 loqui
1095 804 1169 874 (Il
1199 807 1438 869 Comm,
1482 807 1558 873 2),
1617 813 1672 858 ut
1719 805 1805 858 di-

213 912 472 953 scernere
492 905 547 951 et
567 896 716 967 loqui
741 895 943 950 utiliter
973 895 1105 949 foris
1131 894 1330 962 possit.
1371 897 1526 946 Anna
1556 909 1690 966 ergo
1710 912 1796 950 re-

213 1001 374 1040 versa
401 993 753 1050 memoratur,
784 983 880 1055 qui
911 989 1098 1037 sancta
1127 980 1375 1036 Ecclesia
1403 981 1529 1036 dum
1593 990 1807 1038 terrena

212 1074 506 1144 disposuit,
537 1072 764 1144 qualiter
782 1073 885 1126 sint
927 1071 1118 1127 eadem
1179 1077 1394 1125 terrena
1445 1070 1803 1140 disponenda,

218 1163 274 1216 in
294 1178 361 1216 ea
391 1161 457 1216 ad
487 1175 648 1231 quam
681 1176 832 1231 eaepe
864 1160 1146 1215 revertitur
1189 1159 1286 1213 Dei
1350 1160 1806 1230 contemplatione

217 1249 514 1303 instruitur.
549 1250 611 1302 Et
641 1257 768 1302 tunc
797 1247 1017 1302 demum
1047 1247 1102 1300 in
1158 1247 1386 1301 domum
1423 1262 1578 1300 suam
1639 1250 1806 1318 venit,

219 1337 352 1408 quia
382 1337 433 1390 in
462 1337 767 1391 auditorum
790 1336 1078 1391 devotione
1103 1335 1372 1389 collocare
1394 1351 1453 1389 se
1471 1335 1659 1405 potuit,
1685 1353 1807 1394 cum

216 1425 502 1481 accedenti
529 1425 596 1478 ad
627 1440 724 1479 eos
752 1423 970 1478 modum
1000 1439 1214 1477 sursum
1245 1425 1564 1479 revertendo
1593 1441 1805 1498 cogno-

213 1515 296 1568 vit
325 1513 553 1569 Domum
585 1529 817 1582 namque
847 1520 1046 1567 sanctae
1062 1510 1347 1582 primitivas
1380 1513 1638 1569 Ecclesiae
1666 1533 1806 1588 gen-

211 1603 350 1655 tium
383 1603 598 1657 devotio
615 1601 904 1669 exstruxit,
937 1616 1122 1672 quam,
1155 1601 1285 1654 dum
1317 1600 1419 1655 sibi
1450 1602 1500 1656 in
1529 1603 1607 1657 eis
1625 1607 1809 1660 condi-

212 1691 320 1753 dit,
353 1690 617 1744 custodia:
639 1689 1002 1744 sollicitudine
1032 1688 1380 1743 inhabitavit.
1412 1689 1545 1758 Quae
1563 1693 1813 1751 videlicet

1913 537 2032 606 ejus
2061 536 2270 590 devotae
2291 536 2593 590 auditorum
2626 538 2796 593 turbae
2826 539 3186 610 deducuntur,
3219 552 3364 598 recte
3403 562 3506 600 no-

1914 641 2039 681 men
2069 623 2188 692 ejus
2219 625 2616 695 nuncupatione
2645 625 2968 681 declaratur.
3003 630 3136 683 llinc
3160 638 3241 684 est
3272 634 3415 703 quod
3429 635 3498 689 ad

1914 717 2184 789 Moysena
2208 715 2438 792 Domino
2460 713 2663 768 dicitur
2686 733 2698 768 :
2720 717 2885 770 Posui
2909 723 2960 772 te
2984 718 3044 771 in
3067 719 3234 773 deum
3256 721 3505 778 Pharao-

1913 805 2361 877 nts(E.cod.v1v,
2400 804 2476 868 l).
2519 803 2654 858 Hinc
2685 805 2809 858 item
2841 805 2895 858 in
2917 805 3037 876 lege
3059 809 3372 876 prohibens,
3396 814 3500 866 ait;

1914 896 2036 950 Diis
2053 912 2168 952 non
2189 893 2450 948 detrahes
2473 892 2654 960 (Ibid.,
2675 908 2808 954 χχιι.
2832 897 2946 960 9.8).
2971 895 3032 947 Et
3054 895 3348 950 notandum
3373 900 3498 968 quia

1917 983 2071 1050 cujus
2099 997 2296 1038 nomen
2326 981 2459 1034 deus
2489 980 2708 1046 dicitur,
2743 980 2898 1048 ﬁlius,
2935 997 3040 1036 non
3073 982 3182 1037 tilia
3213 983 3332 1051 fuit,
3378 989 3502 1058 quia

1915 1079 2061 1128 certe
2087 1067 2372 1143 pastoralis
2402 1067 2656 1140 dignitas,
2703 1084 2826 1124 cum
2857 1069 3074 1126 infirma
3101 1076 3516 1132 conversatione

1915 1160 2259 1231 deprimitur,
2289 1158 2574 1228 splendore
2593 1165 2700 1211 tam
2725 1158 2855 1213 celsi
2874 1159 3106 1213 nominis
3127 1177 3234 1216 non
3255 1168 3506 1219 ornatur.

1917 1248 2056 1316 Quia
2085 1248 2253 1320 igitur
2285 1246 2420 1301 ordo
2451 1246 2732 1301 doctorum
2770 1246 2836 1300 ad
2870 1249 3281 1319 evangelizandi
3309 1252 3504 1308 minis-

1915 1337 2110 1391 terium
2141 1352 2209 1391 ex
2240 1334 2542 1406 gentilitate
2561 1344 2838 1404 promotus
2859 1336 3197 1392 excellentiae
3227 1339 3504 1410 dignitatis

1915 1441 2029 1480 suae
2059 1424 2372 1479 meritorum
2395 1423 2575 1494 gratia
2600 1423 2775 1492 impar
2821 1439 2931 1478 non
2990 1424 3109 1490 fuit,
3156 1434 3304 1481 recte
3360 1446 3507 1486 nunc

1916 1513 2136 1568 dicitur:
2179 1513 2392 1567 Vocavit
2425 1528 2628 1566 nomen
2659 1512 2778 1581 ejus
2811 1513 3067 1578 Samuel,
3093 1531 3154 1569 eo
3184 1517 3326 1586 quod
3354 1536 3389 1574 a
3410 1520 3512 1574 Do-

1914 1605 2069 1658 mino
2089 1601 2432 1674 postulasset
2463 1616 2610 1654 eum.
2645 1601 2714 1653 Et
2745 1601 3037 1655 notandum
3069 1603 3193 1673 quia
3225 1604 3328 1659 hoc
3389 1607 3511 1666 loco

1916 1689 2193 1761 postulire
2225 1689 2422 1744 dicitur
2448 1687 2596 1760 quod
2627 1687 2948 1756 postulando
2978 1693 3298 1759 promeruit.
3334 1698 3505 1764 Aper-

212 1779 414 1834 domus
447 1778 620 1848 posita
657 1778 715 1830 in
772 1776 982 1832 visione
1031 1787 1409 1832 consummata
1465 1779 1802 1853 describitur,
1835 1780 1984 1857 Btis
2012 1794 2118 1848 ego
2143 1775 2326 1832 verbis
2374 1775 2678 1831 ostenditur
2734 1793 2830 1831 cur
2887 1780 3057 1832 Annae
3115 1780 3507 1854 primogenitus

215 1868 346 1938 quia
375 1882 483 1920 non
514 1876 637 1920 ante
683 1864 844 1920 condi
896 1866 1067 1935 potuit
1125 1881 1291 1937 quam
1353 1869 1648 1925 vocationis
1698 1875 1819 1943 ejus

213 1955 536 2027 praedictum
568 1971 601 2008 a
630 1954 909 2025 prophetis
952 1963 1165 2024 tempus
1217 1954 1451 2010 advenit.
1509 1959 1764 2031 Sequitur
1795 1981 1810 2018 :

291 2045 476 2112 (Vera.
510 2044 574 2098 19
606 2053 657 2098 et
685 2044 802 2112 20.)
826 2044 1090 2113 Cognovit
1104 2048 1296 2099 autem
1320 2046 1568 2103 Heleana
1593 2052 1822 2108 Annam

216 2134 519 2202 conjugem
548 2136 807 2198 suam,et
829 2132 1159 2187 recordatus
1189 2137 1273 2187 est
1293 2143 1321 2174 ει
1346 2134 1469 2204 ejus
1519 2138 1816 2196 Dominus.

216 2222 286 2275 Et
326 2226 551 2290 factum
598 2225 684 2275 est
737 2224 867 2291 post
925 2221 1207 2276 circulum
1260 2221 1506 2291 dierum,
1564 2230 1827 2302 concepit

218 2313 391 2364 Anna
420 2313 474 2364 et
505 2310 727 2380 peperit
754 2308 963 2376 ﬁlium.

301 2398 392 2451 38.
421 2397 658 2452 Helcana
696 2398 909 2450 Annam
939 2397 1242 2469 conjugem
1273 2413 1429 2454 suam
1461 2408 1586 2458 tunc
1611 2418 1824 2476 cogno-

230 2486 333 2551 vit,
368 2500 492 2540 cum
522 2484 856 2554 Redemptor
887 2493 1074 2540 noster
1104 2484 1422 2556 praeﬁnitum
1457 2497 1668 2562 tempus
1723 2508 1826 2550 vo-

218 2574 415 2628 canda:
445 2573 765 2645 gentilitatis
795 2575 1030 2643 aspexit,
1064 2589 1171 2643 quo
1201 2575 1332 2628 dum
1379 2592 1536 2633 novae
1585 2596 1822 2650 sponsas,

219 2671 427 2716 sanctae
468 2661 720 2716 videlicet
756 2661 1035 2728 Ecclesiae,
1067 2662 1278 2734 gremio
1308 2666 1539 2734 gratiam
1597 2671 1824 2738 superni

219 2751 794 2817 amorisinfunderet,
833 2765 1031 2804 novam
1087 2766 1153 2804 ex
1209 2767 1273 2806 ea
1320 2754 1530 2821 prolem
1585 2754 1827 2812 fidelium

221 2847 543 2912 generaret.
577 2853 703 2892 nam
730 2838 878 2894 velut
909 2838 1145 2893 nondum
1163 2842 1527 2911 cognoscebat
1546 2860 1828 2914 eam,cum

222 2928 479 2985 volentes
515 2927 745 2981 transire
798 2927 851 2980 in
884 2927 1066 2981 Asiam
1117 2929 1510 2996 praedicatores
1557 2948 1591 2986 a
1628 2933 1832 3004 Spiritu

223 3023 421 3071 sancto
450 3015 700 3085 prohibiti
732 3023 852 3069 sunt
880 3017 1026 3084 (Act.
1050 3030 1166 3080 xvs,
1208 3017 1284 3086 6).
1344 3018 1482 3074 Hinc
1521 3023 1623 3089 est,
1684 3023 1829 3094 quod

1925 1875 2070 1922 tanto
2101 1865 2318 1922 nomine
2347 1873 2650 1920 censeatur.
2686 1863 2845 1933 Quod
2875 1865 2978 1920 tale
3004 1874 3084 1921 est
3112 1884 3176 1924 ac
3223 1870 3266 1923 si
3321 1871 3464 1928 dicat
3497 1892 3512 1929 :

1924 1956 2132 2011 Idcirco
2163 1955 2213 2008 ei
2247 1961 2449 2008 tantum
2483 1969 2680 2007 nomen
2716 1953 2991 2022 imposuit,
3027 1955 3150 2024 quia
3192 1959 3237 2012 is
3291 1961 3382 2029 qui
3412 1979 3511 2017 su-

1927 2058 2096 2114 perno
2125 2058 2350 2097 munere
2383 2041 2624 2096 nascitur
2669 2043 2984 2097 meritorum
3041 2046 3218 2115 gratia
3277 2064 3511 2122 magnus

1929 2132 2057 2188 fuit.
2095 2131 2204 2187 Sed
2228 2138 2282 2184 ut
2310 2129 2622 2184 ostendatur
2651 2146 2758 2200 quo
2790 2131 2971 2186 studio
3001 2149 3125 2188 eum
3155 2137 3383 2205 provida
3399 2157 3515 2197 ma-

1932 2229 2013 2276 ter
2044 2220 2241 2284 toveat,
2274 2217 2523 2288 sequitur
2554 2234 2566 2270 :

2001 2309 2178 2376 (Vers.
2212 2308 2272 2362 21
2301 2311 2353 2361 et
2369 2305 2757 2375 22.)Ascendit
2774 2311 2968 2364 autem
2983 2310 3072 2364 vir
3091 2312 3511 2387 ejusHelcana,

1931 2397 1986 2450 et
2015 2393 2199 2450 omnis
2229 2391 2425 2444 dom‘us
2444 2394 2509 2446 ut
2540 2391 2865 2446 inmolaret
2887 2391 3133 2449 hostium
3181 2395 3513 2468 solemnem,

1929 2487 1986 2537 et
2008 2484 2196 2537 votum
2227 2494 2395 2534 suum
2424 2498 2442 2546 ,-
2475 2481 2532 2534 et
2549 2479 2718 2534 Anna
2749 2495 2863 2534 non
2885 2482 3166 2536 ascendit.
3189 2486 3348 2542 Dixit
3365 2492 3516 2546 enim

1929 2572 2044 2626 υενο
2067 2584 2165 2625 δυο
2196 2564 2372 2622 :Non
2404 2567 2624 2631 vadum,
2649 2566 2824 2622 donec
2854 2567 3179 2626 ablactatur
3201 2571 3227 2614 δ
3252 2575 3472 2646 infans.

1999 2656 2247 2724 40.Quze
2267 2662 2350 2710 est
2405 2662 2587 2710 autem
2641 2654 2936 2710 immolatio
2994 2657 3254 2716 solemnis
3308 2666 3518 2738 hostias,

1931 2745 2038 2799 nisi
2067 2744 2155 2799 illa
2186 2753 2388 2799 saucia:
2421 2743 2681 2798 Ecclesiae
2709 2744 2906 2798 amoris
2937 2745 3160 2815 oblatio,
3195 2767 3302 2819 qua
3332 2757 3522 2812 condi-

1931 2832 2036 2887 tori
2070 2831 2493 2902 conjungiturin
2515 2839 2718 2886 aeterna
2735 2834 3198 2902 contemplatione
3227 2841 3255 2892 ?
3284 2843 3364 2896 Ad
3390 2845 3528 2902 hanc

1932 2928 2113 2977 autem
2136 2919 2376 2974 Helcana
2403 2927 2530 2974 tunc
2558 2918 2818 2984 ascendit,
2834 2935 2957 2974 cum
2979 2922 3311 2995 Redemptor
3340 2943 3526 2989 noster

1927 3010 2044 3079 jam
2077 3009 2141 3062 de
2167 3017 2338 3062 morte
2371 3007 2729 3076 triumphans,
2770 3007 2882 3076 jam
2917 3011 3296 3079 possibilitatis
3325 3029 3529 3078 nostrae

223 3121 352 3161 cum
383 3104 454 3158 ad
486 3103 931 3174 praedicationem
961 3104 1163 3158 Iudaeae
1183 3103 1480 3174 discipulos
1499 3111 1825 3166 suosmitte-
1865 3146 1911 3206 Ο
1942 3097 2195 3206 ῑθηοδτ
2224 3111 2504 3206 “feras”.
2531 3110 2775 3206 ρθτοῗξιξν
2807 3111 3102 3206 (ἰυξὶτηηρΐο
3133 3111 3324 3160 nostra
3352 3110 3527 3167 salute

222 3203 325 3258 ret,
357 3209 460 3262 per
510 3192 854 3261 semetipsam
905 3191 1120 3248 Veritas
1167 3193 1421 3264 prohibet
1471 3197 1702 3253 dicens:
1753 3200 1838 3254 In-

221 3285 373 3338 viam
386 3282 773 3351 gentiumnon
809 3281 1083 3346 abieritis,
1105 3293 1160 3336 et
1190 3285 1255 3338 in
1294 3285 1558 3342 civitatis
1590 3288 1838 3343 Samari-

225 3376 495 3425 tanorum
507 3385 621 3424 non
637 3370 990 3424 intraveritis
1005 3370 1229 3438 (Matth.
1249 3375 1388 3442 1,5).
1406 3370 1637 3440 Quando
1652 3384 1830 3432 autem

221 3460 483 3531 cognovit
547 3443 649 3508 23
682 3460 892 3511 Annam
916 3458 1203 3529 conjugem
1235 3475 1388 3514 suam
1410 3462 1670 3530 l-lelcana,
1707 3472 1836 3531 tunc

221 3547 544 3602 recordatus
573 3553 653 3600 est
682 3545 801 3614 ejus
837 3545 1114 3611 Dominus,
1141 3546 1265 3617 quia
1286 3547 1558 3619 gentilitas
1585 3557 1711 3606 tunc
1732 3568 1832 3607 ve-

223 3637 371 3689 nisse
405 3634 457 3687 in
487 3633 588 3687 Dei
617 3632 935 3687 memoriam
962 3633 1077 3687 visa
1093 3641 1192 3701 est,
1215 3650 1337 3688 cum
1357 3647 1539 3692 sancta
1561 3639 1830 3706 Ecclesia,

225 3724 407 3778 Verbo
436 3721 537 3776 Dei
565 3738 660 3791 per
689 3721 892 3776 amoris
918 3721 1155 3793 gratiam
1200 3724 1508 3793 conjuncta,
1562 3726 1615 3779 in
1647 3727 1825 3782 salute

225 3811 497 3865 visitatur.
539 3808 678 3878 Quid
726 3818 808 3864 est
855 3811 958 3863 hoc
1007 3810 1128 3866 loco
1164 3811 1394 3866 circulus
1441 3815 1677 3880 dierum,
1723 3817 1830 3871 nisi

227 3895 538 3950 innumeris
568 3894 744 3949 sancti
776 3895 1006 3964 Spiritus
1034 3903 1255 3950 ostensa
1284 3897 1450 3951 radiis
1470 3899 1829 3955 manifestatio

226 3980 430 4034 divinae
462 3979 752 4034 voluntatis
770 3979 798 4031 ‘?
819 3977 950 4046 Quae
980 3980 1224 4049 profecto
1255 3980 1382 4035 dum
1406 3982 1827 4052 pt‘aadicatorum

225 4084 450 4123 suorum
482 4068 776 4133 mentibus,
812 4067 863 4120 in
894 4069 1353 4138 contemplatione
1370 4071 1673 4141 suspensis.
1707 4072 1825 4127 cla-

225 4159 419 4211 ritates
446 4172 702 4226 superna:
723 4155 1094 4226 dispositionis
1123 4156 1436 4212 innumeras
1475 4159 1714 4225 exhibet,
1748 4160 1827 4214 ni-

226 4248 453 4310 mirum,
487 4244 652 4301 veluti
681 4244 863 4314 plures
884 4244 1343 4316 dies,temporum
1367 4247 1598 4302 circulus
1615 4247 1828 4303 clausas

227 4332 661 4388 tenet.Circulus
684 4332 884 4404 quippe
914 4333 1127 4387 dierum
1145 4336 1316 4389 Annae
1335 4343 1652 4404 conceptum
1675 4352 1823 4406 prae-

226 4423 402 4486 venit,
421 4421 548 4492 quia
565 4429 766 4476 sanctae
781 4419 1044 4476 Ecclesiae
1056 4421 1292 4476 Verbum
1307 4422 1405 4476 Dei
1425 4422 1493 4476 ad
1517 4423 1824 4478 docendum

1945 3186 2206 3254 suscepit.
2241 3181 2311 3238 ad
2341 3182 2582 3238 coelestia
2609 3183 2938 3238 sublimavit.
2974 3186 3106 3240 Cum
3134 3206 3241 3260 quo
3271 3199 3327 3248 et
3355 3200 3535 3255 omnis

1945 3274 2141 3328 domus
2169 3271 2290 3341 ejus
2306 3270 2566 3341 ascendit,
2597 3271 2721 3342 quia
2749 3271 2960 3342 priores
2991 3274 3189 3332 electos
3221 3279 3534 3358 SynagOga:

1946 3362 2004 3417 in
2033 3360 2374 3418 altitudinem
2406 3359 2826 3414 immortalitatis
2857 3361 3068 3417 extulit.
3102 3365 3252 3423 Tunc
3277 3370 3532 3430 immola-

1946 3451 2021 3505 vit
2065 3451 2364 3504 solemnem
2413 3449 2666 3510 hostiam,
2721 3463 2845 3503 cum
2889 3465 2948 3503 se
2988 3459 3194 3508 aeterno
3255 3457 3392 3513 Patri
3432 3480 3532 3532 per

1943 3536 2258 3610 gloriﬁcalaa
2287 3536 2464 3590 carnis
2491 3536 2771 3590 materiam
2804 3537 2858 3589 in
2888 3538 3022 3592 coelo
3053 3542 3312 3612 exhibuit,
3346 3556 3395 3601 et
3424 3565 3528 3604 an-

1941 3625 2186 3697 gelorum
2211 3631 2485 3687 naturam,
2535 3624 2679 3677 sicut
2709 3623 2774 3678 de
2804 3625 3178 3696 redemptione
3216 3642 3416 3704 nostra,
3453 3639 3529 3695 ita

1940 3714 2102 3768 etiam
2135 3713 2202 3767 de
2232 3729 2418 3768 eorum
2453 3712 2796 3782 reparatione
2825 3713 3136 3772 laetiﬁcavit.
3169 3721 3250 3774 Ad
3273 3723 3411 3780 hanc
3439 3744 3528 3784 so.

1937 3801 2170 3855 lemnem
2203 3801 2438 3856 hostiam
2469 3803 2624 3855 Anna
2661 3801 2939 3868 invitatur,
2973 3805 3098 3874 quia
3127 3815 3311 3864 sancta
3341 3814 3529 3872 Eccle-

1938 3890 2019 3944 sia
2047 3890 2266 3960 superni
2295 3889 2480 3960 sponsi
2511 3889 2776 3960 spirituali
2801 3893 3167 3950 cohortatione
3181 3897 3248 3951 ad
3265 3908 3524 3962 aeternam

1936 3978 2446 4048 contemplationem
2479 3977 2674 4031 divinae
2697 3978 2954 4034 claritatis
2984 3997 3087 4051 per
3103 3987 3418 4054 quotidiana
3433 3995 3524 4051 de-

1935 4066 2135 4120 sideria
2161 4066 2362 4119 amoris
2392 4065 2728 4120 accenditur.
2760 4065 2893 4134 Qua:
2950 4076 3129 4124 tamen
3184 4075 3255 4129 ab
3295 4093 3526 4138 ascensu

1935 4169 2034 4208 suo
2065 4153 2319 4218 abstinet,
2361 4139 2462 4202 24
2497 4161 2551 4207 ut
2581 4152 2750 4207 lilium
2782 4154 2963 4222 iactet,
2997 4158 3118 4226 quia
3140 4169 3197 4214 ut
3225 4169 3408 4233 prosit
3438 4171 3524 4228 hic

1935 4242 2125 4298 Christi
2174 4242 2411 4312 parvuis,
2457 4241 2774 4296 dilationem
2832 4259 2944 4298 sua
2992 4245 3182 4316 gloria;
3252 4255 3524 4321 patienter

1933 4332 2178 4386 sustinet.
2213 4332 2304 4384 An
2335 4347 2443 4384 non
2473 4329 2540 4384 ad
2564 4329 2990 4386 immolationem
3033 4334 3192 4403 hujus
3250 4342 3516 4404 solemnis

1933 4421 2124 4506 hostire
2153 4423 2329 4473 mater
2348 4419 2442 4473 illa
2472 4418 2696 4474 invitata
2715 4419 2908 4487 luerat,
2929 4439 3050 4492 qua:
3066 4423 3314 4484 dicebat:
3348 4434 3520 4506 Cupio

229 4525 342 4564 non
367 4518 492 4564 ante
524 4508 848 4575 infunditur,
870 4525 1032 4580 quam
1060 4511 1131 4564 ab
1151 4525 1214 4564 ea
1243 4526 1496 4580 superna:
1513 4511 1819 4582 dispositio-
1853 4505 1904 4564 D
1929 4505 2188 4572 dissolvi,
2221 4510 2277 4562 et
2311 4524 2430 4563 esse
2458 4523 2587 4562 cum
2630 4508 2847 4564 Christo
2879 4509 3047 4578 (Phil.
3071 4529 3108 4579 ι,
3129 4519 3217 4586 23)
3238 4520 3265 4572 ‘2
3284 4520 3392 4577 Sed
3407 4505 3528 4594 quas

230 4599 319 4652 nis
348 4597 484 4652 radii
510 4597 724 4668 plenius
748 4607 1132 4669 agnoscantur.
1166 4597 1301 4666 Quae
1329 4599 1645 4670 concipiens
1662 4599 1830 4656 ﬁlium

230 4686 463 4757 peperit,
497 4686 625 4756 quia
653 4685 689 4739 ii
717 4701 852 4756 quos
880 4686 935 4739 in
964 4685 1072 4741 ﬁde
1110 4687 1484 4758 Redemptoris
1515 4689 1654 4759 parit
1690 4705 1834 4746 nova

231 4773 650 4830 conversatione
682 4773 891 4828 robusti
923 4781 1069 4828 sunt.

309 4863 486 4932 (Vers.
520 4865 635 4930 20.)
667 4863 735 4916 Et
753 4863 963 4917 vocavit
978 4878 1181 4918 nomen
1197 4863 1318 4934 ejus
1337 4864 1586 4935 Samuel,
1607 4881 1668 4923 eo
1696 4864 1838 4938 quod

231 4969 270 5006 a
300 4952 537 5006 Domino
564 4949 914 5021 postulasset
947 4967 1094 5006 eum.

307 5040 374 5093 39
390 5081 402 5092 .
440 5039 664 5095 Samuel
694 5039 1096 5109 interpretatur,
1121 5055 1319 5095 nomen
1334 5042 1452 5112 ejus
1470 5042 1638 5098 Deus.
1657 5041 1832 5111 Quem
1857 5039 1872 5058 ‘

232 5144 374 5202 ergo
417 5129 573 5183 nobis
625 5128 849 5184 Samuel
894 5129 1308 5185 convenientius
1351 5130 1608 5198 insinuat,
1669 5147 1832 5203 quam

233 5218 655 5289 praedicatorum
687 5217 955 5285 ordinem,
988 5218 1077 5288 qui
1109 5219 1177 5272 ad
1198 5218 1362 5274 fidem
1394 5228 1619 5275 vocatus
1649 5227 1728 5274 est
1760 5233 1833 5275 ex

231 5306 590 5378 gentilitate?
622 5305 759 5374 Quia
791 5305 936 5360 enim
971 5305 1125 5361 fortis
1163 5307 1576 5363 conversatione
1597 5315 1700 5375 est,
1725 5323 1829 5378 po-

234 5401 432 5452 testate
445 5394 718 5467 sublimis,
748 5401 802 5451 et
831 5394 960 5449 dum
977 5394 1033 5449 in
1049 5409 1115 5452 eo
1137 5394 1376 5467 speciale
1406 5396 1624 5468 signum
1644 5396 1831 5468 gratias

308 5582 336 5619 ὃ
372 5575 538 5630 Deest
567 5573 690 5646 ejus
720 5573 778 5629 in
807 5571 982 5646 Gilot.
1021 5573 1264 5646 etYatic.
1289 5572 1565 5646 Omittitur
1619 5587 1836 5646 quoque

235 5647 309 5704 Et
327 5649 552 5718 factum
582 5644 693 5714 est,
714 5653 844 5717 etc.,
871 5645 962 5717 qui
988 5660 1175 5701 versus
1203 5644 1346 5702 infra
1366 5645 1666 5717 explicatur
1693 5645 1839 5702 unde

555 5743 806 5802 Panos.
842 5741 1090 5800 LXXIX.

1940 4612 2036 4667 per
2063 4596 2264 4651 amoris
2282 4596 2550 4650 desideria
2580 4597 2646 4650 ad
2673 4597 2859 4667 sponsi
2878 4601 3113 4668 speciem
3159 4608 3399 4681 trahitur,
3459 4631 3528 4671 au

1942 4693 2092 4740 amet
2113 4684 2311 4740 lactare
2335 4683 2526 4750 ﬁlium,
2561 4684 2702 4739 dicat
2737 4686 2841 4740 :In
2888 4705 3060 4745 carne
3110 4694 3254 4750 mihi
3293 4716 3527 4761 manere

1943 4775 2326 4829 necessarium
2357 4778 2443 4829 est
2472 4778 2700 4846 propter
2731 4791 2822 4829 vos
2844 4775 3021 4844 (lbid.,
3045 4779 3158 4849 “.24).
3210 4783 3329 4851 Quo
3363 4792 3526 4848 etiam

1945 4861 2066 4918 cibo
2098 4877 2156 4916 se
2175 4862 2482 4916 Corinthios
2501 4862 2698 4917 aluisse
2726 4863 2959 4919 insinuat
2987 4866 3174 4924 dicens
3209 4889 3222 4927 :
3247 4872 3368 4933 Lac
3430 4897 3530 4936 vo-

1947 4951 2027 5007 bis
2043 4957 2241 5022 potum
2258 4949 2403 5016 dedi,
2432 4965 2546 5004 non
2573 4967 2761 5006 escam
2795 4953 2843 5016 (I
2875 4953 2995 5008 Cor.
3049 4971 3130 5026 III,
3191 4961 3246 5028 2)
3295 4964 3528 5027 Laetare

1944 5039 2144 5110 quippe
2175 5038 2430 5108 parvulos
2459 5046 2655 5093 sanctae
2686 5040 2945 5096 Ecclesiae
2963 5052 3043 5096 est
3059 5051 3365 5114 pastoribus
3385 5057 3531 5113 inﬁr-

1942 5143 2153 5182 morum
2202 5127 2318 5181 sive
2359 5125 2682 5195 simplicium
2731 5128 3031 5186 auditorum
3081 5138 3246 5193 corda
3297 5144 3533 5212 planoris

1943 5215 2234 5284 Scripturce
2257 5215 2455 5284 pabulo
2473 5215 2730 5271 enutrirc.
2751 5216 2958 5285 Quibus
2972 5222 3214 5289 profecto
3234 5227 3377 5284 idem
3395 5233 3530 5290 doc-

1941 5310 2024 5358 tor
2053 5302 2308 5374 egregius
2338 5303 2467 5358 dicit
2497 5302 2694 5360 :Nihil
2717 5307 2964 5375 judicavi
2980 5325 3068 5364 me
3081 5314 3227 5370 scire
3243 5318 3396 5375 inter
3415 5339 3524 5393 vos,

1937 5391 2053 5448 nisi
2085 5391 2394 5459 Christum,
2413 5395 2469 5448 et
2485 5391 2634 5449 hunc
2664 5395 3008 5464 cruciﬁxum
3027 5396 3085 5470 (Ι
3101 5399 3234 5459 Cor.
3265 5421 3322 5476 tl,
3355 5412 3431 5484 2).

1944 5587 2074 5631 eum
2105 5573 2458 5632 attexendum
2479 5590 2604 5631 esse
2631 5574 3011 5644 indicavimus.

2019 5644 2050 5688 ι)
2086 5645 2253 5703 Abest
2280 5647 2496 5720 infans,
2529 5661 2562 5702 a
2583 5645 2749 5703 Gilot.
2775 5654 2829 5704 et
2858 5648 3030 5712 Vatia.
