4062 6182
390 361 457 416 ιδ
1601 335 1858 394 SANCTI
1896 331 2240 392 GBEGORII
2271 333 2504 391 MAGNI
3620 336 3686 392 44

461 485 551 541 Η.
583 479 937 537 Ablactantur
961 481 1142 531 autem
1171 470 1426 536 infantes,
1458 480 1584 522 cum
1613 460 1823 535 parvuli
1847 474 1978 515 san-
2007 461 2067 520 A
2089 467 2200 529 Vat,
2241 459 2320 516 eis
2345 476 2458 516 sua
2531 460 2821 530 Majestatis
2875 463 3035 519 etiam
3088 461 3330 536 gloriam
3383 461 3694 519 manifestat

396 580 494 631 cta
522 569 787 627 Ecclesia
815 575 924 622 tam
956 560 1247 636 spiritualis
1275 553 1594 614 eruditionis
1622 565 1785 624 quam
1825 550 1982 605 bona

389 658 811 721 conversationis
863 656 1190 710 incremente
1241 645 1558 718 suspiciunt,
1613 650 1668 698 et
1704 640 1825 711 jam
1876 653 1985 694 non

397 752 647 825 planiora
676 746 811 802 sacri
833 742 1052 815 eloquii,
1084 739 1178 796 sed
1207 739 1314 793 alta
1333 735 1452 808 ejus
1499 737 1836 787 sacramenta
1889 742 1984 782 re-

398 817 639 913 quirunt.
679 835 753 890 Et
782 834 1085 889 ablactatus
1115 828 1291 884 infans
1319 832 1442 881 ante
1471 827 1822 892 conspectum
1867 817 1986 871 Do-

396 907 530 985 mini
582 935 839 996 appareat
893 920 1124 988 ducitur,
1171 933 1296 974 cum
1381 929 1476 985 per
1558 907 1987 964 adhortationem

397 993 815 1088 praedicatorum
846 1010 1096 1082 quisquis
1125 1005 1404 1075 subjectus
1433 1001 1574 1056 bene
1595 993 1990 1070 proﬁciensbo-

395 1084 478 1160 nis
507 1103 763 1176 cperibus
794 1101 1109 1157 adornatur.
1143 1094 1249 1164 Qui
1278 1091 1419 1148 enim
1446 1089 1516 1145 ad
1547 1088 1652 1144 hoc
1681 1084 1896 1141 ducitur
1934 1089 1993 1137 ut

396 1173 672 1267 appareat,
692 1208 801 1247 non
833 1197 1038 1245 tantum
1070 1193 1135 1243 ut
1163 1184 1345 1242 videat
1375 1180 1638 1245 defertur,
1668 1174 1778 1267 sed
1800 1173 1992 1267 etiam

397 1260 754 1340 ut-videatur.
787 1278 924 1348 Quia
953 1277 1094 1332 enim
1125 1273 1181 1329 in
1211 1271 1318 1328 ﬁne
1345 1286 1376 1325 a
1407 1267 1640 1324 Domino
1659 1262 1814 1318 multi
1827 1260 1990 1316 audi-

402 1373 507 1428 turi
538 1379 662 1426 sunt
692 1387 704 1426 :
730 1369 920 1425 Nescio
951 1382 1043 1422 vos
1063 1363 1280 1435 (Matth.
1304 1377 1432 1424 xxv,
1472 1357 1560 1426 12)
1616 1366 1880 1426 apparere
1938 1349 1994 1405 in

401 1467 703 1531 conspectu
731 1455 968 1512 Domino
997 1451 1215 1509 Samuel
1246 1449 1465 1514 dicitur,
1499 1444 1625 1516 quia
1662 1441 1890 1531 electus,
1944 1450 1996 1497 et

402 1529 622 1608 humilis
654 1546 936 1612 subditus,
962 1544 1088 1598 dum
1113 1539 1353 1613 perfecte
1407 1533 1700 1608 praesentia
1743 1529 1998 1602 despicit,

406 1638 730 1696 adveniente
760 1642 1000 1690 extremo
1025 1631 1206 1702 judice
1245 1639 1592 1698 nequaquam
1647 1619 1992 1692 reprobatur.

403 1727 550 1798 Quos
579 1735 759 1782 autem
790 1723 1051 1780 saculum
1079 1720 1134 1775 in
1163 1718 1245 1774 sui
1275 1731 1461 1772 amore
1505 1710 1719 1769 deﬁxos
1775 1709 1989 1776 retinet,

391 1797 451 1872 in
482 1823 778 1887 conspectu
812 1811 1043 1870 Domino
1069 1825 1177 1864 non
1221 1810 1514 1878 apparent.
1588 1799 1691 1870 Qui
1740 1797 1885 1854 enim
1939 1797 1993 1850 in
2021 1809 2075 1868 Β

392 1908 605 1962 honore
635 1919 818 1958 rerum
854 1897 1249 1956 transeuntium
1290 1893 1462 1951 videri
1507 1889 1757 1947 elatiores
1815 1901 1990 1956 appe-

396 2004 533 2060 tunt,
567 1995 668 2048 hoc
697 1990 940 2062 profecto
971 1984 1336 2058 superbiendo
1363 1988 1551 2054 agunt,
1575 1982 1636 2032 ut
1664 1976 1732 2030 ab
1763 1991 1827 2030 eo
1882 1987 1991 2045 quo

395 2084 514 2137 solo
543 2080 714 2138 videri
744 2079 941 2134 debent
965 2074 1318 2132 honorabiles
1348 2083 1624 2139 nunquam
1671 2064 1983 2120 videantur.

393 2172 550 2228 Unde
563 2178 616 2225 et
637 2185 737 2223 rex
769 2167 992 2232 electus,
1019 2165 1136 2219 etin
1163 2176 1346 2216 rerum
1375 2157 1613 2214 culmine
1657 2154 1888 2224 positus,
1920 2167 1990 2205 ne

392 2264 453 2315 in
483 2260 617 2315 ﬂore
641 2257 827 2313 saeculi
857 2255 1201 2324 deciperetur
1226 2251 1497 2312 obsecrat,
1529 2246 1743 2300 dicens:
1770 2243 1849 2297 Ne
1867 2256 1991 2312 pro-

387 2350 564 2422 jicius
583 2343 1190 2414 me,Domine,afacie
1211 2345 1310 2394 tua
1335 2337 1510 2407 (Psal.
1563 2349 1612 2401 L,
1661 2331 1774 2398 13).
1835 2333 1989 2384 Anna

392 2453 525 2510 ergo
555 2441 609 2492 et
636 2436 900 2490 ablactare
932 2431 1098 2485 ﬁlium
1131 2425 1478 2500 repromittit,
1536 2431 1588 2476 et
1642 2428 1766 2474 ante
1821 2434 1987 2473 cons—

391 2507 611 2597 pectum
638 2521 856 2578 Domini
887 2527 942 2574 ut
973 2523 1231 2589 appareat
1260 2515 1482 2580 ducere,
1517 2510 1645 2582 quia
1675 2515 1859 2562 sancta
1877 2507 1988 2561 Ec-

394 2595 556 2669 clesia
587 2612 788 2666 electos
817 2607 1064 2664 subditos
1095 2621 1230 2675 quos
1249 2602 1428 2658 erudit
1444 2598 1730 2672 prasentia
1747 2595 1988 2668 perfecte

396 2702 685 2772 despicere
716 2697 892 2763 docet,
926 2703 978 2749 et
1006 2695 1147 2749 bona
1177 2707 1359 2764 agere,
1388 2697 1440 2746 et
1466 2689 1535 2743 ad
1591 2695 1792 2742 aterna
1844 2684 1989 2739 bona

395 2771 516 2862 peri
538 2787 896 2843 humilitatem
948 2784 1235 2839 festinare.
1287 2780 1351 2834 Et
1402 2775 1698 2833 notandum
1737 2773 1864 2845 quia
1919 2771 1987 2826 ab

398 2861 726 2935 ablactionis
747 2876 866 2930 loco
901 2872 1098 2928 ductus
1129 2867 1412 2936 asseritur,
1443 2866 1535 2938 qui
1577 2878 1839 2936 apparere
1886 2861 1990 2915 de-

400 2967 530 3022 bere
558 2966 610 3018 in
639 2969 934 3033 conspectu
964 2959 1180 3016 Domini
1202 2956 1538 3029 perhibetur,
1569 2953 1692 3024 quia
1717 2949 1989 3014 videlicet,

401 3070 510 3110 non
531 3069 722 3124 parum
754 3047 1294 3119 interestspirirualis
1341 3043 1564 3110 itineris,
1627 3057 1748 3097 cum
1805 3039 1872 3093 ab
1929 3051 1994 3093 eo

405 3142 551 3214 quod
580 3142 646 3195 de
678 3138 886 3194 caelesti
915 3135 1234 3208 magisterio
1259 3133 1513 3188 discimus
1542 3130 1595 3184 in
1652 3145 1806 3184 usum
1865 3143 1996 3198 per-

408 3231 566 3286 fecta
607 3229 881 3284 tendimus
910 3223 1260 3296 Operationis.
1295 3221 1433 3290 Quia
1453 3234 1628 3275 veroa
1647 3217 1824 3272 studio
1854 3216 2002 3285 ejus-

409 3319 536 3374 dem
559 3316 883 3386 bonioperis
902 3329 1182 3385 nunquam
1200 3309 1533 3367 cessandum
1547 3315 1646 3377 est,
1663 3306 1909 3378 sequitur
1931 3322 1944 3361 :

477 3407 662 3476 (Vers.
693 3408 819 3472 9.2.)
849 3403 931 3458 Et
961 3405 1234 3474 appareat
1262 3400 1341 3455 ibi
1366 3400 1598 3470 iugiter.

484 3495 572 3548 4?.
605 3493 817 3564 Jugiter
846 3506 1082 3562 namque
1103 3489 1176 3542 ibi
1206 3503 1536 3558 apparemus
1565 3484 1707 3539 unde
1735 3497 2013 3552 nunquam

413 3583 766 3638 discedimus.
792 3580 1000 3651 Jugiter
1029 3593 1162 3648 ergo
1192 3578 1250 3630 in
1279 3571 1812 3646 conspectuDomini
1843 3587 2010 3641 appa-

419 3686 548 3726 rere
577 3677 664 3725 est
690 3669 949 3725 decorem
975 3667 1134 3723 bona
1187 3663 1613 3721 conversationis
1670 3660 1838 3715 nullis
1891 3659 2014 3713 vita

418 3758 660 3815 tenebris
690 3758 1006 3822 obscurare,
1040 3755 1167 3826 quia
1195 3753 1286 3825 qui
1317 3751 1386 3806 ad
1416 3751 1605 3806 illicita
1635 3749 1784 3804 nulla
1805 3746 2016 3811 deﬂuit,

419 3863 449 3902 a
482 3853 693 3901 secreto
717 3844 885 3901 divini
917 3843 1142 3897 intuitus
1172 3855 1455 3910 nunquam
1489 3839 1596 3893 exit
1629 3854 1642 3906 ;
1675 3841 1727 3892 et
1750 3835 1911 3906 quasi
1964 3834 2022 3885 in

416 3935 537 3990 luce
567 3934 800 4005 positum
829 3934 971 3987 hunc
1001 3931 1185 3987 divina
1215 3930 1434 3984 bonitas
1481 3927 1701 3998 respicit
1755 3924 1877 3994 quia
1933 3938 2023 3978 eas

426 4039 558 4094 quas
589 4022 869 4077 damnavit
899 4028 1247 4092 peccatorum
1301 4017 1555 4072 tenebras
1612 4014 1880 4070 electione
1937 4011 2022 4066 sui

423 4111 690 4169 examinis
721 4127 831 4166 non
862 4109 1108 4165 attendit.
1142 4109 1335 4162 Donec
1358 4105 1522 4178 igitur
1577 4104 1882 4159 ablactetur
1930 4102 2018 4156 in-

424 4202 576 4267 fans,
609 4200 679 4256 ad
709 4198 1096 4254 immolandam
1130 4196 1427 4252 solemnem
1447 4194 1679 4248 hostiam
1711 4210 1769 4248 se
1790 4209 1896 4246 non
1927 4208 2019 4246 as-

427 4305 720 4347 censuram
751 4291 909 4343 Anna
939 4286 1237 4354 denuntiat,
1263 4285 1386 4354 quia
1414 4290 1603 4336 sancta
1631 4280 1872 4336 Ecclesia
1894 4285 2015 4334 tan-

427 4380 522 4436 diu
567 4377 841 4435 custodire
896 4375 1035 4430 ﬁlios
1090 4372 1363 4444 proponit,
1418 4369 1656 4441 quandiu
1712 4368 1782 4425 de
1835 4385 2019 4423 eorum

425 4467 765 4538 perfectione
807 4479 999 4518 secura
1043 4461 1156 4515 ﬁeri
1198 4459 1372 4514 valeat
1417 4459 1544 4528 quia
1573 4457 1677 4528 ipsi
1707 4457 1775 4512 ab
1806 4464 2022 4527 accepta

430 4556 672 4611 bonitate
700 4553 924 4606 ulterius
955 4566 1065 4606 non
1095 4548 1365 4604 recedant.
1410 4548 1587 4602 Potest
1616 4554 1795 4602 tamen
1828 4562 2024 4601 ascen-

432 4661 526 4699 sus
554 4643 816 4699 solemnis
845 4639 1036 4694 hostia
1067 4638 1136 4693 ad
1167 4635 1503 4691 altitudinem
1533 4645 1732 4692 sancta
1763 4635 2026 4706 pradica-

427 4732 590 4788 tionis
625 4730 842 4786 referri.
876 4730 1015 4783 Nam
1044 4727 1112 4782 de
1142 4741 1369 4780 ascensu
1396 4725 1497 4778 viri
1518 4724 1635 4793 ejus
1674 4741 1769 4795 per
1799 4725 2035 4794 PrOphe-

433 4831 541 4877 tam
573 4820 828 4890 scriptum
860 4825 938 4872 est
972 4815 1450 4886 :Ascenditsuper
1471 4811 1786 4879 cherubim,
1818 4817 1873 4869 et
1892 4815 2040 4870 vola-

433 4917 513 4975 υὶι
545 4925 711 4982 super
738 4923 954 4980 pennas
984 4909 1279 4962 ventorum
1300 4903 1479 4982 μέθαι.
1515 4917 1647 4969 xvn,
1683 4904 1798 4972 ll).
1864 4903 2039 4973 Super

436 4978 962 5072 cherubim—quippe
983 4995 1251 5051 Dominus
1291 4978 1395 5044 25
1447 4990 1705 5060 ascendit,
1726 4991 1850 5062 quia
1878 4991 1932 5045 in
1949 5009 2036 5046 su-

429 5097 631 5153 blimus
690 5089 1105 5164 praedicatorum
1163 5097 1385 5136 suorum
1439 5080 1710 5136 mentibus
1765 5080 2031 5147 ascendit,

433 5200 486 5249 et
514 5186 756 5246 scientia
787 5199 902 5239 sua
932 5177 1270 5236 altitudinem
1299 5174 1469 5246 ponit.
1505 5175 1569 5228 Et
1614 5190 1776 5244 super
1821 5189 2033 5244 pennas

432 5287 726 5338 ventorum
783 5271 950 5338 volat,
1013 5267 1136 5340 quia
1193 5279 1378 5319 coram
1421 5263 1790 5334 spiritualibus
1847 5277 2029 5318 corum

430 5367 600 5424 oculis
633 5366 687 5420 in
719 5360 1054 5419 altitudinem
1109 5354 1263 5409 mira
1315 5350 1683 5423 intelligentia
1743 5366 1801 5405 se
1859 5357 2033 5420 sancti

431 5456 665 5527 Spiritus
695 5452 914 5506 ﬂatibus
947 5447 1140 5502 elevat.
1173 5443 1240 5497 Et
1273 5440 1521 5497 tenebras
1559 5437 1844 5494 lutibulum
1872 5453 2032 5492 suum

424 5524 577 5617 ponit
615 5540 796 5612 (lbid.,
831 5536 942 5606 12),
978 5535 1106 5606 quia
1142 5528 1438 5602 majestatis
1491 5543 1602 5582 sua
1641 5524 2029 5581 sublimitatem

419 5614 673 5704 reprobis
702 5624 1006 5682 abscondit.
1022 5621 1128 5678 Sed
1147 5622 1201 5675 in
1213 5618 1438 5676 circuitu
1475 5615 1599 5687 ejus
1621 5614 2027 5671 tabernaculum

417 5703 579 5780 suum
631 5714 834 5790 (Ibid.),
901 5711 1030 5785 quia
1083 5725 1220 5782 quos
1264 5723 1367 5779 per
1407 5704 1659 5761 sublimia
1712 5703 1856 5761 dona
1908 5703 2028 5761 ele-

2162 603 2256 657 43.
2302 602 2448 658 Bene
2475 610 2655 659 autem
2683 621 2808 661 cum
2837 606 3091 661 Helcana
3115 620 3378 661 ascensus
3407 603 3688 672 asseritur,

2092 690 2270 746 omnis
2308 690 2500 747 domus
2525 692 2644 761 ejus
2665 693 2984 749 ascendisse
3010 694 3345 764 perhibetur,
3380 693 3508 764 quia
3568 692 3690 748 illos

2092 793 2319 850 quorum
2350 781 2622 836 mentibus
2653 782 2851 837 eminet
2881 782 2934 836 in
2963 781 3244 836 altitudine
3272 797 3386 836 sua
3436 788 3687 837 contem-

2093 868 2348 939 plationis
2377 869 2524 926 velut
2554 869 2880 927 demesticos
2906 879 2960 926 et
2990 870 3285 926 familiares
3331 877 3492 925 tenet.
3553 869 3688 938 Qua

2094 964 2174 1012 est
2193 965 2372 1012 autem
2401 958 2677 1026 Helcana,
2708 959 2764 1014 id
2789 966 2877 1014 est
2904 957 3285 1030 Redemptoris
3313 958 3482 1014 nostri
3513 958 3688 1013 hostia

2096 1045 2380 1112 solemnis,
2413 1045 2520 1102 nisi
2550 1054 2859 1104 sanctorum
2881 1063 3097 1104 suorum
3115 1046 3371 1102 cordibus
3401 1045 3688 1102 ineﬂabilis

2096 1133 2237 1188 illius
2256 1135 2484 1190 interna
2508 1151 2661 1192 amor
2679 1136 2996 1192 eruditionis
3024 1137 3051 1189 ‘2
3073 1136 3218 1190 Nam
3238 1151 3428 1190 eorum
3461 1133 3691 1205 quisque

2096 1222 2200 1276 sibi
2230 1222 2580 1278 ineﬂ'abiliter
2616 1225 2924 1294 cumplacet
2953 1225 3008 1278 in
3041 1240 3127 1290 eo,
3159 1223 3304 1293 quod
3363 1238 3421 1278 se
3474 1229 3690 1277 ostensa

2097 1311 2482 1382 Redemptoris
2510 1313 2810 1368 sublimitas
2839 1321 2944 1367 tam
2974 1311 3282 1368 sublimiter
3309 1311 3486 1368 docet.
3532 1313 3691 1366 Anna

2098 1415 2231 1472 ergo
2260 1416 2317 1456 se
2345 1415 2468 1456 cum
2492 1401 2610 1457 viro
2626 1397 2724 1457 'suo
2740 1401 3037 1457 ascendere
3056 1400 3312 1472 abnegat,
3331 1400 3506 1455 donec
3521 1397 3689 1454 ﬁlium

2098 1489 2280 1553 lactat,
2311 1489 2437 1559 quia
2467 1498 2650 1546 sancta
2682 1489 2930 1546 Ecctesia
2959 1489 3141 1545 tandiu
3166 1489 3353 1544 vitavit
3381 1488 3491 1542 alta
3537 1503 3692 1558 pra-

2098 1577 2334 1634 dicando
2347 1577 2678 1649 contingere,
2704 1579 2942 1649 quandia
2963 1577 3388 1650 cognovitrudes
3401 1575 3694 1632 auditiores

2099 1682 2228 1721 suos
2250 1667 2396 1723 velut
2415 1667 2673 1737 parvulos
2701 1666 2812 1722 alta
2840 1682 3033 1738 capere
3092 1679 3444 1736 nequaquam
3502 1678 3688 1735 posse.

2100 1755 2235 1810 Hinc
2264 1771 2497 1824 namque
2527 1754 2582 1809 in
2610 1754 2744 1825 ipsis
2771 1763 2974 1810 sancta
3001 1753 3261 1809 Ecclesia
3277 1750 3694 1822 primordiisfa-

2098 1852 2242 1900 ctum
2273 1851 2352 1898 est
2381 1852 2457 1909 ut,
2489 1844 2640 1899 velut
2672 1843 2898 1914 parvulo
2939 1842 3117 1898 adhuc
3167 1844 3335 1896 Anna
3391 1840 3526 1906 filio,
3595 1855 3694 1910 per

2099 1932 2256 1988 trium
2281 1933 2738 2004 evangelistarum
2769 1932 2992 2004 scripta,
3024 1931 3260 1986 Matthai
3291 1929 3518 1997 scilicet,
3539 1930 3694 1984 Luca

2098 2029 2151 2076 et
2178 2022 2361 2087 Marci,
2394 2021 2477 2076 lac
2495 2021 2893 2091 pr0pinaretur,
2913 2021 3007 2091 qui
3024 2019 3373 2074 humanitatis
3396 2017 3694 2074 Dominica

2100 2109 2378 2165 historiam
2407 2109 2730 2174 scribentes,
2762 2123 2939 2179 pauca
2965 2109 3034 2163 de
3063 2109 3183 2177 ejus
3212 2107 3498 2161 divinitate
3544 2113 3693 2160 trac-

2100 2204 2347 2252 taverunt
2372 2214 2384 2261 ;
2409 2197 2506 2251 sed
2526 2213 2650 2252 cum
2672 2196 2929 2266 parvulus
2952 2195 3212 2251 Ecclesia
3230 2195 3458 2265 populus
3479 2207 3692 2249 cresce-

2099 2293 2196 2350 ret,
2229 2289 2282 2339 et
2311 2285 2366 2338 in
2396 2300 2711 2340 mensuram
2739 2284 2913 2338 atatis
2944 2281 3291 2354 plenitudinis
3320 2282 3520 2337 Christi
3549 2295 3685 2351 pro-

2097 2371 2282 2427 ficeret
2298 2373 2517 2443 (Ephes.
2538 2388 2611 2439 tv,
2638 2372 2747 2443 l3),
2778 2372 2864 2426 cui
2883 2372 3038 2426 lactis
3057 2377 3218 2440 potus
3236 2386 3343 2424 non
3374 2368 3688 2438 suffecerat,

2098 2461 2244 2531 pasci
2270 2461 2388 2516 cibo
2419 2460 2594 2515 solido
2616 2460 2983 2532 perquirebat.
3006 2459 3300 2530 Compulsa
3328 2458 3509 2529 itaque
3567 2471 3688 2510 ma-

2095 2556 2178 2604 ter
2215 2549 2464 2604 Ecclesia
2487 2549 2788 2605 ascendere
2819 2556 2920 2616 est,
2952 2556 3010 2602 ut
3031 2549 3147 2618 ipsa
3169 2563 3380 2617 quoque
3407 2544 3691 2602 cherubim

2096 2636 2268 2705 ﬁeret,
2301 2637 2614 2708 volantique
2642 2653 2806 2708 super
2862 2653 2921 2692 se
2977 2636 3328 2706 Redemptori
3384 2635 3686 2706 appropin-

2095 2733 2306 2799 quaret,
2339 2740 2547 2796 pennas
2577 2733 2896 2791 assumeret,
2927 2725 3294 2780 ambulantem
3324 2737 3492 2794 super
3522 2737 3614 2777 eas
3637 2722 3696 2776 in

2097 2821 2563 2871 sacramentorum
2620 2814 2898 2869 altitudine
2957 2821 3184 2880 teneret,
3244 2820 3405 2884 atque
3461 2828 3527 2867 ex
3577 2811 3700 2880 ejus

2098 2903 2381 2972 Majestate
2409 2910 2628 2973 caperet
2658 2903 2803 2972 quod
2823 2902 3065 2973 poscenti
3084 2901 3244 2957 unico
3257 2901 3578 2955 alimentum
3599 2899 3704 2955 da-

2097 3000 2201 3047 ret.
2247 2991 2398 3047 Unde
2422 2991 2626 3047 factum
2647 2999 2729 3046 est
2751 2995 2810 3045 ut
2832 2999 3057 3063 rogatus
3087 3008 3118 3046 a
3153 2990 3406 3044 fratribus
3455 3003 3704 3060 evange-

2103 3079 2233 3134 lista
2254 3081 2511 3135 Joannes.
2543 3096 2651 3134 non
2681 3079 2859 3135 solum
2880 3081 3126 3134 humana
3147 3079 3248 3134 sed
3273 3078 3434 3133 etiam
3462 3075 3710 3149 angelica

2032 3155 2081 3218 C
2110 3184 2400 3239 superans,
2432 3167 2651 3224 condita
2680 3175 2871 3223 cuncta
2889 3167 3316 3233 transcenderet,
3350 3173 3403 3220 et
3424 3181 3583 3234 quem
3618 3167 3706 3219 vi-

2117 3257 2245 3312 dere
2267 3256 2461 3311 meruit
2489 3256 2825 3327 unigenitum
2855 3257 2910 3310 in
2958 3257 3083 3309 sinu
3132 3254 3312 3309 Patris
3364 3253 3708 3324 praedicaret,

2117 3346 2302 3400 dicens
2335 3364 2348 3399 :
2373 3345 2442 3400 In
2469 3345 2752 3417 principio
2781 3349 2905 3400 erat
2939 3343 3199 3411 Verbum,
3222 3348 3278 3399 et
3311 3342 3553 3399 Verbum
3582 3344 3710 3397 erat

2115 3435 2266 3507 apud
2295 3437 2489 3502 Deum,
2523 3439 2578 3489 et
2605 3436 2884 3489 Deuserat
2916 3433 3156 3489 Verbum
3169 3434 3358 3503 (Joa‘n.
3392 3449 3430 3499 ι,
3453 3433 3528 3502 1).
3557 3432 3712 3486 Tunc

2120 3538 2251 3594 ergo
2282 3525 2444 3575 Anna
2472 3521 2736 3585 ascendit,
2767 3537 2888 3574 cum
2919 3527 3108 3574 sancta
3128 3519 3370 3575 Ecclesia
3399 3535 3456 3573 se
3485 3519 3542 3573 in
3561 3518 3715 3573 celsi-

2123 3611 2362 3666 tudinem
2394 3609 2592 3663 divina
2615 3608 3028 3679 pradicationis
3048 3616 3158 3662 tam
3183 3607 3488 3663 sublimiter
3503 3606 3713 3662 extulit.

2119 3699 2266 3752 Tunc
2304 3697 2470 3751 etiam
2498 3696 2798 3751 immolavit
2828 3695 3128 3750 solemnem
3156 3694 3414 3761 hostiam,
3465 3694 3588 3764 quia
3637 3693 3706 3748 de

2122 3785 2431 3858 cognitione
2459 3785 2754 3840 divinitatis
2781 3784 2837 3838 in
2865 3784 3170 3839 auditorum
3201 3799 3430 3839 suorum
3461 3781 3722 3838 cordibus

2127 3874 2400 3929 ﬂammam
2433 3874 2580 3928 mira
2601 3871 2921 3930 devotionis
2943 3873 3207 3928 accendit.
3229 3871 3498 3926 Solemnis
3521 3870 3721 3942 quippe

2124 3963 2299 4018 hostia
2353 3961 2476 4028 fuit,
2533 3963 2602 4017 de
2646 3961 3060 4031 incomparabili
3117 3959 3352 4030 eloquio,
3431 3957 3726 4029 singularis

2130 4051 2338 4107 oblatio
2369 4051 2706 4107 devotionis.
2737 4052 2888 4106 Tunc
2918 4051 2975 4102 in
3003 4055 3301 4119 conspectu
3323 4045 3538 4102 Domini
3556 4044 3725 4100 filium

2127 4139 2373 4205 adduxit,
2407 4155 2528 4193 cum
2558 4138 2865 4194 auditorum
2895 4152 3118 4192 suorum
3149 4135 3405 4192 cordibus
3425 4133 3727 4206 perfectam

2135 4227 2509 4299 cognitionem
2539 4242 2767 4281 summa
2793 4224 3092 4282 divinitatis
3121 4222 3408 4279 intimavit.
3442 4222 3576 4291 Qua
3591 4239 3726 4294 pro-

2127 4315 2270 4370 fecto
2299 4314 2399 4370 Dei
2420 4314 2683 4386 cognitio,
2713 4315 2843 4386 quia
2863 4329 2970 4368 non
3000 4313 3176 4369 solum
3207 4310 3312 4367 ﬁde
3344 4310 3580 4367 tenenda
3623 4317 3728 4378 est,

2123 4403 2225 4459 sed
2263 4403 2632 4471 confessione,
2669 4410 2724 4458 et
2771 4403 2915 4474 quod
2956 4401 3244 4470 credimus,
3305 4408 3358 4454 et
3390 4398 3729 4467 conﬁtemur,

2045 4495 2098 4555 D
2128 4507 2230 4548 nec
2250 4491 2504 4564 ignorare
2535 4491 2780 4559 ulterius,
2811 4507 2914 4546 nec
2942 4490 3102 4545 silere
3149 4488 3538 4559 permittimur,
3597 4503 3734 4559 puer

2139 4579 2462 4648 ablactatus,
2495 4579 2588 4650 qui
2617 4579 2684 4634 ad
2703 4579 2924 4634 domum
2947 4577 3165 4633 Domini
3194 4576 3498 4644 adducitur,
3528 4576 3734 4648 jugiter

2141 4669 2201 4724 in
2225 4675 2518 4739 conspectu
2541 4667 2757 4725 Domini
2786 4682 3010 4722 manere
3040 4665 3371 4721 declaratur.
3429 4665 3684 4735 Sequitur
3717 4681 3729 4718 :

2215 4793 2392 4860 (Vers.
2421 4793 2535 4862 '23.)
2570 4790 2651 4846 Et
2681 4791 2831 4846 dixit
2861 4791 2912 4845 ei
2959 4790 3208 4845 Helcana
3259 4789 3346 4844 vir
3398 4805 3535 4844 suus
3565 4806 3584 4842 :
3629 4788 3734 4842 Fac

2143 4881 2286 4956 quod
2301 4881 2401 4937 tibi
2421 4881 2625 4938 bonum
2648 4879 2869 4935 videtur
2884 4898 2901 4943 ;
2919 4893 3108 4944 mane,
3133 4877 3307 4932 donec
3324 4876 3572 4933 abiecte:
3582 4891 3731 4931 eum.

2213 4998 2307 5052 44.
2349 4995 2489 5064 Quid
2519 5001 2602 5050 est
2631 4992 2784 5064 quod
2797 4995 2965 5047 Anna
2990 4988 3278 5046 consilium
3308 4988 3412 5044 viri
3441 4987 3525 5043 sui
3543 4994 3736 5043 aucto-

2140 5085 2300 5140 ritate
2321 5084 2625 5149 roboratur,
2656 5081 2762 5136 nisi
2791 5080 2918 5150 quia
2944 5079 3291 5150 propositum
3321 5084 3525 5132 sanctae
3556 5075 3738 5131 Eccle-

2141 5174 2236 5228 sia
2265 5189 2372 5228 non
2399 5188 2463 5227 ex
2488 5172 2725 5226 humano
2754 5167 3098 5240 prasumitur
3117 5166 3341 5234 judicio,
3395 5164 3492 5219 sed
3540 5180 3605 5220 ex
3649 5163 3739 5218 di-

2139 5262 2264 5318 vino
2291 5261 2319 5314 ?
2345 5261 2482 5316 Nam
2512 5258 2772 5330 quidquid
2791 5264 2981 5313 sancta
3009 5255 3258 5312 Ecclesia
3313 5252 3579 5321 subjectis
3635 5250 3742 5306 sibi

2140 5349 2455 5405 nationibus
2483 5347 2770 5418 disponere
2796 5344 2984 5413 voluit,
3017 5352 3145 5398 tunc
3182 5343 3402 5398 demum
3448 5340 3504 5395 id
3558 5343 3743 5395 ratum

2139 5437 2348 5506 habuit,
2378 5453 2501 5492 cum
2531 5452 2604 5491 ex
2624 5435 2851 5490 interna
2881 5431 3126 5490 veritatis
3147 5429 3358 5501 judicio
3389 5427 3520 5500 quid
3563 5427 3744 5498 dispo-

2139 5526 2377 5583 nendum
2408 5531 2553 5581 esset
2581 5522 2826 5596 agnovit.
2841 5523 2908 5577 Et
2937 5521 3063 5592 quia
3084 5519 3416 5575 advocatum
3450 5517 3558 5587 26
3577 5514 3747 5571 habe-

2137 5631 2260 5670 mus
2277 5614 2420 5687 apud
2450 5615 2659 5670 Patrem
2677 5612 2730 5683 (Ι
2744 5611 2910 5670 Joan.
2942 5607 3105 5681 11,1),
3137 5606 3231 5680 qui
3274 5605 3587 5679 interpellat
3640 5616 3745 5676 pro

2134 5702 2321 5773 nobis,
2352 5701 2656 5775 subjungit,
2685 5708 2856 5773 atque
2870 5695 2948 5754 ait
2977 5713 2992 5753 :
