4062 6182
280 337 352 394 ιε
1150 331 1225 391 IN
1252 330 1519 391 PRIMUM
1548 329 1794 389 ἰωϐοΜ
1822 326 2370 388 EXPOSITIONES.
2400 360 2472 372 —-
2517 328 2651 387 LIB.
2689 331 2733 388 Ι.
3517 329 3589 386 ισ

350 463 528 534 (Vers.
558 462 675 533 23.)
699 459 1012 533 Precorque
1042 462 1110 516 ut
1136 459 1374 532 impleat
1419 459 1694 515 Dominus
1741 470 1871 512 ver-
1899 454 1956 516 A
1984 461 2090 511 tate
2119 453 2372 511 vanitatis
2411 454 2620 522 habuit,
2655 454 2752 509 sed
2808 469 2871 509 ex
2929 453 3123 510 virtute
3178 455 3337 512 home
3390 455 3576 510 inten-

278 555 414 610 bum
447 567 678 606 suum.

351 640 451 698 L5.
486 637 646 708 Quod
674 644 765 693 est
797 635 1044 701 verbum,
1079 635 1226 707 quod
1244 634 1581 707 implendum
1605 632 1881 690 asseritur

283 729 391 785 nisi
419 706 821 800 praedestinata
836 706 1130 781 conversio
1164 706 1487 795 gentilitatis
1506 723 1535 777 ?
1563 723 1630 778 Et
1660 721 1785 793 quia
1806 706 1911 792 pef-

286 818 406 889 ejus
435 816 762 889 sanguinem
790 813 1205 871 reconciliamur
1234 813 1491 884 Deo,ipse
1506 827 1608 884 pro
1632 810 1906 882 implendo

283 907 468 963 verbo
496 910 773 977 precatur,
800 902 959 973 cujus
990 902 1213 958 obtentu
1229 902 1380 957 salus
1400 909 1583 957 nostra
1603 897 1905 971 perﬁcitur,

282 994 505 1051 Prccari
529 993 698 1049 etiam
721 992 771 1047 ei
801 999 885 1047 est
913 1007 971 1046 se
1002 991 1057 1045 in
1086 990 1425 1045 humanitate
1465 994 1744 1059 assumpta
1802 1001 1907 1059 pro

284 1083 464 1138 salute
494 1090 676 1136 nostra
701 1088 910 1135 aeterno
948 1080 1095 1133 Patri
1125 1079 1384 1134 continue
1419 1077 1713 1143 exhibere;
1759 1074 1904 1147 quod

292 1172 427 1227 dum
457 1170 539 1225 sic
566 1185 624 1224 se
652 1167 825 1224 oﬁ‘ere
852 1183 961 1223 non
990 1166 1207 1234 desinit,
1237 1166 1536 1237 receptioni
1568 1172 1767 1220 nostras
1787 1162 1907 1218 adi-

288 1269 415 1314 tum
442 1256 516 1312 ad
539 1257 706 1313 vitam
735 1255 885 1312 facit.
918 1254 1058 1323 Quia
1086 1270 1219 1311 vero
1237 1254 1611 1325 dispositionis
1639 1268 1754 1308 suae
1768 1267 1904 1307 con-

288 1346 476 1402 silium
510 1343 848 1415 exquirendo
878 1343 1134 1415 perfecit,
1154 1351 1278 1415 apte
1300 1341 1638 1397 subinfertur
1660 1356 1674 1396 :
1698 1340 1904 1397 Mansit

296 1452 437 1509 ergo
457 1434 689 1497 mulier.
721 1436 779 1489 et
803 1432 1036 1488 lactavit
1064 1432 1251 1502 ﬁlium
1268 1448 1437 1488 suum
1457 1431 1631 1487 donec
1671 1442 1901 1486 amove-

284 1528 380 1582 ret
409 1539 544 1581 eum
572 1539 610 1578 a
640 1523 817 1577 lacte.
855 1520 1075 1576 Deinde
1106 1520 1352 1589 sequitur
1380 1534 1398 1571 :

367 1608 1031 1683 (Vers.2-l.)Etadduxit
1051 1624 1202 1675 eum,
1235 1611 1533 1681 postquam
1571 1606 1902 1663 ablactave-

288 1706 410 1769 rat,
424 1702 488 1755 in
512 1700 707 1756 vitulis
726 1698 931 1763 tribus,
950 1702 1004 1753 el
1026 1698 1204 1753 tribus
1228 1697 1428 1753 modiis
1441 1697 1670 1767 farinae,
1703 1700 1762 1752 et
1784 1713 1904 1751 am—

290 1791 475 1863 phora
490 1788 613 1845 vim
632 1806 647 1852 ;
663 1792 715 1843 et
731 1786 975 1843 adduxit
988 1802 1116 1842 eum
1138 1787 1201 1842 in
1213 1786 1438 1843 domum
1452 1785 1682 1840 Domini
1692 1785 1751 1839 in
1766 1785 1900 1841 Silo.

372 1880 465 1933 56.
498 1876 645 1947 Quid
664 1891 900 1947 namque
924 1890 1026 1947 per
1045 1874 1264 1930 vitulum
1285 1874 1390 1930 hoc
1409 1874 1531 1929 loco
1545 1872 1900 1945 signiﬁcatur,

294 1967 411 2023 nisi
438 1965 785 2038 propositum
814 1963 1089 2020 imitanda
1114 1964 1239 2019 vitae
1264 1961 1624 2035 perfectorum
1641 1962 1670 2018 ?
1690 1961 1798 2017 Sed
1816 1962 1900 2019 vi-

297 2056 447 2111 tulus
471 2062 560 2110 est
590 2070 714 2109 cum
741 2053 795 2107 in
809 2052 974 2109 corde
1003 2053 1245 2108 exoritur
1271 2050 1624 2123 proﬁcientis,
1652 2051 1750 2106 bos
1796 2067 1899 2106 au-

294 2151 414 2200 tem
442 2159 568 2199 cum
599 2158 697 2213 per
723 2142 889 2197 robur
924 2141 1136 2197 virtutis
1167 2140 1236 2196 ad
1284 2138 1537 2196 affectum
1589 2138 1901 2211 perducitur

294 2247 522 2304 magna
543 2230 986 2287 conversationis.
1007 2227 1130 2297 Quo
1156 2228 1213 2283 in
1235 2228 1354 2284 loco
1374 2227 1530 2284 valde
1545 2227 1899 2299 quaerendum

296 2326 391 2376 est
429 2334 531 2375 cur
557 2333 669 2374 non
696 2333 839 2372 unus
870 2318 1084 2382 vitulus,
1112 2317 1210 2371 sed
1239 2324 1347 2372 tres
1370 2315 1439 2371 ad
1484 2316 1899 2372 tabernaculum

297 2406 530 2463 adducti
560 2406 938 2477 perhibentur.
972 2405 1079 2462 Sed
1108 2403 1165 2459 in
1184 2405 1355 2460 tribus
1381 2403 1567 2460 vitulis
1587 2405 1777 2460 intans
1798 2404 1901 2458 de-

292 2495 443 2551 latus
472 2494 884 2559 ostenditur,ut
916 2509 1104 2549 eorum
1136 2493 1364 2549 formam
1394 2493 1631 2548 insinuet
1689 2492 1781 2564 qui
1830 2491 1901 2547 ad

292 2583 708 2656 praedicationis
737 2582 1097 2639 ministerium
1112 2582 1465 2637 instruuntur.
1486 2581 1761 2638 Perfectus
1780 2588 1901 2636 ete-

296 2674 421 2728 nim
450 2672 666 2740 doctor,
697 2679 752 2726 et
776 2671 1162 2743 peccatoribus
1192 2670 1592 2739 convertendis,
1620 2679 1672 2726 et
1709 2677 1904 2726 custo-

291 2761 518 2817 diendis
537 2759 703 2829 justis
732 2758 1012 2831 invigilat.
1050 2758 1219 2827 Quasi
1250 2758 1394 2813 enim
1424 2758 1654 2814 colonus
1702 2757 1908 2813 summi

291 2848 716 2923 patrisfamilias
729 2854 950 2920 utrumq
964 2863 1032 2903 ue
1052 2847 1247 2903 bovem
1274 2846 1469 2902 aratris
1489 2846 1697 2914 inserit,
1721 2856 1778 2902 ut
1799 2862 1906 2903 non

291 2938 476 2993 solum
494 2935 730 3009 vigilare
741 2936 1006 2991 stantibus
1022 2951 1089 2991 ne
1101 2942 1375 3002 corruant,
1393 2934 1491 2990 sed
1507 2935 1667 2991 etiam
1720 2934 1906 3006 lapsos

293 3026 481 3098 possit
511 3025 727 3097 erigere
745 3032 805 3079 ut
832 3024 1148 3079 subsistant.
1178 3023 1287 3079 Sed
1315 3024 1407 3096 qui
1431 3023 1568 3080 duos
1589 3023 1762 3080 boves
1805 3026 1907 3080 ha-

296 3114 393 3170 bet
421 3114 483 3168 in
513 3113 890 3183 subjectorum
923 3111 1306 3179 sollicitudine,
1344 3120 1405 3167 ut
1459 3128 1580 3168 esse
1634 3111 1907 3183 perfectus

2006 543 2172 598 tionis
2200 542 2474 615 sequitur:
2499 545 2567 599 Et
2597 542 2869 615 amphora
2896 544 3034 600 vini.
3063 544 3245 601 Virtus
3272 540 3408 602 vero
3426 546 3582 602 bona

2010 630 2327 687 intentionis
2354 639 2438 687 est
2465 631 2698 687 cbaritas
2714 631 2832 697 Dei,
2865 648 2988 704 quae
3003 632 3057 687 in
3077 632 3373 689 electorum
3402 635 3591 690 cordi-
3634 632 3665 639 ”

2016 722 2117 776 bus
2142 718 2477 789 diffunditur,
2501 737 2598 792 per
2624 721 2824 777 donum
2847 720 3078 790 Spiritus
3107 722 3296 777 sancti.
3314 720 3471 791 Quod
3499 723 3589 778 ni-

2017 810 2211 865 mirum
2231 808 2505 865 charitatis
2518 809 2720 865 donum
2752 816 2899 865 recte
2928 809 3039 865 vini
3067 809 3427 881 appellatione
3448 811 3586 883 figu-

2013 908 2183 965 ratur,
2220 885 2323 950 27
2359 897 2485 968 quia
2513 909 2749 953 mentem
2779 904 3025 967 occupat,
3057 905 3107 954 et
3135 913 3169 953 a
3200 899 3424 954 terrenis
3450 897 3591 955 affe-

2012 988 2188 1044 ctibus
2209 988 2430 1056 alienat,
2443 987 2864 1044 utintentionem
2885 987 2953 1043 ad
2972 989 3230 1043 saeculum
3247 1004 3355 1044 non
3370 989 3592 1062 habeat,

2013 1094 2172 1149 quam
2195 1077 2263 1132 ad
2291 1076 2595 1148 appetenda
2624 1076 2736 1132 sola
2756 1076 2998 1132 caelestia
3018 1077 3339 1134 inﬂammat.
3364 1079 3590 1150 Verum,

2010 1174 2067 1222 ut
2096 1165 2261 1235 hujus
2283 1180 2497 1237 quoque
2526 1164 2732 1220 virtutis
2756 1182 2864 1221 non
2893 1165 3176 1236 perfectio,
3223 1167 3318 1221 sed
3374 1168 3584 1226 initium

2006 1254 2339 1328 designetur,
2373 1253 2642 1325 amphora
2673 1252 2803 1321 vini,
2840 1256 2895 1309 et
2940 1270 3052 1310 non
3107 1255 3365 1325 poculum
3418 1257 3588 1316 fuisse

2009 1343 2331 1399 ostenditur.
2364 1342 2422 1397 In
2464 1343 2783 1413 amphoram
2824 1341 3024 1413 quippe
3078 1343 3389 1415 reponimus
3447 1347 3595 1417 quod

2007 1432 2336 1505 quandoque
2362 1446 2464 1502 per
2492 1429 2745 1501 poculum
2774 1431 3147 1502 propinamus.
3182 1432 3330 1489 Hinc
3357 1440 3438 1490 est
3453 1435 3596 1492 enim

2008 1521 2151 1596 quod
2180 1521 2231 1575 is
2260 1521 2352 1592 qui
2382 1535 2633 1591 supernae
2655 1518 2930 1574 charitatis
2962 1520 3346 1591 perfectionem
3394 1532 3590 1595 gusta-

2007 1616 2181 1677 verat,
2216 1610 2330 1664 Deo
2358 1607 2714 1679 omnipotenti
2741 1606 3097 1664 confitebatur
3116 1609 3331 1667 dicens:
3358 1608 3585 1685 Impin-

2006 1699 2193 1770 guasti
2207 1698 2270 1752 in
2290 1698 2409 1755 oleo
2438 1701 2610 1769 caput
2638 1713 2847 1767 meum,
2861 1701 2917 1752 et
2944 1699 3213 1769 poculum
3231 1715 3424 1757 meum
3460 1701 3589 1759 ine-

2010 1786 2221 1853 brians,
2254 1803 2424 1859 quam
2440 1787 2781 1858 praeclarum
2801 1790 2885 1842 est
2913 1786 3087 1858 (Psal.
3104 1804 3229 1854 xxu,
3250 1788 3304 1859 5)
3342 1789 3354 1843 ῐ
3391 1790 3450 1845 In
3470 1805 3595 1846 am-

1928 1870 1981 1930 B
2012 1878 2181 1948 phora
2197 1891 2330 1948 ergo
2350 1875 2459 1931 vini
2476 1874 2692 1931 Samuel
2709 1875 2915 1930 oblatus
2930 1876 3376 1948 ostenditur,quia
3393 1878 3596 1937 electus

2007 1963 2250 2032 quisque,
2265 1975 2388 2016 cum
2401 1958 2467 2013 ad
2479 1960 2809 2033 evangelicae
2823 1959 3223 2031 praedicationis
3243 1962 3597 2019 ministerium

2005 2057 2357 2121 praeparatur,
2377 2047 2546 2117 ipsius
2563 2048 2960 2118 praedicationis
2981 2049 3185 2105 bonum
3205 2051 3476 2122 proponit,
3490 2067 3598 2108 non

2006 2154 2106 2209 pro
2134 2152 2275 2194 vana
2299 2136 2455 2204 hujus
2491 2135 2673 2191 seculi
2701 2136 3115 2204 ambitione,sed
3142 2153 3242 2208 pro
3271 2139 3388 2194 sola
3414 2140 3597 2195 chari-

2008 2234 2116 2283 tate
2142 2223 2471 2294 impendere.
2503 2223 2564 2277 In
2592 2223 2775 2278 vitulis
2799 2239 2929 2295 ergo
2959 2224 3243 2281 adducitur
3272 2242 3371 2296 pro
3398 2243 3598 2298 propo-

2007 2315 2108 2370 sito
2139 2312 2481 2377 fortitudinis,
2511 2311 2566 2365 in
2596 2311 2782 2367 farinae
2809 2312 3007 2368 modiis
3032 2329 3134 2383 pro
3161 2313 3406 2371 doctrina
3424 2316 3596 2386 verbi,

2007 2402 2063 2457 in
2090 2402 2354 2471 amphora
2381 2399 2491 2455 vini
2533 2416 2632 2469 pro
2659 2400 2952 2457 intentione
2980 2402 3273 2458 charitatis.

2080 2492 2176 2546 L8.
2215 2488 2348 2558 Quae
2373 2487 2618 2558 profecto
2646 2488 2902 2544 virtutum
2941 2489 3112 2556 initia,
3142 2490 3235 2545 ubi
3278 2490 3382 2547 sint
3422 2489 3592 2562 perli-

2010 2574 2201 2632 cienda
2223 2572 2431 2639 edocet,
2450 2587 2575 2629 cum
2603 2573 2904 2645 subjungit:
2929 2576 2999 2630 Et
3024 2575 3273 2631 adduxit
3292 2576 3354 2631 in
3371 2575 3601 2634 domum

2012 2662 2239 2718 Domini
2252 2662 2315 2717 in
2334 2661 2472 2719 Silo.
2504 2662 2709 2717 Domus
2736 2662 2952 2716 Domini
2982 2671 3166 2718 sancta
3194 2664 3433 2719 Ecclesia
3459 2675 3605 2722 recte

2012 2745 2348 2818 intelligitur,
2372 2761 2492 2815 quas
2519 2745 2773 2799 nimirum
2802 2745 2856 2799 in
2872 2744 2985 2801 Silo
3002 2746 3103 2801 sita
3131 2762 3248 2803 esse
3271 2748 3601 2817 perhibetur.

2015 2835 2128 2891 Silo
2158 2842 2336 2889 autem
2366 2833 2518 2889 locus
2545 2841 2624 2889 est
2654 2834 2705 2886 in
2738 2849 2844 2904 quo
2873 2850 2995 2889 arca
3018 2834 3117 2889 Dei
3146 2836 3406 2892 mansisse
3422 2838 3605 2907 perhi-

2012 2922 2192 2978 betur.
2231 2922 2370 2991 Quid
2410 2938 2542 2994 ergo
2585 2922 2731 2976 aliud
2772 2921 2884 2977 Silo
2926 2922 3027 2977 isto
3075 2923 3130 2976 in
3172 2924 3293 2979 loco
3335 2924 3610 2995 signiﬁcat

2015 3033 2178 3089 quam
2208 3018 2403 3075 veteris
2416 3017 2553 3088 legis
2578 3016 2916 3072 traditionem
2932 3016 2960 3070 ?
2980 3017 3119 3072 Nam
3146 3018 3294 3073 velut
3312 3034 3493 3074 arcam
3510 3018 3609 3074 Dei

2016 3107 2271 3173 continet,
2304 3106 2434 3162 dum
2462 3106 2733 3162 carnalem
2780 3106 3011 3160 litteram
3056 3106 3187 3162 foris
3215 3107 3453 3176 exhibet,
3488 3123 3608 3178 quae

304 3202 520 3269 valeat,
553 3202 750 3257 bovem
780 3201 993 3257 tertium
1019 3200 1217 3273 jungat
1236 3199 1290 3255 in
1319 3200 1504 3256 divina
1558 3201 1902 3273 contempla-
1932 3220 1982 3283 ο
2013 3216 2070 3270 in
2099 3198 2209 3253 suis
2236 3197 2455 3254 secretis
2482 3196 2776 3268 spiritalem
2820 3195 3101 3251 scientiam
3138 3198 3380 3254 clausam
3433 3207 3600 3254 tenet.

294 3291 473 3359 tione,
494 3297 556 3345 ut
571 3298 621 3345 et
638 3289 803 3346 corda
818 3290 1187 3360 proximorum
1200 3289 1411 3361 integro
1428 3290 1583 3361 jugo,
1606 3289 1898 3360 loquendo,

293 3380 450 3436 velut
471 3378 698 3444 arando,
731 3378 965 3449 aperiat,
997 3386 1051 3433 et
1067 3378 1421 3448 semetipsum
1443 3394 1543 3447 per
1561 3378 1903 3450 singularem

294 3468 510 3523 amoris
528 3467 899 3523 fortitudinem
917 3466 985 3521 ad
1001 3466 1297 3522 conditoris
1318 3466 1402 3521 sui
1423 3466 1666 3536 speciem
1687 3483 1905 3538 semper

293 3556 593 3614 excendat.
629 3554 852 3610 Samuel
879 3570 1015 3627 ergo
1038 3553 1095 3609 in
1115 3553 1296 3611 vitulis
1343 3554 1513 3611 tribus
1568 3554 1638 3609 ad
1685 3555 1907 3611 domum

291 3643 527 3701 Domini
558 3642 773 3711 dicitur,
797 3658 919 3699 cum
969 3643 1115 3698 bene
1172 3642 1400 3714 quisque
1446 3642 1738 3714 proficiens
1780 3660 1905 3715 pro-

292 3731 455 3804 ponit
474 3740 535 3785 ut
560 3747 624 3786 ex
651 3730 838 3785 labore
867 3729 1269 3801 praedicationis
1288 3729 1550 3799 prodesse
1580 3730 1762 3786 valeat
1784 3746 1908 3801 pro-

294 3820 486 3890 ximis,
520 3827 575 3875 et
603 3835 671 3875 ex
697 3827 906 3875 secreto
935 3818 1134 3889 quietis
1158 3819 1424 3874 inhaerere
1449 3819 1662 3875 intimas
1709 3819 1906 3881 visioni

296 3908 628 3965 conditoris.
660 3908 729 3962 Et
758 3907 882 3978 quia
901 3906 957 3962 id
980 3907 1115 3962 bene
1139 3907 1400 3963 exhibere
1426 3906 1637 3962 animus
1666 3905 1909 3978 imperiti

296 4012 609 4069 numquam
631 3995 850 4067 poterit,
904 3996 961 4050 in
1014 3995 1180 4051 tribus
1236 3995 1400 4052 etiam
1464 3995 1655 4052 farinae
1712 3995 1910 4052 modiis

292 4085 548 4142 offertur.
582 4086 668 4140 Ex
697 4084 871 4139 farina
899 4085 1099 4156 quippe
1128 4100 1252 4141 cum
1269 4100 1441 4156 panes
1461 4082 1616 4152 ﬁunt,
1642 4098 1906 4156 prepara-

291 4176 376 4230 tio
400 4173 727 4231 refectionis
744 4170 1036 4244 perficitur.
1060 4172 1217 4242 Quod
1242 4182 1375 4229 vero
1403 4189 1514 4229 non
1543 4173 1599 4227 in
1651 4173 1905 4244 panibus,

290 4263 392 4320 sed
424 4262 483 4318 in
502 4261 707 4317 farina:
720 4260 915 4318 modiis
932 4259 1170 4330 oﬂ‘ertur,
1185 4262 1387 4317 bonam
1405 4261 1748 4318 devotionem
1784 4260 1913 4318 doc-

290 4351 497 4407 trinam
522 4366 830 4423 proponere
860 4350 1190 4418 ostenditur,
1244 4365 1354 4406 non
1415 4349 1586 4422 ipsius
1633 4351 1910 4406 doctrinm

292 4439 657 4496 commodum
676 4438 951 4494 exhibere.
1002 4438 1215 4494 Modius
1269 4453 1401 4511 ergo
1448 4438 1640 4495 farina:
1696 4444 1911 4495 sanctae

288 4526 707 4597 pradicatiouis
720 4527 1178 4599 praeparationem
1206 4526 1493 4599 signiﬁcat.
1535 4527 1642 4584 Sed
1665 4528 1721 4582 in
1742 4527 1911 4583 tribus

290 4616 502 4673 modiis
530 4615 728 4671 farina:
749 4615 931 4671 infans
962 4615 1262 4682 adducitur,
1286 4616 1414 4688 quia
1434 4615 1562 4671 dum
1600 4616 1911 4688 praedicare

289 4704 683 4778 proponimus,
704 4704 932 4761 verbum
961 4703 1200 4761 scientiae
1233 4720 1605 4776 praeparamus
1651 4714 1908 4777 peccato—

295 4794 465 4849 ribus
482 4793 555 4848 ad
586 4792 1019 4860 conversionem,
1048 4791 1210 4864 justis
1233 4792 1301 4847 ad
1329 4800 1526 4849 statum
1556 4809 1909 4865 perseveran-

297 4883 415 4949 tia,
451 4888 506 4935 et
531 4881 690 4937 nobis
703 4881 770 4936 ad
783 4897 1071 4953 supernam
1085 4879 1603 4953 contemplationem
1623 4896 1636 4952 ;
1656 4882 1741 4939 vel
1761 4886 1908 4939 certe

298 4986 451 5027 unus
479 4970 681 5026 modiis
724 4976 823 5039 est,
854 4978 913 5025 ut
939 4969 1196 5040 diximus,
1219 4986 1319 5042 pro
1375 4971 1735 5028 conversione
1768 4988 1903 5044 pec-

300 5057 528 5127 catoris,
559 5056 695 5113 alius
745 5073 845 5130 pro
882 5058 1167 5130 disciplina
1209 5057 1517 5132 coniugati,
1552 5060 1738 5115 tertius
1769 5075 1905 5117 vero

302 5162 408 5221 pro
440 5146 733 5203 excellenti
761 5144 989 5218 puritate
1019 5146 1367 5204 continentis.
1398 5148 1466 5201 Et
1488 5147 1656 5203 modii
1685 5146 1908 5221 quidem

298 5236 561 5292 dicuntur
588 5250 689 5306 pro
718 5250 973 5290 mensura
989 5234 1361 5291 discretionis.
1408 5235 1560 5292 Unde
1609 5245 1667 5292 et
1720 5237 1908 5293 beatus

300 5323 509 5380 Paulus
558 5323 825 5396 perhibet,
859 5322 1097 5380 dicens:
1145 5323 1268 5380 Non
1318 5324 1452 5397 plus
1494 5341 1689 5397 sapere
1735 5343 1908 5400 quam

301 5411 526 5487 oportet
561 5426 778 5486 sapere,
808 5412 907 5469 sed
935 5427 1133 5485 sapere
1188 5410 1262 5469 ad
1305 5412 1672 5472 sobrietatem
1722 5416 1905 5487 (Rom.

299 5518 403 5571 xu,
440 5500 523 5572 3).

376 5591 473 5648 4⁸7.
504 5587 669 5659 Quod
689 5591 955 5663 profecto,
977 5606 1085 5664 qua
1104 5589 1526 5664 praedicatorum
1548 5591 1682 5651 ordo
1703 5591 1909 5652 electus

303 5678 670 5754 exigentibus
688 5678 895 5752 Vorte,
925 5679 1129 5738 electus
1144 5695 1214 5738 ex
1232 5679 1528 5755 gentibus],
1541 5696 1652 5739 non
1669 5698 1738 5741 ex
1762 5672 1906 5742 levi-

2013 3286 2155 3356 Quid
2183 3295 2263 3341 est
2291 3301 2443 3358 ergo,
2480 3286 2622 3356 quod
2654 3285 2847 3341 domus
2875 3285 3095 3341 Domini
3126 3286 3180 3339 in
3209 3286 3323 3341 Silo
3353 3287 3455 3341 sita
3492 3302 3609 3342 esse

2010 3377 2340 3448 perhibetur,
2372 3376 2473 3430 nisi
2505 3376 2632 3446 quia
2674 3384 2858 3431 sancta
2901 3375 3141 3431 Ecclesia
3180 3375 3235 3428 in
3273 3384 3609 3432 sacramento

2013 3466 2410 3535 Scripturarum
2440 3465 2587 3521 velut
2612 3464 2668 3518 in
2695 3465 2816 3519 loco
2843 3464 3063 3518 fundata
3080 3463 3459 3536 cognoscitur?
3480 3464 3615 3520 Illuc

2015 3554 2233 3610 Samuel
2264 3554 2525 3609 adductus
2553 3553 2823 3620 asseritur,
2855 3552 2968 3607 illic
2995 3552 3227 3618 oblatus,
3262 3551 3389 3623 quia
3413 3560 3611 3622 praeter

2014 3651 2254 3697 sanctam
2286 3641 2587 3698 Ecclesiain
2607 3641 2755 3697 locus
2780 3657 2888 3696 non
2916 3648 2995 3696 est
3023 3640 3114 3695 ubi
3133 3640 3325 3696 merita
3356 3640 3613 3697 virtutum

2014 3737 2274 3798 crescant,
2306 3739 2360 3785 et
2387 3730 2456 3785 ad
2476 3730 2691 3786 culmen
2715 3728 3064 3799 perfectionis
3092 3729 3329 3785 veniant.
3353 3728 3460 3784 Sed
3488 3744 3613 3785 cum

2015 3819 2134 3890 ipse
2162 3819 2251 3890 qui
2283 3818 2545 3876 adductus
2572 3827 2652 3873 est
2680 3818 2951 3885 asseritur,
2970 3817 3088 3888 ejus
3112 3832 3325 3889 quoque
3341 3816 3615 3873 dilationis

2015 3924 2179 3964 causa
2219 3915 2566 3974 memoratur,
2600 3922 2725 3963 cum
2756 3907 3000 3962 subditur
3031 3926 3045 3964 :

2086 3995 2269 4069 (Vers.
2306 3995 2433 4067 24.)
2464 3998 2613 4052 Puer
2646 4000 2840 4052 autem
2868 3996 3053 4052 adhuc
3082 3999 3209 4054 erat
3243 3996 3604 4068 infantulus.
3676 4060 3679 4061 ν

2087 4086 2227 4140 Nam
2257 4084 2301 4139 si
2330 4084 2625 4139 infantulus
2654 4091 2777 4139 tunc
2804 4099 2911 4139 non
2940 4092 3099 4152 esset,
3130 4085 3258 4139 dum
3284 4100 3385 4155 per
3411 4099 3469 4140 se
3494 4099 3613 4154 pos-

2017 4182 2097 4229 set
2126 4172 2405 4241 accedere,
2436 4172 2556 4229 duci
2606 4174 2708 4228 huc
2751 4172 2820 4227 ab
2869 4172 2976 4228 alio
3018 4186 3126 4229 non
3174 4180 3468 4243 oporteret.
3508 4172 3612 4228 Se-

2019 4263 2199 4335 quitur
2225 4280 2238 4318 :

2089 4353 2270 4424 (Vers.
2306 4351 2420 4423 25.)
2450 4351 2519 4406 Et
2537 4350 2979 4409 immolaverunt
3001 4349 3271 4420 vitulum,
3299 4351 3357 4405 et
3384 4349 3608 4407 obtule-

2015 4446 2159 4499 runt
2188 4457 2435 4514 puerum
2460 4441 2602 4497 Heli.

2091 4533 2178 4585 49.
2212 4529 2470 4600 Superius
2497 4528 2565 4585 de
2593 4528 2709 4585 sola
2736 4529 2896 4585 Anna
2921 4528 3236 4587 dicebatur:
3262 4530 3332 4586 Et
3361 4529 3610 4587 adduxit

2019 4636 2149 4677 eum
2176 4635 2387 4685 secum,
2413 4621 2703 4691 postquam
2725 4618 3128 4676 ablactaverat.
3151 4619 3306 4674 Nunc
3335 4626 3512 4675 autem
3543 4618 3611 4674 de

2015 4708 2255 4764 Helcana
2281 4707 2502 4778 pariter,
2535 4715 2588 4761 et
2615 4706 2683 4761 de
2715 4710 2868 4761 Anna
2896 4706 3239 4779 subjungilur
3270 4726 3281 4763 :
3318 4709 3384 4762 Et
3415 4709 3609 4765 immo‘

2018 4799 2286 4855 laverunt
2303 4796 2565 4860 vitulum,
2584 4795 2978 4851 eiobtulerunt
3008 4811 3250 4867 puerum
3275 4796 3420 4851 Heli.
3457 4795 3606 4852 Tunc

2015 4885 2327 4941 immolatus
2365 4891 2446 4938 est
2479 4883 2694 4948 vitulus,
2726 4899 2850 4937 cum
2883 4883 3144 4939 adductus
3179 4891 3259 4939 est
3287 4884 3524 4954 Samuel,
3557 4895 3611 4942 et

2017 4973 2252 5029 oblatus.
2278 4971 2335 5028 Si
2365 4986 2496 5043 ergo
2525 4970 2601 5025 ibi
2628 4977 2743 5025 erat
2771 4978 2894 5025 tunc
2921 4971 3178 5039 Helcana,
3210 4980 3263 5027 et
3289 4987 3415 5029 cum
3444 4973 3608 5029 duce-

2017 5062 2192 5130 batur,
2237 5068 2291 5115 et
2331 5076 2455 5115 cum
2498 5059 2841 5126 offerebatur,
2883 5076 3048 5130 quare
3088 5076 3196 5117 non
3247 5060 3449 5116 dictum
3504 5069 3603 5131 est,

2016 5150 2351 5206 adduxerunt
2376 5164 2501 5204 eum
2531 5164 2732 5215 secum,
2764 5148 2901 5204 sicut
2926 5148 3128 5204 dictum
3158 5157 3256 5215 est,
3286 5148 3607 5203 immolave-

2013 5246 2156 5309 runt,
2187 5245 2242 5293 et
2270 5237 2619 5293 obtulerunt?
2636 5238 2742 5294 Sed
2771 5238 2897 5309 quia
2916 5237 3036 5293 hinc
3064 5237 3131 5291 ad
3150 5236 3449 5290 Ecclesium
3469 5245 3522 5293 et
3536 5237 3607 5293 ad

2017 5327 2287 5383 Christum
2322 5326 2622 5394 retulimus,
2654 5326 2733 5380 illi
2760 5326 2980 5391 lactare,
3012 5324 3089 5378 illi
3127 5323 3394 5379 adducere
3430 5325 3605 5397 perti-

2015 5424 2126 5486 net,
2157 5413 2349 5471 otferre
2376 5422 2430 5470 et
2456 5414 2740 5470 immolare
2768 5413 2868 5468 sibi
2898 5421 2951 5468 et
2976 5411 3211 5469 Christo.
3254 5411 3379 5483 Ipsa
3408 5416 3611 5488 quippe

2013 5503 2204 5559 institit
2252 5502 2419 5561 verbo
2459 5501 2894 5574 prmdicationis,
2937 5500 3032 5556 sed
3075 5499 3269 5573 quibus
3310 5501 3612 5561 doctrinam

2012 5591 2248 5649 insinuat
2271 5590 2524 5648 virtutem
2543 5588 2903 5661 adimplenda
2918 5588 3246 5660 operationis
3270 5606 3614 5663 nequaquam

2015 5678 2411 5738 subministrat.
2466 5679 2721 5736 Litteram
2764 5677 2968 5751 quippe
3010 5679 3303 5751 Scriptura
3343 5680 3615 5752 loquendo
