4062 6182
305 241 376 298 .49
1113 244 1188 298 IN
1221 233 1497 297 PRIMUM
1532 239 1781 296 REGUM
1815 232 2360 293 EXPOSITIONES.
2397 263 2468 274 —
2505 235 2638 289 LIB.
2685 236 2730 288 Ι.
2775 227 2780 232 ’
3514 234 3584 287 50

311 365 439 419 ﬁlius
467 363 689 420 Domino
717 365 1106 435 commodatur,
1133 367 1255 438 quia
1303 367 1354 423 ei
1401 373 1587 422 sancta
1635 363 1873 420 Ecclesia
1905 362 1958 421 A
2057 364 2112 415 2.
2145 359 2280 428 Qua:
2308 360 2468 415 etiam
2499 368 2682 414 nostra
2709 368 2850 429 sunt,
2882 359 3004 431 quia
3049 359 3105 414 bi
3133 359 3245 430 qui,
3297 358 3582 415 abrenun-

310 452 494 508 electus
517 452 667 508 offert
699 454 751 507 in
766 455 1011 510 claritate
1040 455 1318 519 virtutum,
1336 464 1391 510 ut
1408 471 1504 511 eos
1526 453 1872 525 postmodum

307 542 364 596 ad
391 547 731 613 augmentum
779 544 862 598 sui
913 545 1096 599 aeterni
1139 545 1323 617 gaudii
1386 545 1490 598 sibi
1533 544 1876 614 omnipotens

305 632 432 684 Deus
461 631 709 684 exhibeat
738 633 792 684 in
818 633 1206 697 splendoribus
1235 634 1602 703 praemiorum.
1648 634 1712 685 Et
1767 648 1872 685 no-

302 719 496 772 tandum
527 719 647 789 quia
675 721 930 774 omnibus
949 721 1139 776 diebus
1159 723 1573 776 commendatus
1593 721 1870 788 asseritur,

302 815 350 860 ut
375 807 417 859 ei
447 807 511 860 de
538 822 603 860 co
636 808 782 878 quod
805 809 1112 874 habendum
1145 818 1225 866 est
1253 811 1321 865 de
1342 811 1606 881 spirituali
1638 825 1872 865 conver-

302 893 484 948 satione
513 895 818 961 nibildesit,
838 913 1000 968 quem
1024 898 1343 968 praedicator
1377 898 1580 952 electus
1601 900 1653 952 in
1675 906 1874 953 aeterna

299 981 394 1036 vita
419 981 654 1052 recipere
686 986 1030 1041 tenebrosum
1061 1003 1128 1042 ex
1158 986 1342 1058 aliqua
1372 995 1528 1057 parte
1563 1003 1672 1041 non
1720 994 1873 1057 pote-

299 1069 372 1126 rit.
404 1069 684 1141 Sequitur:

357 1193 518 1261 (Vers.
553 1193 667 1262 28.)
692 1198 759 1250 Et
797 1197 1182 1254 adoraverunt
1210 1198 1290 1254 ibi
1320 1199 1647 1254 Dominum.

357 1299 418 1352 Et
444 1315 542 1354 nos
572 1304 1032 1357 membrasanctae
1053 1304 1336 1373 Ecclesiae,
1361 1321 1481 1359 cum
1514 1321 1608 1375 per
1627 1305 1868 1375 scriptu-

291 1403 368 1441 ras
409 1388 742 1443 Testamenti
793 1391 1027 1460 Veteris,
1078 1393 1441 1458 venerationi,
1494 1401 1548 1447 et
1595 1401 1866 1463 praecepto

293 1475 568 1530 conditoris
587 1478 1141 1546 (a)submittimur,ibi
1160 1481 1402 1549 profecto
1419 1482 1708 1536 Dominum
1726 1481 1863 1536 ado-

291 1579 468 1629 remus,
527 1565 663 1635 quia
729 1567 943 1621 Patrum
986 1577 1222 1623 veterum
1279 1569 1438 1624 ﬁdem
1489 1577 1756 1637 tenemus,
1809 1576 1863 1624 et

289 1651 512 1705 eamdem
548 1652 711 1708 ﬁdem
744 1671 841 1724 per
870 1655 1217 1712 dilectionem
1247 1656 1302 1711 in
1332 1658 1475 1713 bono
1505 1673 1668 1729 Opere
1699 1674 1858 1713 exer-

287 1755 386 1793 cem
392 1757 464 1795 US.

898 1842 1120 1898 CAPUT
1159 1845 1228 1896 II.

344 1943 459 1998 Haec
488 1943 560 1998 de
595 1946 858 2016 principio
884 1948 1065 2018 typica
1112 1949 1450 2018 expositione
1494 1951 1856 2021 protulimus;

286 2046 408 2084 nunc
437 2032 486 2086 in
502 2034 757 2100 ejusdem
776 2035 962 2089 verbis
979 2037 1212 2092 historia:
1232 2037 1591 2093 eruditionem
1614 2047 1858 2094 nostram

285 2135 368 2186 per
396 2121 662 2174 moralem
698 2123 1149 2193 signiﬁcationem
1178 2127 1538 2196 requiramus.

336 2209 373 2270 (Ι
402 2209 536 2278 Reg.
579 2210 731 2281 1,1.)
771 2213 901 2266 Fuit
924 2214 1010 2268 vir
1039 2231 1208 2282 unus,
1246 2215 1436 2286 inquit,
1483 2215 1549 2270 de
1582 2218 1859 2273 Ramatha

277 2295 505 2366 Sophim.

337 2404 380 2483 t_.
410 2403 464 2455 In
497 2404 609 2459 hoc
639 2405 752 2460 viro
785 2423 890 2461 uno
921 2409 1049 2480 quid
1081 2410 1279 2464 rectius
1311 2426 1472 2481 quam
1491 2411 1858 2483 unusquisque

277 2473 369 2539 30
400 2505 572 2545 novus
596 2495 1132 2568 smculicontemptor
1179 2497 1498 2569 designatur
1528 2500 1555 2550 ‘?
1579 2499 1673 2553 Vir
1693 2473 1860 2554 nam-

274 2590 362 2644 que
413 2579 633 2645 dicitur,
665 2583 793 2651 quia
845 2586 1120 2654 proposito
1171 2586 1324 2640 fortis
1357 2594 1471 2652 est;
1509 2603 1655 2641 unus
1706 2605 1854 2645 vero.

272 2663 384 2732 quia
411 2682 604 2724 amore
660 2671 992 2742 singularis;
1027 2675 1109 2727 vir
1163 2690 1397 2745 namque
1453 2683 1554 2741 est,
1612 2677 1734 2748 quia
1794 2694 1858 2732 ex

275 2767 454 2825 magna
486 2758 686 2812 virtute
717 2769 904 2814 cuncta
939 2762 1229 2829 praesentia
1258 2762 1521 2833 despicit;
1550 2765 1645 2819 sed
1697 2783 1858 2841 unus,

271 2842 382 2908 quia
412 2845 521 2898 sola
559 2847 954 2917 omnipotentis
976 2850 1078 2903 Del
1123 2851 1300 2920 specie
1344 2852 1446 2906 frui
1503 2854 1855 2923 concupiscit.

269 2929 508 3000 Quisquis
540 2935 692 2988 enim
727 2937 972 3005 perfecte
1003 2945 1222 2993 terrena
1269 2939 1525 3011 despicit,
1558 2943 1640 2996 vir
1681 2951 1758 2998 est
1787 2958 1860 3000 ex

1987 448 2180 503 tiantes
2206 448 2424 514 saeculo,
2457 449 2766 504 remotioris
2793 449 2916 504 vitae
2943 458 3212 503 secretum
3258 447 3569 518 petivimus,

1986 539 2233 593 monachi
2265 553 2544 592 vocamur.
2576 539 2758 593 Monos
2789 537 3008 608 quidem
3030 536 3238 602 Graece,
3260 537 3447 591 Latine
3479 552 3569 590 au-

1985 631 2090 678 tem
2123 641 2265 678 unus
2293 624 2505 679 dicitur.
2541 626 2654 680 Hoc
2683 624 2886 694 quippe
2913 624 3066 678 titulo
3085 623 3461 694 appellationis
3483 624 3571 677 in-

1982 713 2288 780 scribimur,
2321 718 2379 766 ut
2410 728 2512 768 vox
2543 713 2779 768 nominis
2809 711 2980 766 nostri
3010 712 3166 766 nobis
3195 712 3426 767 insinuet
3447 712 3577 767 alti-

1982 800 2221 854 tudinem
2253 801 2558 870 dignitatis,
2584 807 2636 854 et
2662 801 2874 854 animus
2895 807 3079 855 noster
3107 808 3251 854 tanto
3299 801 3572 856 ardentius

1981 887 2050 942 ad
2081 888 2376 942 conditoris
2406 888 2668 943 visionem
2698 904 2756 941 se
2788 887 2976 959 erigat,
3012 895 3211 956 quanto
3267 887 3571 942 sublimita—

1980 982 2090 1029 tem
2122 974 2406 1041 claritatis,
2439 976 2493 1030 in
2518 990 2630 1045 qua
2652 963 2871 1044 semper
2899 975 3060 1030 debet
3089 975 3401 1042 consistere,
3417 976 3568 1047 quasi

1981 1064 2040 1117 in
2067 1064 2244 1118 fronte
2272 1064 2554 1134 praelatum
2586 1071 2785 1134 portat.
2821 1064 2929 1118 Sed
2957 1063 3132 1118 divini
3158 1063 3357 1118 amoris
3388 1063 3564 1117 subli-

1980 1153 2138 1206 mitas
2165 1152 2220 1205 in
2249 1153 2365 1206 sola
2393 1153 2667 1207 catholica
2695 1152 2948 1208 Ecclesia
2975 1152 3117 1207 veris
3147 1152 3327 1206 electis
3350 1151 3569 1223 impen-

1977 1239 2144 1294 ditur.
2181 1242 2327 1295 Bene
2356 1256 2490 1312 ergo
2522 1241 2620 1305 vir,
2655 1241 2750 1310 qui
2781 1257 2920 1294 unus
2949 1240 3165 1306 dicitur,
3200 1239 3266 1294 de
3300 1239 3566 1295 Ramatha

1977 1327 2222 1397 Sophim,
2247 1329 2316 1384 de
2341 1338 2522 1383 monte
2554 1329 2811 1398 Ephraim
2845 1329 3013 1384 fuisse
3067 1329 3393 1399 perhibetur.
3455 1329 3565 1382 Ra-

1975 1416 2158 1470 matba
2187 1416 2406 1486 quippe,
2436 1424 2494 1471 ut
2518 1417 2638 1488 jam
2680 1417 2814 1484 dixi,
2871 1417 3163 1471 Hebraeum
3209 1431 3406 1470 nomen
3463 1422 3568 1481 est,

1973 1505 2070 1558 sed
2101 1504 2291 1559 Latina
2318 1504 2586 1560 locutione
2617 1505 2812 1560 dicitur
2829 1505 2980 1560 Visio
3009 1512 3400 1560 consummata.
3432 1503 3564 1572 Quae

1968 1592 2214 1663 profecto
2245 1593 2535 1664 appellatio
2567 1601 2766 1649 sanctae
2807 1594 3068 1648 Ecclesiae
3114 1594 3384 1660 convenit,
3445 1608 3566 1663 quae

1886 1708 1940 1767 B
1969 1682 2264 1752 antiquitus
2293 1697 2324 1736 a
2352 1683 2631 1752 prephetis
2651 1682 2880 1752 praevisa
2910 1690 3008 1748 est,
3042 1683 3134 1736 sed
3166 1681 3222 1734 in
3264 1680 3426 1736 ﬁnem
3457 1695 3561 1736 sae—

1976 1769 2219 1824 culorum
2251 1769 2305 1822 in
2339 1770 2726 1840 Redemptoris
2744 1769 2852 1824 ﬁde
2881 1769 3562 1840 disposita.Consummata

1970 1874 2104 1929 ergo
2134 1858 2267 1913 visio
2299 1867 2485 1912 sancta
2513 1857 2759 1913 Ecclesia
2786 1858 2997 1927 dicitur,
3032 1859 3156 1928 quia
3184 1873 3284 1927 per
3321 1857 3560 1913 Redem-

1968 1954 2176 2017 ptorem
2206 1946 2429 2002 humani
2461 1947 2679 2019 generis
2708 1955 2889 2002 erecta
2920 1954 2997 2001 est
3052 1948 3106 2000 in
3134 1946 3410 2016 religionis
3440 1945 3561 2000 cul-

1967 2035 2133 2100 mine,
2167 2051 2287 2106 qua:
2318 2036 2447 2089 olim
2480 2043 2683 2089 tantum
2715 2035 2948 2106 praevisa
2978 2044 3088 2089 erat
3110 2035 3299 2104 spiritu
3331 2035 3561 2105 prophe-

1968 2121 2073 2176 tia‘.
2111 2124 2236 2176 Haec
2267 2133 2446 2176 autem
2476 2123 2702 2192 Sophim
2734 2139 2852 2178 esse
2899 2123 3219 2177 describitur
3261 2123 3316 2175 in
3374 2129 3557 2176 monte

1966 2209 2230 2280 Ephraim
2260 2210 2521 2264 aedificata
2538 2211 2762 2282 (Supra,
2782 2212 2948 2266 initio
2969 2212 3341 2282 expositionis
3357 2212 3562 2280 allego-

1967 2300 2143 2369 riae),
2176 2299 2298 2370 quia
2326 2298 2784 2369 contemplatione
2840 2299 2939 2353 Dei
2995 2299 3290 2353 celsissima
3345 2307 3445 2365 est,
3505 2305 3560 2352 et

1966 2387 2294 2458 spiritalibus
2324 2387 2614 2442 virtutibus
2644 2387 2893 2442 fecunda.
2928 2387 3150 2457 Sephim
3183 2387 3380 2456 quippe
3423 2402 3553 2456 spe-

1969 2476 2088 2530 cula
2117 2475 2328 2542 dicitur,
2363 2476 2621 2546 Ephraim
2653 2475 2998 2541 fructiﬁcans,
3033 2475 3164 2543 Quae
3192 2475 3434 2545 profecto
3451 2491 3559 2530 vo-

1969 2563 2161 2619 cabula
2189 2563 2350 2617 situm
2381 2572 2583 2619 sancta:
2615 2564 2872 2619 Ecclesiae
2903 2571 3050 2618 recte
3102 2563 3391 2626 insinuant,
3441 2579 3562 2633 quae

1968 2667 2076 2706 non
2095 2653 2267 2705 solum
2283 2652 2575 2706 intentione
2593 2652 2819 2706 visionis
2850 2652 2962 2706 alta
2992 2658 3092 2717 est,
3127 2651 3223 2705 sed
3241 2651 3562 2706 excellentia

1968 2740 2416 2796 conversationis.
2451 2740 2666 2807 Quibus
2697 2741 2852 2794 etiam
2884 2740 3164 2795 vocabulis
3194 2746 3245 2793 et
3275 2739 3559 2795 haeretico-

1968 2845 2084 2883 rum
2114 2828 2406 2895 dementia,
2438 2836 2488 2882 et
2517 2836 2829 2883 caeterorum
2882 2828 3253 2899 improborum
3301 2827 3561 2882 sterilitas

1970 2917 2310 2987 reprobatur.
2336 2915 2413 2969 llli
2442 2917 2684 2987 quidem,
2717 2918 2845 2969 dum
2876 2931 2908 2970 a
2930 2916 3252 2970 rectitudine
3283 2915 3409 2970 fidei
3453 2915 3554 2970 de-

271 3016 582 3085 tortitudine,
617 3024 713 3077 sed
729 3003 788 3077 si
817 3026 1151 3081 conditorem
1184 3045 1335 3081 suum
1368 3003 1626 3085 ardenter
1665 3031 1852 3086 videre
1883 3053 1932 3116 G
1968 3005 2135 3070 Viam:
2183 3003 2608 3116 δᾩεοωθξίοηξθξη
2651 3004 3002 3116 ξυωίωίίδίίῗ
3049 3019 3158 3116 Ῑξοη
3196 3004 3437 3116 iubent;
3471 3004 3560 3060 ίδίί

272 3122 363 3161 non
391 3112 590 3180 cupiat,
625 3129 734 3167 non
784 3123 865 3168 est
931 3131 1068 3169 unus
1098 3133 1166 3170 ex
1209 3117 1525 3173 intentione.
1588 3119 1852 3175 Perfectio

267 3195 413 3267 igitur
439 3199 534 3254 viri
569 3200 626 3254 in
654 3203 934 3269 praeconio
965 3203 1181 3274 ponitur
1208 3205 1446 3272 unitatis,
1480 3213 1538 3260 ut
1568 3207 1656 3276 qui
1677 3223 1855 3263 saecu-

264 3283 356 3338 lum
383 3295 634 3355 potenter
667 3290 901 3360 despicit
931 3300 1169 3347 mentem
1196 3309 1303 3347 non
1335 3293 1562 3362 dividat,
1597 3296 1727 3350 solis
1755 3312 1852 3350 su-

265 3375 424 3441 pernis
450 3376 643 3442 inhiet,
675 3378 741 3431 ad
774 3393 834 3434 ea
856 3387 1058 3434 tantum
1073 3397 1193 3450 quae
1223 3381 1288 3434 de
1306 3382 1514 3437 visione
1545 3383 1846 3439 conditoris

262 3459 365 3514 sunt
391 3472 598 3519 aeterna
626 3467 823 3537 gaudia
857 3467 1118 3537 suspiret.
1150 3469 1292 3522 Talis
1324 3471 1564 3539 profecto
1605 3480 1718 3524 erat
1749 3488 1841 3544 qui

263 3548 358 3604 Deo
378 3552 643 3608 conﬁtens
675 3555 748 3608 ait
771 3573 784 3608 :
826 3555 973 3619 Quid
988 3556 1133 3612 mihi
1148 3562 1325 3613 restat
1343 3558 1402 3612 in
1423 3559 1578 3625 caelo,
1625 3564 1679 3614 et
1705 3577 1740 3614 a
1775 3564 1830 3616 te

262 3640 377 3708 quid
404 3644 553 3697 votui
575 3659 742 3713 super
764 3649 978 3700 terram
995 3648 1167 3713 (Psal.
1193 3662 1362 3710 Lxxu,
1396 3648 1486 3716 95)
1511 3649 1538 3701 ?
1560 3648 1698 3702 Hinc
1716 3648 1844 3704 item

258 3725 396 3782 dicit:
439 3729 878 3800 Vultumtuum,
898 3735 1154 3802 Domine,
1173 3736 1457 3807 requiram
1480 3737 1662 3807 (Paul.
1687 3754 1838 3806 xxvr,

258 3814 320 3881 8).
352 3816 450 3883 Qui
481 3819 631 3872 enim
664 3819 717 3872 in
749 3828 892 3874 terra
923 3822 1055 3875 nihil
1088 3823 1280 3889 voluit,
1314 3824 1562 3894 profecto
1594 3827 1685 3879 vir
1704 3827 1835 3890 fuit;

261 3903 340 3958 sed
367 3906 452 3977 qui
483 3923 666 3978 neque
692 3907 743 3961 in
773 3909 934 3974 caelo,
971 3926 1147 3981 neque
1177 3912 1229 3965 in
1262 3919 1406 3966 terra
1427 3912 1629 3984 aliquid
1647 3923 1837 3984 praeter

254 3990 409 4060 ipsum
442 3996 636 4062 voluit,
671 3996 781 4065 qui,
815 3998 1014 4067 spretis
1043 3999 1308 4067 omnibus,
1342 4001 1518 4055 solum
1562 4001 1680 4070 ejus
1708 4002 1832 4057 vul-

258 4085 350 4134 tum
368 4085 639 4151 quzesivit,
663 4102 771 4140 non
789 4086 963 4140 solum
990 4092 1092 4153 vir,
1125 4087 1221 4142 sed
1253 4088 1412 4144 etiam
1443 4106 1582 4144 unus
1604 4090 1830 4146 exstitit.

251 4167 315 4223 De
325 4171 418 4227 hac
434 4173 639 4228 unitate
653 4174 922 4229 Dominus
939 4176 990 4228 in
1009 4175 1311 4246 Evangelio
1328 4177 1554 4232 Marthae
1586 4177 1828 4251 loquitur

250 4255 442 4314 dicens:
474 4262 719 4327 Martha,
740 4263 976 4327 Martha,
997 4265 1244 4320 sollicita
1263 4281 1338 4332 es,
1358 4272 1414 4320 et
1430 4266 1678 4321 turbaris
1689 4283 1825 4338 erga

244 4346 493 4413 plurima;
508 4367 677 4422 porro
691 4368 869 4407 unum
882 4357 966 4408 est
985 4355 1682 4422 necessaiium(Luc.x,Lt,
1704 4355 1815 4425 42).

250 4433 365 4490 Hinc
390 4438 561 4494 Lucas
591 4440 662 4494 de
691 4440 939 4509 perfecto
970 4441 1300 4496 credentium
1327 4443 1816 4513 numeroloquens,

248 4521 307 4575 ait
329 4541 341 4577 :
362 4527 589 4582 Erateis
609 4543 707 4584 cor
734 4545 938 4596 unum,
963 4533 1019 4585 et
1051 4532 1249 4585 anima
1277 4547 1396 4586 una
1433 4533 1585 4601 (Act.
1612 4549 1682 4598 IV,
1712 4535 1821 4596 32).

248 4608 399 4666 Unum
425 4616 626 4687 quippe
655 4617 735 4672 eis
763 4632 856 4672 cor
888 4625 1024 4681 erat,
1061 4620 1185 4687 quia
1216 4635 1315 4689 per
1345 4618 1695 4674 intentionem
1724 4635 1821 4674 ra-

247 4697 384 4755 tionis
409 4704 584 4758 solum
607 4705 952 4761 conditorem
984 4715 1310 4777 aspexerant
1336 4727 1347 4771 ;
1379 4723 1543 4762 uuam
1586 4707 1818 4762 animam

244 4785 512 4857 habebant,
542 4792 666 4863 quia
696 4810 798 4863 per
835 4792 1176 4849 aﬁ'ectionem
1236 4795 1434 4849 amoris
1480 4795 1660 4849 solum
1709 4796 1824 4865 ejus

246 4873 415 4932 faciem
447 4881 628 4935 videre
658 4881 1053 4937 desiderabant.
1115 4882 1251 4937 Hinc
1297 4891 1380 4938 est
1425 4883 1566 4954 quod
1589 4883 1822 4956 diligens

244 4963 492 5035 Propheta
524 4985 710 5024 secum
742 4978 970 5040 reputat,
1005 4971 1190 5026 dicens
1213 4989 1225 5024 :
1248 4972 1439 5028 Sitivit
1477 4972 1673 5028 anima
1691 4988 1817 5028 mea

243 5053 302 5106 ad
316 5056 477 5110 Deum
497 5060 719 5127 fantem
743 5060 949 5124 vivum,
984 5061 1204 5132 quando
1223 5061 1446 5116 veniam
1469 5065 1525 5115 et
1543 5062 1814 5132 apparebo

243 5147 361 5197 ante
375 5146 582 5213 faciem
600 5147 698 5202 Dei
722 5148 1025 5214 (Psal.xu,
1049 5149 1151 5218 2)?
1182 5149 1286 5202 Pro
1320 5147 1424 5203 hac
1454 5149 1664 5203 unitate
1708 5149 1812 5202 ob-

245 5227 439 5286 tinenda
472 5234 678 5289 Veritas
718 5234 923 5291 docens
953 5236 1055 5292 ait:
1108 5236 1212 5304 Qui
1245 5253 1359 5292 non
1392 5237 1811 5292 renuntiaverit

241 5320 474 5375 omnibus
492 5339 619 5394 quae
629 5325 874 5395 possidet
893 5341 1007 5381 non
1023 5329 1210 5397 potest
1230 5341 1384 5382 incus
1414 5341 1532 5381 esse
1566 5323 1811 5396 discipu-

245 5404 322 5459 lus
346 5409 493 5476 (Luc.
525 5428 635 5480 xlv,
666 5412 778 5484 33).

305 5584 374 5650 (a)
403 5585 462 5638 In
492 5586 652 5643 Guss.
685 5594 736 5643 et
771 5587 948 5645 Vatic.
987 5587 1372 5644 submittitur.

1965 3109 2113 3162 vero,
2147 3094 2274 3164 quia
2302 3101 2454 3148 recta
2483 3092 2667 3148 vident
2693 3110 2814 3166 quae
2830 3100 3012 3162 agant,
3033 3101 3082 3147 et
3113 3109 3182 3148 ea
3203 3093 3383 3148 facere
3406 3109 3557 3149 sem-

1961 3198 2060 3253 per
2089 3181 2450 3248 dissimulant,
2484 3183 2758 3250 speculam
2787 3182 3007 3252 quidem
3027 3181 3362 3249 habent,sed
3389 3183 3558 3237 virtu-

1961 3284 2074 3330 tum
2104 3278 2342 3324 montem
2374 3271 2422 3337 3
2440 3272 2478 3336 1
2510 3271 2796 3326 excellenti
2812 3271 2925 3327 vita
2941 3285 3049 3325 non
3071 3270 3334 3325 obtinent.
3361 3270 3557 3326 Sancta

1962 3369 2090 3409 vero
2122 3354 2369 3409 Ecclesia
2399 3357 2524 3426 quia
2554 3356 2605 3409 in
2637 3354 2882 3423 Sophim,
2902 3354 2958 3408 id
2977 3358 3064 3408 est
3092 3354 3146 3407 in
3175 3353 3550 3422 speculatione

1960 3441 2211 3495 sublimis
2247 3452 2347 3508 est,
2391 3444 2668 3516 gloriatur,
2701 3443 2925 3498 dicens:
2957 3443 3154 3498 Nostra
3203 3447 3554 3500 conversatio

1956 3531 2019 3585 in
2050 3531 2203 3585 caelis
2232 3537 2318 3588 est
2346 3533 2579 3605 (Philip.
2600 3548 2678 3597 ιιι,
2699 3530 2811 3602 20).
2849 3530 2989 3600 Quia
3020 3531 3184 3585 etiam
3214 3530 3268 3584 in
3297 3531 3554 3586 virtutum

1955 3626 2137 3673 monte
2167 3637 2265 3690 per
2294 3621 2420 3676 boni
2451 3622 2630 3692 operis
2657 3620 2884 3675 fructum
2903 3619 3190 3675 constituta
3211 3628 3311 3684 est,
3339 3618 3388 3674 el
3413 3619 3556 3675 isant

1951 3710 2310 3777 reproborum
2345 3709 2505 3765 ﬁdem
2540 3709 2861 3780 reprobans,
2893 3709 3000 3763 ait:
3029 3708 3189 3763 Fide:
3209 3709 3331 3763 sine
3360 3710 3551 3779 operi-

1949 3796 2048 3851 bus
2063 3800 2290 3853 mortua
2311 3803 2398 3853 est
2419 3799 2643 3869 (Jac.n,
2667 3798 2884 3865 20,26).
2919 3797 3057 3851 Hinc
3087 3796 3211 3850 item
3243 3796 3548 3866 praedicans

1944 3883 2112 3940 dicit:
2147 3887 2292 3941 Dum
2311 3891 2537 3959 tempus
2554 3887 2843 3943 habemus.
2882 3900 3179 3956 operemur
3233 3886 3436 3940 bonum
3477 3886 3550 3941 ad

1941 3988 2151 4036 omnes,
2171 3976 2423 4030 maxime
2444 3979 2637 4030 autem
2680 3974 2752 4029 ad
2795 3974 3096 4029 domestica
3144 3973 3275 4041 ﬁdei
3314 3971 3542 4043 (Galat.

1939 4075 2014 4129 vr,
2067 4063 2172 4130 10).
2225 4062 2318 4114 Vir
2364 4079 2497 4133 ergo
2528 4062 2630 4134 qui
2659 4078 2810 4116 unus
2843 4061 3039 4116 dicitur
3073 4061 3142 4115 de
3172 4069 3356 4116 monte
3390 4062 3544 4132 Eph-

1934 4147 2071 4202 raim
2095 4164 2214 4203 esse
2245 4158 2602 4215 memoratur,
2637 4149 2765 4220 quia
2795 4157 2848 4203 et
2878 4155 3087 4202 terrena
3130 4149 3431 4217 despicere,
3465 4158 3518 4202 et

1929 4251 2169 4306 superna
2189 4237 2458 4300 desidera,
2491 4237 2540 4292 ei
2578 4237 2751 4291 solum
2791 4236 3014 4307 prodest
3060 4235 3150 4306 qui
3194 4252 3292 4306 per
3347 4235 3512 4290 ﬁdem

1930 4325 2254 4380 catholicam
2286 4327 2426 4380 intra
2454 4333 2695 4381 sanctam
2729 4323 3026 4380 Ecclesiam
3083 4339 3204 4380 sese
3260 4324 3516 4380 continet.

1934 4413 2292 4554 823333.13.)
2324 4487 2391 4540 Et
2429 4498 2637 4539 nomen
2679 4487 2802 4556 ejus
2841 4484 3109 4550 Helcana,
3133 4483 3288 4553 ﬁlius
3319 4485 3503 4540 Hiero-

1927 4563 2106 4629 boam,
2128 4564 2238 4631 ﬁlii
2270 4565 2447 4629 Heliu,
2477 4564 2596 4633 [itii
2628 4563 2800 4630 Thau,
2830 4564 2950 4634 filii
2978 4565 3150 4634 Suph.

2001 4657 2052 4706 3.
2086 4653 2201 4706 Hoc
2228 4652 2389 4706 etiam
2421 4666 2616 4706 nomen
2647 4651 2896 4723 superius
2926 4652 2994 4720 (ὁ)
3024 4651 3379 4719 ostendimus,
3401 4655 3527 4724 quia

1927 4739 1997 4794 ab
2026 4739 2258 4794 Hebraea
2288 4739 2469 4810 lingua
2500 4738 2554 4792 in
2584 4747 2844 4808 nostram,
2861 4738 2960 4794 Dei
2978 4739 3178 4805 fervor,
3199 4748 3511 4798 verteretur.

1927 4818 2089 4886 Quod
2119 4818 2360 4889 profecto
2379 4833 2578 4874 nomen
2610 4819 2711 4874 viri
2742 4819 2880 4874 bene
2907 4815 3156 4892 congruit
3187 4819 3366 4875 ordini
3401 4821 3520 4891 spi-

1929 4902 2102 4956 ritatis
2129 4901 2500 4972 expositionis.
2527 4900 2627 4969 Qui
2642 4901 2787 4956 enim
2803 4902 3035 4957 virunus
3061 4903 3276 4971 dicitur,
3293 4920 3518 4960 necesse

1927 5000 2010 5047 est
2039 4999 2098 5046 ut
2123 5007 2187 5046 ex
2219 4990 2322 5045 Dei
2352 4990 2565 5045 fervore
2594 4997 2894 5047 censeatur.
2929 4990 3061 5059 Quis
3091 4993 3235 5046 enim
3265 5000 3357 5047 aut
3385 5001 3517 5048 tem-

1918 5075 2129 5143 poralia
2156 5073 2458 5144 despicere,
2490 5081 2580 5127 aut
2625 5088 2809 5130 amare
2865 5075 3095 5131 cmlestia
3149 5075 3270 5131 sine
3323 5075 3506 5130 divina

1916 5163 2089 5231 gratia
2116 5161 2326 5232 possit?
2356 5162 2594 5218 Necesse
2623 5165 2826 5235 quippe
2854 5171 2939 5218 est
2966 5172 3022 5218 ut
3052 5165 3194 5219 hunc
3220 5164 3394 5234 gratia
3420 5163 3504 5216 di-

1916 5247 2045 5301 vina
2076 5246 2391 5315 praeveniat,
2424 5255 2712 5316 quatenus,
2747 5248 2976 5318 Spiritus
3005 5248 3174 5303 sancti
3207 5248 3333 5315 igne
3382 5265 3508 5304 suc-

1913 5342 2129 5390 census,
2162 5333 2366 5395 quanto
2396 5325 2666 5380 ardentius
2694 5342 2902 5380 summa
2933 5325 3127 5396 diligit,
3153 5334 3299 5381 tanto
3314 5326 3508 5394 fortius

1912 5409 2023 5466 ima
2049 5412 2381 5465 contemnat.
2442 5409 2539 5465 Cui
2597 5409 2759 5465 etiam
2814 5409 2870 5463 in
2920 5409 3257 5482 genealogiae
3313 5412 3506 5469 ordine

1910 5587 1981 5656 (ὁ)
1999 5587 2266 5658 Superius
2277 5588 2440 5643 nulla
2455 5587 2704 5642 occurrit
2716 5586 3024 5658 explicatio
3042 5587 3209 5661 hujus
3226 5591 3503 5650 nominis;
