4062 6182
436 283 498 342 51
1638 269 1892 327 SANCTI
1935 265 2279 324 GREGORII
2316 264 2517 322 MAGN
2523 265 2548 319 Ι
3663 265 3732 320 52

442 413 673 480 quatuor
702 409 912 475 patrum
945 401 1170 457 nomina
1198 397 1634 471 perscribuntur,
1667 394 1792 466 quia
1822 393 1876 448 in
1925 391 2029 447 ﬁde
2059 391 2116 453 A
2143 391 2287 447 tione
2303 389 2496 445 mentis
2515 395 2922 480 cuncta-rerum
2948 404 3325 460 carporearum
3355 387 3732 480 phantasmata

443 491 821 564 Redemptoris
849 505 1034 546 eorum
1063 487 1442 560 praedicatione
1469 485 1685 558 genitus
1714 491 1794 538 est
1823 481 1913 554 qui
1969 480 2025 535 in

443 581 694 641 eumdem
725 578 942 634 humani
974 578 1192 650 generis
1219 576 1634 645 Redemptorem
1663 588 1760 643 per
1794 577 2027 642 quatuor

438 667 911 739 Evangelistarum
941 664 1138 734 scripta
1167 663 1233 718 de
1261 662 1408 716 omni
1436 659 1620 715 mundi
1659 666 1810 730 parte
1838 657 2023 712 credi-

445 758 593 813 dere.
655 755 758 824 Qui
813 753 972 807 etiam
1029 753 1385 821 Ephrathaeus
1441 751 1657 804 dicitur.
1723 749 1801 801 De
1841 753 2024 800 monte

444 843 703 916 Ephraim
757 849 809 896 et
860 841 1214 911 Ephrathreus
1256 846 1336 892 est
1388 840 1480 908 qui
1531 837 1585 890 in
1643 833 1826 890 fertilli
1881 843 2023 888 terra

436 932 637 988 sterilis
666 945 779 984 non
809 937 908 985 est.
938 929 1078 982 Nam
1109 927 1356 997 plerique
1383 925 1526 979 intra
1553 931 1798 979 sanctam
1827 921 2019 978 Eccle-

439 1021 584 1074 siam
615 1019 836 1073 nomine
866 1023 1153 1073 censentur
1181 1014 1326 1080 ﬁdei,
1359 1013 1512 1082 cujus
1543 1011 1719 1067 nullos
1745 1011 2023 1082 proferunt

435 1108 640 1163 fructus
670 1105 913 1161 actionis.
947 1102 1051 1172 Qui
1080 1103 1331 1156 nimirum
1361 1101 1490 1156 dum
1520 1100 1586 1155 de
1613 1099 1859 1154 Ecclesia
1887 1111 2020 1168 pro-

435 1195 618 1262 deunt,
652 1194 799 1250 velut
827 1193 894 1248 de
923 1199 1110 1248 mante
1140 1189 1413 1246 fructifera
1443 1205 1559 1245 esse
1587 1188 1906 1255 sentiuntur;
1929 1185 2023 1240 sed

435 1284 559 1355 quia
588 1283 693 1353 ipsi
722 1283 988 1338 bonorum
1019 1295 1244 1351 operum
1276 1293 1384 1334 non
1415 1279 1614 1333 habent
1636 1277 1890 1343 fructum,
1911 1291 2023 1330 non

435 1381 560 1428 sunt
587 1371 928 1441 Ephrathzei.
968 1370 1048 1424 De
1089 1375 1274 1424 monte
1321 1381 1456 1439 ergo
1502 1366 1759 1437 Ephraim
1804 1372 1909 1431 est,
1970 1372 2024 1420 et

429 1461 793 1531 Ephrathaaus
821 1473 928 1514 non
959 1464 1061 1523 est,
1082 1459 1172 1528 qui
1189 1455 1350 1511 ﬁdem
1363 1454 1684 1510 catholicam
1706 1453 1759 1508 in
1777 1452 2022 1508 Ecclesia

431 1549 656 1613 dedicit,
688 1547 784 1602 sed
814 1561 985 1617 apera
1012 1545 1180 1617 digna
1196 1543 1321 1599 ﬁdei
1350 1559 1461 1598 non
1492 1543 1772 1613 impendit.
1796 1541 2020 1596 Talibus

432 1637 680 1709 profecto
700 1635 903 1691 veritas
933 1634 988 1687 in
1027 1632 1324 1704 Evangelia
1369 1631 1744 1696 comminatur,
1793 1630 2020 1685 dicens:

2134 487 2501 547 removentur,
2533 485 2586 534 et
2613 476 2804 534 oculus
2834 479 3130 543 refovetur,
3163 493 3286 534 cum
3330 495 3425 532 usu
3457 477 3732 532 continuae

2133 568 2497 624 meditationis
2520 567 2712 622 eadem
2741 567 2935 621 mentis
2965 566 3189 622 intentio
3221 567 3286 622 ad
3305 574 3502 622 aeterna
3530 566 3728 621 sustol-

2134 655 2284 711 litur.
2317 657 2451 725 Quae
2496 656 2741 727 profecto
2783 671 2910 710 cum
2943 654 3191 710 diuturna
3228 654 3625 710 consuetudine
3675 655 3730 708 in

2131 745 2378 814 supernis
2410 744 2611 799 morari
2640 744 2909 810 didicerit,
2963 744 3151 798 eadem
3199 743 3552 797 diuturnitate
3595 758 3730 797 con-

2133 833 2455 899 suetudinis,
2481 832 2767 903 puritatem
2793 830 3016 896 obtinet,
3038 846 3146 902 qua
3167 831 3296 885 dum
3325 831 3522 886 clarius
3537 839 3734 886 aeterna

2132 921 2372 992 respicit,
2407 921 2461 974 in
2495 936 2684 975 eorum
2715 919 2896 991 gloria
2935 920 3211 974 exsultare
3268 918 3480 990 plenius
3540 919 3730 988 possit.

2129 1010 2294 1064 Anna
2322 1025 2454 1080 ergo
2488 1023 2593 1063 non
2626 1007 2789 1062 habui
2819 1023 2876 1062 se
2903 1006 3041 1062 ﬁlios
3085 1007 3304 1073 dicitur,
3335 1015 3389 1061 ut
3420 1023 3526 1062 non
3558 1006 3731 1061 solum

2129 1098 2434 1154 inchoantis
2482 1095 2818 1166 imperfectio
2865 1095 3200 1167 designetur,
3250 1095 3347 1150 sed
3396 1095 3559 1150 etiam
3605 1095 3730 1150 vitae

2126 1184 2555 1255 contemplativa
2584 1183 3080 1256 celsitudo.Magn0
3110 1183 3254 1238 enim
3287 1183 3601 1239 meritorum
3623 1183 3728 1239 sita

2129 1281 2212 1330 est
2239 1273 2493 1337 culmine,
2527 1289 2648 1344 quae
2677 1272 2731 1326 in
2765 1272 3115 1327 fecunditatis
3144 1288 3258 1328 suae
3299 1272 3502 1344 gaudio
3557 1271 3721 1328 facile

2128 1361 2320 1418 haberi
2352 1377 2460 1416 non
2488 1369 2681 1431 potest.
2713 1360 2848 1415 Hinc
2877 1369 2958 1416 est
2985 1360 3128 1416 enim
3151 1360 3296 1432 quod
3312 1360 3479 1416 Jacob
3502 1361 3719 1416 Rache-

2128 1450 2234 1506 lem
2266 1449 2559 1522 conjugem
2592 1449 2794 1504 habere
2817 1448 3088 1504 desiderat
3112 1449 3716 1521 (Gen.xx:x,18,seq.),

2127 1539 2224 1594 sed
2255 1547 2435 1594 tamen
2465 1538 2512 1593 ei
2543 1537 2694 1608 prius
2717 1537 2808 1592 Lia
2837 1537 3282 1605 substernitur,ut
3301 1553 3401 1608 pro
3419 1536 3720 1593 obtinenda

2125 1625 2271 1682 illius
2301 1627 2481 1696 specie
2512 1626 2851 1696 septenarius
2879 1641 3144 1680 annorum
3169 1641 3428 1681 numerus
3458 1626 3513 1679 in
3549 1626 3723 1682 soceri

435 1723 1160 1796 Aufereturavabisregum
1173 1721 1593 1788 Dei,etdabitur
1608 1721 1766 1790 genti
1780 1719 2022 1790 facienti
2049 1738 2102 1798 Β
2133 1715 2351 1771 servitio
2382 1714 2710 1786 geminetur,
2741 1713 2861 1782 quia
2893 1721 3100 1768 amator
3116 1713 3238 1768 vitae
3267 1713 3722 1784 contemplativa,

434 1818 691 1884 fructum.
715 1815 837 1884 ejus
855 1809 1201 1882 (Matt/1.1m,
1221 1810 1479 1879 34).Ηὶηο
1507 1809 1606 1862 sub
1637 1807 1886 1863 ﬁculneae
1903 1824 2022 1877 spe-

435 1902 539 1969 cie,
572 1901 766 1956 calono
799 1906 997 1953 sancta:
1011 1897 1271 1953 Ecclesiae
1294 1897 1656 1967 repulsianem
1675 1896 2023 1950 infructuosae

441 1991 636 2046 animze
665 1989 956 2058 imperans,
989 1987 1063 2041 ait
1089 2003 1099 2038 :
1132 1985 1360 2040 Succide
1404 1989 1627 2053 eam,ut
1649 1984 1781 2056 quid
1811 1989 2024 2040 terram

435 2081 672 2150 occupat
703 2077 855 2148 (Luc.
878 2090 1000 2140 xm,
1037 2075 1137 2142 7)?
1166 2073 1302 2127 Hinc
1331 2073 1570 2126 Joannes
1601 2071 1833 2141 Baptista
1865 2087 2022 2126 cam-

433 2169 670 2230 minans,
705 2165 807 2219 ait:
843 2166 966 2220 Jam
984 2163 1194 2218 securis
1228 2161 1300 2217 ad
1329 2160 1577 2216 radicem
1597 2162 1814 2216 arboris
1841 2161 2026 2229 posita

433 2264 539 2314 est.
560 2254 751 2309 Omnis
770 2253 1078 2323 arbar,quae
1095 2267 1206 2306 non
1223 2250 1367 2320 facit
1383 2251 1640 2318 fructum
1657 2250 1862 2304 bonum
1877 2265 2026 2304 exet-

432 2345 620 2412 detur,
653 2346 710 2398 et
740 2342 802 2396 in
833 2341 1023 2411 ignem
1052 2337 1555 2405 mittetur(Matth.
1583 2351 1664 2403 in,
1699 2341 1784 2398 to;
1804 2339 2022 2403 Lucan,

428 2434 502 2503 9).
537 2432 618 2487 De
647 2437 830 2485 monte
861 2442 1075 2499 quoque
1101 2425 1355 2496 Ephraim
1388 2439 1483 2479 eos
1524 2440 1644 2480 esse
1689 2425 2022 2491 ostenderat,

426 2521 526 2576 sed
556 2534 664 2574 non
693 2517 1064 2586 Ephrathaeos,
1096 2513 1163 2568 de
1194 2513 1388 2582 quibus
1418 2512 1626 2567 Veritas
1644 2513 1697 2567 in
1726 2511 2025 2584 Evangelia

428 2623 530 2680 per
561 2603 878 2677 parabolam
910 2601 1042 2656 dicit
1068 2618 1081 2654 :
1116 2601 1284 2656 Malos
1301 2601 1449 2656 male
1467 2599 1683 2671 perdet,
1717 2605 1772 2657 et
1802 2603 2024 2657 vineam

439 2712 600 2753 suam
637 2693 838 2748 locabit
868 2692 1003 2746 aliis
1025 2689 1742 2760 agricolis,quireddantei
1770 2692 2026 2760 fructum

438 2782 784 2854 temporibus
815 2781 934 2836 suis
956 2778 1173 2849 (Matth.
1197 2795 1314 2843 χιι,
1347 2777 1560 2848 41>.νὶι·
1589 2793 1724 2850 ergo
1752 2778 1819 2832 de
1843 2787 2026 2834 mante

426 2871 714 2944 Ephraim,
745 2869 938 2924 dicitur
968 2865 1339 2938 Ephrathaaus,
1373 2865 1500 2936 quia
1530 2867 1840 2938 quicunque
1887 2866 2026 2922 intra

433 2969 676 3017 sanctam
707 2957 1010 3013 Eeclesiam
1041 2954 1205 3010 ﬁdem
1231 2955 1548 3010 catholicam
1595 2959 1866 3022 tenemus,
1900 2955 2026 3010 dum

427 3066 531 3122 per
559 3047 805 3104 ardorem
837 3044 1143 3101 affectionis
1173 3049 1389 3099 terrena
1429 3043 1738 3112 abjicimus,
1781 3044 2025 3100 caelestia

425 3148 695 3202 amamus,
719 3137 931 3202 Oportet
959 3137 1009 3184 et
1039 3137 1098 3184 ut
1126 3145 1158 3184 a
1187 3128 1416 3184 terrenis
1447 3145 1569 3200 quae
1582 3129 1910 3200 despicimus
1927 3146 2028 3202 per

426 3223 555 3279 boni
577 3220 766 3292 operis
795 3218 1039 3274 laborem
1073 3225 1484 3288 separemur,et
1513 3217 1580 3272 ad
1601 3233 1668 3272 ea
1697 3234 1818 3288 quae
1848 3219 2028 3290 diligi-

431 3327 551 3366 mus
582 3307 826 3365 caelestia
855 3321 1250 3378 praeparemur.
1291 3307 1425 3360 Esse
1455 3321 1589 3378 ergo
1618 3305 1675 3360 in
1706 3307 2032 3375 Ecclesia,et

436 3414 606 3470 opera
636 3398 781 3452 bona
809 3410 920 3450 non
951 3394 1152 3460 facere,
1186 3394 1313 3465 quia
1342 3394 1411 3449 ad
1440 3394 1785 3466 acquirendae
1814 3404 2033 3451 aeternae

441 3485 637 3542 salutis
666 3485 869 3540 bonum
899 3498 1006 3538 non
1023 3481 1351 3552 prodest,vir
1377 3482 1560 3553 quide
1576 3492 1757 3538 monte
1778 3484 2034 3554 Ephraim

435 3575 713 3638 asseritur,
749 3571 910 3627 etiam
933 3570 1288 3640 Ephrathaeus
1315 3569 1482 3626 fuisse
1509 3579 1853 3638 memoratur.

513 3672 564 3724 4.
600 3668 756 3726 Unde
781 3673 835 3723 et
862 3668 1002 3722 duas
1031 3682 1228 3722 uxores
1267 3667 1470 3723 habere
1517 3669 1859 3739 describitur,
1909 3670 2037 3742 quia

447 3761 638 3816 activae
670 3758 795 3813 vitre
823 3772 922 3828 per
941 3755 1328 3811 fecunditatem
1362 3756 1491 3812 boni
1519 3758 1699 3828 operis
1715 3766 1768 3813 et
1783 3767 2036 3815 contem-

386 3916 390 3920 .
441 3846 660 3919 plativae
688 3847 816 3902 vita
844 3844 1197 3916 conjungitur
1224 3860 1324 3915 per
1360 3859 1602 3901 amorem
1656 3846 1884 3902 internae
1939 3848 2039 3902 de-

441 3934 770 3992 lectationis.
804 3932 1173 4002 Quamobrem
1203 3933 1516 3990 Phenennae
1545 3933 1640 3989 lilii
1669 3933 1836 3991 fuisse
1851 3935 2040 3992 dicun-

445 4029 556 4093 tur,
589 4026 759 4079 Annm
787 4030 966 4078 autem
1009 4020 1101 4076 ﬁlii
1140 4037 1250 4077 non
1292 4021 1482 4078 fuisse.
1529 4022 1672 4092 Quin
1715 4024 1858 4079 enim
1918 4035 2044 4080 sunt

446 4111 638 4168 activae
667 4111 793 4166 vitae
822 4108 937 4174 ﬁlii,
970 4109 1077 4164 nisi
1107 4109 1373 4165 bonorum
1402 4125 1627 4181 operum
1658 4111 1862 4167 fructus
1883 4114 1910 4165 ‘?
1936 4116 1981 4179 3
1993 4115 2038 4179 2

452 4201 520 4258 Et
543 4199 672 4270 quid
693 4197 938 4269 estquod
965 4199 1123 4253 Anna
1145 4196 1286 4254 ﬁlios
1314 4214 1424 4254 non
1452 4199 1635 4268 habet,
1668 4200 1774 4254 nisi
1803 4201 1931 4273 quia
1959 4217 2046 4254 ru-

450 4289 537 4346 dis
565 4286 949 4358 contemplatio
979 4301 1044 4342 ea
1088 4303 1210 4358 quas.
1246 4286 1356 4351 jam
1397 4303 1580 4342 amare
1617 4288 1783 4357 coepit
1822 4289 2052 4343 internae

2134 1804 2272 1858 hanc
2295 1802 2350 1856 in
2374 1803 2620 1858 ubertate
2636 1803 2829 1857 aeterni
2849 1802 3150 1874 gaudiicito
3179 1801 3407 1873 adipisci
3431 1802 3720 1871 desiderat,

2129 1891 2225 1946 sed
2255 1900 2428 1946 tamen
2459 1892 2510 1946 ei
2541 1891 2778 1946 omnium
2809 1891 3072 1945 donorum
3104 1891 3325 1963 largitor
3354 1891 3590 1961 Spiritus
3613 1892 3726 1946 cito

2129 1995 2235 2034 non
2265 1979 2472 2045 tribuit,
2508 1996 2578 2035 ne
2608 1980 2848 2034 habitam
2880 1980 3032 2049 quasi
3064 1981 3229 2034 vilem
3258 1979 3537 2050 despiciat,
3575 1979 3620 2034 si
3650 1979 3727 2034 fa-

2130 2067 2308 2124 cilitas
2339 2067 2387 2122 ei
2418 2069 2559 2122 hanc
2591 2084 2686 2138 pro
2718 2075 2841 2123 voto
2891 2075 3271 2138 repraesentat;
3324 2067 3420 2122 sed
3472 2075 3618 2122 tanta
3664 2082 3728 2122 ea

2132 2156 2341 2209 fruatur
2366 2155 2594 2221 dulcius,
2629 2156 3022 2227 soilicitiusque
3051 2157 3336 2222 custodiat,
3371 2164 3571 2226 quanto
3594 2157 3730 2212 hanc

2130 2243 2378 2298 diﬁicilus
2408 2253 2767 2315 promeretur.
2802 2245 2982 2313 Quare
3011 2252 3064 2299 et
3093 2245 3337 2314 sequitur
3361 2262 3373 2298 :

2201 2359 2384 2428 (Vers.
2415 2358 2494 2429 3.)
2529 2361 2597 2414 Et
2628 2360 2962 2415 ascendebat
2997 2362 3082 2415 vir
3109 2361 3208 2415 itte
3239 2361 3477 2416 statutis
3509 2359 3722 2426 diebus,

2131 2450 2196 2501 ut
2208 2447 2553 2511 adoraret,et
2567 2447 2888 2504 immolaret
2903 2449 3138 2504 Domino
3152 2450 3512 2504 exercituum
3526 2449 3587 2503 in
3599 2449 3728 2503 Silo.

2203 2547 2257 2596 5.
2291 2543 2512 2598 Statutis
2540 2543 2758 2615 quidem
2791 2544 2981 2599 diebus
3011 2544 3279 2611 accendit,
3300 2543 3425 2613 quia
3457 2545 3513 2598 in
3548 2543 3730 2613 splen-

2132 2630 2357 2686 doribus
2387 2636 2609 2688 internae
2639 2632 2862 2688 visionis
2881 2632 3141 2702 paulatim
3164 2631 3398 2703 proﬁcit.
3430 2632 3570 2700 Quid
3585 2631 3729 2687 enim

2133 2728 2261 2774 sunt
2294 2720 2400 2774 illa
2430 2721 2893 2777 manifestationes
2920 2721 3116 2776 interni
3148 2721 3387 2786 luminis,
3451 2719 3553 2774 nisi
3610 2719 3728 2775 dies

2141 2807 2330 2864 electa:
2359 2810 2597 2864 mentis?
2627 2817 2681 2864 et
2709 2810 2891 2865 statuti
2922 2825 3154 2879 namque
3183 2808 3302 2864 dies
3335 2815 3481 2874 sunt,
3501 2808 3629 2879 quia
3675 2808 3730 2863 in

2142 2897 2390 2967 profectu
2418 2897 2673 2968 spiritalis
2703 2898 2831 2954 vita:
2863 2898 3052 2969 positis
3070 2897 3256 2952 divina
3279 2897 3614 2952 ordinatione
3629 2896 3734 2950 dis'

2132 2993 2443 3055 ponuntur;
2478 2987 2659 3041 statuti
2690 2987 2853 3042 etiam
2898 2987 3017 3042 dies
3068 2993 3210 3052 sunt,
3259 2986 3386 3057 quia
3442 2985 3496 3039 in
3552 2999 3737 3041 eorum

2059 3082 2109 3146 (ξ,
2141 3071 2384 3128 claritate
2423 3089 2533 3130 non
2565 3091 2850 3146 possumus
2880 3074 3086 3129 admitti
3131 3090 3252 3130 cum
3313 3073 3584 3138 volumus,
3638 3072 3733 3129 sed

2138 3176 2262 3216 cum
2292 3162 2481 3217 divina
2509 3163 2822 3234 dignatione
2854 3162 3218 3218 sublevamur.
3251 3161 3564 3233 Aliquando
3582 3177 3737 3215 nam-

2139 3265 2242 3320 que
2293 3265 2389 3304 nos
2435 3251 2489 3305 in
2519 3251 2984 3322 contemplatione
3042 3251 3266 3306 internae
3321 3249 3458 3305 lucis
3516 3249 3738 3321 excipit,

2140 3338 2467 3408 quandoque
2497 3339 2605 3394 labi
2638 3356 2805 3409 usque
2837 3339 2906 3394 ad
2963 3339 3331 3410 praferendas
3387 3338 3738 3393 humanitatis

2140 3425 2398 3480 tenebras
2418 3427 2698 3498 relinquit.
2722 3428 2888 3496 Quasi
2915 3429 3058 3482 enim
3085 3427 3294 3482 statutis
3324 3427 3516 3483 diebus
3539 3427 3734 3491 elevat,

2142 3513 2336 3584 quibus
2366 3515 2724 3570 amaenitatem
2757 3516 2992 3570 internae
3022 3515 3158 3571 lucis
3177 3531 3288 3570 non
3313 3515 3520 3586 jugiter
3535 3513 3734 3585 aperit,

2139 3597 2238 3652 sed
2268 3613 2367 3668 per
2400 3606 2640 3670 tempora
2662 3616 2774 3654 suae
2802 3599 3178 3669 dispositionis
3203 3599 3739 3669 ostendit.Diesergo

2141 3684 2312 3738 nostri
2341 3693 2489 3751 sunt,
2523 3685 2648 3755 quia
2678 3686 2730 3739 in
2754 3685 2970 3757 magnis
2997 3685 3384 3756 splendoribus
3414 3685 3737 3756 excipimur.

2142 3782 2262 3822 cnm
2293 3767 2521 3824 interna
2551 3769 2740 3840 gloriae
2768 3770 2926 3825 nobis
2955 3769 3300 3840 pulchritudo
3322 3768 3744 3825 revelatur.Sta-

2146 3855 2245 3910 tuti
2273 3871 2400 3912 vero
2429 3856 2548 3912 dies
2578 3857 2782 3914 idcirco
2799 3858 3159 3925 nominantur,
3196 3858 3317 3930 quia
3337 3868 3395 3912 ut
3423 3857 3746 3912 intimaluee

2145 3944 2402 4011 fruamur,
2428 3961 2535 4000 non
2567 3954 2653 4000 est
2681 3946 2855 4001 nostri
2885 3946 3209 4014 conaminis,
3261 3945 3357 4000 sed
3413 3945 3615 4000 divina:
3660 3944 3746 3999 di-

2146 4027 2608 4100 gnationis.Sa3pe
2638 4046 2871 4102 namque
2889 4029 3144 4085 diuturno
3179 4028 3753 4096 silentio,instantibus

2147 4115 2652 4186 supplicationibus,
2693 4117 2900 4173 crebris
2937 4118 3262 4190 gemitibus,
3296 4117 3447 4172 illam
3470 4116 3740 4172 nobisin-

2146 4203 2475 4260 ternaelucis
2504 4205 2736 4276 gloriam
2791 4205 2990 4278 aperiri
3047 4206 3385 4279 ﬂagitamus,
3418 4213 3469 4260 et
3518 4205 3574 4259 in
3627 4204 3750 4272 ejus

2151 4290 2454 4347 amaenitate
2490 4293 2680 4363 recipit
2731 4309 2838 4349 non
2870 4310 3169 4349 meremur.
3220 4295 3375 4365 Saepe
3407 4293 3482 4347 nil
3515 4293 3621 4347 tale
3651 4307 3748 4360 pro

448 4377 921 4449 contemplationis
951 4375 1147 4446 gaudia
1175 4375 1280 4429 cito
1311 4390 1419 4428 non
1449 4374 1810 4430 obtinet?Filii
1827 4375 2040 4445 quidem
2070 4412 2125 4474 D
2155 4374 2270 4442 ejus
2299 4374 2568 4432 desiderio
2599 4377 2830 4449 agimus,
2862 4378 2959 4434 sed
2997 4378 3174 4433 subito
3204 4393 3304 4433 nos
3351 4377 3534 4433 divina
3574 4375 3750 4448 gratia

453 4475 577 4522 sunt
604 4462 1040 4534 contemplativa:
1059 4461 1181 4517 vitae
1208 4461 1408 4531 gaudia
1426 4462 1650 4518 internae
1670 4463 1915 4519 visionis.
1935 4463 2044 4519 Sed
2071 4461 2121 4474 ⁶’
2153 4463 2508 4533 praevenit,ab
2536 4465 2646 4520 imo
2677 4474 2876 4521 nostras
2907 4465 3238 4521 inﬁrmitatis
3258 4466 3434 4538 erigit,
3468 4464 3523 4519 in
3551 4479 3746 4532 super-

458 4570 633 4618 mens,
658 4568 778 4623 quas
807 4548 1157 4620 contemplati
1207 4556 1407 4604 aeterna
1458 4550 1697 4619 inchoat,
1747 4553 1815 4608 ad
1853 4569 2039 4609 eorum

454 4640 663 4715 gaudia
692 4637 1017 4710 excipienda
1046 4645 1199 4694 tanto
1227 4637 1495 4694 difﬁcilius
1529 4641 1790 4710 pervenit,
1841 4651 2041 4715 quanto

458 4730 623 4786 etiam
649 4727 862 4784 illorum
892 4726 1344 4798 pulchritudinem
1375 4743 1482 4783 non
1498 4729 1894 4798 attendit.Quis
1908 4747 2043 4802 ergo

454 4819 512 4874 in
540 4817 717 4889 gloria
746 4817 864 4886 ejus
892 4815 1314 4887 pulchritudinis
1342 4817 1584 4889 gaudere
1596 4819 1854 4889 praevalet
1881 4836 2044 4891 quam

457 4923 568 4964 non
599 4906 786 4962 videt?
815 4905 969 4960 Mens
998 4911 1176 4960 autem
1196 4919 1314 4977 qua
1342 4906 1397 4960 in
1427 4909 1748 4961 aeternorum
1778 4907 2046 4962 bonorum

459 4991 914 5065 contemplatione
944 5009 1004 5048 se
1041 4992 1254 5049 naviter
1281 4993 1476 5059 elevat,
1501 4993 1568 5049 ad
1597 4995 2050 5050 eatantotardius

459 5083 719 5155 assurgit,
753 5087 954 5154 quanto
983 5080 1333 5136 humanitatis
1349 5097 1461 5136 suae
1489 5081 1778 5138 familiares
1797 5084 2052 5138 tenebras

459 5172 718 5229 velociter
746 5185 856 5226 non
885 5168 1130 5241 deponit,
1157 5168 1285 5240 quia
1314 5169 1441 5223 dum
1474 5185 1507 5224 a
1537 5186 1596 5225 se
1627 5171 1861 5239 abjicere
1890 5187 2052 5226 mun-

459 5260 630 5316 danas
658 5275 819 5316 curas
850 5274 957 5315 non
987 5257 1265 5330 praevalet,
1299 5258 1446 5314 velut
1474 5257 1528 5313 in
1557 5259 1727 5314 oculis
1749 5261 2056 5330 gestatpul-

459 5363 665 5415 verem,
725 5363 834 5419 quo
865 5347 919 5402 id
952 5345 1096 5418 quod
1124 5347 1275 5418 cupit
1320 5346 1513 5402 videre
1542 5363 1651 5402 non
1681 5355 1873 5418 potest.
1905 5348 2056 5402 Prius

461 5451 594 5509 ergo
626 5435 966 5504 abiiciendus
996 5443 1081 5490 est
1099 5435 1274 5507 pulvis
1305 5451 1374 5491 ex
1405 5435 1584 5504 oculo,
1632 5435 1832 5492 deinde
1872 5436 2057 5492 oculus

454 5523 807 5581 refovendus.
840 5523 1027 5581 Pulvis
1056 5525 1258 5597 quippe
1301 5522 1548 5594 abjicitur
1592 5538 1714 5580 cum
1765 5523 1835 5578 ab
1880 5523 2057 5580 inten-

2148 4565 2218 4606 na
2247 4553 2408 4622 rapit,
2441 4554 2949 4624 insperantibusque
2980 4554 3136 4609 nobis
3165 4553 3397 4624 gloriam
3447 4569 3562 4608 suae
3610 4550 3748 4606 lucis

2148 4641 2399 4695 ostendit.
2430 4642 2634 4696 Diebus
2663 4659 2798 4714 ergo
2829 4642 3038 4697 statutis
3091 4641 3457 4708 ascendimus,
3510 4641 3634 4713 quia
3691 4640 3746 4695 in

2152 4729 2662 4800 contemplationem
2691 4730 2994 4786 caelestium
3027 4733 3133 4798 33
3167 4730 3455 4785 sublimari
3489 4745 3595 4784 non
3627 4743 3746 4800 pos

2153 4833 2340 4873 sumus
2371 4826 2558 4874 nostra
2613 4819 2917 4884 conamine,
2977 4817 3074 4873 sed
3129 4818 3314 4873 divina
3370 4817 3748 4889 dispositione.

2155 4909 2432 4961 Ascensus
2462 4922 2683 4978 quoque
2712 4907 2832 4962 dies
2854 4913 2996 4973 sunt,
3023 4906 3150 4976 quia
3181 4907 3395 4978 quando
3426 4906 3513 4959 illa
3535 4905 3752 4960 sublimi

2155 4997 2275 5052 luce
2305 5010 2413 5048 non
2444 4993 2686 5061 fruimur,
2719 4996 2773 5048 in
2804 4994 2912 5051 imo
2955 5011 3178 5058 sumus;
3212 5003 3266 5050 et
3321 5010 3445 5049 cum
3504 4993 3556 5046 in
3613 4993 3754 5048 illius

2159 5083 2265 5140 alta
2295 5082 2503 5138 visione
2531 5083 2885 5150 assumimur,
2919 5098 3082 5154 quam
3114 5083 3168 5137 in
3220 5083 3334 5136 imo
3386 5081 3751 5151 jacuissemus

2160 5179 2284 5229 ante
2305 5171 2686 5242 assumptionis
2717 5179 2916 5226 nostra
2939 5171 3154 5236 horam,
3177 5171 3585 5242 cognoscimus.
3645 5168 3754 5223 Di-

2162 5260 2451 5332 splicemus
2480 5275 2584 5313 nos
2615 5265 2740 5314 tunc
2767 5259 2950 5327 nobis,
2992 5259 3045 5314 in
3081 5275 3189 5332 quo
3221 5257 3441 5323 fuimus,
3474 5257 3758 5327 placemus

2164 5358 2340 5405 autem
2369 5349 2423 5402 in
2454 5363 2560 5418 quo
2589 5363 2795 5413 sumus,
2820 5347 2945 5419 quia
2965 5348 3222 5417 absorpta
3246 5347 3358 5418 jam
3390 5363 3546 5402 mens
3575 5361 3761 5400 amare

2164 5437 2484 5505 caelestium,
2516 5435 2646 5489 dum
2688 5435 2900 5490 laetatur
2940 5435 3085 5502 luce,
3135 5449 3244 5505 qua
3296 5435 3509 5502 fruitur,
3564 5441 3758 5490 cuncta

2171 5532 2390 5581 terrena
2417 5522 2642 5578 horrore
2671 5519 2840 5576 nimio
2888 5518 3234 5594 dedignatur.
3268 5520 3422 5577 Unde
3468 5529 3518 5576 et
3570 5518 3757 5574 beatus
