4062 6182
270 285 328 338 53
1102 279 1178 335 ΙΝ
1207 279 1472 336 PRIMUM
1503 279 1750 337 REGUM
1777 277 1823 333 E

1931 277 2324 335 OSlTIONES.
2360 310 2432 320 —
2459 281 2584 334 LIB.
2626 284 2674 336 Ι.
3465 282 3536 338 δι

267 407 449 470 Petrus,
484 403 606 458 dum
636 403 689 458 in
722 410 964 460 montem
982 403 1306 472 assumitur,
1321 403 1450 458 dum
1483 402 1623 458 nube
1653 402 1834 458 lucida
1868 403 1922 467 Α
1945 401 2103 457 dana
2122 400 2421 458 affectionis
2447 403 2676 469 deserat,
2711 411 2766 460 et
2795 403 3059 460 mulectur
3085 404 3286 476 gaudio
3305 413 3360 460 ut
3378 406 3524 476 quod

267 493 602 559 obumbratur,
634 492 762 547 dum
793 492 846 547 ei
894 491 1262 564 transfigurati
1305 491 1481 564 gloria
1524 491 1825 547 Salvatoris

267 581 548 646 ostenditur,
582 579 714 636 dicit
749 595 760 634 :
795 583 1010 636 Bonum
1040 585 1124 638 est
1167 597 1271 637 nos
1302 581 1394 637 hic
1423 597 1558 647 esse,
1590 581 1822 636 Domine

265 670 455 736 (Matth.
487 685 616 734 xvu,
647 670 726 734 4).
760 670 897 724 Nam
922 670 1047 741 quia
1058 670 1175 738 jam
1194 670 1292 724 Dei
1313 668 1823 739 omnipotentismu-

263 773 376 813 nere
404 765 630 812 meretur
655 758 732 828 (α)
751 758 1014 814 interesse
1035 758 1376 824 sublimibus,
1396 758 1570 812 incom
1579 755 1822 828 parabile

261 845 354 900 illic
375 845 565 899 bonum
592 844 945 900 ineti‘abiliter
977 845 1168 916 diligit,
1204 862 1273 900 ex
1320 851 1476 912 cujus
1507 845 1819 916 pulchritu-

256 932 361 987 dine
387 939 569 988 cuncta
601 948 720 1002 qua
750 940 1029 987 transeunt
1061 933 1211 988 velut
1232 933 1381 988 fada
1410 932 1781 1002 reprehendit.

316 1024 362 1075 6.
381 1021 480 1076 Sed
497 1022 629 1090 quid
646 1029 728 1076 est
746 1022 898 1092 quod
920 1021 1062 1076 idem
1096 1021 1176 1075 vir
1190 1021 1258 1076 de
1275 1021 1496 1078 civitate
1517 1036 1612 1075 sua
1632 1036 1818 1076 ascen-

253 1109 368 1165 dere
393 1109 587 1164 dicitur
605 1112 633 1164 ?
662 1109 802 1178 Quid
826 1127 953 1167 vere
977 1119 1058 1165 est
1077 1109 1224 1164 aliud
1243 1109 1573 1178 civitas,nisi
1595 1110 1818 1165 cohabi-

249 1198 442 1252 tantium
471 1199 868 1252 munimentum
889 1198 918 1251 ?
948 1197 1078 1266 Qua
1107 1206 1289 1254 autem
1334 1205 1417 1253 est
1460 1199 1578 1252 hac
1606 1198 1816 1264 civitas,

252 1286 340 1342 nisi
360 1287 539 1341 muniti
556 1287 737 1343 cordis
755 1287 993 1356 perfecta
1013 1287 1259 1342 custodia
1279 1285 1822 1355 circumspectionis?

250 1378 359 1431 Hac
384 1375 634 1430 nimirum
664 1377 812 1432 velut
859 1376 1235 1430 cohabitantes
1282 1375 1432 1432 cives
1462 1374 1590 1429 altis
1619 1375 1821 1430 moeni-

254 1465 339 1520 bus
364 1465 616 1538 protegit,
647 1465 782 1536 quia
811 1465 942 1520 dum
962 1465 1331 1522 custodiendis
1359 1464 1823 1520 virtutibussoler-

252 1561 320 1608 ter
349 1553 606 1624 invigilat,
639 1554 907 1609 internam
953 1569 1140 1609 eorum
1182 1570 1368 1624 pacem
1397 1553 1565 1608 hostis
1593 1552 1822 1609 callidus

251 1657 344 1696 non
377 1643 676 1698 conturbat.
727 1645 790 1697 In
831 1643 933 1699 hac
964 1650 1114 1698 certe
1155 1643 1371 1698 civitate
1401 1657 1500 1697 nos
1525 1641 1825 1698 consistere

249 1731 436 1802 sapiens
465 1731 559 1786 ille
593 1733 868 1802 pracepit,
902 1732 993 1803 qui
1021 1731 1098 1786 ait
1131 1749 1142 1786 :
1176 1733 1344 1787 Omni
1372 1732 1625 1787 custodia
1655 1748 1817 1788 serva
1850 1766 1902 1824 B

248 1837 328 1876 cor
341 1825 507 1885 tuam,
526 1821 800 1892 quoniam
812 1835 887 1875 ex
899 1821 1016 1891 ipso
1037 1822 1154 1876 vita
1168 1820 1418 1892 procedit
1433 1819 1792 1890 (Prov.iv,23)
1807 1861 1820 1874 .

251 1909 367 1964 Hinc
393 1909 554 1963 etiam
587 1910 852 1963 Dominus
883 1909 1166 1978 discipulis
1208 1909 1664 1979 pracipit,dicens
1691 1924 1702 1962 :
1740 1911 1832 1966 Vos

248 2001 415 2052 autem
433 1997 623 2052 sedete
639 2000 700 2052 in
717 1999 968 2062 civitate,
994 1997 1166 2054 donec
1182 1998 1507 2052 induamini
1527 2001 1736 2053 virtute
1756 2013 1830 2052 ea:

244 2087 508 2155 altotLuc.
535 2102 696 2154 xxnv,
723 2085 832 2155 L9).
866 2087 923 2139 ln
954 2085 1172 2141 civitate
1201 2085 1400 2157 quippe
1435 2085 1686 2140 sedemus
1708 2102 1830 2140 cum

246 2190 327 2244 per
352 2174 718 2244 quotidianam
753 2173 1182 2229 sollicitudinem
1213 2174 1268 2228 in
1313 2174 1537 2229 interna
1568 2174 1833 2230 custodia

242 2262 532 2318 defensione
584 2262 999 2333 requiescimus.
1047 2266 1108 2317 ln
1157 2277 1262 2334 qua
1321 2262 1581 2318 sedentes
1637 2263 1830 2318 virtute

244 2350 497 2406 induimur
527 2367 602 2406 ex
633 2351 760 2416 alto,
783 2351 912 2422 quia
935 2350 1226 2421 praparati
1252 2351 1363 2420 jam
1386 2350 1440 2404 in
1461 2351 1828 2406 habitaculum

245 2440 393 2495 sancti
431 2439 672 2509 Spiritus
703 2455 802 2510 per
827 2439 945 2508 ejus
977 2439 1214 2509 gratiam
1263 2440 1316 2492 in
1356 2455 1609 2510 superna
1641 2439 1831 2508 gloria

247 2527 745 2598 contemplationem
777 2526 1154 2582 sublevamur.
1187 2528 1244 2580 ln
1261 2527 1366 2582 hoc
1386 2527 1552 2598 igitur
1583 2527 1729 2597 quod
1746 2527 1832 2580 vir

247 2615 590 2685 Ephrathaus
619 2615 689 2670 de
719 2615 944 2670 civitate
975 2631 1071 2668 sua
1118 2615 1415 2671 ascendere
1444 2615 1666 2680 dicitur,
1699 2615 1830 2685 quid

245 2703 373 2757 aliud
401 2720 563 2774 quam
599 2704 953 2775 negligentia
972 2712 1171 2758 nostra:
1188 2704 1345 2774 culpa
1358 2702 1624 2758 indicatur
1643 2703 1670 2755 ?
1690 2703 1832 2758 Nam

244 2807 328 2861 per
353 2792 868 2862 contemplationem
910 2791 1091 2845 rimari
1140 2793 1378 2847 caelestia
1419 2791 1689 2856 volumus,
1739 2791 1831 2862 qui

245 2896 336 2934 non
371 2881 535 2936 solum
574 2881 776 2944 cordis,
811 2879 909 2934 sed
939 2881 1098 2934 etiam
1127 2880 1374 2950 corporis
1390 2879 1692 2935 custodiam
1722 2896 1830 2936 non

244 2968 500 3024 habemus.
557 2970 631 3023 Et
675 2969 898 3040 quidem
952 2985 1102 3040 saepe
1157 2969 1474 3024 indecenter
1516 2969 1826 3040 aspicimus,

244 3059 400 3112 otiosa
427 3059 702 3120 audimus,
736 3056 1001 3128 superﬂua
1032 3057 1322 3130 loquimur,
1357 3057 1826 3123 somnum,cibum

243 3159 341 3198 non
367 3145 432 3199 ad
461 3146 822 3200 refectionem
853 3147 1104 3217 corporis
1133 3145 1420 3213 habemus,
1461 3146 1556 3200 sed
1577 3146 1643 3198 ad
1670 3161 1825 3199 usum

240 3231 626 3289 delectationis.
641 3235 828 3303 Itaque
849 3249 969 3288 cum
988 3233 1259 3288 discutere
1274 3233 1538 3305 ambigua
1556 3233 1825 3298 volumus,

241 3335 449 3390 superna
485 3321 838 3392 conspicere,
888 3321 1138 3377 tenebras
1185 3329 1396 3376 nostras
1424 3321 1704 3388 deserere,
1736 3321 1824 3374 in-

238 3416 382 3465 terna
406 3410 716 3466 dulcedinis
762 3426 1011 3480 saporem
1055 3417 1296 3481 gustare,
1344 3409 1412 3464 ab
1451 3409 1594 3464 illius
1618 3417 1826 3466 secreto

237 3505 369 3553 tanto
391 3500 618 3570 dignius
643 3498 984 3568 repellimur,
1030 3507 1228 3569 quanto
1276 3499 1594 3554 munitionis
1622 3505 1827 3555 nostra

234 3583 555 3642 fortitudines
620 3586 978 3658 negligemus
1027 3586 1386 3657 dissipamus;
1413 3587 1638 3658 jamque
1669 3587 1826 3642 nobis

231 3681 362 3729 tanto
389 3683 470 3730 est
501 3675 811 3730 ascendere
831 3673 1124 3738 ditficilius,
1141 3682 1347 3747 quanto
1361 3675 1432 3731 ad
1452 3676 1824 3746 nosmetipsos

232 3761 408 3832 relapsi
436 3764 490 3817 in
511 3763 861 3817 altitudinem
876 3763 1136 3818 custodia
1151 3763 1366 3836 erigere
1381 3781 1492 3819 non
1512 3763 1825 3820 curavimus

231 3851 390 3905 cordis
414 3851 778 3907 munitiones.
806 3851 1075 3908 Ascendet
1105 3867 1235 3923 ergo
1268 3851 1348 3907 vir
1367 3853 1435 3908 de
1465 3853 1681 3908 civitate
1699 3869 1818 3920 sua,

229 3945 278 3991 ut
302 3939 386 4010 qui
413 3956 519 4009 per
545 3940 819 3994 internam
851 3939 1370 4011 contemplationem
1415 3941 1620 4012 appetit
1648 3940 1823 4010 proﬁ-

230 4041 356 4095 cere,
385 4027 701 4083 exteriores
741 4043 941 4084 sensus
989 4028 1221 4094 ordinet,
1269 4037 1510 4084 mentem
1559 4038 1735 4101 regat,
1769 4037 1820 4085 et

229 4116 366 4185 quasi
396 4117 451 4170 in
495 4116 627 4171 altis
667 4124 918 4186 receptus
964 4116 1355 4172 munitionibus
1393 4125 1688 4188 exspectet,
1720 4118 1816 4173 ubi

229 4219 338 4258 cum
367 4220 611 4276 superna
641 4204 926 4259 illustratio
949 4205 1147 4259 visitet.
1168 4206 1250 4260 Ad
1271 4213 1592 4261 statutorum
1614 4205 1816 4277 quippe

229 4289 419 4346 dierum
458 4308 756 4347 ascensum
782 4292 895 4361 jam
925 4293 1019 4364 qui
1057 4301 1272 4362 paratus
1308 4293 1578 4365 invigilat,
1611 4295 1814 4366 dignus

228 4381 452 4436 custodia
467 4382 726 4451 puritatis
745 4379 1050 4447 etﬁcitur,ut
1071 4382 1271 4452 sapius
1292 4381 1480 4438 divina
1498 4382 1814 4454 dignatione

231 4467 479 4524 visitetur.
533 4469 646 4524 Sed
692 4469 818 4522 dum
870 4469 1165 4524 ascendere
1203 4469 1422 4537 dicitur,
1481 4469 1890 4533 ascensionisD

229 4555 373 4611 etiam
403 4573 568 4614 causa
600 4561 960 4623 memoratur,
980 4573 1102 4611 cum
1121 4557 1400 4611 subditur:
1440 4559 1505 4613 Ut
1525 4557 1814 4626 adoraret,

229 4650 276 4697 et
303 4647 628 4702 immolaret
653 4647 888 4701 Domino
919 4645 1279 4701 exercituum
1312 4647 1371 4700 in
1396 4645 1532 4701 Silo.

289 4753 338 4803 7.
367 4749 624 4822 Quisquis
652 4750 851 4806 divina
893 4749 1368 4820 contemplationis
1414 4765 1542 4807 arce
1571 4751 1818 4806 sustolli-

230 4842 324 4903 tur,
363 4838 416 4892 in
448 4838 540 4894 illa
574 4847 800 4904 cuncta,
831 4838 1329 4905 illuminanteluce,
1356 4838 1647 4908 respicit,et
1673 4839 1821 4912 quod

229 4940 281 4980 se
307 4926 704 4982 admirabiliter
724 4934 945 4992 terreat,
965 4933 1015 4982 et
1035 4927 1183 4999 quod
1203 4927 1554 4984 ineli‘abiliter
1569 4928 1816 4984 delectet.

230 5013 355 5068 Nam
386 5016 480 5069 illa
513 5031 730 5070 summa
761 5015 918 5082 visio,
943 5022 998 5070 ut
1029 5015 1217 5071 electae
1265 5017 1431 5070 menti
1460 5034 1518 5072 se
1547 5015 1734 5096 aperit,
1767 5023 1822 5071 et

232 5100 755 5172 imperscrutabilem
785 5104 1045 5175 abyssum
1071 5103 1398 5174 judiciorum
1421 5105 1520 5160 Dei
1538 5111 1591 5159 et
1611 5104 1822 5158 bonita-

234 5189 295 5242 tis
319 5191 434 5262 ejus
472 5193 861 5247 abundantiam
906 5192 1330 5248 misericorditer
1367 5192 1600 5248 ostendit
1630 5176 1739 5243 34
1771 5197 1828 5246 ut

235 5278 494 5336 videntem
529 5296 732 5352 magno
779 5297 988 5353 pavore
1027 5280 1262 5352 dejiciat,
1295 5288 1349 5336 et
1387 5281 1595 5355 ingenti
1626 5279 1826 5353 gaudio

239 5368 478 5423 sustollat
498 5384 512 5440 ;
547 5375 603 5426 et
631 5377 838 5426 terrore
865 5368 1085 5443 quidem
1101 5369 1352 5440 dejicitur
1368 5377 1426 5427 ut
1441 5379 1642 5427 statum
1662 5385 1827 5426 mun-

308 5562 385 5629 (α)
414 5563 613 5631 Gilot.,
645 5561 842 5620 inesse.

1935 498 2274 563 praegustare
2301 491 2370 546 de
2401 492 2691 547 conditoris
2737 493 2979 550 bonitate
3007 494 3226 549 inchoat
3249 495 3524 550 ardentius

1937 579 2310 650 concupiscat.
2344 581 2492 636 Tunc
2521 581 2719 652 quippe
2763 581 2972 648 adorat,
3007 597 3149 649 cum,
3181 583 3522 638 considerata

1941 668 2034 722 illa
2063 669 2426 723 immensitate
2455 670 2884 739 omnipotentia,
2905 669 2980 724 sie
3002 671 3268 742 conditori
3297 671 3532 728 submit-

1941 756 2086 824 titur,
2120 765 2177 810 ut
2205 764 2392 812 contra
2419 757 2754 826 spiritualem
2797 758 3262 812 conversationem
3295 760 3528 816 carnalis

1941 845 2392 916 concupiscentia
2416 845 2735 916 impulsibus
2759 862 2867 900 non
2903 846 3125 901 levetur.
3157 846 3401 901 Adorans
3426 865 3530 902 au-

1943 941 2049 988 tem
2081 934 2346 1001 immolat,
2379 935 2502 1005 quia
2531 950 2638 1006 quo
2668 935 2918 990 humilius
2959 935 3140 989 divina
3181 935 3530 992 veneratione

1936 1022 2311 1092 prosternitur,
2371 1038 2598 1078 summa
2655 1023 2909 1078 claritatis
2965 1023 3108 1078 illius
3164 1023 3528 1080 blandimento

1937 1111 2154 1165 suavius
2209 1109 2500 1167 refovetus.
2561 1111 2808 1166 Adorare
2855 1111 3018 1182 igitur
3059 1111 3398 1177 ascendenti,
3451 1119 3533 1167 est

1936 1198 2134 1255 divina
2163 1199 2567 1270 omnipotentia
2583 1216 2779 1271 magna
2799 1199 2931 1254 casti
2951 1200 3154 1255 amoris
3183 1200 3532 1258 veneratione

1935 1287 2209 1358 submitti;
2245 1287 2522 1344 immolare
2556 1287 2918 1353 vero,divina
2946 1287 3080 1342 lucis
3109 1288 3375 1344 suavitate
3393 1289 3526 1344 inef-

1937 1375 2170 1432 {abiliter
2197 1377 2473 1432 delectari.
2509 1377 2691 1432 Electa
2720 1376 2866 1432 enim
2898 1392 3056 1432 mens
3091 1376 3239 1432 velut
3267 1378 3529 1447 spirituali

1937 1464 2298 1520 immolationi
2328 1466 2444 1520 Deo
2471 1481 2529 1519 se
2559 1473 2856 1532 consecrat,
2889 1465 3022 1519 dum
3053 1465 3107 1518 in
3139 1465 3231 1519 illa
3261 1464 3531 1520 ineffabili

1937 1555 2254 1611 elevationis
2281 1571 2393 1609 sua
2437 1553 2626 1609 latitia
2672 1569 2791 1609 eam
2836 1555 2982 1626 ignis
3029 1555 3225 1611 divina
3247 1555 3526 1611 charitatis

1934 1643 2208 1698 ardentius
2235 1643 2553 1699 inﬂammat.
2586 1643 2755 1698 Deum
2786 1658 2920 1713 ergo
2949 1644 3106 1699 electi
3136 1646 3395 1720 cujusque
3425 1655 3510 1702 stu

1934 1732 2082 1786 dium
2112 1733 2212 1786 sub
2267 1733 2597 1802 Ephrathao
2653 1731 2772 1788 viro
2828 1732 3149 1799 ostenditur,
3207 1742 3260 1788 et
3297 1734 3529 1791 adorare

1939 1821 2150 1889 dicitur,
2185 1829 2230 1875 et
2259 1820 2564 1888 immolare,
2624 1820 2746 1892 quia
2786 1820 2865 1875 sic
2905 1837 3057 1875 mens
3104 1823 3274 1877 electa
3329 1825 3533 1894 appetit

1938 1924 2171 1980 superna
2200 1909 2538 1980 conspicere,
2563 1917 2618 1964 ut
2649 1908 2913 1979 spirituali
2961 1909 3173 1964 visione
3218 1911 3528 1981 proficiens,

1939 2006 1992 2054 et
2019 2014 2238 2054 omnem
2282 2003 2483 2052 statum
2529 2002 2773 2052 conterat
2804 1997 3036 2052 carnalis
3066 1999 3208 2067 vita,
3267 2008 3319 2054 et
3347 2000 3532 2070 pleni-

1939 2087 2176 2141 tudinem
2208 2086 2385 2157 capiat
2433 2093 2654 2141 aterna
2688 2085 2914 2139 latitia.
2961 2087 3101 2140 Nam
3137 2087 3237 2141 etsi
3275 2089 3344 2142 ad
3389 2090 3527 2144 hanc

1939 2192 2167 2230 summa
2198 2173 2664 2246 contemplationis
2689 2173 3029 2229 altitudinem
3074 2176 3309 2230 carnalis
3339 2177 3532 2246 aliquis

1939 2282 2048 2321 non
2078 2264 2384 2333 assumitur,
2418 2271 2677 2335 quantum
2711 2269 2887 2318 tamen
2916 2262 2983 2316 ad
3021 2262 3170 2317 illam
3201 2264 3529 2335 spiritualem

1939 2353 2436 2419 conversationem,
2469 2351 2522 2406 in
2549 2367 2705 2421 quam
2735 2349 2828 2405 illo
2858 2365 3086 2406 ascensu
3117 2353 3531 2423 contemplatio-

1938 2444 2024 2500 nis
2052 2443 2276 2515 protieit,
2309 2450 2598 2512 antequam
2642 2440 2909 2510 proﬁciat,
2943 2440 3181 2511 quodam
3213 2441 3378 2497 modo
3409 2457 3529 2497 car-

1939 2534 2076 2588 nalis
2106 2541 2204 2587 ast.
2249 2533 2365 2586 Iloc
2413 2530 2556 2585 enim
2593 2529 2769 2599 ipsum
2824 2529 2977 2600 quasi
3021 2530 3242 2586 carnale
3287 2533 3391 2597 est,
3437 2547 3532 2602 per

1938 2621 2272 2677 altitudinem
2303 2619 2534 2676 visionis
2564 2634 2596 2673 a
2625 2633 3017 2690 corporearum
3037 2634 3220 2674 rerum
3236 2619 3530 2676 intentione

1939 2709 2180 2782 separari
2209 2725 2317 2764 non
2355 2724 2542 2779 posse.

2009 2819 2060 2872 8.
2095 2817 2221 2884 Sed,
2253 2823 2309 2870 ut
2339 2814 2618 2874 temeritas
2649 2817 2902 2870 humana
2929 2814 3171 2871 audaciae
3199 2817 3529 2885 comprima-

1936 2915 2037 2970 tur,
2057 2906 2206 2976 prius
2233 2904 2459 2958 adorare
2479 2902 2691 2968 dicitur,
2712 2910 2900 2972 postea
2916 2902 3220 2958 immolare.
3235 2903 3528 2960 Ordinatus

1936 2995 2137 3068 quippe
2166 2991 2587 3062 contemplantis
2614 3006 2875 3047 ascensus
2897 2998 2997 3058 est,
3031 2992 3075 3045 si
3103 3008 3134 3047 a
3161 2991 3357 3048 timore
3386 2993 3532 3048 inci-

1857 3122 1906 3184 α
1936 3085 2066 3156 piat.
2100 3084 2284 3138 Timor
2312 3088 2490 3136 autem
2521 3081 2658 3151 ipse,
2691 3079 2814 3150 quid
2858 3087 2946 3135 est
2975 3080 3121 3135 aliud
3154 3096 3318 3152 quam
3348 3082 3536 3140 electa

1936 3173 2130 3229 mentis
2157 3172 2228 3227 ad
2256 3170 2495 3226 divinam
2525 3169 2760 3242 gloriam
2791 3169 3180 3240 speculandam
3206 3173 3535 3228 transeuntis

1933 3262 2288 3334 praordinata
2318 3259 2614 3330 purgatio?
2646 3259 2725 3313 Eo
2766 3258 2912 3313 enim
2943 3258 3130 3330 purius
3159 3259 3363 3315 divina
3394 3260 3534 3316 lucis

1935 3351 2116 3407 radios
2144 3349 2340 3405 intueri
2371 3349 2444 3418 (b)
2493 3348 2825 3410 merebatur,
2867 3363 2996 3420 quo,
3045 3347 3302 3403 validiori
3343 3349 3534 3406 timore

1934 3436 2368 3508 dejecta,visioni
2385 3436 2685 3506 Majestatis
2703 3434 2906 3490 intima
2924 3436 3204 3505 purgatior
3222 3436 3531 3492 exhibetur.

1934 3529 2026 3584 Sic
2056 3543 2189 3600 ergo
2248 3525 2558 3596 Ephrathai
2608 3525 2766 3591 hujus
2811 3524 3156 3580 conversatio
3208 3525 3340 3580 foris
3371 3526 3532 3581 nobis

1933 3615 2255 3680 ostenditur,
2288 3617 2346 3668 ut
2361 3611 2430 3668 ad
2455 3611 2849 3684 perfectionem
2875 3611 3221 3666 tendentibus
3243 3612 3372 3685 quid
3389 3613 3530 3668 intus

1929 3704 2207 3777 agendum
2237 3701 2304 3757 sit
2328 3701 2726 3756 rationabiliter
2740 3700 3171 3756 demonstretur.
3206 3701 3374 3772 Igitur
3401 3701 3528 3756 dum

1927 3809 2156 3848 summa
2183 3790 2372 3862 gloria
2400 3788 2642 3861 respergi
2655 3788 2897 3845 claritate
2921 3789 3250 3859 appetimus,
3270 3806 3528 3860 prasum-

1927 3880 2130 3954 ptionis
2161 3887 2368 3934 nostrae
2397 3892 2586 3933 ausum
2618 3877 2674 3931 in
2703 3877 2808 3932 hoc
2844 3877 3061 3932 timoris
3092 3879 3324 3933 transitu
3347 3879 3526 3948 prali-

1925 3985 2143 4044 gamus,
2172 3975 2231 4022 ut
2260 3981 2368 4036 quo
2395 3965 2763 4021 venerabilius
2784 3965 3212 4033 omnipotentem
3231 3967 3525 4022 Dominum

1925 4059 2238 4121 metuimus,
2272 4071 2338 4111 eo
2367 4053 2741 4124 perspicacius
2762 4053 3110 4124 benignitatis
3138 4055 3260 4124 ejus
3289 4054 3526 4126 gloriam

1923 4146 2230 4204 videamus.
2272 4141 2436 4211 Cujus
2495 4141 2660 4196 etiam
2717 4140 2930 4195 timoris
2971 4141 3289 4212 magnitudo
3339 4143 3524 4198 electa

1923 4234 2091 4290 menti
2120 4229 2413 4303 aliquando
2447 4233 2575 4300 post
2618 4227 2993 4285 ostensionem
3022 4227 3159 4282 laeta
3185 4229 3406 4284 visionis
3437 4230 3523 4284 in-

1919 4323 2131 4379 cutitur.
2164 4319 2322 4390 Quod
2361 4318 2608 4390 profecto
2656 4317 2786 4372 dum
2835 4314 2911 4382 fit,
2947 4331 3056 4372 non
3101 4314 3160 4371 tit
3195 4324 3251 4370 ut
3281 4321 3521 4372 mentem

1921 4411 1990 4466 ad
2019 4409 2217 4482 gloria
2246 4408 2510 4464 visionem
2532 4404 2911 4477 puriﬁcet,sed
2942 4412 2999 4459 ut
3025 4405 3292 4460 custodiat
3320 4405 3392 4460 ab
3413 4405 3522 4461 ela-

1923 4499 2100 4555 tione.
2132 4497 2288 4554 Unde
2315 4505 2367 4552 et
2396 4497 2619 4563 Petrus,
2650 4502 2703 4550 et
2741 4493 2999 4562 Iacobus,
3030 4503 3082 4550 et
3106 4495 3345 4550 Joannes
3376 4495 3522 4566 prius

1924 4586 2294 4643 transformati
2316 4584 2536 4640 Domini
2557 4583 2792 4656 gloriam
2814 4582 3290 4649 viderunt,deinde
3308 4583 3526 4640 incusso

1925 4678 2006 4733 eis
2036 4677 2232 4731 timore
2257 4673 2520 4740 cecidere,
2551 4689 2623 4728 ne
2652 4671 2780 4728 elati
2809 4672 3098 4743 perderent
3117 4672 3265 4742 quod
3295 4672 3518 4728 humili-

1925 4773 2010 4821 ter
2029 4765 2305 4835 assumpti
2335 4762 2523 4818 videre
2553 4760 2880 4816 meruissent
2907 4761 3126 4830 (Matth.
3150 4760 3343 4828 “11,2,
3359 4762 3521 4834 δαίμ).

1926 4853 2231 4926 Aliquando
2286 4867 2418 4924 ergo
2460 4850 2705 4908 adoratio
2754 4848 3188 4905 immolationem
3247 4850 3522 4920 pracedit,

1928 4942 2228 5013 aliquando
2259 4939 2560 4996 immolatio
2590 4938 2986 5002 adorationem,
3021 4938 3121 4993 sed
3151 4937 3408 4993 nimirum
3437 4937 3528 4993 di-

1928 5033 2053 5089 vina
2073 5029 2443 5102 dispositione,
2482 5043 2589 5084 non
2618 5035 2804 5083 nostro
2856 5026 3165 5083 conamine.
3200 5027 3294 5081 Vir
3323 5025 3528 5099 quippe

1935 5120 2317 5190 Ephrathaus,
2347 5125 2404 5171 ut
2434 5117 2580 5188 prius
2609 5115 2885 5182 adoraret,
2905 5123 2959 5170 et
2973 5122 3167 5186 postea
3197 5113 3526 5180 immolaret,

1936 5207 2252 5264 ascendisse
2281 5205 2626 5269 describitur,
2659 5204 2786 5276 quia
2809 5204 3062 5275 proiecto
3092 5201 3224 5257 ordo
3255 5203 3328 5254 ita
3348 5200 3528 5270 perfe-

1937 5305 2055 5354 ctus
2097 5304 2196 5362 est,
2230 5304 2285 5349 ut
2333 5312 2365 5349 a
2402 5293 2770 5358 veneratione,
2833 5307 2952 5360 qua
3006 5306 3074 5343 ex
3103 5303 3306 5358 pavore
3331 5288 3535 5344 divina

1937 5383 2297 5442 districtionis
2319 5383 2577 5450 nascitur,
2595 5382 2663 5436 ad
2681 5377 3100 5452 speculationem
3123 5376 3264 5434 lata
3286 5377 3535 5448 majesta-

2019 5562 2096 5632 (b)
2137 5562 2326 5627 Gilot.,
2360 5556 2690 5614 merebitur.
