4062 6182
469 255 540 310 55

1659 231 1917 291 SANCTI
1953 225 2296 285 GREGORII
2331 222 2559 279 MAGNI

3711 216 3778 269 56

476 377 545 433 tis
571 373 882 432 efferamur.
909 370 1105 427 Divina
1128 376 1308 424 tamen
1331 360 1615 420 clementia
1634 359 1834 415 electas
1862 361 2069 410 mentes
2095 352 2149 413 A
2178 350 2291 403 nim
2320 363 2491 415 mens,
2524 361 2629 417 quo
2657 343 2941 400 sublimius
2979 342 3192 399 tollitur
3221 340 3276 395 in
3306 338 3492 394 divina
3527 344 3780 394 contem-

481 463 772 535 aliquando
801 461 882 517 sic
914 476 1025 515 suae
1062 454 1362 513 dulcedinis
1390 450 1657 505 infusione
1703 446 1987 509 exhilarat,
2017 450 2076 496 ut

480 530 649 607 eas-in
682 549 889 606 timoris
940 543 1369 620 magnitudinem
1411 555 1519 594 non
1561 536 1800 591 inducat.
1844 530 1998 589 Unde
2026 537 2080 584 et

485 640 731 695 subditur
761 657 775 693 :

559 737 738 807 (Vers.
779 736 854 804 ι.)
894 734 1052 791 Venit
1075 748 1201 803 ergo
1231 729 1369 797 dies,
1402 722 1788 783 etimmolavii
1812 720 2073 776 Helcana.

557 838 608 890 9.
642 831 785 902 Quid
813 838 891 886 est
921 828 1067 900 quod
1095 828 1225 885 dicit
1261 840 1273 879 :
1309 823 1465 880 Venit
1492 821 1627 889 dies,
1658 828 1711 875 et
1744 814 2074 902 inlnlolavit;

484 932 537 979 et
564 892 690 977 nonw
701 920 837 975 dixit
870 935 883 974 :
916 892 1191 983 Adoravit,
1223 923 1274 970 et
1302 910 1623 976 immolavit,
1655 908 1755 962 nisi
1792 892 1893 957 35
1931 904 2078 974 quia,

485 1019 544 1066 ut
566 1008 811 1079 superius
839 1007 973 1071 dixi,
1006 1005 1084 1061 sic
1130 1019 1275 1073 saepe
1303 1001 1487 1057 divina
1537 995 1853 1070 dignatione
1893 993 1963 1048 ad
1992 991 2079 1046 vi-

484 1099 721 1155 dendum
750 1096 983 1167 gloriam
1012 1093 1210 1149 divinae
1240 1089 1498 1147 claritatis
1526 1080 2084 1149 extollimur,utnulla

487 1197 614 1243 tunc
650 1186 977 1257 judiciorum
1025 1181 1264 1237 immista
1310 1174 1741 1235 consideratione
1788 1171 2080 1227 turbemur.

485 1276 555 1332 Et
583 1289 889 1346 quanquam
927 1271 1043 1326 sine
1087 1284 1288 1340 magna
1332 1263 1675 1321 veneratione
1731 1257 2084 1328 omnipotenti

487 1344 615 1419 Deo?
629 1360 802 1416 electa
830 1358 1010 1413 anima
1037 1371 1310 1425 nunquam
1335 1352 1565 1415 assistat,
1600 1358 1779 1404 tamen
1810 1346 1957 1401 velut
1985 1344 2087 1397 im-

487 1449 674 1517 molat,
716 1456 899 1502 etnon
928 1445 1138 1507 adorat,
1171 1444 1301 1498 dum
1332 1442 1409 1497 sic
1436 1440 1530 1493 illa
1559 1436 1753 1492 summi
1785 1433 1969 1507 gaudii
2002 1431 2088 1486 fe-

486 1537 690 1594 licitate
717 1536 926 1601 fruitur,
960 1542 1017 1589 ut
1045 1531 1348 1601 dejectione
1384 1527 1593 1584 timoris
1619 1525 1769 1579 nulla
1798 1521 2085 1593 quatiatur.

487 1627 546 1682 In
593 1627 734 1680 hunc
790 1623 992 1694 quippe
1044 1618 1299 1676 aﬂ‘ectum
1340 1623 1580 1683 venerat,
1634 1629 1754 1684 quae
1807 1609 2021 1666 dicebat
2068 1627 2081 1663 :

483 1715 783 1771 Osculetur
808 1727 898 1767 me
928 1711 1116 1766 osculo
1133 1711 1247 1765 oris
1262 1708 1353 1763 sui
1376 1707 1566 1777 (Cani.
1589 1720 1630 1768 ι,
1652 1702 1726 1773 1).

482 1803 560 1859 ris
596 1800 844 1857 affectum
886 1797 1191 1869 praetendit,
1228 1810 1351 1865 quae
1390 1790 1619 1848 osculari
1656 1787 1903 1858 appetit?
1939 1785 2076 1839 Hinc

483 1891 647 1947 etiam
676 1889 746 1943 de
774 1888 954 1958 Moyse
974 1886 1234 1954 scriptum
1264 1890 1341 1937 est
1374 1896 1386 1935 :
1425 1879 1574 1944 Quia
1592 1879 1699 1934 Deo
1718 1875 2076 1946 loquebatur,

480 1981 632 2035 sicut
642 1978 784 2033 solet
798 1977 948 2048 loqui
966 1974 1135 2044 vir(a)
1150 1973 1225 2027 τιίί
1237 1971 1667 2026 amicumsuum
1683 1964 2076 2035 (Exod.xxxm,

485 2066 771 2136 it).Nam,
815 2064 963 2118 velut
1008 2061 1255 2117 veniente
1284 2059 1388 2123 die,
1415 2059 1556 2111 hunc
1605 2053 1884 2122 Scriptura
1925 2065 2081 2105 sacra

482 2155 560 2210 sic
588 2152 872 2207 immolare
907 2149 1158 2215 ostendit,
1181 2156 1239 2202 ut
1268 2162 1392 2202 eum
1422 2143 1664 2200 adoratio
1696 2139 1903 2195 timoris
1931 2137 2079 2192 nulla

478 2240 880 2314 prostravisset.
921 2237 1041 2307 Quo
1071 2238 1125 2291 in
1155 2237 1275 2292 loco
1305 2236 1408 2290 hoc
1436 2231 1732 2287 notandum
1759 2228 1918 2284 video
1935 2226 2079 2297 quod

482 2339 541 2385 ut
569 2329 836 2395 adoraret,
884 2336 937 2382 et
988 2324 1313 2391 immolaret,
1373 2320 1664 2377 ascendere
1704 2317 1919 2384 dicitur,
1970 2331 2077 2368 non

483 2427 663 2474 tamen
691 2417 945 2472 adorasse
972 2422 1025 2470 et
1052 2412 1382 2477 immolasse,
1425 2408 1673 2464 veniente
1701 2406 1809 2471 die,
1844 2402 1937 2459 sed
1966 2403 2076 2455 im-

480 2507 715 2562 molasse
741 2503 1046 2561 solum.Alii
1063 2516 1194 2571 ergo
1221 2507 1345 2554 sunt
1360 2498 1475 2552 dies
1495 2496 1690 2567 quibus
1717 2492 2075 2554 ascendimus,

478 2602 538 2650 ut
562 2593 867 2658 adoremus,
900 2599 953 2646 et
989 2589 1373 2654 immolemus;
1405 2586 1543 2640 alius
1571 2584 1665 2638 ille
1684 2582 1800 2637 dies
1829 2580 1919 2651 qui
1948 2579 2078 2633 dum

476 2682 701 2749 venerit,
735 2679 1102 2734 immolamus.
1137 2677 1277 2731 Dum
1325 2674 1470 2730 enim
1501 2680 1682 2727 nostro
1712 2669 1996 2726 conamine
2023 2668 2080 2721 in

477 2771 783 2827 divinarum
843 2783 1022 2823 rerum
1079 2763 1427 2821 meditatione
1471 2759 1870 2831 suspendimur,
1927 2755 2078 2827 quasi

479 2857 660 2915 statuti
689 2872 942 2913 ascensus
970 2853 1135 2911 nostri
1165 2852 1281 2908 dies
1322 2858 1463 2918 sunt,
1496 2849 1623 2920 quia
1651 2846 1915 2919 quosdam
1961 2845 2079 2915 spi-

477 2947 687 3004 ritualis
715 2944 934 3000 luminis
969 2943 1154 2999 radios
1185 2942 1474 3003 intuemur,
1518 2936 1784 3009 quosdam
1831 2950 1931 2991 nos
1975 2932 2079 3003 ipsi

2180 437 2441 509 platione,
2474 450 2539 491 eo
2565 434 2812 490 devotius
2827 431 3135 489 seextendit
3164 430 3216 484 in
3235 437 3420 484 sancta
3448 426 3778 497 operatione.

2182 529 2365 582 Partes
2390 539 2627 595 numque
2655 524 2845 578 matris
2876 523 3052 589 hujus,
3082 518 3405 584 etﬁliorum,
3429 516 3783 587 praeparatio-

2182 631 2278 671 nes
2288 622 2595 670 sanctorum
2625 628 2849 682 operum
2870 618 3018 667 sunt.
3042 610 3213 665 Unam
3237 622 3365 661 vero
3385 613 3595 675 partem
3616 606 3781 660 Annae

2184 704 2351 759 tristis
2378 702 2612 769 exhibet,
2628 701 2753 771 quia
2766 715 2868 770 per
2881 695 3413 765 contemplationem,
3431 710 3535 763 qua
3552 707 3784 763 superna

2184 791 2471 854 desiderat,
2493 789 2750 861 quandiu,
2770 789 2826 842 in
2844 789 2948 844 hac
2964 800 3205 842 aerumna
3227 783 3485 852 temporis
3502 780 3780 850 impedita,

2186 895 2423 951 superna
2468 895 2588 948 quae
2643 884 2789 931 amat
2841 891 2950 931 non
3005 873 3230 938 obtinet,
3291 872 3346 925 in
3384 870 3516 926 solis
3571 869 3784 924 ﬂetibus

2184 976 2398 1038 pastum
2428 965 2736 1022 refectionis
2764 963 2946 1018 habet.
2978 962 3225 1031 Jejunam
3280 960 3483 1030 quippe
3513 974 3569 1013 se
3616 964 3782 1025 tenet,

2187 1055 2416 1127 quoties,
2447 1071 2504 1110 se
2531 1054 2830 1124 projectum
2856 1052 2925 1106 ab
2954 1050 3176 1106 aeternis
3205 1048 3422 1121 gaudiis
3450 1061 3779 1112 memorans,

2189 1143 2320 1200 ﬂere
2346 1160 2453 1199 non
2480 1151 2682 1213 potest.
2714 1143 2924 1196 Partem
2954 1139 3120 1211 igitur
3146 1154 3311 1192 unam
3341 1153 3371 1191 a
3403 1136 3537 1190 tristi
3569 1134 3787 1203 accipit,

2190 1234 2317 1304 quia
2344 1246 2635 1301 numquam
2682 1246 2781 1300 pro
2830 1237 2956 1283 voto
3012 1226 3265 1292 reficitur,
3312 1225 3414 1279 nisi
3446 1240 3570 1281 cum
3600 1222 3779 1277 ﬂendo

2190 1320 2437 1376 satiatur.
2471 1319 2644 1388 Quam
2682 1319 2730 1373 ei
2761 1318 2842 1372 vir
2870 1317 3225 1386 Ephrathaeus
3260 1313 3424 1368 tristis
3456 1311 3657 1377 tribuit,
3692 1310 3782 1379 qui

2190 1425 2315 1467 cum
2342 1417 2553 1479 partem
2610 1407 2912 1460 Phenennae
2960 1404 3238 1468 tribueret,
3284 1402 3447 1456 tristis
3502 1416 3609 1456 non
3670 1398 3789 1463 fuit,

2193 1499 2319 1569 quia
2347 1497 2600 1552 videlicet
2627 1495 2839 1550 laetatur
2860 1494 2916 1547 in
2938 1492 3335 1564 praparatione
3360 1490 3627 1545 bonorum
3657 1501 3796 1569 ope:

2192 1558 2333 1653 rum,
2365 1586 2489 1656 quia
2519 1584 2764 1654 supernis
2790 1598 2907 1653 qua:
2938 1558 3084 1637 ama—t
3110 1578 3346 1651 quandiu
3386 1576 3648 1641 differtur,
3690 1558 3793 1625 36

1734 1664 2091 1769 Quemﬁmo-
2113 1703 2167 1763 Β
2196 1674 2412 1747 gaudiis
2441 1688 2550 1727 non
2570 1672 2798 1727 laetatur.
2820 1671 2977 1726 Hanc
3006 1677 3148 1724 certe
3175 1676 3386 1738 partem
3405 1669 3572 1721 Annua
3594 1664 3791 1718 tribue-

2192 1771 2295 1828 rat,
2329 1762 2416 1833 qui
2444 1761 2660 1816 aeternis
2687 1776 2744 1814 se
2772 1760 2984 1814 intuens
3023 1757 3301 1813 exclusum
3331 1755 3489 1810 bonis
3520 1752 3791 1823 loqueba-

2186 1860 2288 1918 tur,
2321 1852 2508 1907 dicens
2537 1867 2550 1903 :
2585 1852 2836 1904 Fuerunt
2867 1848 3011 1903 mihi
3042 1847 3306 1917 lacrymce
3326 1859 3467 1899 mea:
3493 1856 3670 1914 panes
3704 1840 3798 1897 die

2186 1938 2589 2001 acnocie.dum
2603 1939 2816 1992 dicitur
2826 1934 2972 1992 mihi
2983 1935 3229 2007 quotidie
3242 1951 3258 1986 :
3282 1934 3374 1989 ubi
3389 1936 3474 1988 est
3486 1934 3631 1987 Deus
3652 1934 3788 1984 tuus

2186 2030 2364 2101 (Psal.
2417 2026 2646 2095 xu,4)?
2704 2025 2811 2080 Sed
2868 2023 3172 2079 inchoantis
3225 2022 3403 2076 adhuc
3449 2018 3794 2089 imperfectio

2186 2118 2517 2189 designatur,
2581 2114 2710 2169 dum
2744 2113 3055 2182 Ephrathaai
3104 2110 3307 2180 conjux
3353 2110 3521 2164 altera
3564 2107 3794 2161 alteram

2185 2206 2427 2278 affligere
2455 2212 2509 2259 et
2540 2205 2887 2258 vehementer
2931 2216 3133 2272 augere
3168 2199 3507 2269 perhibetur.
3549 2194 3793 2250 Perfecto

2185 2295 2329 2350 enim
2360 2293 2553 2364 cuique
2582 2307 2647 2347 eo
2677 2305 3014 2360 nequaquam
3046 2304 3229 2360 pugna
3269 2285 3622 2343 committitur
3648 2298 3801 2338 uxo-

2185 2399 2325 2449 rum,
2350 2397 2455 2452 quo
2488 2380 2642 2434 ﬁrma
2666 2379 2783 2447 jam
2811 2378 3154 2448 experientia
3170 2375 3568 2431 novitdiscrete
3598 2372 3794 2441 dispo-

2184 2487 2313 2526 nere
2350 2468 2707 2541 indigentiam
2756 2466 2937 2537 operis
2975 2474 3029 2521 et
3066 2464 3415 2520 intentionem
3445 2461 3797 2530 contempla-

2188 2560 2366 2615 tionis.
2400 2559 2541 2613 Nam
2570 2556 2717 2613 velut
2737 2555 2791 2611 in
2820 2569 2958 2625 pace
2980 2561 3264 2624 utramque
3285 2567 3509 2607 uxorem
3534 2548 3799 2621 possidet,

2186 2648 2283 2719 qui‘
2328 2663 2431 2702 nec
2503 2654 2749 2715 tempora
2810 2643 2990 2713 Operis
3045 2639 3489 2711 contemplationi
3549 2639 3795 2707 deputat,

2186 2753 2287 2793 nec
2310 2732 2782 2806 contemplationis
2809 2731 2920 2789 otia
2957 2748 3057 2803 per
3102 2730 3454 2786 intentionem
3498 2726 3680 2798 operis
3707 2725 3800 2779 in—

2193 2826 2421 2898 quietat.

2263 2951 2444 3019 (Vers.
2488 2949 2565 3016 6.)
2606 2946 2894 3019 A/ﬂigebat
2931 2960 3144 3019 quoque
3175 2959 3301 3000 eam
3332 2942 3537 2998 wmula
3574 2942 3716 3013 ejus,
3743 2943 3806 2995 et

476 3036 635 3093 nobis
654 3034 987 3100 ordinamus,
1019 3031 1090 3087 ab
1118 3031 1229 3087 imo
1259 3037 1459 3086 nostrae
1474 3024 1826 3083 humanitatis
1845 3022 2079 3095 quadam

2201 3039 2552 3096 vehementer
2576 3035 2818 3107 angebat
2841 3054 2859 3090 :
2888 3036 2950 3090 in
2977 3038 3228 3100 tantum,
3261 3036 3324 3087 ut
3353 3030 3722 3102 exprobraret
3748 3030 3806 3084 ei

477 3123 760 3181 altitudine
787 3121 1152 3177 sublevamur.
1187 3118 1305 3175 Sed
1342 3117 1470 3188 quia
1513 3116 1598 3171 his
1643 3111 2084 3170 meditationibus

478 3214 597 3268 sine
625 3211 810 3268 divina
838 3209 1017 3282 gratia
1043 3208 1178 3263 nihil
1208 3208 1412 3279 agitur,
1444 3212 1499 3260 et
1547 3203 1674 3274 quia
1703 3216 1804 3258 nec
1836 3200 2086 3256 timorem

476 3301 635 3358 nobis
689 3299 1051 3370 pravalemus
1100 3298 1356 3363 incutere,
1403 3309 1505 3349 nec
1558 3291 1759 3347 divinae
1787 3288 2089 3345 dulcedinis

481 3388 801 3445 suavitatem
826 3386 1107 3453 exhibere,
1153 3399 1406 3440 ascensus
1444 3380 1663 3452 quidem
1694 3380 1811 3434 dies
1860 3384 2001 3443 sunt,
2034 3377 2089 3430 in

484 3477 680 3549 quibus
706 3477 935 3532 adorare
963 3483 1015 3530 et
1044 3473 1330 3528 immolare
1366 3470 1670 3538 statuimus,
1701 3468 1793 3523 sed
1825 3476 2005 3522 tamen
2035 3465 2090 3520 in

487 3567 567 3622 eis
588 3582 686 3621 nec
716 3566 1024 3633 adoramus,
1053 3576 1155 3618 nec
1184 3559 1549 3615 immolamus.
1583 3558 1714 3613 Dies
1743 3563 1922 3611 autem
1954 3555 2094 3610 alius

488 3654 655 3721 venit,
688 3662 741 3709 et
766 3652 1130 3718 immolemus,
1164 3649 1290 3721 quia
1317 3648 1494 3703 subita
1522 3647 1644 3702 luce
1672 3645 1863 3717 gratiae
1890 3644 2094 3699 divinae

489 3741 875 3814 respergimur,
908 3748 961 3795 et
988 3739 1057 3794 de
1085 3739 1262 3811 gloria
1290 3735 1589 3806 Majestatis
1619 3735 1735 3803 ejus
1763 3731 2095 3787 ineﬁ'abilem

492 3829 825 3903 percipimus
852 3826 1239 3884 abundantiam
1286 3823 1620 3881 dilectionis.
1677 3822 1775 3877 Hic
1818 3836 1951 3892 ergo
1978 3820 2098 3874 dies

494 3935 606 3974 non
633 3926 716 3975 est
742 3918 957 3974 illorum
990 3915 1206 3986 aliquis,
1225 3914 1321 3969 sed
1350 3913 1475 3968 illos
1501 3911 1758 3983 sequitur,
1788 3910 1915 3981 quia
1941 3909 2099 3964 nimi-

498 4023 619 4064 rum
649 4007 692 4062 si
724 4014 905 4063 nostra
933 4004 1287 4075 dispositione
1306 4004 1444 4057 hanc
1473 4000 1672 4056 divinae
1699 3999 1896 4072 gratiae
1928 3997 2099 4070 largi-

505 4103 669 4151 tatem
699 4095 949 4165 accipere
974 4109 1083 4149 non
1122 4092 1420 4159 valeamus,
1454 4097 1632 4145 tamen
1677 4103 1797 4143 eam
1828 4101 2101 4156 nunquam

505 4199 897 4255 promeremur,
926 4182 1026 4237 nisi
1056 4180 1277 4237 omnino
1307 4194 1575 4243 curemus,
1608 4185 1667 4230 ut
1685 4184 1739 4230 et
1767 4173 2096 4237 meditando,

507 4280 562 4329 et
590 4270 829 4343 quotidie
857 4269 1106 4343 legendo,
1139 4276 1193 4324 et
1231 4267 1455 4334 orando,
1482 4273 1536 4319 et
1562 4265 1618 4317 in
1662 4263 1728 4316 iis
1760 4277 1880 4332 quae
1903 4275 2103 4330 possu-

2196 3128 2341 3202 quod
2381 3125 2758 3182 conclusisset
2788 3125 3061 3179 Dominus
3093 3123 3318 3178 vulvam
3346 3121 3488 3191 ejus.

2269 3237 2353 3289 11.
2384 3232 2468 3288 Ab
2490 3231 2689 3288 amula
2717 3231 2877 3284 Anna
2905 3227 3325 3299 aﬁligitur,cum
3355 3221 3807 3280 immoderatain-

2198 3323 2363 3378 lentio
2393 3320 2519 3376 boni
2550 3319 2731 3390 operis
2760 3318 2938 3373 turbat
2986 3316 3220 3387 quietem
3270 3314 3494 3369 interna:
3551 3310 3803 3366 visionis.

2196 3410 2486 3482 Atiligitur,
2518 3424 2640 3464 cum
2672 3407 2721 3462 ei
2752 3406 2847 3460 illa
2891 3404 3226 3475 praeponitur
3270 3418 3392 3473 quae
3419 3416 3538 3457 esse
3571 3398 3810 3455 nobilior

2199 3498 2603 3569 comprobatur,
2653 3503 2706 3551 et
2760 3495 3108 3549 vehementer
3150 3492 3384 3563 angitur,
3437 3490 3564 3561 quia
3619 3488 3808 3543 electae

2202 3587 2396 3643 mentis
2421 3584 2806 3654 contemplatio
2846 3589 3181 3654 angustatur,
3207 3580 3337 3635 dum
3384 3579 3431 3634 is
3461 3578 3549 3648 qui
3583 3576 3636 3631 in
3664 3591 3804 3632 con-

2203 3673 2554 3745 templatione
2582 3670 2895 3725 sublimium
2924 3685 3041 3724 esse
3069 3667 3342 3722 desiderat
3362 3681 3478 3721 sese
3508 3665 3562 3718 in
3615 3662 3809 3719 activae

2202 3764 2329 3819 vitae
2352 3760 2607 3832 operibus
2654 3758 3062 3814 immoderatius
3095 3756 3302 3811 dilatat.
3350 3757 3569 3824 Angere
3600 3751 3807 3822 quippe

2206 3852 2470 3922 stringere
2499 3856 2604 3905 est.
2648 3847 2840 3902 Mentis
2890 3846 3093 3915 quippe
3143 3843 3283 3899 visio
3321 3841 3622 3913 stringitur,
3657 3854 3808 3903 cum,

2206 3938 2468 4010 impedita
2492 3935 2941 4005 occupationibus
2959 3948 3209 4003 operum,
3242 3932 3296 3985 in
3319 3931 3413 3985 illa
3430 3930 3651 3985 internae
3672 3927 3816 3982 lucis

2208 4025 2570 4082 immensitate
2597 4037 2939 4093 nequaquam
2967 4020 3241 4075 dilatatur.
3276 4019 3345 4074 Et
3386 4019 3513 4089 quia
3541 4018 3680 4072 hanc
3707 4030 3812 4069 ve-

2209 4117 2486 4170 hementer
2532 4126 2733 4182 augere
2779 4109 2995 4174 dicitur,
3034 4107 3330 4164 notandum
3369 4115 3449 4161 est
3495 4105 3623 4176 quia
3651 4103 3817 4157 etiam

2212 4202 2340 4258 boni
2391 4200 2574 4270 operis
2602 4197 2962 4254 immoderata
3012 4195 3322 4252 sollicitudo
3365 4190 3814 4263 contemplationi

2212 4305 2321 4346 non
2347 4304 2542 4359 parum
2580 4294 2762 4342 nocet.
2816 4286 3103 4340 Phenenna
3142 4283 3344 4354 quippe
3374 4285 3586 4336 Annam
3637 4279 3809 4334 vehe-

513 4377 635 4461 m‘is
686 4359 1054 4461 599m???
1081 4351 2107 4461 claf'ltattbfl:-ITETETEPLXETie
2136 4400 2188 4461 D
2220 4387 2427 4433 menter
2453 4376 2623 4447 angit,
2659 4374 2785 4444 quia
2813 4390 2985 4439 mens,
3019 4372 3149 4427 dum
3177 4348 3366 4426 acti—va
3388 4369 3513 4424 vita:
3542 4366 3817 4421 immode-

517 4455 699 4502 autem
727 4447 846 4502 dies
882 4445 1097 4511 dicitur,
1136 4451 1195 4498 ut
1234 4456 1467 4512 superna
1503 4438 1746 4510 dignatio
1774 4437 2105 4509 designetur,

519 4534 648 4606 quia
673 4550 798 4590 cum
848 4534 1048 4589 electas
1102 4531 1310 4586 animas
1362 4528 1562 4597 visitat,
1592 4543 1699 4583 non
1728 4535 1810 4582 est
1838 4524 2112 4581 facultatis

516 4631 734 4691 nostrae,
761 4622 856 4678 sed
875 4620 1132 4678 bonitatis
1157 4634 1286 4675 sum.
1319 4618 1609 4690 Sequitur:

594 4729 770 4800 (Vers.
803 4730 834 4784 4
864 4736 917 4784 et
942 4729 1023 4798 5.)
1064 4726 1336 4799 Dcditque
1381 4723 1726 4789 Phenennw,
1769 4726 1825 4779 ci
1864 4722 2024 4792 ﬁliis,
2056 4724 2112 4777 ei

521 4817 751 4889 ﬁliabus
777 4820 989 4890 partes.
1021 4816 1199 4872 Anna:
1249 4818 1444 4872 autem
1489 4813 1646 4870 dedit
1684 4815 1907 4884 partem
1935 4826 2114 4867 unum

526 4909 738 4975 tristis,
763 4907 896 4980 quia
924 4906 1151 4961 Annam
1181 4903 1483 4977 diligebat.

598 5018 684 5071 10.
719 5013 837 5069 Filii
870 5027 1104 5083 namque
1132 5011 1432 5067 Phenennm
1461 5017 1582 5064 sunt
1598 5008 1792 5063 mentis
1810 5021 1976 5062 sacra:
1992 5019 2119 5060 con-

524 5104 665 5168 silia,
700 5117 819 5174 quae
844 5116 945 5172 per
968 5099 1205 5155 studium
1241 5098 1459 5169 pietatis
1500 5096 1690 5152 activae
1737 5095 1863 5149 vitae
1892 5093 2119 5148 subcre-

526 5200 698 5249 scunt.
729 5190 832 5260 Qui
863 5189 1116 5244 nimirum
1133 5185 1228 5242 ﬁlii
1258 5203 1383 5242 cum
1414 5193 1585 5240 matre
1613 5191 1795 5255 partes
1825 5181 2119 5251 accipiunt,

526 5296 651 5337 cum
677 5279 903 5334 consilia
929 5276 1146 5349 pietatis
1175 5274 1242 5331 ad
1272 5272 1615 5345 splendorem
1658 5286 1907 5342 superna:
1933 5269 2122 5342 gratiae

533 5367 589 5423 in
617 5382 843 5438 operum
872 5365 1138 5422 bonorum
1164 5362 1529 5437 pinguescunt
1555 5359 1863 5416 devotione.
1896 5357 1991 5414 Pia
2016 5365 2123 5413 ete-

603 5527 685 5601 (a)
714 5524 906 5598 Gilot.,
932 5541 1063 5583 cum
1093 5525 1273 5583 amico
1300 5540 1422 5582 suo.

2214 4475 2331 4523 rate
2360 4464 2712 4535 impenditur.
2745 4463 2907 4518 valde
2935 4460 3153 4516 didicile
3182 4468 3281 4524 est,
3301 4466 3359 4513 ut
3387 4473 3508 4513 cum
3538 4456 3607 4510 ad
3634 4456 3821 4524 dispo-

2215 4553 2393 4611 nenda
2449 4560 2658 4607 terrena
2701 4567 2767 4606 se
2836 4556 3088 4619 occupat,
3147 4547 3202 4601 in
3250 4546 3458 4601 visione
3511 4543 3820 4601 ccelestium

2215 4649 2465 4717 potenter
2491 4648 2696 4712 surgat.
2728 4639 2824 4694 Cui
2847 4638 3009 4694 etiam
3035 4635 3183 4691 velut
3201 4634 3378 4714 .sterili
3412 4634 3697 4688 Phenenna
3719 4646 3823 4686 ex-

2219 4731 2461 4804 probrat,
2493 4728 2619 4799 quia
2648 4727 2777 4781 dum
2829 4742 2900 4782 ex
2938 4724 3114 4779 activa
3159 4723 3269 4779 vita
3302 4722 3567 4777 bonorum
3597 4735 3823 4789 operum

2221 4820 2423 4876 fructus
2450 4816 2556 4872 cito
2583 4814 2932 4886 proferimus,
2968 4821 3019 4868 et
3047 4811 3116 4866 ad
3146 4810 3375 4866 internae
3405 4807 3828 4877 contemplatio-

2222 4908 2307 4963 nis
2357 4904 2561 4979 gaudia
2616 4903 2777 4958 facile
2832 4901 3140 4972 pertingere
3185 4916 3293 4954 non
3323 4898 3591 4961 valemus,
3622 4894 3829 4950 sterilis

2224 4997 2327 5052 ista
2353 4994 2606 5057 cernitur,
2640 4991 2768 5046 dum
2798 4990 2959 5045 rudes
2979 4988 3048 5044 de
3077 4987 3197 5058 ejus
3215 4986 3540 5042 fecunditate
3569 4984 3832 5053 despera-

2226 5101 2365 5139 mus.
2400 5083 2539 5136 Dum
2582 5096 2712 5152 ergo
2742 5095 2840 5150 pro
2887 5076 3215 5133 fecunditate
3258 5076 3602 5128 Pbenennam
3624 5070 3817 5141 diligi-

2227 5189 2367 5239 mus,
2398 5174 2552 5225 Anna
2580 5168 2854 5241 afﬂigitur,
2879 5166 3113 5237 angitur,
3135 5172 3188 5220 et
3206 5161 3504 5217 sterilitatis
3525 5158 3823 5230 opprobrio

2226 5268 2459 5327 notatur,
2480 5258 2606 5329 quia
2629 5257 2759 5311 dum
2781 5256 3045 5311 bonorum
3091 5252 3361 5308 actionum
3406 5246 3829 5304 sollicitudinem

2229 5364 2339 5405 non
2364 5364 2429 5405 ea
2459 5363 2565 5419 qua
2606 5344 2872 5403 debemus
2913 5341 3237 5399 discretione
3273 5336 3673 5411 restringimus,
3715 5351 3828 5405 pu-
