4062 6182
92 87 797 149 ’.ΡΨ-Ἴ

298 229 367 284 57
802 248 809 249 ί
1127 229 1202 284 IN
1253 229 1523 286 PRIMUM
1549 228 1799 284 REGUM
1832 226 2369 283 EXPOSITIONES.
2416 257 2484 267 —
2513 227 2647 282 LIB.
2686 229 2730 281 Ι.
3519 218 3587 275 58

308 351 516 407 ritatem
574 350 1034 423 contemplationis
1088 360 1242 408 tanto
1297 352 1458 408 nobis
1513 350 1881 407 difficiliorem
1913 349 1967 410 A
1998 350 2119 405 Heli
2148 358 2203 406 et
2227 353 2385 406 Anna
2413 350 2727 413 insinuant;
2761 365 2887 406 nam
2917 364 3038 405 cum
3089 346 3180 402 ille
3235 352 3359 400 ante
3413 349 3596 415 postes

312 439 604 506 reddimus,
630 448 832 511 quanto
862 441 1187 497 nobiliorem
1222 442 1389 496 vitam
1437 441 1725 497 excellenti
1782 449 1894 495 stu-

314 529 401 583 dio
427 543 762 600 nequaquam
794 529 1115 586 retinemus.
1159 530 1268 586 Sed
1293 530 1421 601 quia
1476 530 1542 584 ad
1572 530 1768 584 altiora
1799 530 1894 583 in-

312 616 514 672 choavit
542 619 863 684 ascendere,
921 620 967 673 si
1018 618 1166 675 tortis
1218 623 1305 673 est
1350 619 1404 671 in
1444 635 1544 672 suo
1597 617 1891 688 preposito,

312 705 615 775 bujusmodi
644 712 979 761 tentamenta
1017 706 1279 775 tolerans,
1311 722 1423 762 non
1450 708 1720 777 desperat.
1753 706 1894 760 Nam

312 793 377 847 ad
403 809 464 849 ea
491 809 613 864 quin
661 795 824 865 ctepit
879 795 985 850 alta
1043 795 1517 866 contemplationis
1545 795 1810 861 innititur,
1843 802 1894 849 et

313 881 375 936 de
401 880 627 937 actionis
656 882 780 937 cibo
808 883 1044 939 cosolari
1073 883 1320 953 deSpicit,
1379 883 1469 955 qui
1499 883 1554 938 in
1607 883 1730 938 sola
1756 898 1892 939 con-

312 969 496 1024 ditoris
579 971 764 1041 specie
819 971 1079 1028 delectari
1138 972 1470 1043 concupivit.
1526 974 1660 1042 Apte
1716 971 1896 1042 itaque

308 1057 547 1113 subditur
579 1075 591 1111 :

371 1146 545 1216 (Vers.
577 1146 669 1217 7.)
699 1149 870 1204 Porro
899 1148 1067 1204 Anna
1110 1148 1302 1217 ﬂebat,
1362 1152 1421 1204 et
1477 1163 1595 1204 non
1638 1148 1895 1219 capiebat

307 1232 505 1289 cibum.

372 1322 452 1375 12.
484 1321 542 1375 in
560 1321 692 1378 ﬂetu
721 1322 926 1394 quippe
955 1324 1153 1379 ardens
1181 1324 1512 1379 desiderium
1542 1322 1742 1378 divinae
1770 1337 1896 1379 con-

302 1409 668 1480 templationis
691 1412 1008 1477 ostenditur,
1029 1411 1083 1466 iu
1108 1411 1497 1484 dedignatione
1519 1427 1654 1466 vero
1683 1412 1792 1467 cibi
1811 1412 1888 1481 (a)

300 1498 583 1568 despectus
614 1499 817 1555 laetitia:
846 1501 1199 1556 transeuntis.
1242 1503 1397 1556 Mens
1446 1501 1591 1556 enim
1622 1517 1742 1571 quae
1771 1501 1889 1555 fer-

300 1586 546 1641 ventibus
589 1587 876 1643 desideriis
921 1588 1133 1643 interna
1180 1589 1476 1657 desiderat,
1509 1589 1634 1643 dum
1669 1597 1891 1644 terrenos

2001 440 2183 510 templi
2213 440 2428 494 Domini
2460 439 2700 505 sederet,
2733 447 2785 494 et
2808 440 2972 492 Anna
3003 432 3201 498 orar'et,
3231 449 3295 489 os
3324 433 3440 501 ejus
3474 431 3595 486 Heli

2002 529 2333 597 observavit,
2367 535 2419 583 et
2448 544 2571 584 eam
2604 527 2811 581 ebriam
2871 524 3107 590 vocavit,
3161 523 3272 577 Sed
3302 524 3437 587 haec,
3471 535 3595 588 qua)

2002 617 2229 685 injurias
2249 617 2514 686 patienter
2532 615 2804 679 sustinuit,
2828 614 3180 669 humilitatem
3208 608 3455 680 responsi
3487 622 3595 663 ex-

2001 706 2177 763 hibuit
2203 722 2327 762 cum
2346 705 2574 761 veritate
2588 704 2833 758 rationis.
2859 700 3128 756 Ancillam
3150 715 3208 753 se
3226 697 3345 766 ejus
3364 694 3597 751 asseruit

2003 813 2067 852 ex
2098 796 2265 850 multo
2295 794 2482 849 dolore
2515 801 2565 847 et
2600 806 2835 846 moerere
2867 789 3035 859 loqui,
3065 795 3119 841 et
3152 788 3419 841 furentem
3452 784 3507 837 in
3535 798 3593 837 se

2001 884 2262 949 animum,
2294 898 2404 937 non
2432 882 2604 935 solum
2638 879 2868 943 sedavit,
2913 878 3010 932 sed
3051 875 3217 930 etiam
3266 888 3365 943 pro
3394 886 3593 927 conse-

2001 972 2217 1043 quendo
2247 971 2421 1026 fructu
2451 970 2533 1023 sui
2562 968 2823 1023 desiderii
2851 966 2921 1022 ad
2970 964 3273 1019 orationem
3304 959 3589 1016 convertit.

2073 1062 2164 1118 14.
2205 1058 2313 1114 Sed
2342 1059 2465 1128 quia
2503 1058 2622 1113 haec
2660 1056 2848 1110 ultima
2894 1054 2963 1108 ad
3006 1052 3283 1107 historiam
3333 1048 3592 1116 diximus,

2001 1165 2109 1204 non
2139 1148 2210 1203 ab
2236 1162 2298 1203 re
2328 1146 2539 1218 agimus
2567 1146 2611 1199 si
2635 1145 2686 1198 in
2706 1144 2790 1199 his
2810 1158 2982 1198 sacrae
3003 1140 3243 1195 historiae
3269 1137 3458 1192 verbis
3473 1152 3595 1190 eru-

2000 1238 2261 1293 ditionem
2318 1242 2559 1290 nostram
2619 1233 2782 1304 paulo
2836 1230 3087 1286 subtilius
3139 1227 3504 1298 requiramus.
3539 1221 3597 1278 Si

2003 1341 2133 1397 ergo
2166 1339 2344 1378 rerum
2374 1323 2509 1378 ordo
2569 1321 2881 1392 requiritur,
2937 1318 3088 1390 prius
3139 1312 3509 1376 manducavit,
3541 1318 3596 1365 et

1998 1417 2155 1483 bibit,
2189 1415 2385 1470 dehinc
2414 1427 2661 1467 amatum
2693 1410 2935 1465 animum
2965 1408 3173 1471 habuit,
3199 1402 3377 1460 oravit
3400 1399 3592 1457 Domi-

2000 1521 2126 1560 num
2159 1503 2294 1558 ﬂens
2325 1502 2569 1573 largiter,
2608 1506 2792 1569 postea
2824 1504 3007 1553 votum
3065 1494 3231 1557 vovit,
3292 1496 3348 1546 et
3402 1502 3594 1559 preces

2001 1591 2400 1663 multiplicavit.
2433 1588 2579 1657 Quid
2610 1585 2983 1655 multiplicatio
3020 1598 3243 1655 precum
3274 1581 3454 1643 Anna,
3488 1575 3593 1630 nisi

298 1671 487 1730 latitia:
528 1675 978 1731 blandimentum
1022 1678 1246 1748 respuit,
1288 1677 1415 1732 dum
1444 1677 1768 1732 instantibus
1787 1693 1886 1748 ge-
1918 1703 1973 1763 Β
2004 1683 2150 1737 illam
2180 1681 2472 1736 electorum
2489 1676 2883 1746 perfectionem
2905 1671 3193 1763 significat,
3222 1669 3287 1763 ad
3316 1679 3595 1763 quflm_n°3

299 1762 517 1817 mitibus
543 1763 759 1819 infundi
776 1764 883 1819 sibi
902 1782 1155 1836 supernae
1172 1765 1308 1822 lucis
1325 1767 1691 1822 amoenitatem
1717 1780 1887 1836 expe—

298 1851 370 1914 tit,
401 1850 492 1906 ﬂet
534 1851 751 1922 utique,
797 1858 853 1907 et
882 1854 1062 1908 cibum
1102 1870 1211 1909 non
1249 1854 1413 1925 capit.
1459 1856 1611 1909 Hunc
1654 1869 1887 1925 namque

296 1939 462 1993 cibum
494 1938 836 2008 fastidiebat,
861 1942 951 2011 qui
977 1942 1221 1997 dicebat:
1247 1944 1452 1999 chuit
1475 1943 1757 1999 consolari
1770 1944 1887 1997 ani-

298 2045 381 2083 ma
406 2044 531 2084 mea
562 2029 748 2098 (Psal.
777 2046 962 2098 uxri,
983 2033 1057 2100 3).
1092 2031 1199 2086 Sed
1238 2033 1332 2103 qui
1381 2032 1562 2087 cibum
1592 2030 1768 2085 solatii
1791 2046 1887 2085 ca-

294 2132 416 2186 pere
442 2116 512 2171 de
541 2116 952 2174 oblectamento
979 2135 1160 2174 rerum
1193 2119 1535 2175 conditarum
1565 2119 1889 2191 dedignatus

295 2209 388 2275 est,
421 2206 622 2276 epulas
643 2205 835 2261 delicia
846 2223 962 2262 rum
991 2224 1227 2277 suarum,
1250 2208 1376 2277 quia
1394 2208 1445 2262 in
1465 2209 1583 2264 solo
1612 2207 1889 2263 conditore

292 2292 571 2360 invenerit,
600 2294 767 2349 dicit:
800 2296 1009 2352 tte-mor
1048 2298 1138 2366 fui
1176 2297 1293 2362 Dei,
1324 2301 1381 2352 et
1418 2297 1733 2354 delectatus
1760 2313 1886 2353 sum

292 2381 442 2453 (Ibid.
486 2383 568 2452 4).
608 2383 687 2436 Ad
719 2384 819 2438 has
840 2384 1092 2454 profecto
1122 2385 1314 2455 epulas
1341 2384 1564 2440 ﬂentem
1597 2386 1889 2456 conjugem

290 2468 629 2535 hortabatur,
646 2484 766 2524 cum
796 2469 998 2526 diceret
1016 2486 1029 2525 :
1053 2471 1234 2537 Quare
1250 2473 1436 2527 tristis
1454 2488 1510 2527 es
1526 2473 1725 2527 anima
1745 2487 1885 2537 mea,

292 2561 344 2613 et
357 2574 529 2630 quare
549 2558 876 2615 conturbas
896 2558 1025 2614 me?
1072 2560 1248 2631 Spera
1273 2561 1336 2615 in
1358 2562 1465 2615 Deo
1486 2562 1756 2632 quoniam
1784 2563 1884 2627 37

291 2646 462 2702 adhuc
491 2645 813 2716 conﬁtebor
839 2647 952 2714 illi,
995 2648 1252 2703 salutare
1282 2649 1474 2704 vultus
1502 2649 1615 2704 mei
1662 2652 1716 2704 et
1746 2650 1893 2704 Deus

292 2750 441 2790 meus
470 2735 663 2806 (Psal.
697 2749 832 2802 xm,
864 2735 942 2804 5).
975 2733 1118 2803 Quae
1163 2736 1417 2791 nimirum
1465 2736 1765 2792 exhortatio
1808 2736 1894 2791 hic

292 2838 496 2895 quoque
526 2823 910 2895 cognoscitur,
942 2824 1068 2894 quia
1095 2839 1128 2877 a
1160 2824 1275 2879 viro
1331 2838 1429 2878 suo
1485 2840 1580 2879 cur
1635 2824 1781 2892 ﬂeat,
1839 2840 1894 2886 ei,

294 2926 456 2981 quare
484 2926 605 2967 non
635 2909 907 2978 comedat,
926 2918 978 2964 et
1005 2910 1260 2966 aﬂlictum
1281 2927 1375 2967 cor
1404 2912 1622 2980 habeat,
1654 2912 1893 2967 interro-

293 3007 459 3071 gatur.
488 2999 669 3068 Quasi
697 2999 877 3054 dicat:
926 2999 1037 3054 Cur
1071 3000 1140 3055 de
1169 3016 1279 3055 non
1327 3000 1512 3055 habita
1542 3001 1886 3071 contempla-

293 3087 442 3142 tionis
469 3087 818 3160 perfectione
873 3087 1229 3157 contristaris,
1280 3104 1443 3158 quam
1482 3089 1526 3144 si
1585 3089 1733 3144 rudis
1779 3105 1889 3145 non

292 3175 512 3242 obtines,
542 3176 851 3247 proﬁciens
880 3176 1196 3232 obtinebis?
1252 3178 1407 3234 Unde
1459 3184 1513 3232 et
1542 3194 1663 3247 quae
1693 3176 1890 3233 afﬂicta

293 3263 357 3317 ab
375 3260 573 3319 aemula
596 3264 888 3320 comedere
907 3264 1139 3332 noluit,a
1160 3264 1274 3320 viro
1292 3267 1571 3320 cohortata
1590 3266 1889 3321 manduca-

293 3351 385 3415 vit;
405 3354 534 3424 quia
561 3368 692 3422 qua
714 3352 790 3423 (b)
808 3353 1011 3408 saniori
1031 3353 1258 3408 consilio
1279 3353 1391 3407 ima
1412 3353 1660 3424 despicit,
1686 3353 1890 3423 perfec-

293 3441 481 3497 tionem
522 3441 1015 3519 contemplationis
1041 3441 1207 3498 habet
1231 3441 1287 3496 in
1324 3458 1440 3511 spe,
1467 3458 1625 3513 quam
1649 3443 1886 3497 nondum

292 3529 441 3586 habet
468 3530 523 3585 in
554 3530 763 3585 virtute
791 3529 1165 3601 experientiae.
1198 3530 1331 3586 Fere
1361 3531 1507 3586 enim
1536 3530 1806 3587 deficienti
1837 3539 1891 3586 et

290 3617 540 3689 collapsa
560 3617 1009 3688 contemplationi
1029 3617 1145 3689 spei
1164 3626 1440 3675 renovatae
1458 3619 1715 3692 gaudium
1734 3618 1888 3675 cibus

293 3714 385 3761 est.
417 3708 500 3762 Ad
526 3706 636 3763 viri
670 3721 804 3777 ergo
834 3706 917 3760 sui
946 3721 1135 3761 vocem
1151 3709 1307 3760 Anna
1327 3705 1581 3776 reﬁcitur,
1612 3724 1733 3763 cum
1763 3723 1891 3762 con-

295 3794 667 3866 templationis
701 3792 928 3849 intentio
968 3809 1236 3850 concussa
1281 3812 1379 3865 per
1422 3796 1772 3851 tentationem
1818 3796 1887 3851 ab

295 3898 354 3936 eo
383 3884 474 3955 qui
504 3899 572 3938 se
604 3898 787 3939 amare
812 3890 1055 3953 cmperat
1092 3884 1161 3937 ad
1191 3899 1347 3953 spem
1376 3884 1458 3938 sui
1487 3884 1763 3953 profectus
1787 3901 1886 3939 ex-

291 3971 498 4027 citatur.
572 3971 731 4026 Unde
781 3979 995 4042 sumpto
1045 3972 1297 4041 surrexit,
1366 3973 1724 4043 omnipotenti
1774 3974 1889 4027 Deo

294 4074 476 4129 preces
506 4058 671 4123 fudit,
716 4066 877 4131 atque
906 4059 958 4114 ei
987 4075 1176 4114 sexum
1203 4060 1438 4126 virilem,
1467 4060 1514 4115 si
1543 4059 1691 4117 hunc
1721 4061 1792 4117 ab
1823 4076 1889 4117 eo

292 4148 527 4219 accipere
557 4153 819 4212 meretur,
848 4149 1019 4204 vovit.

361 4239 445 4291 t3.
503 4236 711 4291 Natum
748 4234 922 4289 lilium
979 4236 1335 4307 omnipotenti
1391 4238 1508 4293 Deo
1560 4245 1737 4304 vovet,
1797 4238 1890 4309 qui

294 4324 547 4396 gaudium
591 4323 1065 4395 contemplationis
1093 4326 1161 4380 ad
1201 4325 1432 4381 fructum
1465 4326 1631 4381 menti
1660 4328 1887 4396 expetit,

2001 1774 2203 1828 Doctor
2221 1767 2478 1840 egregius
2495 1766 2755 1831 hortatur,
2774 1762 2959 1817 dicens
2983 1780 2994 1815 :
3017 1761 3151 1815 Sine
3168 1755 3593 1812 intermissione

2003 1864 2159 1917 orate
2187 1858 2233 1929 (I
2265 1859 2446 1914 Thess.
2479 1872 2531 1918 v,
2568 1854 2699 1918 tl)?
2732 1853 2863 1907 Sine
2908 1846 3310 1904 intermissione
3357 1855 3595 1912 namque

2003 1963 2162 2005 orare
2197 1946 2296 2000 nisi
2333 1943 2603 2015 perfectus
2650 1942 2732 1995 vir
2787 1946 2995 2009 potest;
3056 1951 3217 1991 orare
3274 1931 3419 1987 enim
3476 1929 3593 1983 sine

2001 2033 2405 2091 intermissione
2435 2038 2517 2085 est
2549 2046 2644 2100 per
2672 2027 2924 2082 affectum
2957 2019 3364 2095 supplicationis
3394 2016 3590 2073 condi-

1999 2126 2105 2179 tori
2159 2137 2378 2190 semper
2429 2118 2706 2173 assistere.
2774 2114 2878 2183 Qui
2935 2121 3114 2167 autem
3170 2105 3593 2180 imperfectionis

1998 2213 2175 2267 adhuc
2203 2208 2508 2264 inﬁrmitate
2538 2204 2877 2274 deprimitur,
2939 2216 3004 2256 eo
3034 2201 3147 2254 sine
3190 2194 3595 2251 intermissione

1997 2300 2287 2357 Dominum
2321 2312 2430 2351 non
2458 2295 2724 2357 obsecrat,
2747 2291 2892 2362 quod
2923 2289 2977 2342 in
3000 2290 3115 2358 ipso
3145 2287 3304 2340 etiam
3337 2280 3595 2338 orationis

2000 2394 2249 2459 tempore
2279 2403 2311 2441 a
2340 2388 2629 2454 conspectu
2660 2380 2779 2449 ejus
2809 2378 3004 2433 mentis
3020 2375 3253 2431 elabitur
3280 2370 3589 2443 vagatioue.

2000 2479 2144 2532 Bene
2173 2484 2351 2531 autem
2383 2481 2509 2527 ante.
2571 2486 2788 2542 precum
2848 2462 3350 2535 multiplicationem
3406 2465 3591 2514 votum

1996 2566 2211 2623 vovisse
2239 2570 2425 2618 sancta
2443 2560 2638 2615 mulier
2661 2558 2873 2621 dicitur,
2907 2555 3032 2625 quia
3062 2552 3160 2606 nisi
3190 2548 3316 2621 quis
3345 2562 3405 2601 se
3422 2554 3592 2601 totum

1999 2652 2237 2709 caelitem
2269 2667 2366 2723 per
2395 2646 2655 2720 prepositi
2713 2646 2953 2716 rigorem
2999 2639 3268 2705 exhibeat,
3302 2651 3367 2691 eo
3395 2633 3593 2723 saepius

2002 2742 2071 2798 ab
2102 2740 2302 2796 affectu
2334 2734 2752 2809 supplicationis
2809 2732 3068 2798 educitur,
3131 2742 3237 2797 quo
3294 2722 3595 2779 mobilitate

2002 2830 2197 2886 mentis
2226 2830 2280 2882 in
2327 2843 2519 2900 gyrum
2574 2823 2862 2878 mundana:
2917 2815 3230 2873 intentionis
3265 2812 3508 2875 vertitur,
3539 2811 3593 2864 et

2002 2919 2057 2973 in
2109 2927 2401 2988 conspectu
2459 2911 2672 2968 Domini
2728 2926 2826 2982 per
2880 2907 3075 2963 fortem
3134 2901 3436 2959 custodiam
3468 2912 3592 2988 Anon

2004 2984 2377 3063 temetum-Sed
2406 3001 2640 3072 spiritali
2682 2998 2960 3069 proposito
3012 3010 3140 3049 sese
3187 3005 3385 3046 vovere
3434 2984 3593 3041 electi

2000 3112 2153 3151 mens
2175 3093 2486 3149 coelestibus
2510 3088 2729 3162 gaudiis
2749 3086 2967 3157 poterit,
3001 3083 3046 3137 si
3074 3080 3301 3152 largiter
3329 3077 3456 3131 ﬂere
3471 3075 3590 3144 jam

1998 3182 2167 3249 novit,
2200 3183 2246 3236 si
2276 3181 2495 3235 ﬂetuum
2518 3177 2768 3249 largitate
2801 3188 3058 3245 superum
3087 3166 3388 3225 dulcedinis
3418 3179 3587 3233 sapo-

1997 3288 2111 3325 rem
2130 3277 2345 3340 gustare
2362 3269 2473 3338 jam
2493 3265 2698 3331 didicit,
2721 3271 2899 3333 atque,
2926 3261 2978 3315 in
3001 3259 3144 3314 illius
3167 3257 3390 3311 interna:
3409 3251 3587 3306 refec-

1996 3359 2157 3413 tionis
2186 3374 2298 3412 suae
2354 3355 2556 3428 gaudio
2590 3354 2695 3422 38
2729 3357 3014 3419 occupata,
3070 3345 3343 3416 respicere
3374 3350 3591 3428 terrena

1997 3445 2218 3500 fastidit.
2253 3427 2457 3514 Aperte
2488 3442 2651 3514 igitur
2679 3447 2800 3494 ante
2821 3446 3005 3493 votum
3037 3450 3193 3489 suum
3222 3430 3445 3486 ﬂevisse
3474 3427 3587 3481 lar-

1995 3535 2137 3607 giter
2164 3536 2325 3587 Anna
2351 3530 2690 3593 describitur,
2713 3528 2843 3598 quia
2864 3535 3033 3581 totum
3051 3538 3169 3579 sese
3192 3521 3310 3591 quis
3325 3516 3589 3613 exhibere

1994 3623 2073 3679 sic
2102 3622 2355 3688 caelitem,
2389 3629 2599 3675 terrena
2630 3616 3031 3680 obliviscendo,
3066 3627 3171 3667 non
3215 3607 3428 3681 poterit,
3461 3607 3584 3671 nisi,

1995 3711 2207 3785 magnis
2246 3725 2507 3765 accensus
2550 3707 2789 3767 ﬂetibus,
2841 3704 2893 3758 in
2935 3712 3169 3757 mortuae
3217 3698 3333 3769 jam
3382 3692 3587 3791 mundo

1994 3802 2189 3856 mentis
2218 3797 2412 3854 solatio
2442 3793 2816 3851 delectationis
2846 3791 3047 3846 intimas
3076 3788 3319 3857 recipere
3348 3788 3588 3838 suavita-

1996 3894 2105 3945 tem
2136 3888 2302 3943 novit.
2329 3888 2398 3941 Et
2425 3885 2551 3956 quia
2571 3884 2623 3936 in
2653 3881 2853 3954 gaudio
2877 3881 3074 3934 animae
3099 3879 3201 3932 hoc
3227 3875 3587 3943 lacrymarum

1997 3977 2245 4032 solatium
2278 3991 2387 4029 non
2417 3972 2690 4042 recipitur,
2731 3971 2775 4024 si
2827 3985 2887 4025 se
2913 3968 3066 4039 prius
3121 3980 3230 4020 non
3287 3960 3449 4016 afﬁcit
3494 3972 3591 4028 per

1996 4064 2407 4120 amaritudinem
2440 4058 2893 4129 compunctionis,
2952 4064 3006 4110 et
3059 4050 3320 4124 quidquid
3350 4051 3406 4103 in
3435 4063 3493 4101 se
3521 4045 3589 4099 de

1996 4152 2194 4208 labenti
2227 4152 2356 4206 vivit
2387 4148 2567 4206 laetitia
2588 4146 2820 4201 salubris
2851 4143 3083 4199 tristitiae
3130 4141 3373 4212 pugione
3404 4144 3589 4190 trans-

1995 4240 2132 4314 ﬁgit.
2164 4242 2320 4293 Anna
2351 4250 2538 4291 amaro
2568 4233 2750 4289 animo
2779 4239 2901 4287 ante
2924 4230 3143 4284 ﬂevisse
3187 4226 3354 4280 relata
3399 4228 3500 4317 est,
3534 4224 3590 4317 et

1998 4309 2075 4384 sic
2104 4327 2331 4403 largiter
2362 4325 2489 4380 ﬂere
2521 4322 2789 4394 potuisse.
2825 4319 2981 4389 Quod
3001 4317 3139 4371 bene
3168 4313 3424 4370 Salomon
3454 4309 3587 4403 insi-

294 4428 395 4467 non
423 4413 493 4468 ad
530 4412 785 4468 favorem
814 4413 1087 4469 vanitatis.
1140 4413 1247 4469 Sed
1306 4415 1445 4471 bene
1499 4416 1806 4486 petentibus
1836 4416 1891 4469 in
1917 4407 1970 4467 D
2002 4425 2147 4483 nuat,
2166 4397 2388 4469 dicens:
2419 4412 2539 4478 Cor,
2566 4410 2707 4485 quod
2726 4410 2883 4465 novit
2912 4403 3359 4463 amaritudinem
3380 4397 3590 4453 anima:

295 4501 768 4573 contemplationis
796 4501 1068 4557 desiderio
1104 4503 1349 4557 carnales
1396 4504 1678 4573 praepositi
1708 4504 1891 4559 obsis-

296 4593 406 4644 tere
433 4590 800 4645 vehementer
834 4590 1012 4645 solent
1042 4608 1056 4655 ;
1092 4604 1157 4643 eo
1204 4590 1406 4662 quippe
1447 4591 1680 4661 ineptius
1728 4606 1892 4663 agere

296 4678 647 4734 secretiorem
680 4678 841 4732 vitam
873 4685 1192 4748 appetentes
1221 4679 1480 4749 cogitant,
1516 4694 1624 4749 quo
1653 4679 1757 4748 ipsi
1780 4679 1891 4733 vim

294 4764 517 4823 interna
569 4764 883 4822 dulcedinis
930 4765 1202 4837 ignorant.
1262 4765 1368 4834 Qui
1425 4767 1469 4820 si
1514 4765 1807 4838 aliquando
1836 4766 1892 4821 in

294 4854 568 4925 spiritales
599 4853 846 4909 subditos
881 4869 1016 4909 voce
1059 4870 1267 4923 asperae
1294 4854 1614 4910 invectionis
1642 4855 1887 4923 saeviunt,

296 4942 362 4997 ab
390 4943 471 4999 eis
502 4941 807 4996 humillima
834 4941 1047 4997 ratione
1068 4941 1457 4998 sedandisunt.
1488 4945 1623 4997 Nam
1655 4943 1699 4998 si
1731 4958 1790 4997 se
1821 4942 1893 4997 ir-

296 5030 697 5086 rationabiliter
710 5037 902 5086 contra
918 5039 1066 5086 recte
1081 5038 1309 5103 agentes
1331 5032 1569 5102 erigunt,
1591 5031 1897 5087 reverentia

295 5118 595 5189 superioris
622 5119 832 5175 ordinis
880 5120 1054 5191 exigit
1094 5126 1153 5173 ut
1201 5127 1326 5175 tunc
1373 5121 1723 5189 honorentur,
1772 5137 1896 5176 cum

296 5207 516 5262 modum
547 5208 772 5262 rationis
817 5206 1107 5263 excedunt.
1170 5206 1321 5276 Quos
1376 5225 1504 5264 sane
1559 5217 1814 5282 utrosque
1844 5217 1896 5264 et

296 5297 545 5353 carnales
573 5298 778 5354 scilicet
800 5297 1080 5368 prmiatos,
1105 5306 1158 5353 et
1177 5297 1447 5370 spiritales
1476 5298 1896 5366 subditos,bene

369 5502 451 5574 (α)
476 5502 583 5560 Alii
608 5501 780 5575 Editi,
804 5502 1157 5575 despectum.

2000 4521 2135 4571 suae,
2160 4505 2220 4558 in
2238 4502 2446 4573 gaudio
2477 4501 2597 4570 ejus
2616 4515 2733 4554 non
2754 4499 3033 4553 miscetur
3063 4495 3376 4551 extraneas
3403 4488 3588 4558 (Prov.

2002 4609 2112 4657 Xiv,
2134 4590 2243 4663 10).
2264 4591 2568 4644 Extraneus
2588 4587 2789 4660 quippe
2805 4595 2883 4641 est
2895 4585 2984 4655 qui
3002 4583 3176 4638 adhuc
3192 4581 3260 4634 de
3277 4576 3433 4632 bonis
3448 4580 3591 4663 exte-

2000 4660 2231 4734 rioribus
2251 4676 2610 4731 intentionem
2642 4672 3016 4728 delectationis
3033 4671 3199 4725 habet
3223 4667 3330 4736 Qui
3360 4671 3508 4719 certe
3535 4660 3593 4714 in

2001 4767 2197 4839 gaudio
2215 4764 2496 4821 amaricati
2515 4763 2693 4820 cordis
2718 4778 2828 4817 non
2850 4760 3125 4831 recipitur,
3142 4756 3268 4827 quia
3287 4769 3396 4809 non
3417 4756 3596 4823 potest

2002 4853 2232 4925 experiri
2263 4870 2385 4925 qua:
2409 4854 2480 4909 sit
2497 4854 2705 4909 interna
2726 4850 2931 4917 lietitia,
2950 4848 3054 4903 nisi
3077 4846 3165 4917 qui
3187 4843 3426 4915 perfecte
3455 4854 3593 4895 con-

2001 4952 2243 4999 temnere
2271 4942 2592 4998 exteriorem
2612 4948 2778 4995 curat.
2803 4938 2911 4994 Sed
2944 4935 3234 4992 notandum
3260 4932 3438 4986 adhuc
3467 4926 3595 4999 quia

2005 5038 2129 5086 ante
2158 5031 2263 5085 ista
2285 5029 2468 5084 omnia
2518 5026 2823 5082 surrexisse
2876 5025 3049 5081 relata
3099 5030 3182 5079 est
3224 5029 3277 5077 et
3305 5026 3593 5086 antequam

2005 5126 2273 5192 surgeret,
2304 5116 2607 5174 comedisse
2635 5123 2688 5170 et
2715 5114 2951 5169 bibisse.
2983 5112 3117 5181 Quis
3131 5118 3212 5166 est
3232 5108 3387 5163 cibus
3406 5103 3595 5192 electae

2004 5190 2217 5275 animm,
2252 5206 2354 5261 nisi
2392 5205 2554 5275 juxta
2588 5202 2829 5259 veritatis
2891 5216 3109 5257 vocem:
3149 5198 3319 5253 Omne
3363 5190 3592 5249 verbum

2006 5298 2149 5371 quod
2176 5296 2431 5367 procedit
2450 5295 2516 5351 de
2530 5310 2627 5349 ore
2650 5294 2748 5349 Dei
2768 5292 2950 5361 (Matt.
2972 5303 3050 5354 1v,
3070 5288 3123 5355 ι)
3142 5286 3170 5337 ‘2
3199 5290 3252 5339 et
3274 5282 3405 5353 quid
3434 5288 3516 5337 est
3543 5282 3595 5338 ei

2079 5502 2154 5573 (b)
2184 5499 2292 5558 Alii
2320 5498 2483 5567 Editi,
2513 5496 2754 5554 senioris
2784 5493 3021 5554 consilio
3049 5494 3167 5552 ima
3195 5491 3452 5566 despicit.
