  <div class='ocr_page' id='page_1' title='image "/cluster/home/n/w/nwhite01/storage/ocr_20150623/79/hvd.32044054758834/035.png"; bbox 0 0 4062 6182; ppageno 0'>
   <div class='ocr_carea' id='block_1_1' title="bbox 467 254 3753 331">
    <p class='ocr_par' dir='ltr' id='par_1_1' title="bbox 467 254 3753 331">
     <span class='ocr_line' id='line_1_1' title="bbox 467 254 3753 331; baseline -0.001 0"><span class='ocrx_word' id='word_1_1' title='bbox 467 276 537 331; x_wconf 80' lang='lat'><strong>59</strong></span> <span class='ocrx_word' id='word_1_2' title='bbox 1670 274 1872 331; x_wconf 72' lang='lat' dir='ltr'><strong>smn</strong></span> <span class='ocrx_word' id='word_1_3' title='bbox 1896 270 2243 330; x_wconf 77' lang='lat' dir='ltr'><strong>snasonu</strong></span> <span class='ocrx_word' id='word_1_4' title='bbox 2276 271 2502 328; x_wconf 79' lang='lat' dir='ltr'><strong>MAGNI</strong></span> <span class='ocrx_word' id='word_1_5' title='bbox 3510 254 3523 261; x_wconf 83' lang='lat'>&#39;</span> <span class='ocrx_word' id='word_1_6' title='bbox 3687 275 3753 329; x_wconf 75' lang='lat' dir='ltr'><strong>eo</strong></span> 
     </span>
    </p>
   </div>
   <div class='ocr_carea' id='block_1_2' title="bbox 457 377 3749 473">
    <p class='ocr_par' dir='ltr' id='par_1_2' title="bbox 457 377 3749 473">
     <span class='ocr_line' id='line_1_2' title="bbox 457 377 3749 473; baseline 0.001 -22"><span class='ocrx_word' id='word_1_7' title='bbox 457 412 698 470; x_wconf 79' lang='lat' dir='ltr'><strong>surgere,</strong></span> <span class='ocrx_word' id='word_1_8' title='bbox 729 377 830 452; x_wconf 87' lang='lat' dir='ltr'><strong>nisi</strong></span> <span class='ocrx_word' id='word_1_9' title='bbox 856 414 917 454; x_wconf 91' lang='lat' dir='ltr'><strong>se</strong></span> <span class='ocrx_word' id='word_1_10' title='bbox 945 401 1013 454; x_wconf 91' lang='lat' dir='ltr'><strong>ad</strong></span> <span class='ocrx_word' id='word_1_11' title='bbox 1046 404 1248 457; x_wconf 85' lang='lat' dir='ltr'><strong>statum</strong></span> <span class='ocrx_word' id='word_1_12' title='bbox 1275 415 1525 473; x_wconf 72' lang='lat' dir='ltr'><strong>supernae</strong></span> <span class='ocrx_word' id='word_1_13' title='bbox 1580 399 1897 455; x_wconf 76' lang='lat' dir='ltr'><strong>intentionis</strong></span> <span class='ocrx_word' id='word_1_14' title='bbox 1927 398 2043 454; x_wconf 50' lang='lat' dir='ltr'><strong>eris</strong></span> <span class='ocrx_word' id='word_1_15' title='bbox 2074 398 2127 458; x_wconf 82' lang='grc' dir='ltr'><strong>Α</strong></span> <span class='ocrx_word' id='word_1_16' title='bbox 2156 412 2307 453; x_wconf 90' lang='lat' dir='ltr'><strong>suam</strong></span> <span class='ocrx_word' id='word_1_17' title='bbox 2337 410 2454 452; x_wconf 90' lang='lat' dir='ltr'><strong>esse</strong></span> <span class='ocrx_word' id='word_1_18' title='bbox 2481 394 2849 451; x_wconf 78' lang='lat' dir='ltr'><strong>indubitanter</strong></span> <span class='ocrx_word' id='word_1_19' title='bbox 2884 395 3075 464; x_wconf 82' lang='lat' dir='ltr'><strong>credit,</strong></span> <span class='ocrx_word' id='word_1_20' title='bbox 3134 410 3286 450; x_wconf 89' lang='lat' dir='ltr'><strong>suam</strong></span> <span class='ocrx_word' id='word_1_21' title='bbox 3342 410 3579 466; x_wconf 82' lang='lat' dir='ltr'><strong>namque</strong></span> <span class='ocrx_word' id='word_1_22' title='bbox 3607 396 3749 454; x_wconf 86' lang='lat' dir='ltr'><strong>hanc</strong></span> 
     </span>
    </p>
   </div>
   <div class='ocr_carea' id='block_1_3' title="bbox 466 487 2051 561">
    <p class='ocr_par' dir='ltr' id='par_1_3' title="bbox 466 487 2051 561">
     <span class='ocr_line' id='line_1_3' title="bbox 466 487 2051 561; baseline 0.003 -21"><span class='ocrx_word' id='word_1_23' title='bbox 466 500 597 555; x_wconf 84' lang='lat' dir='ltr'><strong>gere</strong></span> <span class='ocrx_word' id='word_1_24' title='bbox 622 487 651 538; x_wconf 82' lang='lat'><strong>?</strong></span> <span class='ocrx_word' id='word_1_25' title='bbox 692 487 829 541; x_wconf 79' lang='lat' dir='ltr'><strong>Ante</strong></span> <span class='ocrx_word' id='word_1_26' title='bbox 867 502 999 560; x_wconf 86' lang='lat' dir='ltr'><strong>ergo</strong></span> <span class='ocrx_word' id='word_1_27' title='bbox 1048 489 1371 560; x_wconf 81' lang='lat' dir='ltr'><strong>surrexisse,</strong></span> <span class='ocrx_word' id='word_1_28' title='bbox 1427 505 1591 561; x_wconf 90' lang='lat' dir='ltr'><strong>quam</strong></span> <span class='ocrx_word' id='word_1_29' title='bbox 1631 503 1817 544; x_wconf 88' lang='lat' dir='ltr'><strong>amaro</strong></span> <span class='ocrx_word' id='word_1_30' title='bbox 1861 487 2051 544; x_wconf 90' lang='lat' dir='ltr'><strong>animo</strong></span> 
     </span>
    </p>
   </div>
   <div class='ocr_carea' id='block_1_4' title="bbox 462 571 2054 651">
    <p class='ocr_par' dir='ltr' id='par_1_4' title="bbox 462 571 2054 651">
     <span class='ocr_line' id='line_1_4' title="bbox 462 571 2054 651; baseline 0.003 -25"><span class='ocrx_word' id='word_1_31' title='bbox 462 571 627 628; x_wconf 78' lang='lat' dir='ltr'><strong>fuisse</strong></span> <span class='ocrx_word' id='word_1_32' title='bbox 657 572 870 641; x_wconf 89' lang='lat' dir='ltr'><strong>dicitur,</strong></span> <span class='ocrx_word' id='word_1_33' title='bbox 902 582 957 631; x_wconf 89' lang='lat' dir='ltr'><strong>et</strong></span> <span class='ocrx_word' id='word_1_34' title='bbox 992 585 1279 649; x_wconf 80' lang='lat' dir='ltr'><strong>antequam</strong></span> <span class='ocrx_word' id='word_1_35' title='bbox 1311 585 1558 651; x_wconf 78' lang='lat' dir='ltr'><strong>surgeret</strong></span> <span class='ocrx_word' id='word_1_36' title='bbox 1606 577 1966 632; x_wconf 88' lang='lat' dir='ltr'><strong>manducasse</strong></span> <span class='ocrx_word' id='word_1_37' title='bbox 1998 581 2054 631; x_wconf 85' lang='lat' dir='ltr'><strong>et</strong></span> 
     </span>
    </p>
   </div>
   <div class='ocr_carea' id='block_1_5' title="bbox 458 658 2055 738">
    <p class='ocr_par' dir='ltr' id='par_1_5' title="bbox 458 658 2055 738">
     <span class='ocr_line' id='line_1_5' title="bbox 458 658 2055 738; baseline 0.003 -24"><span class='ocrx_word' id='word_1_38' title='bbox 458 658 680 728; x_wconf 80' lang='lat' dir='ltr'><strong>bibisse,</strong></span> <span class='ocrx_word' id='word_1_39' title='bbox 705 663 836 732; x_wconf 88' lang='lat' dir='ltr'><strong>quia</strong></span> <span class='ocrx_word' id='word_1_40' title='bbox 850 664 1019 720; x_wconf 84' lang='lat' dir='ltr'><strong>electa</strong></span> <span class='ocrx_word' id='word_1_41' title='bbox 1046 667 1231 722; x_wconf 88' lang='lat' dir='ltr'><strong>anima</strong></span> <span class='ocrx_word' id='word_1_42' title='bbox 1252 667 1320 722; x_wconf 89' lang='lat' dir='ltr'><strong>de</strong></span> <span class='ocrx_word' id='word_1_43' title='bbox 1349 681 1590 723; x_wconf 68' lang='lat' dir='ltr'><strong>aerumna</strong></span> <span class='ocrx_word' id='word_1_44' title='bbox 1620 668 1743 723; x_wconf 70' lang='lat' dir='ltr'><strong>vitae</strong></span> <span class='ocrx_word' id='word_1_45' title='bbox 1771 664 2055 738; x_wconf 81' lang='lat' dir='ltr'><strong>praesentis</strong></span> 
     </span>
    </p>
   </div>
   <div class='ocr_carea' id='block_1_6' title="bbox 456 747 2053 827">
    <p class='ocr_par' dir='ltr' id='par_1_6' title="bbox 456 747 2053 827">
     <span class='ocr_line' id='line_1_6' title="bbox 456 747 2053 827; baseline 0.004 -25"><span class='ocrx_word' id='word_1_46' title='bbox 456 747 648 804; x_wconf 87' lang='lat' dir='ltr'><strong>dolere</strong></span> <span class='ocrx_word' id='word_1_47' title='bbox 669 766 776 806; x_wconf 92' lang='lat' dir='ltr'><strong>non</strong></span> <span class='ocrx_word' id='word_1_48' title='bbox 809 753 1021 823; x_wconf 88' lang='lat' dir='ltr'><strong>poterit,</strong></span> <span class='ocrx_word' id='word_1_49' title='bbox 1055 755 1098 809; x_wconf 90' lang='lat' dir='ltr'><strong>si</strong></span> <span class='ocrx_word' id='word_1_50' title='bbox 1134 772 1256 811; x_wconf 91' lang='lat' dir='ltr'><strong>sese</strong></span> <span class='ocrx_word' id='word_1_51' title='bbox 1287 756 1353 810; x_wconf 89' lang='lat' dir='ltr'><strong>ad</strong></span> <span class='ocrx_word' id='word_1_52' title='bbox 1386 756 1476 811; x_wconf 89' lang='lat' dir='ltr'><strong>illa</strong></span> <span class='ocrx_word' id='word_1_53' title='bbox 1506 772 1627 827; x_wconf 61' lang='lat' dir='ltr'><strong>qua;</strong></span> <span class='ocrx_word' id='word_1_54' title='bbox 1655 755 1711 809; x_wconf 88' lang='lat' dir='ltr'><strong>in</strong></span> <span class='ocrx_word' id='word_1_55' title='bbox 1743 754 2053 811; x_wconf 66' lang='lat' dir='ltr'><strong>caelestibus</strong></span> 
     </span>
    </p>
   </div>
   <div class='ocr_carea' id='block_1_7' title="bbox 461 837 2050 907">
    <p class='ocr_par' dir='ltr' id='par_1_7' title="bbox 461 837 2050 907">
     <span class='ocr_line' id='line_1_7' title="bbox 461 837 2050 907; baseline 0.006 -17"><span class='ocrx_word' id='word_1_56' title='bbox 461 837 695 907; x_wconf 86' lang='lat' dir='ltr'><strong>perdidit</strong></span> <span class='ocrx_word' id='word_1_57' title='bbox 726 854 834 894; x_wconf 84' lang='lat' dir='ltr'><strong>non</strong></span> <span class='ocrx_word' id='word_1_58' title='bbox 864 842 1140 904; x_wconf 79' lang='lat' dir='ltr'><strong>extendit;</strong></span> <span class='ocrx_word' id='word_1_59' title='bbox 1170 851 1223 898; x_wconf 89' lang='lat' dir='ltr'><strong>et</strong></span> <span class='ocrx_word' id='word_1_60' title='bbox 1252 860 1310 898; x_wconf 90' lang='lat' dir='ltr'><strong>se</strong></span> <span class='ocrx_word' id='word_1_61' title='bbox 1342 844 1410 898; x_wconf 90' lang='lat' dir='ltr'><strong>ad</strong></span> <span class='ocrx_word' id='word_1_62' title='bbox 1429 843 1523 898; x_wconf 88' lang='lat' dir='ltr'><strong>illa</strong></span> <span class='ocrx_word' id='word_1_63' title='bbox 1552 859 1765 898; x_wconf 87' lang='lat' dir='ltr'><strong>summa</strong></span> <span class='ocrx_word' id='word_1_64' title='bbox 1793 859 1901 899; x_wconf 92' lang='lat' dir='ltr'><strong>non</strong></span> <span class='ocrx_word' id='word_1_65' title='bbox 1934 843 2050 899; x_wconf 90' lang='lat' dir='ltr'><strong>ele-</strong></span> 
     </span>
    </p>
   </div>
   <div class='ocr_carea' id='block_1_8' title="bbox 356 926 2051 1003">
    <p class='ocr_par' dir='ltr' id='par_1_8' title="bbox 356 926 2051 1003">
     <span class='ocr_line' id='line_1_8' title="bbox 356 926 2051 1003; baseline 0.005 -26"><span class='ocrx_word' id='word_1_66' title='bbox 356 980 367 987; x_wconf 91' lang='lat'><em>_</em></span> <span class='ocrx_word' id='word_1_67' title='bbox 464 931 572 992; x_wconf 91' lang='lat' dir='ltr'><strong>vat,</strong></span> <span class='ocrx_word' id='word_1_68' title='bbox 603 926 650 979; x_wconf 84' lang='lat' dir='ltr'><strong>si</strong></span> <span class='ocrx_word' id='word_1_69' title='bbox 676 941 707 980; x_wconf 92' lang='lat' dir='ltr'><strong>a</strong></span> <span class='ocrx_word' id='word_1_70' title='bbox 737 927 1023 998; x_wconf 67' lang='lat' dir='ltr'><strong>Scriptura:</strong></span> <span class='ocrx_word' id='word_1_71' title='bbox 1059 946 1230 986; x_wconf 68' lang='lat' dir='ltr'><strong>sacras</strong></span> <span class='ocrx_word' id='word_1_72' title='bbox 1259 932 1457 1002; x_wconf 89' lang='lat' dir='ltr'><strong>pabulo</strong></span> <span class='ocrx_word' id='word_1_73' title='bbox 1506 932 1726 1001; x_wconf 87' lang='lat' dir='ltr'><strong>ieiunat.</strong></span> <span class='ocrx_word' id='word_1_74' title='bbox 1751 933 1822 987; x_wconf 91' lang='lat' dir='ltr'><strong>Ut</strong></span> <span class='ocrx_word' id='word_1_75' title='bbox 1849 948 2051 1003; x_wconf 86' lang='lat' dir='ltr'><strong>surga-</strong></span> 
     </span>
    </p>
   </div>
   <div class='ocr_carea' id='block_1_9' title="bbox 464 1018 2056 1091">
    <p class='ocr_par' dir='ltr' id='par_1_9' title="bbox 464 1018 2056 1091">
     <span class='ocr_line' id='line_1_9' title="bbox 464 1018 2056 1091; baseline 0.005 -24"><span class='ocrx_word' id='word_1_76' title='bbox 464 1028 587 1067; x_wconf 87' lang='lat' dir='ltr'><strong>mus</strong></span> <span class='ocrx_word' id='word_1_77' title='bbox 614 1029 769 1085; x_wconf 85' lang='lat' dir='ltr'><strong>ergo,</strong></span> <span class='ocrx_word' id='word_1_78' title='bbox 802 1018 1261 1083; x_wconf 65' lang='lat' dir='ltr'><strong>manducamusﬁet</strong></span> <span class='ocrx_word' id='word_1_79' title='bbox 1288 1020 1550 1091; x_wconf 88' lang='lat' dir='ltr'><strong>bibimus,</strong></span> <span class='ocrx_word' id='word_1_80' title='bbox 1581 1020 1705 1091; x_wconf 87' lang='lat' dir='ltr'><strong>quia</strong></span> <span class='ocrx_word' id='word_1_81' title='bbox 1733 1028 1855 1075; x_wconf 87' lang='lat' dir='ltr'><strong>tum</strong></span> <span class='ocrx_word' id='word_1_82' title='bbox 1887 1021 1955 1075; x_wconf 89' lang='lat' dir='ltr'><strong>ad</strong></span> <span class='ocrx_word' id='word_1_83' title='bbox 1978 1021 2056 1075; x_wconf 91' lang='lat' dir='ltr'><strong>al-</strong></span> 
     </span>
    </p>
   </div>
   <div class='ocr_carea' id='block_1_10' title="bbox 467 1100 2052 1182">
    <p class='ocr_par' dir='ltr' id='par_1_10' title="bbox 467 1100 2052 1182">
     <span class='ocr_line' id='line_1_10' title="bbox 467 1100 2052 1182; baseline 0.005 -26"><span class='ocrx_word' id='word_1_84' title='bbox 467 1100 748 1158; x_wconf 89' lang='lat' dir='ltr'><strong>titudinem</strong></span> <span class='ocrx_word' id='word_1_85' title='bbox 779 1106 996 1176; x_wconf 83' lang='lat' dir='ltr'><strong>superni</strong></span> <span class='ocrx_word' id='word_1_86' title='bbox 1035 1107 1238 1163; x_wconf 87' lang='lat' dir='ltr'><strong>amoris</strong></span> <span class='ocrx_word' id='word_1_87' title='bbox 1280 1108 1560 1182; x_wconf 80' lang='lat' dir='ltr'><strong>erigimur,</strong></span> <span class='ocrx_word' id='word_1_88' title='bbox 1601 1123 1725 1164; x_wconf 89' lang='lat' dir='ltr'><strong>cum</strong></span> <span class='ocrx_word' id='word_1_89' title='bbox 1755 1109 2052 1181; x_wconf 66' lang='lat' dir='ltr'><strong>Scriptura:</strong></span> 
     </span>
    </p>
   </div>
   <div class='ocr_carea' id='block_1_11' title="bbox 466 1193 2042 1268">
    <p class='ocr_par' dir='ltr' id='par_1_11' title="bbox 466 1193 2042 1268">
     <span class='ocr_line' id='line_1_11' title="bbox 466 1193 2042 1268; baseline 0.006 -24"><span class='ocrx_word' id='word_1_90' title='bbox 466 1205 636 1246; x_wconf 69' lang='lat' dir='ltr'><strong>sacrm</strong></span> <span class='ocrx_word' id='word_1_91' title='bbox 664 1193 948 1262; x_wconf 86' lang='lat' dir='ltr'><strong>profundis</strong></span> <span class='ocrx_word' id='word_1_92' title='bbox 986 1204 1039 1250; x_wconf 89' lang='lat' dir='ltr'><strong>et</strong></span> <span class='ocrx_word' id='word_1_93' title='bbox 1064 1195 1399 1268; x_wconf 88' lang='lat' dir='ltr'><strong>planioribus</strong></span> <span class='ocrx_word' id='word_1_94' title='bbox 1423 1197 1671 1252; x_wconf 88' lang='lat' dir='ltr'><strong>sensibus</strong></span> <span class='ocrx_word' id='word_1_95' title='bbox 1702 1198 2042 1253; x_wconf 89' lang='lat' dir='ltr'><strong>roboramur.</strong></span> 
     </span>
    </p>
   </div>
   <div class='ocr_carea' id='block_1_12' title="bbox 465 1277 2047 1359">
    <p class='ocr_par' dir='ltr' id='par_1_12' title="bbox 465 1277 2047 1359">
     <span class='ocr_line' id='line_1_12' title="bbox 465 1277 2047 1359; baseline 0.006 -28"><span class='ocrx_word' id='word_1_96' title='bbox 465 1277 674 1335; x_wconf 88' lang='lat' dir='ltr'><strong>Dehinc</strong></span> <span class='ocrx_word' id='word_1_97' title='bbox 690 1280 731 1335; x_wconf 88' lang='lat' dir='ltr'><strong>si</strong></span> <span class='ocrx_word' id='word_1_98' title='bbox 749 1297 1055 1354; x_wconf 77' lang='lat' dir='ltr'><strong>surgamus,</strong></span> <span class='ocrx_word' id='word_1_99' title='bbox 1075 1285 1485 1341; x_wconf 87' lang='lat' dir='ltr'><strong>amaritudinem</strong></span> <span class='ocrx_word' id='word_1_100' title='bbox 1502 1286 1682 1342; x_wconf 87' lang='lat' dir='ltr'><strong>cordis</strong></span> <span class='ocrx_word' id='word_1_101' title='bbox 1698 1287 2047 1359; x_wconf 88' lang='lat' dir='ltr'><strong>acquirimus.</strong></span> 
     </span>
    </p>
   </div>
   <div class='ocr_carea' id='block_1_13' title="bbox 468 1367 2052 1447">
    <p class='ocr_par' dir='ltr' id='par_1_13' title="bbox 468 1367 2052 1447">
     <span class='ocr_line' id='line_1_13' title="bbox 468 1367 2052 1447; baseline 0.006 -27"><span class='ocrx_word' id='word_1_102' title='bbox 468 1367 597 1438; x_wconf 89' lang='lat' dir='ltr'><strong>quia</strong></span> <span class='ocrx_word' id='word_1_103' title='bbox 625 1367 754 1423; x_wconf 92' lang='lat' dir='ltr'><strong>dum</strong></span> <span class='ocrx_word' id='word_1_104' title='bbox 784 1370 840 1424; x_wconf 92' lang='lat' dir='ltr'><strong>in</strong></span> <span class='ocrx_word' id='word_1_105' title='bbox 870 1388 1107 1443; x_wconf 90' lang='lat' dir='ltr'><strong>superna</strong></span> <span class='ocrx_word' id='word_1_106' title='bbox 1138 1390 1237 1445; x_wconf 88' lang='lat' dir='ltr'><strong>per</strong></span> <span class='ocrx_word' id='word_1_107' title='bbox 1264 1390 1503 1430; x_wconf 90' lang='lat' dir='ltr'><strong>amorem</strong></span> <span class='ocrx_word' id='word_1_108' title='bbox 1548 1374 1790 1441; x_wconf 89' lang='lat' dir='ltr'><strong>ferimur,</strong></span> <span class='ocrx_word' id='word_1_109' title='bbox 1846 1392 1967 1447; x_wconf 60' lang='lat' dir='ltr'><strong>quae</strong></span> <span class='ocrx_word' id='word_1_110' title='bbox 1996 1376 2052 1430; x_wconf 91' lang='lat' dir='ltr'><strong>in</strong></span> 
     </span>
    </p>
   </div>
   <div class='ocr_carea' id='block_1_14' title="bbox 462 1452 2052 1536">
    <p class='ocr_par' dir='ltr' id='par_1_14' title="bbox 462 1452 2052 1536">
     <span class='ocr_line' id='line_1_14' title="bbox 462 1452 2052 1536; baseline 0.006 -27"><span class='ocrx_word' id='word_1_111' title='bbox 462 1452 575 1511; x_wconf 90' lang='lat' dir='ltr'><strong>imo</strong></span> <span class='ocrx_word' id='word_1_112' title='bbox 605 1465 727 1512; x_wconf 89' lang='lat' dir='ltr'><strong>sunt</strong></span> <span class='ocrx_word' id='word_1_113' title='bbox 754 1474 864 1515; x_wconf 91' lang='lat' dir='ltr'><strong>non</strong></span> <span class='ocrx_word' id='word_1_114' title='bbox 880 1461 1038 1517; x_wconf 88' lang='lat' dir='ltr'><strong>nobis</strong></span> <span class='ocrx_word' id='word_1_115' title='bbox 1056 1463 1303 1532; x_wconf 84' lang='lat' dir='ltr'><strong>praebent</strong></span> <span class='ocrx_word' id='word_1_116' title='bbox 1325 1463 1695 1518; x_wconf 87' lang='lat' dir='ltr'><strong>blandimenta</strong></span> <span class='ocrx_word' id='word_1_117' title='bbox 1714 1464 1921 1536; x_wconf 82' lang='lat' dir='ltr'><strong>gaudii,</strong></span> <span class='ocrx_word' id='word_1_118' title='bbox 1954 1465 2052 1519; x_wconf 88' lang='lat' dir='ltr'><strong>sed</strong></span> 
     </span>
    </p>
   </div>
   <div class='ocr_carea' id='block_1_15' title="bbox 467 1545 2053 1621">
    <p class='ocr_par' dir='ltr' id='par_1_15' title="bbox 467 1545 2053 1621">
     <span class='ocr_line' id='line_1_15' title="bbox 467 1545 2053 1621; baseline 0.007 -24"><span class='ocrx_word' id='word_1_119' title='bbox 467 1545 815 1615; x_wconf 85' lang='lat' dir='ltr'><strong>asperitatem</strong></span> <span class='ocrx_word' id='word_1_120' title='bbox 841 1549 1161 1606; x_wconf 78' lang='lat' dir='ltr'><strong>aﬁlictionis.</strong></span> <span class='ocrx_word' id='word_1_121' title='bbox 1189 1552 1294 1607; x_wconf 90' lang='lat' dir='ltr'><strong>Sed</strong></span> <span class='ocrx_word' id='word_1_122' title='bbox 1315 1552 1432 1621; x_wconf 90' lang='lat' dir='ltr'><strong>jam</strong></span> <span class='ocrx_word' id='word_1_123' title='bbox 1457 1553 1525 1607; x_wconf 90' lang='lat' dir='ltr'><strong>ab</strong></span> <span class='ocrx_word' id='word_1_124' title='bbox 1557 1569 1744 1608; x_wconf 89' lang='lat' dir='ltr'><strong>amaro</strong></span> <span class='ocrx_word' id='word_1_125' title='bbox 1773 1553 1953 1609; x_wconf 90' lang='lat' dir='ltr'><strong>animo</strong></span> <span class='ocrx_word' id='word_1_126' title='bbox 1983 1553 2053 1608; x_wconf 90' lang='lat' dir='ltr'><strong>ad</strong></span> 
     </span>
    </p>
   </div>
   <div class='ocr_carea' id='block_1_16' title="bbox 464 1631 2055 1713">
    <p class='ocr_par' dir='ltr' id='par_1_16' title="bbox 464 1631 2055 1713">
     <span class='ocr_line' id='line_1_16' title="bbox 464 1631 2055 1713; baseline 0.007 -27"><span class='ocrx_word' id='word_1_127' title='bbox 464 1631 686 1689; x_wconf 85' lang='lat' dir='ltr'><strong>ﬂetuum</strong></span> <span class='ocrx_word' id='word_1_128' title='bbox 710 1635 911 1693; x_wconf 83' lang='lat' dir='ltr'><strong>ﬂuenta</strong></span> <span class='ocrx_word' id='word_1_129' title='bbox 939 1640 1373 1708; x_wconf 78' lang='lat' dir='ltr'><strong>conscendimus,</strong></span> <span class='ocrx_word' id='word_1_130' title='bbox 1395 1641 1521 1711; x_wconf 85' lang='lat' dir='ltr'><strong>quia</strong></span> <span class='ocrx_word' id='word_1_131' title='bbox 1550 1657 1673 1696; x_wconf 89' lang='lat' dir='ltr'><strong>cum</strong></span> <span class='ocrx_word' id='word_1_132' title='bbox 1695 1640 1817 1713; x_wconf 89' lang='lat' dir='ltr'><strong>jugi</strong></span> <span class='ocrx_word' id='word_1_133' title='bbox 1846 1642 2055 1698; x_wconf 88' lang='lat' dir='ltr'><strong>valida-</strong></span> 
     </span>
    </p>
   </div>
   <div class='ocr_carea' id='block_1_17' title="bbox 2161 482 3748 558">
    <p class='ocr_par' dir='ltr' id='par_1_17' title="bbox 2161 482 3748 558">
     <span class='ocr_line' id='line_1_17' title="bbox 2161 482 3748 558; baseline 0.001 -17"><span class='ocrx_word' id='word_1_134' title='bbox 2161 485 2435 541; x_wconf 87' lang='lat' dir='ltr'><strong>civitatem</strong></span> <span class='ocrx_word' id='word_1_135' title='bbox 2465 500 2583 540; x_wconf 90' lang='lat' dir='ltr'><strong>esse</strong></span> <span class='ocrx_word' id='word_1_136' title='bbox 2602 492 2949 556; x_wconf 71' lang='lat' dir='ltr'><strong>cognoverat,</strong></span> <span class='ocrx_word' id='word_1_137' title='bbox 2974 484 3063 555; x_wconf 89' lang='lat' dir='ltr'><strong>qui</strong></span> <span class='ocrx_word' id='word_1_138' title='bbox 3093 484 3309 540; x_wconf 88' lang='lat' dir='ltr'><strong>dicebat</strong></span> <span class='ocrx_word' id='word_1_139' title='bbox 3334 501 3345 537; x_wconf 87' lang='lat'><strong>:</strong></span> <span class='ocrx_word' id='word_1_140' title='bbox 3367 482 3595 541; x_wconf 82' lang='lat' dir='ltr'><strong>Scimus</strong></span> <span class='ocrx_word' id='word_1_141' title='bbox 3613 486 3748 558; x_wconf 84' lang='lat' dir='ltr'><strong>quia</strong></span> 
     </span>
    </p>
   </div>
   <div class='ocr_carea' id='block_1_18' title="bbox 2160 573 3751 645">
    <p class='ocr_par' dir='ltr' id='par_1_18' title="bbox 2160 573 3751 645">
     <span class='ocr_line' id='line_1_18' title="bbox 2160 573 3751 645; baseline 0.001 -16"><span class='ocrx_word' id='word_1_142' title='bbox 2160 574 2211 629; x_wconf 83' lang='lat' dir='ltr'><strong>si</strong></span> <span class='ocrx_word' id='word_1_143' title='bbox 2241 574 2530 629; x_wconf 78' lang='lat' dir='ltr'><strong>terrestris</strong></span> <span class='ocrx_word' id='word_1_144' title='bbox 2556 573 2752 629; x_wconf 88' lang='lat' dir='ltr'><strong>domus</strong></span> <span class='ocrx_word' id='word_1_145' title='bbox 2790 577 2990 629; x_wconf 85' lang='lat' dir='ltr'><strong>nostra</strong></span> <span class='ocrx_word' id='word_1_146' title='bbox 3030 574 3198 645; x_wconf 79' lang='lat' dir='ltr'><strong>hujus</strong></span> <span class='ocrx_word' id='word_1_147' title='bbox 3228 573 3598 629; x_wconf 81' lang='lat' dir='ltr'><strong>habitationis</strong></span> <span class='ocrx_word' id='word_1_148' title='bbox 3638 575 3751 630; x_wconf 80' lang='lat' dir='ltr'><strong>dis-</strong></span> 
     </span>
    </p>
   </div>
   <div class='ocr_carea' id='block_1_19' title="bbox 2160 660 3749 732">
    <p class='ocr_par' dir='ltr' id='par_1_19' title="bbox 2160 660 3749 732">
     <span class='ocr_line' id='line_1_19' title="bbox 2160 660 3749 732; baseline 0.001 -15"><span class='ocrx_word' id='word_1_149' title='bbox 2160 661 2435 727; x_wconf 81' lang='lat' dir='ltr'><strong>solvatur,</strong></span> <span class='ocrx_word' id='word_1_150' title='bbox 2468 663 2599 732; x_wconf 87' lang='lat' dir='ltr'><strong>quia</strong></span> <span class='ocrx_word' id='word_1_151' title='bbox 2616 660 3055 729; x_wconf 69' lang='lat' dir='ltr'><strong>mdiﬁcationcm</strong></span> <span class='ocrx_word' id='word_1_152' title='bbox 3085 660 3354 717; x_wconf 83' lang='lat' dir='ltr'><strong>habemus</strong></span> <span class='ocrx_word' id='word_1_153' title='bbox 3385 664 3506 717; x_wconf 69' lang='lat' dir='ltr'><strong>Dex</strong></span> <span class='ocrx_word' id='word_1_154' title='bbox 3544 677 3623 727; x_wconf 88' lang='lat' dir='ltr'><strong>eo,</strong></span> <span class='ocrx_word' id='word_1_155' title='bbox 3655 663 3749 718; x_wconf 84' lang='lat' dir='ltr'><strong>do-</strong></span> 
     </span>
    </p>
   </div>
   <div class='ocr_carea' id='block_1_20' title="bbox 2158 749 3749 819">
    <p class='ocr_par' dir='ltr' id='par_1_20' title="bbox 2158 749 3749 819">
     <span class='ocr_line' id='line_1_20' title="bbox 2158 749 3749 819; baseline 0.002 -15"><span class='ocrx_word' id='word_1_156' title='bbox 2158 767 2316 805; x_wconf 86' lang='lat' dir='ltr'><strong>mum</strong></span> <span class='ocrx_word' id='word_1_157' title='bbox 2346 767 2459 807; x_wconf 86' lang='lat' dir='ltr'><strong>non</strong></span> <span class='ocrx_word' id='word_1_158' title='bbox 2499 752 2918 819; x_wconf 78' lang='lat' dir='ltr'><strong>manu/actam,</strong></span> <span class='ocrx_word' id='word_1_159' title='bbox 2953 752 3031 819; x_wconf 88' lang='lat' dir='ltr'><strong>(a)</strong></span> <span class='ocrx_word' id='word_1_160' title='bbox 3064 749 3160 805; x_wconf 87' lang='lat' dir='ltr'><strong>sed</strong></span> <span class='ocrx_word' id='word_1_161' title='bbox 3200 753 3477 805; x_wconf 62' lang='lat' dir='ltr'><strong>aeternam</strong></span> <span class='ocrx_word' id='word_1_162' title='bbox 3502 752 3562 806; x_wconf 81' lang='lat' dir='ltr'><strong>in</strong></span> <span class='ocrx_word' id='word_1_163' title='bbox 3597 753 3749 807; x_wconf 72' lang='lat' dir='ltr'><strong>cwlis</strong></span> 
     </span>
    </p>
   </div>
   <div class='ocr_carea' id='block_1_21' title="bbox 2162 837 3750 912">
    <p class='ocr_par' dir='ltr' id='par_1_21' title="bbox 2162 837 3750 912">
     <span class='ocr_line' id='line_1_21' title="bbox 2162 837 3750 912; baseline 0.001 -19"><span class='ocrx_word' id='word_1_164' title='bbox 2162 839 2234 907; x_wconf 85' lang='lat' dir='ltr'><strong>(ll</strong></span> <span class='ocrx_word' id='word_1_165' title='bbox 2265 840 2458 905; x_wconf 86' lang='lat' dir='ltr'><strong>Cor.v,</strong></span> <span class='ocrx_word' id='word_1_166' title='bbox 2499 838 2571 909; x_wconf 87' lang='grc'><strong>1).</strong></span> <span class='ocrx_word' id='word_1_167' title='bbox 2621 838 2757 894; x_wconf 84' lang='lat' dir='ltr'><strong>Hinc</strong></span> <span class='ocrx_word' id='word_1_168' title='bbox 2794 837 2987 893; x_wconf 88' lang='lat' dir='ltr'><strong>iterum</strong></span> <span class='ocrx_word' id='word_1_169' title='bbox 3030 837 3190 893; x_wconf 88' lang='lat' dir='ltr'><strong>dicit:</strong></span> <span class='ocrx_word' id='word_1_170' title='bbox 3235 837 3579 907; x_wconf 71' lang='lat' dir='ltr'><strong>Jerusalem,</strong></span> <span class='ocrx_word' id='word_1_171' title='bbox 3628 856 3750 912; x_wconf 78' lang='lat' dir='ltr'><strong>qua:</strong></span> 
     </span>
    </p>
   </div>
   <div class='ocr_carea' id='block_1_22' title="bbox 2158 926 3749 999">
    <p class='ocr_par' dir='ltr' id='par_1_22' title="bbox 2158 926 3749 999">
     <span class='ocr_line' id='line_1_22' title="bbox 2158 926 3749 999; baseline -0.001 -16"><span class='ocrx_word' id='word_1_172' title='bbox 2158 943 2387 984; x_wconf 84' lang='lat' dir='ltr'><strong>sursum</strong></span> <span class='ocrx_word' id='word_1_173' title='bbox 2415 932 2519 995; x_wconf 82' lang='lat' dir='ltr'><strong>est,</strong></span> <span class='ocrx_word' id='word_1_174' title='bbox 2551 932 2738 984; x_wconf 85' lang='lat' dir='ltr'><strong>mater</strong></span> <span class='ocrx_word' id='word_1_175' title='bbox 2772 933 2974 984; x_wconf 85' lang='lat' dir='ltr'><strong>nostra</strong></span> <span class='ocrx_word' id='word_1_176' title='bbox 3002 928 3247 997; x_wconf 79' lang='lat' dir='ltr'><strong>est(Gal.</strong></span> <span class='ocrx_word' id='word_1_177' title='bbox 3272 942 3345 996; x_wconf 81' lang='lat' dir='ltr'><strong>Iv,</strong></span> <span class='ocrx_word' id='word_1_178' title='bbox 3377 926 3489 997; x_wconf 77' lang='lat'><strong>26).</strong></span> <span class='ocrx_word' id='word_1_179' title='bbox 3524 928 3630 983; x_wconf 88' lang='lat' dir='ltr'><strong>Sed</strong></span> <span class='ocrx_word' id='word_1_180' title='bbox 3660 929 3749 999; x_wconf 91' lang='lat' dir='ltr'><strong>qui</strong></span> 
     </span>
    </p>
   </div>
   <div class='ocr_carea' id='block_1_23' title="bbox 2160 1015 3755 1086">
    <p class='ocr_par' dir='ltr' id='par_1_23' title="bbox 2160 1015 3755 1086">
     <span class='ocr_line' id='line_1_23' title="bbox 2160 1015 3755 1086; baseline 0 -17"><span class='ocrx_word' id='word_1_181' title='bbox 2160 1015 2215 1069; x_wconf 89' lang='lat' dir='ltr'><strong>in</strong></span> <span class='ocrx_word' id='word_1_182' title='bbox 2229 1016 2323 1070; x_wconf 90' lang='lat' dir='ltr'><strong>illa</strong></span> <span class='ocrx_word' id='word_1_183' title='bbox 2348 1016 2561 1070; x_wconf 88' lang='lat' dir='ltr'><strong>sublimi</strong></span> <span class='ocrx_word' id='word_1_184' title='bbox 2592 1017 2809 1072; x_wconf 82' lang='lat' dir='ltr'><strong>civitate</strong></span> <span class='ocrx_word' id='word_1_185' title='bbox 2833 1015 3025 1071; x_wconf 80' lang='lat' dir='ltr'><strong>reverti</strong></span> <span class='ocrx_word' id='word_1_186' title='bbox 3049 1031 3156 1071; x_wconf 92' lang='lat' dir='ltr'><strong>non</strong></span> <span class='ocrx_word' id='word_1_187' title='bbox 3170 1023 3366 1086; x_wconf 85' lang='lat' dir='ltr'><strong>potest,</strong></span> <span class='ocrx_word' id='word_1_188' title='bbox 3401 1015 3586 1071; x_wconf 88' lang='lat' dir='ltr'><strong>redeat</strong></span> <span class='ocrx_word' id='word_1_189' title='bbox 3614 1016 3755 1070; x_wconf 88' lang='lat' dir='ltr'><strong>nihi-</strong></span> 
     </span>
    </p>
   </div>
   <div class='ocr_carea' id='block_1_24' title="bbox 2159 1104 3750 1175">
    <p class='ocr_par' dir='ltr' id='par_1_24' title="bbox 2159 1104 3750 1175">
     <span class='ocr_line' id='line_1_24' title="bbox 2159 1104 3750 1175; baseline 0.001 -17"><span class='ocrx_word' id='word_1_190' title='bbox 2159 1104 2393 1159; x_wconf 90' lang='lat' dir='ltr'><strong>lominus</strong></span> <span class='ocrx_word' id='word_1_191' title='bbox 2420 1105 2473 1159; x_wconf 90' lang='lat' dir='ltr'><strong>in</strong></span> <span class='ocrx_word' id='word_1_192' title='bbox 2493 1105 2768 1162; x_wconf 88' lang='lat' dir='ltr'><strong>civitatem</strong></span> <span class='ocrx_word' id='word_1_193' title='bbox 2797 1121 2949 1160; x_wconf 90' lang='lat' dir='ltr'><strong>suam</strong></span> <span class='ocrx_word' id='word_1_194' title='bbox 2974 1106 3274 1170; x_wconf 87' lang='lat' dir='ltr'><strong>Ramatha;</strong></span> <span class='ocrx_word' id='word_1_195' title='bbox 3300 1113 3352 1159; x_wconf 89' lang='lat' dir='ltr'><strong>et</strong></span> <span class='ocrx_word' id='word_1_196' title='bbox 3381 1104 3470 1175; x_wconf 89' lang='lat' dir='ltr'><strong>qui</strong></span> <span class='ocrx_word' id='word_1_197' title='bbox 3490 1104 3569 1159; x_wconf 86' lang='lat' dir='ltr'><strong>ab</strong></span> <span class='ocrx_word' id='word_1_198' title='bbox 3602 1105 3750 1161; x_wconf 87' lang='lat' dir='ltr'><strong>altis-</strong></span> 
     </span>
    </p>
   </div>
   <div class='ocr_carea' id='block_1_25' title="bbox 2160 1192 3750 1263">
    <p class='ocr_par' dir='ltr' id='par_1_25' title="bbox 2160 1192 3750 1263">
     <span class='ocr_line' id='line_1_25' title="bbox 2160 1192 3750 1263; baseline 0.001 -16"><span class='ocrx_word' id='word_1_199' title='bbox 2160 1192 2297 1247; x_wconf 89' lang='lat' dir='ltr'><strong>sima</strong></span> <span class='ocrx_word' id='word_1_200' title='bbox 2326 1193 2423 1247; x_wconf 90' lang='lat' dir='ltr'><strong>illa</strong></span> <span class='ocrx_word' id='word_1_201' title='bbox 2451 1193 2735 1263; x_wconf 88' lang='lat' dir='ltr'><strong>depontur,</strong></span> <span class='ocrx_word' id='word_1_202' title='bbox 2767 1194 2821 1248; x_wconf 92' lang='lat' dir='ltr'><strong>in</strong></span> <span class='ocrx_word' id='word_1_203' title='bbox 2851 1193 3003 1249; x_wconf 87' lang='lat' dir='ltr'><strong>istius</strong></span> <span class='ocrx_word' id='word_1_204' title='bbox 3043 1194 3303 1249; x_wconf 64' lang='lat' dir='ltr'><strong>Ecclesia)</strong></span> <span class='ocrx_word' id='word_1_205' title='bbox 3345 1192 3519 1248; x_wconf 88' lang='lat' dir='ltr'><strong>adhuc</strong></span> <span class='ocrx_word' id='word_1_206' title='bbox 3545 1193 3600 1247; x_wconf 91' lang='lat' dir='ltr'><strong>in</strong></span> <span class='ocrx_word' id='word_1_207' title='bbox 3638 1194 3750 1249; x_wconf 91' lang='lat' dir='ltr'><strong>imo</strong></span> 
     </span>
    </p>
   </div>
   <div class='ocr_carea' id='block_1_26' title="bbox 2157 1280 3751 1354">
    <p class='ocr_par' dir='ltr' id='par_1_26' title="bbox 2157 1280 3751 1354">
     <span class='ocr_line' id='line_1_26' title="bbox 2157 1280 3751 1354; baseline 0.001 -20"><span class='ocrx_word' id='word_1_208' title='bbox 2157 1280 2569 1352; x_wconf 84' lang='lat' dir='ltr'><strong>peregrinantis,</strong></span> <span class='ocrx_word' id='word_1_209' title='bbox 2595 1281 2688 1336; x_wconf 90' lang='lat' dir='ltr'><strong>sed</strong></span> <span class='ocrx_word' id='word_1_210' title='bbox 2717 1281 2966 1336; x_wconf 88' lang='lat' dir='ltr'><strong>sublimis</strong></span> <span class='ocrx_word' id='word_1_211' title='bbox 2989 1282 3115 1337; x_wconf 73' lang='lat' dir='ltr'><strong>vitae</strong></span> <span class='ocrx_word' id='word_1_212' title='bbox 3132 1281 3344 1354; x_wconf 84' lang='lat' dir='ltr'><strong>fulgore</strong></span> <span class='ocrx_word' id='word_1_213' title='bbox 3363 1282 3641 1348; x_wconf 87' lang='lat' dir='ltr'><strong>radiantis,</strong></span> <span class='ocrx_word' id='word_1_214' title='bbox 3661 1282 3751 1335; x_wconf 89' lang='lat' dir='ltr'><strong>vi-</strong></span> 
     </span>
    </p>
   </div>
   <div class='ocr_carea' id='block_1_27' title="bbox 2159 1369 3751 1441">
    <p class='ocr_par' dir='ltr' id='par_1_27' title="bbox 2159 1369 3751 1441">
     <span class='ocr_line' id='line_1_27' title="bbox 2159 1369 3751 1441; baseline 0.001 -18"><span class='ocrx_word' id='word_1_215' title='bbox 2159 1369 2310 1424; x_wconf 92' lang='lat' dir='ltr'><strong>sione</strong></span> <span class='ocrx_word' id='word_1_216' title='bbox 2328 1377 2587 1424; x_wconf 87' lang='lat' dir='ltr'><strong>teneatur.</strong></span> <span class='ocrx_word' id='word_1_217' title='bbox 2621 1371 2700 1426; x_wconf 86' lang='lat' dir='ltr'><strong>Eo</strong></span> <span class='ocrx_word' id='word_1_218' title='bbox 2730 1371 2931 1441; x_wconf 88' lang='lat' dir='ltr'><strong>quippe</strong></span> <span class='ocrx_word' id='word_1_219' title='bbox 2971 1371 3096 1426; x_wconf 86' lang='lat' dir='ltr'><strong>hinc</strong></span> <span class='ocrx_word' id='word_1_220' title='bbox 3124 1370 3317 1426; x_wconf 88' lang='lat' dir='ltr'><strong>iterum</strong></span> <span class='ocrx_word' id='word_1_221' title='bbox 3358 1371 3532 1426; x_wconf 89' lang='lat' dir='ltr'><strong>redire</strong></span> <span class='ocrx_word' id='word_1_222' title='bbox 3559 1370 3628 1426; x_wconf 91' lang='lat' dir='ltr'><strong>ad</strong></span> <span class='ocrx_word' id='word_1_223' title='bbox 3655 1386 3751 1425; x_wconf 86' lang='lat' dir='ltr'><strong>re-</strong></span> 
     </span>
    </p>
   </div>
   <div class='ocr_carea' id='block_1_28' title="bbox 2159 1457 3749 1529">
    <p class='ocr_par' dir='ltr' id='par_1_28' title="bbox 2159 1457 3749 1529">
     <span class='ocr_line' id='line_1_28' title="bbox 2159 1457 3749 1529; baseline 0.001 -18"><span class='ocrx_word' id='word_1_224' title='bbox 2159 1457 2441 1512; x_wconf 80' lang='lat' dir='ltr'><strong>visendum</strong></span> <span class='ocrx_word' id='word_1_225' title='bbox 2464 1457 2630 1527; x_wconf 90' lang='lat' dir='ltr'><strong>jubar</strong></span> <span class='ocrx_word' id='word_1_226' title='bbox 2657 1459 2750 1512; x_wconf 88' lang='lat' dir='ltr'><strong>alti</strong></span> <span class='ocrx_word' id='word_1_227' title='bbox 2781 1458 2999 1529; x_wconf 83' lang='lat' dir='ltr'><strong>verique</strong></span> <span class='ocrx_word' id='word_1_228' title='bbox 3026 1459 3246 1514; x_wconf 89' lang='lat' dir='ltr'><strong>luminis</strong></span> <span class='ocrx_word' id='word_1_229' title='bbox 3262 1460 3459 1529; x_wconf 90' lang='lat' dir='ltr'><strong>poterit</strong></span> <span class='ocrx_word' id='word_1_230' title='bbox 3496 1474 3603 1529; x_wconf 89' lang='lat' dir='ltr'><strong>quo</strong></span> <span class='ocrx_word' id='word_1_231' title='bbox 3623 1472 3749 1514; x_wconf 89' lang='lat' dir='ltr'><strong>eum</strong></span> 
     </span>
    </p>
   </div>
   <div class='ocr_carea' id='block_1_29' title="bbox 2158 1546 3749 1616">
    <p class='ocr_par' dir='ltr' id='par_1_29' title="bbox 2158 1546 3749 1616">
     <span class='ocr_line' id='line_1_29' title="bbox 2158 1546 3749 1616; baseline 0.003 -17"><span class='ocrx_word' id='word_1_232' title='bbox 2158 1560 2373 1600; x_wconf 88' lang='lat' dir='ltr'><strong>sensum</strong></span> <span class='ocrx_word' id='word_1_233' title='bbox 2403 1561 2561 1616; x_wconf 92' lang='lat' dir='ltr'><strong>quem</strong></span> <span class='ocrx_word' id='word_1_234' title='bbox 2591 1546 2768 1603; x_wconf 87' lang='lat' dir='ltr'><strong>carnis</strong></span> <span class='ocrx_word' id='word_1_235' title='bbox 2796 1547 3006 1603; x_wconf 87' lang='lat' dir='ltr'><strong>sarcina</strong></span> <span class='ocrx_word' id='word_1_236' title='bbox 3035 1547 3104 1601; x_wconf 89' lang='lat' dir='ltr'><strong>ab</strong></span> <span class='ocrx_word' id='word_1_237' title='bbox 3134 1548 3355 1603; x_wconf 65' lang='lat' dir='ltr'><strong>interna:</strong></span> <span class='ocrx_word' id='word_1_238' title='bbox 3380 1547 3517 1602; x_wconf 91' lang='lat' dir='ltr'><strong>lucis</strong></span> <span class='ocrx_word' id='word_1_239' title='bbox 3544 1555 3749 1603; x_wconf 88' lang='lat' dir='ltr'><strong>secreto</strong></span> 
     </span>
    </p>
   </div>
   <div class='ocr_carea' id='block_1_30' title="bbox 2157 1634 3597 1706">
    <p class='ocr_par' dir='ltr' id='par_1_30' title="bbox 2157 1634 3597 1706">
     <span class='ocr_line' id='line_1_30' title="bbox 2157 1634 3597 1706; baseline 0.002 -19"><span class='ocrx_word' id='word_1_240' title='bbox 2157 1634 2381 1689; x_wconf 89' lang='lat' dir='ltr'><strong>retrahit</strong></span> <span class='ocrx_word' id='word_1_241' title='bbox 2407 1650 2577 1705; x_wconf 89' lang='lat' dir='ltr'><strong>usque</strong></span> <span class='ocrx_word' id='word_1_242' title='bbox 2614 1635 2681 1689; x_wconf 93' lang='lat' dir='ltr'><strong>ad</strong></span> <span class='ocrx_word' id='word_1_243' title='bbox 2712 1643 2864 1691; x_wconf 66' lang='lat' dir='ltr'><strong>terrm</strong></span> <span class='ocrx_word' id='word_1_244' title='bbox 2889 1636 2964 1705; x_wconf 75' lang='grc' dir='ltr'><strong>(ὁ)</strong></span> <span class='ocrx_word' id='word_1_245' title='bbox 2994 1634 3180 1690; x_wconf 81' lang='lat' dir='ltr'><strong>infima</strong></span> <span class='ocrx_word' id='word_1_246' title='bbox 3216 1652 3322 1691; x_wconf 91' lang='lat' dir='ltr'><strong>non</strong></span> <span class='ocrx_word' id='word_1_247' title='bbox 3351 1636 3597 1706; x_wconf 89' lang='lat' dir='ltr'><strong>deponit.</strong></span> 
     </span>
    </p>
   </div>
   <div class='ocr_carea' id='block_1_31' title="bbox 467 1721 3751 1811">
    <p class='ocr_par' dir='ltr' id='par_1_31' title="bbox 467 1721 3751 1811">
     <span class='ocr_line' id='line_1_31' title="bbox 467 1721 3751 1811; baseline 0.003 -36"><span class='ocrx_word' id='word_1_248' title='bbox 467 1736 573 1811; x_wconf 91' lang='lat' dir='ltr'><strong>que</strong></span> <span class='ocrx_word' id='word_1_249' title='bbox 597 1727 1048 1795; x_wconf 89' lang='lat' dir='ltr'><strong>compunctionne</strong></span> <span class='ocrx_word' id='word_1_250' title='bbox 1069 1728 1455 1801; x_wconf 82' lang='lat' dir='ltr'><strong>transfigimur,</strong></span> <span class='ocrx_word' id='word_1_251' title='bbox 1481 1746 1546 1785; x_wconf 90' lang='lat' dir='ltr'><strong>ea</strong></span> <span class='ocrx_word' id='word_1_252' title='bbox 1566 1730 1708 1784; x_wconf 90' lang='lat' dir='ltr'><strong>mala</strong></span> <span class='ocrx_word' id='word_1_253' title='bbox 1732 1730 1921 1799; x_wconf 72' lang='lat' dir='ltr'><strong>quasin</strong></span> <span class='ocrx_word' id='word_1_254' title='bbox 1952 1732 2053 1787; x_wconf 89' lang='lat' dir='ltr'><strong>hac</strong></span> <span class='ocrx_word' id='word_1_255' title='bbox 2081 1752 2133 1811; x_wconf 82' lang='grc' dir='ltr'>Β</span> <span class='ocrx_word' id='word_1_256' title='bbox 2237 1723 2321 1776; x_wconf 74' lang='grc'><strong>16·</strong></span> <span class='ocrx_word' id='word_1_257' title='bbox 2354 1721 2496 1791; x_wconf 82' lang='lat' dir='ltr'><strong>Quid</strong></span> <span class='ocrx_word' id='word_1_258' title='bbox 2526 1731 2605 1778; x_wconf 83' lang='lat' dir='ltr'><strong>est</strong></span> <span class='ocrx_word' id='word_1_259' title='bbox 2634 1732 2811 1779; x_wconf 80' lang='lat' dir='ltr'><strong>autem</strong></span> <span class='ocrx_word' id='word_1_260' title='bbox 2870 1723 3013 1794; x_wconf 87' lang='lat' dir='ltr'><strong>quod</strong></span> <span class='ocrx_word' id='word_1_261' title='bbox 3063 1733 3187 1795; x_wconf 82' lang='lat' dir='ltr'><strong>post</strong></span> <span class='ocrx_word' id='word_1_262' title='bbox 3240 1725 3448 1780; x_wconf 79' lang='lat' dir='ltr'><strong>dierum</strong></span> <span class='ocrx_word' id='word_1_263' title='bbox 3492 1724 3751 1780; x_wconf 77' lang='lat' dir='ltr'><strong>circulum</strong></span> 
     </span>
    </p>
   </div>
   <div class='ocr_carea' id='block_1_32' title="bbox 463 1810 2054 1889">
    <p class='ocr_par' dir='ltr' id='par_1_32' title="bbox 463 1810 2054 1889">
     <span class='ocr_line' id='line_1_32' title="bbox 463 1810 2054 1889; baseline 0.007 -26"><span class='ocrx_word' id='word_1_264' title='bbox 463 1810 608 1865; x_wconf 83' lang='lat' dir='ltr'><strong>valle</strong></span> <span class='ocrx_word' id='word_1_265' title='bbox 636 1811 991 1883; x_wconf 88' lang='lat' dir='ltr'><strong>lacrymarum</strong></span> <span class='ocrx_word' id='word_1_266' title='bbox 1014 1816 1367 1885; x_wconf 88' lang='lat' dir='ltr'><strong>incurrimus,</strong></span> <span class='ocrx_word' id='word_1_267' title='bbox 1396 1825 1449 1872; x_wconf 92' lang='lat' dir='ltr'><strong>et</strong></span> <span class='ocrx_word' id='word_1_268' title='bbox 1476 1818 1651 1873; x_wconf 80' lang='lat' dir='ltr'><strong>futura</strong></span> <span class='ocrx_word' id='word_1_269' title='bbox 1668 1835 1786 1889; x_wconf 70' lang='lat' dir='ltr'><strong>quae</strong></span> <span class='ocrx_word' id='word_1_270' title='bbox 1804 1818 2054 1874; x_wconf 89' lang='lat' dir='ltr'><strong>timemus</strong></span> 
     </span>
    </p>
   </div>
   <div class='ocr_carea' id='block_1_33' title="bbox 467 1902 2053 1979">
    <p class='ocr_par' dir='ltr' id='par_1_33' title="bbox 467 1902 2053 1979">
     <span class='ocr_line' id='line_1_33' title="bbox 467 1902 2053 1979; baseline 0.008 -27"><span class='ocrx_word' id='word_1_271' title='bbox 467 1905 518 1952; x_wconf 87' lang='lat' dir='ltr'><strong>et</strong></span> <span class='ocrx_word' id='word_1_272' title='bbox 548 1906 747 1956; x_wconf 66' lang='lat' dir='ltr'><strong>aeterna</strong></span> <span class='ocrx_word' id='word_1_273' title='bbox 774 1902 917 1958; x_wconf 89' lang='lat' dir='ltr'><strong>bona</strong></span> <span class='ocrx_word' id='word_1_274' title='bbox 948 1921 1068 1976; x_wconf 74' lang='lat' dir='ltr'><strong>quae</strong></span> <span class='ocrx_word' id='word_1_275' title='bbox 1097 1906 1396 1971; x_wconf 87' lang='lat' dir='ltr'><strong>amisimus,</strong></span> <span class='ocrx_word' id='word_1_276' title='bbox 1432 1906 1559 1962; x_wconf 86' lang='lat' dir='ltr'><strong>ﬂere</strong></span> <span class='ocrx_word' id='word_1_277' title='bbox 1602 1908 1877 1979; x_wconf 78' lang='lat' dir='ltr'><strong>00piosius</strong></span> <span class='ocrx_word' id='word_1_278' title='bbox 1899 1910 2053 1964; x_wconf 86' lang='lat' dir='ltr'><strong>vale-</strong></span> 
     </span>
    </p>
   </div>
   <div class='ocr_carea' id='block_1_34' title="bbox 466 1988 2056 2053">
    <p class='ocr_par' dir='ltr' id='par_1_34' title="bbox 466 1988 2056 2053">
     <span class='ocr_line' id='line_1_34' title="bbox 466 1988 2056 2053; baseline 0.008 -13"><span class='ocrx_word' id='word_1_279' title='bbox 466 2001 608 2041; x_wconf 88' lang='lat' dir='ltr'><strong>mus.</strong></span> <span class='ocrx_word' id='word_1_280' title='bbox 648 1988 787 2046; x_wconf 87' lang='lat' dir='ltr'><strong>Hinc</strong></span> <span class='ocrx_word' id='word_1_281' title='bbox 840 2008 969 2048; x_wconf 85' lang='lat' dir='ltr'><strong>vero</strong></span> <span class='ocrx_word' id='word_1_282' title='bbox 1013 1993 1079 2047; x_wconf 89' lang='lat' dir='ltr'><strong>ad</strong></span> <span class='ocrx_word' id='word_1_283' title='bbox 1126 1995 1496 2050; x_wconf 88' lang='lat' dir='ltr'><strong>vovendorum</strong></span> <span class='ocrx_word' id='word_1_284' title='bbox 1554 2003 1798 2052; x_wconf 89' lang='lat' dir='ltr'><strong>votorum</strong></span> <span class='ocrx_word' id='word_1_285' title='bbox 1847 2000 2056 2053; x_wconf 87' lang='lat' dir='ltr'><strong>secreta</strong></span> 
     </span>
    </p>
   </div>
   <div class='ocr_carea' id='block_1_35' title="bbox 467 2076 2053 2156">
    <p class='ocr_par' dir='ltr' id='par_1_35' title="bbox 467 2076 2053 2156">
     <span class='ocr_line' id='line_1_35' title="bbox 467 2076 2053 2156; baseline 0.008 -27"><span class='ocrx_word' id='word_1_286' title='bbox 467 2076 834 2145; x_wconf 88' lang='lat' dir='ltr'><strong>procedimus,</strong></span> <span class='ocrx_word' id='word_1_287' title='bbox 867 2081 992 2151; x_wconf 91' lang='lat' dir='ltr'><strong>quia</strong></span> <span class='ocrx_word' id='word_1_288' title='bbox 1021 2081 1146 2137; x_wconf 92' lang='lat' dir='ltr'><strong>dum</strong></span> <span class='ocrx_word' id='word_1_289' title='bbox 1177 2083 1246 2137; x_wconf 91' lang='lat' dir='ltr'><strong>ab</strong></span> <span class='ocrx_word' id='word_1_290' title='bbox 1276 2084 1422 2138; x_wconf 91' lang='lat' dir='ltr'><strong>omni</strong></span> <span class='ocrx_word' id='word_1_291' title='bbox 1462 2084 1607 2156; x_wconf 91' lang='lat' dir='ltr'><strong>quod</strong></span> <span class='ocrx_word' id='word_1_292' title='bbox 1636 2085 1766 2140; x_wconf 90' lang='lat' dir='ltr'><strong>foris</strong></span> <span class='ocrx_word' id='word_1_293' title='bbox 1793 2086 1925 2141; x_wconf 90' lang='lat' dir='ltr'><strong>libet</strong></span> <span class='ocrx_word' id='word_1_294' title='bbox 1951 2086 2053 2141; x_wconf 86' lang='lat' dir='ltr'><strong>ﬂe-</strong></span> 
     </span>
    </p>
   </div>
   <div class='ocr_carea' id='block_1_36' title="bbox 467 2167 2055 2241">
    <p class='ocr_par' dir='ltr' id='par_1_36' title="bbox 467 2167 2055 2241">
     <span class='ocr_line' id='line_1_36' title="bbox 467 2167 2055 2241; baseline 0.008 -24"><span class='ocrx_word' id='word_1_295' title='bbox 467 2169 616 2218; x_wconf 91' lang='lat' dir='ltr'><strong>tuum</strong></span> <span class='ocrx_word' id='word_1_296' title='bbox 652 2182 752 2222; x_wconf 90' lang='lat' dir='ltr'><strong>nos</strong></span> <span class='ocrx_word' id='word_1_297' title='bbox 784 2167 1009 2240; x_wconf 85' lang='lat' dir='ltr'><strong>largitas</strong></span> <span class='ocrx_word' id='word_1_298' title='bbox 1027 2171 1241 2241; x_wconf 89' lang='lat' dir='ltr'><strong>sepelit,</strong></span> <span class='ocrx_word' id='word_1_299' title='bbox 1265 2171 1571 2228; x_wconf 89' lang='lat' dir='ltr'><strong>veluttotos</strong></span> <span class='ocrx_word' id='word_1_300' title='bbox 1597 2172 1818 2230; x_wconf 78' lang='lat' dir='ltr'><strong>effectos</strong></span> <span class='ocrx_word' id='word_1_301' title='bbox 1845 2175 2055 2231; x_wconf 71' lang='lat' dir='ltr'><strong>ccelites</strong></span> 
     </span>
    </p>
   </div>
   <div class='ocr_carea' id='block_1_37' title="bbox 467 2254 2056 2334">
    <p class='ocr_par' dir='ltr' id='par_1_37' title="bbox 467 2254 2056 2334">
     <span class='ocr_line' id='line_1_37' title="bbox 467 2254 2056 2334; baseline 0.008 -29"><span class='ocrx_word' id='word_1_302' title='bbox 467 2254 717 2324; x_wconf 87' lang='lat' dir='ltr'><strong>supernis</strong></span> <span class='ocrx_word' id='word_1_303' title='bbox 748 2256 1035 2313; x_wconf 90' lang='lat' dir='ltr'><strong>obtutibus</strong></span> <span class='ocrx_word' id='word_1_304' title='bbox 1066 2260 1323 2327; x_wconf 85' lang='lat' dir='ltr'><strong>ostendit,</strong></span> <span class='ocrx_word' id='word_1_305' title='bbox 1352 2268 1405 2315; x_wconf 89' lang='lat' dir='ltr'><strong>et</strong></span> <span class='ocrx_word' id='word_1_306' title='bbox 1436 2268 1560 2316; x_wconf 88' lang='lat' dir='ltr'><strong>vota</strong></span> <span class='ocrx_word' id='word_1_307' title='bbox 1584 2277 1845 2317; x_wconf 89' lang='lat' dir='ltr'><strong>vovemus</strong></span> <span class='ocrx_word' id='word_1_308' title='bbox 1863 2264 2056 2334; x_wconf 88' lang='lat' dir='ltr'><strong>quibus</strong></span> 
     </span>
    </p>
   </div>
   <div class='ocr_carea' id='block_1_38' title="bbox 469 2340 2057 2421">
    <p class='ocr_par' dir='ltr' id='par_1_38' title="bbox 469 2340 2057 2421">
     <span class='ocr_line' id='line_1_38' title="bbox 469 2340 2057 2421; baseline 0.008 -27"><span class='ocrx_word' id='word_1_309' title='bbox 469 2340 550 2397; x_wconf 90' lang='lat' dir='ltr'><strong>sic</strong></span> <span class='ocrx_word' id='word_1_310' title='bbox 572 2349 775 2398; x_wconf 74' lang='lat' dir='ltr'><strong>aeterna</strong></span> <span class='ocrx_word' id='word_1_311' title='bbox 803 2344 946 2400; x_wconf 89' lang='lat' dir='ltr'><strong>bona</strong></span> <span class='ocrx_word' id='word_1_312' title='bbox 973 2347 1205 2417; x_wconf 83' lang='lat' dir='ltr'><strong>placent,</strong></span> <span class='ocrx_word' id='word_1_313' title='bbox 1254 2355 1311 2402; x_wconf 91' lang='lat' dir='ltr'><strong>ut</strong></span> <span class='ocrx_word' id='word_1_314' title='bbox 1355 2364 1512 2403; x_wconf 83' lang='lat' dir='ltr'><strong>mens</strong></span> <span class='ocrx_word' id='word_1_315' title='bbox 1559 2357 1744 2405; x_wconf 90' lang='lat' dir='ltr'><strong>nostra</strong></span> <span class='ocrx_word' id='word_1_316' title='bbox 1784 2367 1882 2421; x_wconf 92' lang='lat' dir='ltr'><strong>per</strong></span> <span class='ocrx_word' id='word_1_317' title='bbox 1905 2352 2057 2407; x_wconf 88' lang='lat' dir='ltr'><strong>nulla</strong></span> 
     </span>
    </p>
   </div>
   <div class='ocr_carea' id='block_1_39' title="bbox 468 2432 2056 2510">
    <p class='ocr_par' dir='ltr' id='par_1_39' title="bbox 468 2432 2056 2510">
     <span class='ocr_line' id='line_1_39' title="bbox 468 2432 2056 2510; baseline 0.007 -26"><span class='ocrx_word' id='word_1_318' title='bbox 468 2432 685 2486; x_wconf 85' lang='lat' dir='ltr'><strong>terrena</strong></span> <span class='ocrx_word' id='word_1_319' title='bbox 714 2439 876 2504; x_wconf 90' lang='lat' dir='ltr'><strong>atque</strong></span> <span class='ocrx_word' id='word_1_320' title='bbox 905 2433 1145 2489; x_wconf 87' lang='lat' dir='ltr'><strong>carnalia</strong></span> <span class='ocrx_word' id='word_1_321' title='bbox 1173 2451 1232 2490; x_wconf 90' lang='lat' dir='ltr'><strong>se</strong></span> <span class='ocrx_word' id='word_1_322' title='bbox 1251 2436 1514 2506; x_wconf 91' lang='lat' dir='ltr'><strong>inquinet.</strong></span> <span class='ocrx_word' id='word_1_323' title='bbox 1537 2438 1745 2494; x_wconf 91' lang='lat' dir='ltr'><strong>Dehinc</strong></span> <span class='ocrx_word' id='word_1_324' title='bbox 1774 2440 2056 2510; x_wconf 86' lang='lat' dir='ltr'><strong>profectus</strong></span> 
     </span>
    </p>
   </div>
   <div class='ocr_carea' id='block_1_40' title="bbox 466 2523 2056 2596">
    <p class='ocr_par' dir='ltr' id='par_1_40' title="bbox 466 2523 2056 2596">
     <span class='ocr_line' id='line_1_40' title="bbox 466 2523 2056 2596; baseline 0.008 -25"><span class='ocrx_word' id='word_1_325' title='bbox 466 2526 683 2574; x_wconf 88' lang='lat' dir='ltr'><strong>nostros</strong></span> <span class='ocrx_word' id='word_1_326' title='bbox 712 2536 931 2590; x_wconf 89' lang='lat' dir='ltr'><strong>precum</strong></span> <span class='ocrx_word' id='word_1_327' title='bbox 971 2523 1348 2593; x_wconf 87' lang='lat' dir='ltr'><strong>multiplicatio</strong></span> <span class='ocrx_word' id='word_1_328' title='bbox 1393 2526 1654 2596; x_wconf 88' lang='lat' dir='ltr'><strong>sequitur,</strong></span> <span class='ocrx_word' id='word_1_329' title='bbox 1701 2527 1828 2596; x_wconf 90' lang='lat' dir='ltr'><strong>quia</strong></span> <span class='ocrx_word' id='word_1_330' title='bbox 1852 2543 1919 2583; x_wconf 89' lang='lat' dir='ltr'><strong>eo</strong></span> <span class='ocrx_word' id='word_1_331' title='bbox 1942 2529 2056 2596; x_wconf 87' lang='lat' dir='ltr'><strong>iam</strong></span> 
     </span>
    </p>
   </div>
   <div class='ocr_carea' id='block_1_41' title="bbox 468 2603 2057 2686">
    <p class='ocr_par' dir='ltr' id='par_1_41' title="bbox 468 2603 2057 2686">
     <span class='ocr_line' id='line_1_41' title="bbox 468 2603 2057 2686; baseline 0.008 -28"><span class='ocrx_word' id='word_1_332' title='bbox 468 2603 746 2674; x_wconf 81' lang='lat' dir='ltr'><strong>libentius,</strong></span> <span class='ocrx_word' id='word_1_333' title='bbox 778 2610 973 2680; x_wconf 66' lang='lat' dir='ltr'><strong>saepius</strong></span> <span class='ocrx_word' id='word_1_334' title='bbox 1002 2618 1053 2665; x_wconf 91' lang='lat' dir='ltr'><strong>et</strong></span> <span class='ocrx_word' id='word_1_335' title='bbox 1089 2611 1374 2667; x_wconf 88' lang='lat' dir='ltr'><strong>instantius</strong></span> <span class='ocrx_word' id='word_1_336' title='bbox 1404 2621 1607 2669; x_wconf 60' lang='lat' dir='ltr'><strong>aeterna</strong></span> <span class='ocrx_word' id='word_1_337' title='bbox 1635 2615 1839 2671; x_wconf 90' lang='lat' dir='ltr'><strong>orando</strong></span> <span class='ocrx_word' id='word_1_338' title='bbox 1860 2616 2057 2686; x_wconf 65' lang='lat' dir='ltr'><strong>quaeri-</strong></span> 
     </span>
    </p>
   </div>
   <div class='ocr_carea' id='block_1_42' title="bbox 467 2696 2056 2777">
    <p class='ocr_par' dir='ltr' id='par_1_42' title="bbox 467 2696 2056 2777">
     <span class='ocr_line' id='line_1_42' title="bbox 467 2696 2056 2777; baseline 0.008 -30"><span class='ocrx_word' id='word_1_339' title='bbox 467 2708 607 2759; x_wconf 91' lang='lat' dir='ltr'><strong>mus,</strong></span> <span class='ocrx_word' id='word_1_340' title='bbox 632 2712 739 2768; x_wconf 90' lang='lat' dir='ltr'><strong>quo</strong></span> <span class='ocrx_word' id='word_1_341' title='bbox 767 2696 824 2751; x_wconf 93' lang='lat' dir='ltr'><strong>in</strong></span> <span class='ocrx_word' id='word_1_342' title='bbox 852 2699 968 2755; x_wconf 92' lang='lat' dir='ltr'><strong>solo</strong></span> <span class='ocrx_word' id='word_1_343' title='bbox 998 2698 1300 2756; x_wconf 82' lang='lat' dir='ltr'><strong>futurorum</strong></span> <span class='ocrx_word' id='word_1_344' title='bbox 1330 2701 1595 2758; x_wconf 87' lang='lat' dir='ltr'><strong>bonorum</strong></span> <span class='ocrx_word' id='word_1_345' title='bbox 1637 2704 1833 2760; x_wconf 84' lang='lat' dir='ltr'><strong>solatio</strong></span> <span class='ocrx_word' id='word_1_346' title='bbox 1877 2706 2056 2777; x_wconf 88' lang='lat' dir='ltr'><strong>respi-</strong></span> 
     </span>
    </p>
   </div>
   <div class='ocr_carea' id='block_1_43' title="bbox 469 2786 2055 2860">
    <p class='ocr_par' dir='ltr' id='par_1_43' title="bbox 469 2786 2055 2860">
     <span class='ocr_line' id='line_1_43' title="bbox 469 2786 2055 2860; baseline 0.009 -24"><span class='ocrx_word' id='word_1_347' title='bbox 469 2796 671 2841; x_wconf 87' lang='lat' dir='ltr'><strong>ramus.</strong></span> <span class='ocrx_word' id='word_1_348' title='bbox 702 2786 859 2842; x_wconf 87' lang='lat' dir='ltr'><strong>Mane</strong></span> <span class='ocrx_word' id='word_1_349' title='bbox 882 2795 1057 2844; x_wconf 90' lang='lat' dir='ltr'><strong>autem</strong></span> <span class='ocrx_word' id='word_1_350' title='bbox 1091 2789 1338 2860; x_wconf 90' lang='lat' dir='ltr'><strong>adorant,</strong></span> <span class='ocrx_word' id='word_1_351' title='bbox 1384 2799 1437 2848; x_wconf 88' lang='lat' dir='ltr'><strong>et</strong></span> <span class='ocrx_word' id='word_1_352' title='bbox 1486 2792 1542 2846; x_wconf 92' lang='lat' dir='ltr'><strong>in</strong></span> <span class='ocrx_word' id='word_1_353' title='bbox 1583 2793 1863 2849; x_wconf 88' lang='lat' dir='ltr'><strong>civitatem</strong></span> <span class='ocrx_word' id='word_1_354' title='bbox 1896 2810 2055 2850; x_wconf 90' lang='lat' dir='ltr'><strong>suam</strong></span> 
     </span>
    </p>
   </div>
   <div class='ocr_carea' id='block_1_44' title="bbox 469 2880 829 2930">
    <p class='ocr_par' dir='ltr' id='par_1_44' title="bbox 469 2880 829 2930">
     <span class='ocr_line' id='line_1_44' title="bbox 469 2880 829 2930; baseline 0.011 -5"><span class='ocrx_word' id='word_1_355' title='bbox 469 2880 829 2930; x_wconf 89' lang='lat' dir='ltr'><strong>revertuntur.</strong></span> 
     </span>
    </p>
   </div>
   <div class='ocr_carea' id='block_1_45' title="bbox 541 2990 2056 3068">
    <p class='ocr_par' dir='ltr' id='par_1_45' title="bbox 541 2990 2056 3068">
     <span class='ocr_line' id='line_1_45' title="bbox 541 2990 2056 3068; baseline 0.006 -25"><span class='ocrx_word' id='word_1_356' title='bbox 541 2991 627 3044; x_wconf 77' lang='lat' dir='ltr'><strong>i6.</strong></span> <span class='ocrx_word' id='word_1_357' title='bbox 663 2990 789 3046; x_wconf 87' lang='lat' dir='ltr'><strong>Post</strong></span> <span class='ocrx_word' id='word_1_358' title='bbox 806 2992 1311 3064; x_wconf 90' lang='lat' dir='ltr'><strong>multiplicationem</strong></span> <span class='ocrx_word' id='word_1_359' title='bbox 1337 3012 1563 3068; x_wconf 86' lang='lat' dir='ltr'><strong>precum</strong></span> <span class='ocrx_word' id='word_1_360' title='bbox 1592 3013 1713 3053; x_wconf 89' lang='lat' dir='ltr'><strong>cum</strong></span> <span class='ocrx_word' id='word_1_361' title='bbox 1737 3000 1892 3053; x_wconf 79' lang='lat' dir='ltr'><strong>Anna</strong></span> <span class='ocrx_word' id='word_1_362' title='bbox 1918 3013 2056 3054; x_wconf 91' lang='lat' dir='ltr'><strong>con-</strong></span> 
     </span>
    </p>
   </div>
   <div class='ocr_carea' id='block_1_46' title="bbox 462 3076 2138 3166">
    <p class='ocr_par' dir='ltr' id='par_1_46' title="bbox 462 3076 2138 3166">
     <span class='ocr_line' id='line_1_46' title="bbox 462 3076 2138 3166; baseline 0.005 -35"><span class='ocrx_word' id='word_1_363' title='bbox 462 3076 600 3166; x_wconf 77' lang='lat' dir='ltr'><strong>iuge</strong></span> <span class='ocrx_word' id='word_1_364' title='bbox 622 3094 781 3135; x_wconf 89' lang='lat' dir='ltr'><strong>mane</strong></span> <span class='ocrx_word' id='word_1_365' title='bbox 809 3081 1041 3138; x_wconf 86' lang='lat' dir='ltr'><strong>adorare</strong></span> <span class='ocrx_word' id='word_1_366' title='bbox 1072 3093 1152 3139; x_wconf 93' lang='lat' dir='ltr'><strong>est</strong></span> <span class='ocrx_word' id='word_1_367' title='bbox 1196 3086 1338 3140; x_wconf 87' lang='lat' dir='ltr'><strong>inter</strong></span> <span class='ocrx_word' id='word_1_368' title='bbox 1370 3101 1571 3158; x_wconf 90' lang='lat' dir='ltr'><strong>magna</strong></span> <span class='ocrx_word' id='word_1_369' title='bbox 1618 3087 1872 3141; x_wconf 85' lang='lat' dir='ltr'><strong>virtutum</strong></span> <span class='ocrx_word' id='word_1_370' title='bbox 1915 3086 2059 3141; x_wconf 90' lang='lat' dir='ltr'><strong>dona</strong></span> <span class='ocrx_word' id='word_1_371' title='bbox 2089 3104 2138 3166; x_wconf 71' lang='grc' dir='ltr'>α</span> 
     </span>
    </p>
   </div>
   <div class='ocr_carea' id='block_1_47' title="bbox 467 3165 2056 3245">
    <p class='ocr_par' dir='ltr' id='par_1_47' title="bbox 467 3165 2056 3245">
     <span class='ocr_line' id='line_1_47' title="bbox 467 3165 2056 3245; baseline 0.006 -26"><span class='ocrx_word' id='word_1_372' title='bbox 467 3165 787 3223; x_wconf 90' lang='lat' dir='ltr'><strong>humilitatis</strong></span> <span class='ocrx_word' id='word_1_373' title='bbox 816 3170 1068 3227; x_wconf 82' lang='lat' dir='ltr'><strong>virtutem</strong></span> <span class='ocrx_word' id='word_1_374' title='bbox 1089 3174 1364 3230; x_wconf 90' lang='lat' dir='ltr'><strong>custodire</strong></span> <span class='ocrx_word' id='word_1_375' title='bbox 1391 3183 1476 3238; x_wconf 90' lang='lat' dir='ltr'><strong>;et</strong></span> <span class='ocrx_word' id='word_1_376' title='bbox 1492 3175 1619 3245; x_wconf 91' lang='lat' dir='ltr'><strong>quia</strong></span> <span class='ocrx_word' id='word_1_377' title='bbox 1648 3175 1702 3229; x_wconf 93' lang='lat' dir='ltr'><strong>in</strong></span> <span class='ocrx_word' id='word_1_378' title='bbox 1722 3175 1816 3229; x_wconf 91' lang='lat' dir='ltr'><strong>illa</strong></span> <span class='ocrx_word' id='word_1_379' title='bbox 1839 3174 2056 3229; x_wconf 88' lang='lat' dir='ltr'><strong>sublimi</strong></span> 
     </span>
    </p>
   </div>
   <div class='ocr_carea' id='block_1_48' title="bbox 469 3253 2060 3334">
    <p class='ocr_par' dir='ltr' id='par_1_48' title="bbox 469 3253 2060 3334">
     <span class='ocr_line' id='line_1_48' title="bbox 469 3253 2060 3334; baseline 0.008 -27"><span class='ocrx_word' id='word_1_380' title='bbox 469 3253 681 3311; x_wconf 86' lang='lat' dir='ltr'><strong>visione</strong></span> <span class='ocrx_word' id='word_1_381' title='bbox 708 3256 907 3313; x_wconf 89' lang='lat' dir='ltr'><strong>diutius</strong></span> <span class='ocrx_word' id='word_1_382' title='bbox 935 3268 1079 3316; x_wconf 89' lang='lat' dir='ltr'><strong>stare</strong></span> <span class='ocrx_word' id='word_1_383' title='bbox 1129 3278 1236 3317; x_wconf 93' lang='lat' dir='ltr'><strong>non</strong></span> <span class='ocrx_word' id='word_1_384' title='bbox 1266 3270 1446 3333; x_wconf 88' lang='lat' dir='ltr'><strong>potest</strong></span> <span class='ocrx_word' id='word_1_385' title='bbox 1487 3264 1669 3317; x_wconf 90' lang='lat' dir='ltr'><strong>anima</strong></span> <span class='ocrx_word' id='word_1_386' title='bbox 1718 3280 1840 3334; x_wconf 65' lang='lat' dir='ltr'><strong>quas</strong></span> <span class='ocrx_word' id='word_1_387' title='bbox 1882 3262 2060 3319; x_wconf 90' lang='lat' dir='ltr'><strong>adhuc</strong></span> 
     </span>
    </p>
   </div>
   <div class='ocr_carea' id='block_1_49' title="bbox 468 3341 2057 3424">
    <p class='ocr_par' dir='ltr' id='par_1_49' title="bbox 468 3341 2057 3424">
     <span class='ocr_line' id='line_1_49' title="bbox 468 3341 2057 3424; baseline 0.006 -28"><span class='ocrx_word' id='word_1_388' title='bbox 468 3341 571 3397; x_wconf 86' lang='lat' dir='ltr'><strong>ista</strong></span> <span class='ocrx_word' id='word_1_389' title='bbox 599 3346 963 3416; x_wconf 86' lang='lat' dir='ltr'><strong>corruptionis</strong></span> <span class='ocrx_word' id='word_1_390' title='bbox 990 3350 1203 3405; x_wconf 89' lang='lat' dir='ltr'><strong>sarcina</strong></span> <span class='ocrx_word' id='word_1_391' title='bbox 1230 3359 1624 3424; x_wconf 61' lang='lat' dir='ltr'><strong>praegravatur,</strong></span> <span class='ocrx_word' id='word_1_392' title='bbox 1671 3360 1794 3422; x_wconf 88' lang='lat' dir='ltr'><strong>apte</strong></span> <span class='ocrx_word' id='word_1_393' title='bbox 1836 3351 1891 3405; x_wconf 91' lang='lat' dir='ltr'><strong>in</strong></span> <span class='ocrx_word' id='word_1_394' title='bbox 1918 3351 2057 3406; x_wconf 60' lang='lat' dir='ltr'><strong>civi-</strong></span> 
     </span>
    </p>
   </div>
   <div class='ocr_carea' id='block_1_50' title="bbox 471 3436 2056 3506">
    <p class='ocr_par' dir='ltr' id='par_1_50' title="bbox 471 3436 2056 3506">
     <span class='ocr_line' id='line_1_50' title="bbox 471 3436 2056 3506; baseline 0.006 -21"><span class='ocrx_word' id='word_1_395' title='bbox 471 3436 635 3486; x_wconf 88' lang='lat' dir='ltr'><strong>tatem</strong></span> <span class='ocrx_word' id='word_1_396' title='bbox 662 3450 811 3488; x_wconf 91' lang='lat' dir='ltr'><strong>suam</strong></span> <span class='ocrx_word' id='word_1_397' title='bbox 867 3437 1069 3492; x_wconf 89' lang='lat' dir='ltr'><strong>reversi</strong></span> <span class='ocrx_word' id='word_1_398' title='bbox 1098 3438 1420 3495; x_wconf 82' lang='lat' dir='ltr'><strong>referuntur.</strong></span> <span class='ocrx_word' id='word_1_399' title='bbox 1452 3440 1641 3496; x_wconf 90' lang='lat' dir='ltr'><strong>Electa</strong></span> <span class='ocrx_word' id='word_1_400' title='bbox 1672 3440 1878 3505; x_wconf 88' lang='lat' dir='ltr'><strong>anima,</strong></span> <span class='ocrx_word' id='word_1_401' title='bbox 1911 3455 2056 3506; x_wconf 91' lang='lat' dir='ltr'><strong>cum,</strong></span> 
     </span>
    </p>
   </div>
   <div class='ocr_carea' id='block_1_51' title="bbox 467 3518 2057 3597">
    <p class='ocr_par' dir='ltr' id='par_1_51' title="bbox 467 3518 2057 3597">
     <span class='ocr_line' id='line_1_51' title="bbox 467 3518 2057 3597; baseline 0.006 -25"><span class='ocrx_word' id='word_1_402' title='bbox 467 3518 777 3577; x_wconf 84' lang='lat' dir='ltr'><strong>infirmitate</strong></span> <span class='ocrx_word' id='word_1_403' title='bbox 801 3534 1197 3596; x_wconf 68' lang='lat' dir='ltr'><strong>praegravante,</strong></span> <span class='ocrx_word' id='word_1_404' title='bbox 1220 3528 1361 3582; x_wconf 90' lang='lat' dir='ltr'><strong>aDei</strong></span> <span class='ocrx_word' id='word_1_405' title='bbox 1386 3527 1844 3597; x_wconf 84' lang='lat' dir='ltr'><strong>contemplatione</strong></span> <span class='ocrx_word' id='word_1_406' title='bbox 1872 3528 2057 3597; x_wconf 88' lang='lat' dir='ltr'><strong>repel-</strong></span> 
     </span>
    </p>
   </div>
   <div class='ocr_carea' id='block_1_52' title="bbox 469 3608 2056 3684">
    <p class='ocr_par' dir='ltr' id='par_1_52' title="bbox 469 3608 2056 3684">
     <span class='ocr_line' id='line_1_52' title="bbox 469 3608 2056 3684; baseline 0.005 -23"><span class='ocrx_word' id='word_1_407' title='bbox 469 3608 614 3673; x_wconf 91' lang='lat' dir='ltr'><strong>litur,</strong></span> <span class='ocrx_word' id='word_1_408' title='bbox 641 3617 699 3663; x_wconf 90' lang='lat' dir='ltr'><strong>ut</strong></span> <span class='ocrx_word' id='word_1_409' title='bbox 725 3611 969 3667; x_wconf 89' lang='lat' dir='ltr'><strong>redirein</strong></span> <span class='ocrx_word' id='word_1_410' title='bbox 982 3615 1232 3670; x_wconf 89' lang='lat' dir='ltr'><strong>eamdem</strong></span> <span class='ocrx_word' id='word_1_411' title='bbox 1253 3616 1480 3670; x_wconf 89' lang='lat' dir='ltr'><strong>visionis</strong></span> <span class='ocrx_word' id='word_1_412' title='bbox 1500 3616 1839 3671; x_wconf 86' lang='lat' dir='ltr'><strong>altitudinem</strong></span> <span class='ocrx_word' id='word_1_413' title='bbox 1856 3616 2056 3684; x_wconf 89' lang='lat' dir='ltr'><strong>valeat,</strong></span> 
     </span>
    </p>
   </div>
   <div class='ocr_carea' id='block_1_53' title="bbox 469 3695 2060 3774">
    <p class='ocr_par' dir='ltr' id='par_1_53' title="bbox 469 3695 2060 3774">
     <span class='ocr_line' id='line_1_53' title="bbox 469 3695 2060 3774; baseline 0.006 -24"><span class='ocrx_word' id='word_1_414' title='bbox 469 3695 633 3753; x_wconf 89' lang='lat' dir='ltr'><strong>debet</strong></span> <span class='ocrx_word' id='word_1_415' title='bbox 659 3698 862 3755; x_wconf 90' lang='lat' dir='ltr'><strong>habere</strong></span> <span class='ocrx_word' id='word_1_416' title='bbox 890 3711 1204 3759; x_wconf 80' lang='lat' dir='ltr'><strong>constructa</strong></span> <span class='ocrx_word' id='word_1_417' title='bbox 1239 3702 1470 3760; x_wconf 70' lang='lat' dir='ltr'><strong>aedificia</strong></span> <span class='ocrx_word' id='word_1_418' title='bbox 1498 3704 1829 3769; x_wconf 90' lang='lat' dir='ltr'><strong>munitionis,</strong></span> <span class='ocrx_word' id='word_1_419' title='bbox 1865 3711 2060 3774; x_wconf 88' lang='lat' dir='ltr'><strong>quate-</strong></span> 
     </span>
    </p>
   </div>
   <div class='ocr_carea' id='block_1_54' title="bbox 470 3786 2060 3862">
    <p class='ocr_par' dir='ltr' id='par_1_54' title="bbox 470 3786 2060 3862">
     <span class='ocr_line' id='line_1_54' title="bbox 470 3786 2060 3862; baseline 0.005 -22"><span class='ocrx_word' id='word_1_420' title='bbox 470 3801 589 3852; x_wconf 89' lang='lat' dir='ltr'><strong>nus,</strong></span> <span class='ocrx_word' id='word_1_421' title='bbox 620 3786 689 3841; x_wconf 90' lang='lat' dir='ltr'><strong>ad</strong></span> <span class='ocrx_word' id='word_1_422' title='bbox 718 3789 1064 3860; x_wconf 80' lang='lat' dir='ltr'><strong>semetipsum</strong></span> <span class='ocrx_word' id='word_1_423' title='bbox 1096 3793 1329 3862; x_wconf 88' lang='lat' dir='ltr'><strong>relapsa,</strong></span> <span class='ocrx_word' id='word_1_424' title='bbox 1361 3793 1415 3847; x_wconf 93' lang='lat' dir='ltr'><strong>in</strong></span> <span class='ocrx_word' id='word_1_425' title='bbox 1449 3794 1558 3848; x_wconf 90' lang='lat' dir='ltr'><strong>alto</strong></span> <span class='ocrx_word' id='word_1_426' title='bbox 1596 3810 1654 3849; x_wconf 90' lang='lat' dir='ltr'><strong>se</strong></span> <span class='ocrx_word' id='word_1_427' title='bbox 1685 3800 1882 3862; x_wconf 89' lang='lat' dir='ltr'><strong>teneat,</strong></span> <span class='ocrx_word' id='word_1_428' title='bbox 1915 3792 2060 3848; x_wconf 90' lang='lat' dir='ltr'><strong>unde</strong></span> 
     </span>
    </p>
   </div>
   <div class='ocr_carea' id='block_1_55' title="bbox 470 3873 2064 3937">
    <p class='ocr_par' dir='ltr' id='par_1_55' title="bbox 470 3873 2064 3937">
     <span class='ocr_line' id='line_1_55' title="bbox 470 3873 2064 3937; baseline 0.004 -8"><span class='ocrx_word' id='word_1_429' title='bbox 470 3873 668 3929; x_wconf 89' lang='lat' dir='ltr'><strong>iterum</strong></span> <span class='ocrx_word' id='word_1_430' title='bbox 686 3875 754 3931; x_wconf 91' lang='lat' dir='ltr'><strong>ad</strong></span> <span class='ocrx_word' id='word_1_431' title='bbox 779 3878 1029 3933; x_wconf 91' lang='lat' dir='ltr'><strong>eamdem</strong></span> <span class='ocrx_word' id='word_1_432' title='bbox 1050 3879 1254 3936; x_wconf 67' lang='lat' dir='ltr'><strong>intimae</strong></span> <span class='ocrx_word' id='word_1_433' title='bbox 1276 3881 1552 3936; x_wconf 86' lang='lat' dir='ltr'><strong>charitatis</strong></span> <span class='ocrx_word' id='word_1_434' title='bbox 1579 3881 1917 3937; x_wconf 89' lang='lat' dir='ltr'><strong>altitudinem</strong></span> <span class='ocrx_word' id='word_1_435' title='bbox 1936 3897 2064 3936; x_wconf 92' lang='lat' dir='ltr'><strong>con-</strong></span> 
     </span>
    </p>
   </div>
   <div class='ocr_carea' id='block_1_56' title="bbox 471 3964 2062 4040">
    <p class='ocr_par' dir='ltr' id='par_1_56' title="bbox 471 3964 2062 4040">
     <span class='ocr_line' id='line_1_56' title="bbox 471 3964 2062 4040; baseline 0.006 -23"><span class='ocrx_word' id='word_1_436' title='bbox 471 3972 672 4035; x_wconf 89' lang='lat' dir='ltr'><strong>surgat.</strong></span> <span class='ocrx_word' id='word_1_437' title='bbox 707 3964 864 4034; x_wconf 89' lang='lat' dir='ltr'><strong>Quod</strong></span> <span class='ocrx_word' id='word_1_438' title='bbox 890 3975 943 4022; x_wconf 90' lang='lat' dir='ltr'><strong>et</strong></span> <span class='ocrx_word' id='word_1_439' title='bbox 969 3967 1070 4023; x_wconf 93' lang='lat' dir='ltr'><strong>sub</strong></span> <span class='ocrx_word' id='word_1_440' title='bbox 1115 3977 1243 4040; x_wconf 83' lang='lat' dir='ltr'><strong>typo</strong></span> <span class='ocrx_word' id='word_1_441' title='bbox 1285 3969 1580 4026; x_wconf 83' lang='lat' dir='ltr'><strong>Jerusalem</strong></span> <span class='ocrx_word' id='word_1_442' title='bbox 1622 3970 1808 4026; x_wconf 65' lang='lat' dir='ltr'><strong>electae</strong></span> <span class='ocrx_word' id='word_1_443' title='bbox 1866 3971 2062 4026; x_wconf 62' lang='lat' dir='ltr'><strong>anime</strong></span> 
     </span>
    </p>
   </div>
   <div class='ocr_carea' id='block_1_57' title="bbox 467 4053 2061 4132">
    <p class='ocr_par' dir='ltr' id='par_1_57' title="bbox 467 4053 2061 4132">
     <span class='ocr_line' id='line_1_57' title="bbox 467 4053 2061 4132; baseline 0.006 -26"><span class='ocrx_word' id='word_1_444' title='bbox 467 4067 569 4122; x_wconf 90' lang='lat' dir='ltr'><strong>per</strong></span> <span class='ocrx_word' id='word_1_445' title='bbox 595 4053 914 4124; x_wconf 83' lang='lat' dir='ltr'><strong>PrOphetam</strong></span> <span class='ocrx_word' id='word_1_446' title='bbox 929 4056 1124 4112; x_wconf 89' lang='lat' dir='ltr'><strong>dicitur</strong></span> <span class='ocrx_word' id='word_1_447' title='bbox 1140 4075 1153 4111; x_wconf 93' lang='lat'>:</span> <span class='ocrx_word' id='word_1_448' title='bbox 1178 4058 1276 4114; x_wconf 88' lang='lat' dir='ltr'><strong>Sta</strong></span> <span class='ocrx_word' id='word_1_449' title='bbox 1296 4060 1358 4114; x_wconf 84' lang='lat' dir='ltr'><strong>in</strong></span> <span class='ocrx_word' id='word_1_450' title='bbox 1374 4060 1616 4124; x_wconf 74' lang='lat' dir='ltr'><strong>excelso,</strong></span> <span class='ocrx_word' id='word_1_451' title='bbox 1634 4065 1691 4115; x_wconf 86' lang='lat' dir='ltr'><strong>et</strong></span> <span class='ocrx_word' id='word_1_452' title='bbox 1712 4059 2061 4132; x_wconf 86' lang='lat' dir='ltr'><strong>videjucun-</strong></span> 
     </span>
    </p>
   </div>
   <div class='ocr_carea' id='block_1_58' title="bbox 470 4139 2059 4217">
    <p class='ocr_par' dir='ltr' id='par_1_58' title="bbox 470 4139 2059 4217">
     <span class='ocr_line' id='line_1_58' title="bbox 470 4139 2059 4217; baseline 0.016 -22"><span class='ocrx_word' id='word_1_453' title='bbox 470 4139 713 4198; x_wconf 82' lang='lat' dir='ltr'><strong>ditatem</strong></span> <span class='ocrx_word' id='word_1_454' title='bbox 736 4159 858 4215; x_wconf 79' lang='lat' dir='ltr'><strong>qua:</strong></span> <span class='ocrx_word' id='word_1_455' title='bbox 888 4146 1073 4203; x_wconf 82' lang='lat' dir='ltr'><strong>veniet</strong></span> <span class='ocrx_word' id='word_1_456' title='bbox 1105 4146 1209 4203; x_wconf 83' lang='lat' dir='ltr'><strong>tibi</strong></span> <span class='ocrx_word' id='word_1_457' title='bbox 1242 4148 1348 4217; x_wconf 88' lang='lat'><strong>39</strong></span> <span class='ocrx_word' id='word_1_458' title='bbox 1378 4164 1413 4203; x_wconf 92' lang='lat' dir='ltr'><strong>a</strong></span> <span class='ocrx_word' id='word_1_459' title='bbox 1435 4148 1541 4205; x_wconf 89' lang='lat' dir='ltr'><strong>Deo</strong></span> <span class='ocrx_word' id='word_1_460' title='bbox 1573 4151 1667 4204; x_wconf 86' lang='lat' dir='ltr'><strong>tuo</strong></span> <span class='ocrx_word' id='word_1_461' title='bbox 1696 4147 1964 4215; x_wconf 75' lang='grc' dir='ltr'><strong>(ΒανασῘιο</strong></span> <span class='ocrx_word' id='word_1_462' title='bbox 1984 4163 2059 4215; x_wconf 72' lang='grc' dir='ltr'><strong>ιν»</strong></span> 
     </span>
    </p>
   </div>
   <div class='ocr_carea' id='block_1_59' title="bbox 470 4231 2063 4306">
    <p class='ocr_par' dir='ltr' id='par_1_59' title="bbox 470 4231 2063 4306">
     <span class='ocr_line' id='line_1_59' title="bbox 470 4231 2063 4306; baseline 0.004 -22"><span class='ocrx_word' id='word_1_463' title='bbox 470 4231 538 4286; x_wconf 84' lang='lat'><strong>36</strong></span> <span class='ocrx_word' id='word_1_464' title='bbox 559 4249 573 4297; x_wconf 88' lang='lat'><strong>;</strong></span> <span class='ocrx_word' id='word_1_465' title='bbox 594 4247 646 4287; x_wconf 89' lang='lat' dir='ltr'><strong>v.</strong></span> <span class='ocrx_word' id='word_1_466' title='bbox 672 4232 743 4303; x_wconf 84' lang='grc'><strong>5).</strong></span> <span class='ocrx_word' id='word_1_467' title='bbox 764 4232 928 4302; x_wconf 89' lang='lat' dir='ltr'><strong>Quasi</strong></span> <span class='ocrx_word' id='word_1_468' title='bbox 949 4234 1113 4303; x_wconf 88' lang='lat' dir='ltr'><strong>dicat,</strong></span> <span class='ocrx_word' id='word_1_469' title='bbox 1145 4235 1242 4291; x_wconf 86' lang='lat' dir='ltr'><strong>etsi</strong></span> <span class='ocrx_word' id='word_1_470' title='bbox 1266 4236 1699 4306; x_wconf 82' lang='lat' dir='ltr'><strong>manerejugiter</strong></span> <span class='ocrx_word' id='word_1_471' title='bbox 1727 4236 1784 4288; x_wconf 91' lang='lat' dir='ltr'><strong>in</strong></span> <span class='ocrx_word' id='word_1_472' title='bbox 1808 4235 1905 4290; x_wconf 91' lang='lat' dir='ltr'><strong>Dei</strong></span> <span class='ocrx_word' id='word_1_473' title='bbox 1932 4250 2063 4290; x_wconf 88' lang='lat' dir='ltr'><strong>con-</strong></span> 
     </span>
    </p>
   </div>
   <div class='ocr_carea' id='block_1_60' title="bbox 472 4320 2060 4394">
    <p class='ocr_par' dir='ltr' id='par_1_60' title="bbox 472 4320 2060 4394">
     <span class='ocr_line' id='line_1_60' title="bbox 472 4320 2060 4394; baseline 0.002 -21"><span class='ocrx_word' id='word_1_474' title='bbox 472 4320 829 4390; x_wconf 88' lang='lat' dir='ltr'><strong>templatione</strong></span> <span class='ocrx_word' id='word_1_475' title='bbox 860 4338 967 4377; x_wconf 90' lang='lat' dir='ltr'><strong>non</strong></span> <span class='ocrx_word' id='word_1_476' title='bbox 998 4331 1173 4393; x_wconf 89' lang='lat' dir='ltr'><strong>potes,</strong></span> <span class='ocrx_word' id='word_1_477' title='bbox 1218 4340 1288 4379; x_wconf 92' lang='lat' dir='ltr'><strong>ne</strong></span> <span class='ocrx_word' id='word_1_478' title='bbox 1317 4340 1486 4394; x_wconf 86' lang='lat' dir='ltr'><strong>usque</strong></span> <span class='ocrx_word' id='word_1_479' title='bbox 1512 4325 1581 4378; x_wconf 90' lang='lat' dir='ltr'><strong>ad</strong></span> <span class='ocrx_word' id='word_1_480' title='bbox 1610 4324 1719 4377; x_wconf 90' lang='lat' dir='ltr'><strong>ima</strong></span> <span class='ocrx_word' id='word_1_481' title='bbox 1748 4322 2060 4392; x_wconf 90' lang='lat' dir='ltr'><strong>deponaris,</strong></span> 
     </span>
    </p>
   </div>
   <div class='ocr_carea' id='block_1_61' title="bbox 466 4407 2057 4480">
    <p class='ocr_par' dir='ltr' id='par_1_61' title="bbox 466 4407 2057 4480">
     <span class='ocr_line' id='line_1_61' title="bbox 466 4407 2057 4480; baseline 0.003 -19"><span class='ocrx_word' id='word_1_482' title='bbox 466 4414 525 4461; x_wconf 90' lang='lat' dir='ltr'><strong>ut</strong></span> <span class='ocrx_word' id='word_1_483' title='bbox 553 4407 622 4462; x_wconf 91' lang='lat' dir='ltr'><strong>ab</strong></span> <span class='ocrx_word' id='word_1_484' title='bbox 652 4410 774 4465; x_wconf 89' lang='lat' dir='ltr'><strong>altis</strong></span> <span class='ocrx_word' id='word_1_485' title='bbox 787 4411 1046 4467; x_wconf 74' lang='lat' dir='ltr'><strong>custodiae</strong></span> <span class='ocrx_word' id='word_1_486' title='bbox 1076 4420 1178 4467; x_wconf 70' lang='lat' dir='ltr'><strong>tua:</strong></span> <span class='ocrx_word' id='word_1_487' title='bbox 1196 4412 1427 4466; x_wconf 90' lang='lat' dir='ltr'><strong>turribus</strong></span> <span class='ocrx_word' id='word_1_488' title='bbox 1452 4411 1520 4465; x_wconf 89' lang='lat' dir='ltr'><strong>ad</strong></span> <span class='ocrx_word' id='word_1_489' title='bbox 1538 4427 1657 4466; x_wconf 90' lang='lat' dir='ltr'><strong>eum</strong></span> <span class='ocrx_word' id='word_1_490' title='bbox 1678 4411 2057 4480; x_wconf 85' lang='lat' dir='ltr'><strong>contemplan-</strong></span> 
     </span>
    </p>
   </div>
   <div class='ocr_carea' id='block_1_62' title="bbox 469 4495 2059 4570">
    <p class='ocr_par' dir='ltr' id='par_1_62' title="bbox 469 4495 2059 4570">
     <span class='ocr_line' id='line_1_62' title="bbox 469 4495 2059 4570; baseline 0.004 -21"><span class='ocrx_word' id='word_1_491' title='bbox 469 4495 599 4549; x_wconf 91' lang='lat' dir='ltr'><strong>dum</strong></span> <span class='ocrx_word' id='word_1_492' title='bbox 646 4497 763 4552; x_wconf 85' lang='lat' dir='ltr'><strong>sine</strong></span> <span class='ocrx_word' id='word_1_493' title='bbox 813 4497 1134 4554; x_wconf 78' lang='lat' dir='ltr'><strong>difficultate</strong></span> <span class='ocrx_word' id='word_1_494' title='bbox 1182 4499 1544 4554; x_wconf 86' lang='lat' dir='ltr'><strong>conscendere</strong></span> <span class='ocrx_word' id='word_1_495' title='bbox 1592 4515 1753 4570; x_wconf 89' lang='lat' dir='ltr'><strong>quem</strong></span> <span class='ocrx_word' id='word_1_496' title='bbox 1782 4499 2059 4555; x_wconf 88' lang='lat' dir='ltr'><strong>desideras</strong></span> 
     </span>
    </p>
   </div>
   <div class='ocr_carea' id='block_1_63' title="bbox 469 4584 2059 4657">
    <p class='ocr_par' dir='ltr' id='par_1_63' title="bbox 469 4584 2059 4657">
     <span class='ocr_line' id='line_1_63' title="bbox 469 4584 2059 4657; baseline 0.002 -19"><span class='ocrx_word' id='word_1_497' title='bbox 469 4584 664 4654; x_wconf 88' lang='lat' dir='ltr'><strong>possis.</strong></span> <span class='ocrx_word' id='word_1_498' title='bbox 693 4587 754 4639; x_wconf 92' lang='lat' dir='ltr'><strong>In</strong></span> <span class='ocrx_word' id='word_1_499' title='bbox 785 4585 1050 4641; x_wconf 80' lang='lat' dir='ltr'><strong>Bamatha</strong></span> <span class='ocrx_word' id='word_1_500' title='bbox 1079 4586 1297 4657; x_wconf 88' lang='lat' dir='ltr'><strong>quidem</strong></span> <span class='ocrx_word' id='word_1_501' title='bbox 1329 4588 1599 4643; x_wconf 86' lang='lat' dir='ltr'><strong>civitatem</strong></span> <span class='ocrx_word' id='word_1_502' title='bbox 1637 4604 1787 4643; x_wconf 87' lang='lat' dir='ltr'><strong>suam</strong></span> <span class='ocrx_word' id='word_1_503' title='bbox 1827 4587 2059 4643; x_wconf 90' lang='lat' dir='ltr'><strong>reverti-</strong></span> 
     </span>
    </p>
   </div>
   <div class='ocr_carea' id='block_1_64' title="bbox 473 4672 2061 4746">
    <p class='ocr_par' dir='ltr' id='par_1_64' title="bbox 473 4672 2061 4746">
     <span class='ocr_line' id='line_1_64' title="bbox 473 4672 2061 4746; baseline 0.002 -19"><span class='ocrx_word' id='word_1_504' title='bbox 473 4680 576 4738; x_wconf 89' lang='lat' dir='ltr'><strong>tur,</strong></span> <span class='ocrx_word' id='word_1_505' title='bbox 617 4672 659 4727; x_wconf 89' lang='lat' dir='ltr'><strong>si</strong></span> <span class='ocrx_word' id='word_1_506' title='bbox 688 4689 811 4728; x_wconf 90' lang='lat' dir='ltr'><strong>cum</strong></span> <span class='ocrx_word' id='word_1_507' title='bbox 842 4690 873 4728; x_wconf 90' lang='lat' dir='ltr'><strong>a</strong></span> <span class='ocrx_word' id='word_1_508' title='bbox 902 4674 1102 4731; x_wconf 62' lang='lat' dir='ltr'><strong>divinae</strong></span> <span class='ocrx_word' id='word_1_509' title='bbox 1126 4675 1422 4746; x_wconf 84' lang='lat' dir='ltr'><strong>Maiestatis</strong></span> <span class='ocrx_word' id='word_1_510' title='bbox 1446 4676 1655 4732; x_wconf 80' lang='lat' dir='ltr'><strong>visione</strong></span> <span class='ocrx_word' id='word_1_511' title='bbox 1672 4677 1973 4746; x_wconf 85' lang='lat' dir='ltr'><strong>repellitur,</strong></span> <span class='ocrx_word' id='word_1_512' title='bbox 2004 4677 2061 4730; x_wconf 93' lang='lat' dir='ltr'><strong>in</strong></span> 
     </span>
    </p>
   </div>
   <div class='ocr_carea' id='block_1_65' title="bbox 471 4761 2061 4835">
    <p class='ocr_par' dir='ltr' id='par_1_65' title="bbox 471 4761 2061 4835">
     <span class='ocr_line' id='line_1_65' title="bbox 471 4761 2061 4835; baseline 0.003 -21"><span class='ocrx_word' id='word_1_513' title='bbox 471 4768 785 4815; x_wconf 87' lang='lat' dir='ltr'><strong>sanctorum</strong></span> <span class='ocrx_word' id='word_1_514' title='bbox 814 4761 1136 4834; x_wconf 84' lang='lat' dir='ltr'><strong>angelorum</strong></span> <span class='ocrx_word' id='word_1_515' title='bbox 1169 4764 1627 4835; x_wconf 88' lang='lat' dir='ltr'><strong>contemplatione</strong></span> <span class='ocrx_word' id='word_1_516' title='bbox 1649 4763 1925 4819; x_wconf 89' lang='lat' dir='ltr'><strong>retinetur.</strong></span> <span class='ocrx_word' id='word_1_517' title='bbox 1951 4764 2061 4821; x_wconf 90' lang='lat' dir='ltr'><strong>Sed</strong></span> 
     </span>
    </p>
   </div>
   <div class='ocr_carea' id='block_1_66' title="bbox 471 4848 2059 4926">
    <p class='ocr_par' dir='ltr' id='par_1_66' title="bbox 471 4848 2059 4926">
     <span class='ocr_line' id='line_1_66' title="bbox 471 4848 2059 4926; baseline 0.003 -22"><span class='ocrx_word' id='word_1_518' title='bbox 471 4862 594 4904; x_wconf 90' lang='lat' dir='ltr'><strong>cum</strong></span> <span class='ocrx_word' id='word_1_519' title='bbox 625 4848 692 4904; x_wconf 91' lang='lat' dir='ltr'><strong>de</strong></span> <span class='ocrx_word' id='word_1_520' title='bbox 719 4848 820 4904; x_wconf 88' lang='lat' dir='ltr'><strong>ista</strong></span> <span class='ocrx_word' id='word_1_521' title='bbox 853 4850 1117 4907; x_wconf 89' lang='lat' dir='ltr'><strong>subtiliori</strong></span> <span class='ocrx_word' id='word_1_522' title='bbox 1149 4859 1357 4917; x_wconf 87' lang='lat' dir='ltr'><strong>natura,</strong></span> <span class='ocrx_word' id='word_1_523' title='bbox 1404 4851 1460 4906; x_wconf 91' lang='lat' dir='ltr'><strong>id</strong></span> <span class='ocrx_word' id='word_1_524' title='bbox 1488 4860 1567 4908; x_wconf 90' lang='lat' dir='ltr'><strong>est</strong></span> <span class='ocrx_word' id='word_1_525' title='bbox 1604 4852 1873 4926; x_wconf 87' lang='lat' dir='ltr'><strong>angelica,</strong></span> <span class='ocrx_word' id='word_1_526' title='bbox 1900 4852 2059 4925; x_wconf 87' lang='lat' dir='ltr'><strong>cogi-</strong></span> 
     </span>
    </p>
   </div>
   <div class='ocr_carea' id='block_1_67' title="bbox 475 4938 2061 5011">
    <p class='ocr_par' dir='ltr' id='par_1_67' title="bbox 475 4938 2061 5011">
     <span class='ocr_line' id='line_1_67' title="bbox 475 4938 2061 5011; baseline 0.003 -21"><span class='ocrx_word' id='word_1_527' title='bbox 475 4943 587 4991; x_wconf 90' lang='lat' dir='ltr'><strong>tare</strong></span> <span class='ocrx_word' id='word_1_528' title='bbox 609 4952 716 4992; x_wconf 90' lang='lat' dir='ltr'><strong>non</strong></span> <span class='ocrx_word' id='word_1_529' title='bbox 745 4938 1025 5008; x_wconf 65' lang='lat' dir='ltr'><strong>pravalet,</strong></span> <span class='ocrx_word' id='word_1_530' title='bbox 1057 4939 1100 4993; x_wconf 91' lang='lat' dir='ltr'><strong>si</strong></span> <span class='ocrx_word' id='word_1_531' title='bbox 1122 4938 1190 4993; x_wconf 89' lang='lat' dir='ltr'><strong>ad</strong></span> <span class='ocrx_word' id='word_1_532' title='bbox 1220 4939 1407 4995; x_wconf 87' lang='lat' dir='ltr'><strong>beatos</strong></span> <span class='ocrx_word' id='word_1_533' title='bbox 1434 4948 1715 5011; x_wconf 85' lang='lat' dir='ltr'><strong>martyres,</strong></span> <span class='ocrx_word' id='word_1_534' title='bbox 1745 4939 1833 4994; x_wconf 89' lang='lat' dir='ltr'><strong>vel</strong></span> <span class='ocrx_word' id='word_1_535' title='bbox 1860 4940 2061 4996; x_wconf 89' lang='lat' dir='ltr'><strong>electos</strong></span> 
     </span>
    </p>
   </div>
   <div class='ocr_carea' id='block_1_68' title="bbox 470 5023 2058 5099">
    <p class='ocr_par' dir='ltr' id='par_1_68' title="bbox 470 5023 2058 5099">
     <span class='ocr_line' id='line_1_68' title="bbox 470 5023 2058 5099; baseline 0.001 -19"><span class='ocrx_word' id='word_1_536' title='bbox 470 5023 625 5091; x_wconf 90' lang='lat' dir='ltr'><strong>alios,</strong></span> <span class='ocrx_word' id='word_1_537' title='bbox 658 5025 747 5097; x_wconf 87' lang='lat' dir='ltr'><strong>qui</strong></span> <span class='ocrx_word' id='word_1_538' title='bbox 773 5026 888 5096; x_wconf 87' lang='lat' dir='ltr'><strong>jam</strong></span> <span class='ocrx_word' id='word_1_539' title='bbox 944 5027 1242 5083; x_wconf 66' lang='lat' dir='ltr'><strong>aeternitate</strong></span> <span class='ocrx_word' id='word_1_540' title='bbox 1291 5028 1495 5099; x_wconf 84' lang='lat' dir='ltr'><strong>recepti</strong></span> <span class='ocrx_word' id='word_1_541' title='bbox 1550 5036 1691 5096; x_wconf 91' lang='lat' dir='ltr'><strong>sunt,</strong></span> <span class='ocrx_word' id='word_1_542' title='bbox 1747 5026 2058 5082; x_wconf 89' lang='lat' dir='ltr'><strong>meditando</strong></span> 
     </span>
    </p>
   </div>
   <div class='ocr_carea' id='block_1_69' title="bbox 471 5114 2062 5190">
    <p class='ocr_par' dir='ltr' id='par_1_69' title="bbox 471 5114 2062 5190">
     <span class='ocr_line' id='line_1_69' title="bbox 471 5114 2062 5190; baseline -0.001 -19"><span class='ocrx_word' id='word_1_543' title='bbox 471 5114 716 5183; x_wconf 88' lang='lat' dir='ltr'><strong>recurrit,</strong></span> <span class='ocrx_word' id='word_1_544' title='bbox 749 5115 875 5186; x_wconf 88' lang='lat' dir='ltr'><strong>quia</strong></span> <span class='ocrx_word' id='word_1_545' title='bbox 898 5115 967 5171; x_wconf 91' lang='lat' dir='ltr'><strong>de</strong></span> <span class='ocrx_word' id='word_1_546' title='bbox 982 5115 1222 5186; x_wconf 78' lang='lat' dir='ltr'><strong>perfecta</strong></span> <span class='ocrx_word' id='word_1_547' title='bbox 1237 5132 1424 5173; x_wconf 85' lang='lat' dir='ltr'><strong>eorum</strong></span> <span class='ocrx_word' id='word_1_548' title='bbox 1444 5117 1620 5190; x_wconf 88' lang='lat' dir='ltr'><strong>gloria</strong></span> <span class='ocrx_word' id='word_1_549' title='bbox 1640 5116 1862 5189; x_wconf 86' lang='lat' dir='ltr'><strong>cogitat,</strong></span> <span class='ocrx_word' id='word_1_550' title='bbox 1895 5116 2062 5170; x_wconf 90' lang='lat' dir='ltr'><strong>nimi-</strong></span> 
     </span>
    </p>
   </div>
   <div class='ocr_carea' id='block_1_70' title="bbox 470 5204 2063 5277">
    <p class='ocr_par' dir='ltr' id='par_1_70' title="bbox 470 5204 2063 5277">
     <span class='ocr_line' id='line_1_70' title="bbox 470 5204 2063 5277; baseline -0.001 -18"><span class='ocrx_word' id='word_1_551' title='bbox 470 5220 590 5260; x_wconf 88' lang='lat' dir='ltr'><strong>rum</strong></span> <span class='ocrx_word' id='word_1_552' title='bbox 624 5212 750 5260; x_wconf 90' lang='lat' dir='ltr'><strong>tunc</strong></span> <span class='ocrx_word' id='word_1_553' title='bbox 778 5204 834 5259; x_wconf 91' lang='lat' dir='ltr'><strong>in</strong></span> <span class='ocrx_word' id='word_1_554' title='bbox 879 5221 976 5260; x_wconf 90' lang='lat' dir='ltr'><strong>sua</strong></span> <span class='ocrx_word' id='word_1_555' title='bbox 1030 5205 1245 5260; x_wconf 89' lang='lat' dir='ltr'><strong>civitate</strong></span> <span class='ocrx_word' id='word_1_556' title='bbox 1294 5206 1571 5277; x_wconf 89' lang='lat' dir='ltr'><strong>recipitur,</strong></span> <span class='ocrx_word' id='word_1_557' title='bbox 1633 5206 1723 5276; x_wconf 91' lang='lat' dir='ltr'><strong>qui</strong></span> <span class='ocrx_word' id='word_1_558' title='bbox 1779 5205 1976 5260; x_wconf 89' lang='lat' dir='ltr'><strong>morari</strong></span> <span class='ocrx_word' id='word_1_559' title='bbox 2009 5204 2063 5259; x_wconf 90' lang='lat' dir='ltr'><strong>in</strong></span> 
     </span>
    </p>
   </div>
   <div class='ocr_carea' id='block_1_71' title="bbox 478 5291 2067 5364">
    <p class='ocr_par' dir='ltr' id='par_1_71' title="bbox 478 5291 2067 5364">
     <span class='ocr_line' id='line_1_71' title="bbox 478 5291 2067 5364; baseline 0.001 -19"><span class='ocrx_word' id='word_1_560' title='bbox 478 5291 798 5349; x_wconf 84' lang='lat' dir='ltr'><strong>sublimibus</strong></span> <span class='ocrx_word' id='word_1_561' title='bbox 825 5293 1163 5364; x_wconf 89' lang='lat' dir='ltr'><strong>prohibetur.</strong></span> <span class='ocrx_word' id='word_1_562' title='bbox 1196 5294 1338 5349; x_wconf 91' lang='lat' dir='ltr'><strong>Bene</strong></span> <span class='ocrx_word' id='word_1_563' title='bbox 1368 5302 1549 5351; x_wconf 86' lang='lat' dir='ltr'><strong>autem</strong></span> <span class='ocrx_word' id='word_1_564' title='bbox 1580 5294 1772 5350; x_wconf 90' lang='lat' dir='ltr'><strong>eadem</strong></span> <span class='ocrx_word' id='word_1_565' title='bbox 1802 5293 2067 5348; x_wconf 84' lang='lat' dir='ltr'><strong>Ramatha</strong></span> 
     </span>
    </p>
   </div>
   <div class='ocr_carea' id='block_1_72' title="bbox 480 5379 2066 5454">
    <p class='ocr_par' dir='ltr' id='par_1_72' title="bbox 480 5379 2066 5454">
     <span class='ocr_line' id='line_1_72' title="bbox 480 5379 2066 5454; baseline 0.001 -19"><span class='ocrx_word' id='word_1_566' title='bbox 480 5379 673 5435; x_wconf 88' lang='lat' dir='ltr'><strong>civitas</strong></span> <span class='ocrx_word' id='word_1_567' title='bbox 695 5398 791 5436; x_wconf 89' lang='lat' dir='ltr'><strong>sua</strong></span> <span class='ocrx_word' id='word_1_568' title='bbox 820 5381 1034 5453; x_wconf 87' lang='lat' dir='ltr'><strong>dicitur,</strong></span> <span class='ocrx_word' id='word_1_569' title='bbox 1067 5382 1195 5453; x_wconf 88' lang='lat' dir='ltr'><strong>quia</strong></span> <span class='ocrx_word' id='word_1_570' title='bbox 1256 5398 1416 5454; x_wconf 89' lang='lat' dir='ltr'><strong>quam</strong></span> <span class='ocrx_word' id='word_1_571' title='bbox 1474 5382 1813 5438; x_wconf 84' lang='lat' dir='ltr'><strong>familiariter</strong></span> <span class='ocrx_word' id='word_1_572' title='bbox 1866 5381 2066 5454; x_wconf 78' lang='lat' dir='ltr'><strong>diligit,</strong></span> 
     </span>
    </p>
   </div>
   <div class='ocr_carea' id='block_1_73' title="bbox 556 5556 1810 5630">
    <p class='ocr_par' dir='ltr' id='par_1_73' title="bbox 556 5556 1810 5630">
     <span class='ocr_line' id='line_1_73' title="bbox 556 5556 1810 5630; baseline 0.002 -18"><span class='ocrx_word' id='word_1_573' title='bbox 556 5556 637 5630; x_wconf 89' lang='lat' dir='ltr'><strong>(a)</strong></span> <span class='ocrx_word' id='word_1_574' title='bbox 664 5557 828 5614; x_wconf 83' lang='lat' dir='ltr'><strong>Abest</strong></span> <span class='ocrx_word' id='word_1_575' title='bbox 856 5560 953 5617; x_wconf 86' lang='lat' dir='ltr'><strong>scd</strong></span> <span class='ocrx_word' id='word_1_576' title='bbox 972 5565 1248 5619; x_wconf 68' lang='lat' dir='ltr'><strong>(sternam</strong></span> <span class='ocrx_word' id='word_1_577' title='bbox 1276 5563 1339 5619; x_wconf 82' lang='lat' dir='ltr'><strong>in</strong></span> <span class='ocrx_word' id='word_1_578' title='bbox 1372 5563 1527 5620; x_wconf 61' lang='lat' dir='ltr'><strong>caelis</strong></span> <span class='ocrx_word' id='word_1_579' title='bbox 1558 5561 1612 5616; x_wconf 90' lang='lat' dir='ltr'><strong>in</strong></span> <span class='ocrx_word' id='word_1_580' title='bbox 1641 5559 1810 5617; x_wconf 90' lang='lat' dir='ltr'><strong>Gilot.</strong></span> 
     </span>
    </p>
   </div>
   <div class='ocr_carea' id='block_1_74' title="bbox 2162 1812 3751 1886">
    <p class='ocr_par' dir='ltr' id='par_1_74' title="bbox 2162 1812 3751 1886">
     <span class='ocr_line' id='line_1_74' title="bbox 2162 1812 3751 1886; baseline 0.001 -20"><span class='ocrx_word' id='word_1_581' title='bbox 2162 1812 2317 1866; x_wconf 81' lang='lat' dir='ltr'><strong>Anna</strong></span> <span class='ocrx_word' id='word_1_582' title='bbox 2344 1812 2581 1881; x_wconf 91' lang='lat' dir='ltr'><strong>concipit</strong></span> <span class='ocrx_word' id='word_1_583' title='bbox 2609 1821 2662 1867; x_wconf 92' lang='lat' dir='ltr'><strong>et</strong></span> <span class='ocrx_word' id='word_1_584' title='bbox 2686 1814 2847 1883; x_wconf 90' lang='lat' dir='ltr'><strong>parit,</strong></span> <span class='ocrx_word' id='word_1_585' title='bbox 2879 1814 2979 1867; x_wconf 88' lang='lat' dir='ltr'><strong>nisi</strong></span> <span class='ocrx_word' id='word_1_586' title='bbox 3027 1814 3153 1884; x_wconf 89' lang='lat' dir='ltr'><strong>quia</strong></span> <span class='ocrx_word' id='word_1_587' title='bbox 3188 1813 3450 1886; x_wconf 83' lang='lat' dir='ltr'><strong>gaudium</strong></span> <span class='ocrx_word' id='word_1_588' title='bbox 3495 1813 3751 1883; x_wconf 66' lang='lat' dir='ltr'><strong>perfecta!</strong></span> 
     </span>
    </p>
   </div>
   <div class='ocr_carea' id='block_1_75' title="bbox 2160 1900 3748 1972">
    <p class='ocr_par' dir='ltr' id='par_1_75' title="bbox 2160 1900 3748 1972">
     <span class='ocr_line' id='line_1_75' title="bbox 2160 1900 3748 1972; baseline 0 -17"><span class='ocrx_word' id='word_1_589' title='bbox 2160 1900 2464 1955; x_wconf 86' lang='lat' dir='ltr'><strong>devotionis</strong></span> <span class='ocrx_word' id='word_1_590' title='bbox 2489 1902 2873 1971; x_wconf 88' lang='lat' dir='ltr'><strong>contemplatio</strong></span> <span class='ocrx_word' id='word_1_591' title='bbox 2910 1901 2981 1956; x_wconf 91' lang='lat' dir='ltr'><strong>ad</strong></span> <span class='ocrx_word' id='word_1_592' title='bbox 3022 1900 3349 1957; x_wconf 89' lang='lat' dir='ltr'><strong>condictoris</strong></span> <span class='ocrx_word' id='word_1_593' title='bbox 3385 1902 3748 1972; x_wconf 80' lang='lat' dir='ltr'><strong>pulchritudi-</strong></span> 
     </span>
    </p>
   </div>
   <div class='ocr_carea' id='block_1_76' title="bbox 2160 1989 3750 2064">
    <p class='ocr_par' dir='ltr' id='par_1_76' title="bbox 2160 1989 3750 2064">
     <span class='ocr_line' id='line_1_76' title="bbox 2160 1989 3750 2064; baseline 0.002 -21"><span class='ocrx_word' id='word_1_594' title='bbox 2160 2004 2285 2044; x_wconf 90' lang='lat' dir='ltr'><strong>nem</strong></span> <span class='ocrx_word' id='word_1_595' title='bbox 2323 1990 2488 2044; x_wconf 89' lang='lat' dir='ltr'><strong>semel</strong></span> <span class='ocrx_word' id='word_1_596' title='bbox 2517 1989 2726 2044; x_wconf 87' lang='lat' dir='ltr'><strong>elevata</strong></span> <span class='ocrx_word' id='word_1_597' title='bbox 2762 2006 2870 2046; x_wconf 90' lang='lat' dir='ltr'><strong>non</strong></span> <span class='ocrx_word' id='word_1_598' title='bbox 2916 1990 3179 2061; x_wconf 81' lang='lat' dir='ltr'><strong>suscipit?</strong></span> <span class='ocrx_word' id='word_1_599' title='bbox 3208 1991 3333 2046; x_wconf 91' lang='lat' dir='ltr'><strong>Post</strong></span> <span class='ocrx_word' id='word_1_600' title='bbox 3378 1990 3585 2046; x_wconf 88' lang='lat' dir='ltr'><strong>dierum</strong></span> <span class='ocrx_word' id='word_1_601' title='bbox 3616 2006 3750 2064; x_wconf 87' lang='lat' dir='ltr'><strong>ergo</strong></span> 
     </span>
    </p>
   </div>
   <div class='ocr_carea' id='block_1_77' title="bbox 2161 2077 3749 2150">
    <p class='ocr_par' dir='ltr' id='par_1_77' title="bbox 2161 2077 3749 2150">
     <span class='ocr_line' id='line_1_77' title="bbox 2161 2077 3749 2150; baseline 0 -17"><span class='ocrx_word' id='word_1_602' title='bbox 2161 2077 2423 2133; x_wconf 91' lang='lat' dir='ltr'><strong>circulum</strong></span> <span class='ocrx_word' id='word_1_603' title='bbox 2452 2078 2768 2148; x_wconf 90' lang='lat' dir='ltr'><strong>concepisse</strong></span> <span class='ocrx_word' id='word_1_604' title='bbox 2797 2087 2850 2133; x_wconf 89' lang='lat' dir='ltr'><strong>et</strong></span> <span class='ocrx_word' id='word_1_605' title='bbox 2876 2079 3149 2149; x_wconf 87' lang='lat' dir='ltr'><strong>peperisse</strong></span> <span class='ocrx_word' id='word_1_606' title='bbox 3194 2079 3409 2146; x_wconf 87' lang='lat' dir='ltr'><strong>dicitur,</strong></span> <span class='ocrx_word' id='word_1_607' title='bbox 3442 2079 3569 2150; x_wconf 90' lang='lat' dir='ltr'><strong>quia</strong></span> <span class='ocrx_word' id='word_1_608' title='bbox 3620 2079 3749 2134; x_wconf 91' lang='lat' dir='ltr'><strong>dum</strong></span> 
     </span>
    </p>
   </div>
   <div class='ocr_carea' id='block_1_78' title="bbox 2162 2166 3752 2239">
    <p class='ocr_par' dir='ltr' id='par_1_78' title="bbox 2162 2166 3752 2239">
     <span class='ocr_line' id='line_1_78' title="bbox 2162 2166 3752 2239; baseline 0.001 -19"><span class='ocrx_word' id='word_1_609' title='bbox 2162 2181 2231 2220; x_wconf 80' lang='lat' dir='ltr'><strong>ex</strong></span> <span class='ocrx_word' id='word_1_610' title='bbox 2258 2166 2642 2222; x_wconf 89' lang='lat' dir='ltr'><strong>consuetudine</strong></span> <span class='ocrx_word' id='word_1_611' title='bbox 2669 2168 3051 2237; x_wconf 89' lang='lat' dir='ltr'><strong>contemplatio</strong></span> <span class='ocrx_word' id='word_1_612' title='bbox 3081 2168 3149 2222; x_wconf 93' lang='lat' dir='ltr'><strong>ad</strong></span> <span class='ocrx_word' id='word_1_613' title='bbox 3177 2183 3408 2238; x_wconf 86' lang='lat' dir='ltr'><strong>superna</strong></span> <span class='ocrx_word' id='word_1_614' title='bbox 3443 2169 3667 2239; x_wconf 89' lang='lat' dir='ltr'><strong>rapitur,</strong></span> <span class='ocrx_word' id='word_1_615' title='bbox 3695 2167 3752 2222; x_wconf 91' lang='lat' dir='ltr'><strong>in</strong></span> 
     </span>
    </p>
   </div>
   <div class='ocr_carea' id='block_1_79' title="bbox 2162 2254 3751 2326">
    <p class='ocr_par' dir='ltr' id='par_1_79' title="bbox 2162 2254 3751 2326">
     <span class='ocr_line' id='line_1_79' title="bbox 2162 2254 3751 2326; baseline 0.003 -18"><span class='ocrx_word' id='word_1_616' title='bbox 2162 2254 2368 2309; x_wconf 87' lang='lat' dir='ltr'><strong>visione</strong></span> <span class='ocrx_word' id='word_1_617' title='bbox 2398 2255 2615 2324; x_wconf 89' lang='lat' dir='ltr'><strong>superni</strong></span> <span class='ocrx_word' id='word_1_618' title='bbox 2643 2255 2862 2311; x_wconf 90' lang='lat' dir='ltr'><strong>luminis</strong></span> <span class='ocrx_word' id='word_1_619' title='bbox 2890 2272 3083 2311; x_wconf 90' lang='lat' dir='ltr'><strong>munus</strong></span> <span class='ocrx_word' id='word_1_620' title='bbox 3102 2257 3300 2326; x_wconf 88' lang='lat' dir='ltr'><strong>accipit</strong></span> <span class='ocrx_word' id='word_1_621' title='bbox 3318 2256 3640 2312; x_wconf 70' lang='lat' dir='ltr'><strong>desidentes</strong></span> <span class='ocrx_word' id='word_1_622' title='bbox 3662 2257 3751 2312; x_wconf 88' lang='lat' dir='ltr'><strong>fe-</strong></span> 
     </span>
    </p>
   </div>
   <div class='ocr_carea' id='block_1_80' title="bbox 2162 2342 3748 2415">
    <p class='ocr_par' dir='ltr' id='par_1_80' title="bbox 2162 2342 3748 2415">
     <span class='ocr_line' id='line_1_80' title="bbox 2162 2342 3748 2415; baseline 0.001 -17"><span class='ocrx_word' id='word_1_623' title='bbox 2162 2342 2474 2398; x_wconf 88' lang='lat' dir='ltr'><strong>cunditatis.</strong></span> <span class='ocrx_word' id='word_1_624' title='bbox 2512 2343 2759 2399; x_wconf 90' lang='lat' dir='ltr'><strong>Circulus</strong></span> <span class='ocrx_word' id='word_1_625' title='bbox 2786 2360 3020 2415; x_wconf 88' lang='lat' dir='ltr'><strong>namque</strong></span> <span class='ocrx_word' id='word_1_626' title='bbox 3048 2344 3257 2400; x_wconf 90' lang='lat' dir='ltr'><strong>dierum</strong></span> <span class='ocrx_word' id='word_1_627' title='bbox 3287 2354 3368 2401; x_wconf 88' lang='lat' dir='ltr'><strong>est</strong></span> <span class='ocrx_word' id='word_1_628' title='bbox 3421 2345 3619 2401; x_wconf 86' lang='lat' dir='ltr'><strong>infusio</strong></span> <span class='ocrx_word' id='word_1_629' title='bbox 3651 2345 3748 2400; x_wconf 92' lang='lat' dir='ltr'><strong>di-</strong></span> 
     </span>
    </p>
   </div>
   <div class='ocr_carea' id='block_1_81' title="bbox 2162 2430 3758 2504">
    <p class='ocr_par' dir='ltr' id='par_1_81' title="bbox 2162 2430 3758 2504">
     <span class='ocr_line' id='line_1_81' title="bbox 2162 2430 3758 2504; baseline 0.003 -19"><span class='ocrx_word' id='word_1_630' title='bbox 2162 2431 2306 2485; x_wconf 85' lang='lat' dir='ltr'><strong>vinae</strong></span> <span class='ocrx_word' id='word_1_631' title='bbox 2335 2431 2488 2486; x_wconf 90' lang='lat' dir='ltr'><strong>lucis.</strong></span> <span class='ocrx_word' id='word_1_632' title='bbox 2521 2430 2653 2500; x_wconf 67' lang='lat' dir='ltr'><strong>Quae</strong></span> <span class='ocrx_word' id='word_1_633' title='bbox 2681 2432 2927 2503; x_wconf 85' lang='lat' dir='ltr'><strong>profecto</strong></span> <span class='ocrx_word' id='word_1_634' title='bbox 2952 2433 3005 2487; x_wconf 92' lang='lat' dir='ltr'><strong>in</strong></span> <span class='ocrx_word' id='word_1_635' title='bbox 3021 2449 3117 2489; x_wconf 92' lang='lat' dir='ltr'><strong>suo</strong></span> <span class='ocrx_word' id='word_1_636' title='bbox 3133 2433 3339 2489; x_wconf 90' lang='lat' dir='ltr'><strong>ambitu</strong></span> <span class='ocrx_word' id='word_1_637' title='bbox 3367 2433 3556 2489; x_wconf 91' lang='lat' dir='ltr'><strong>diebus</strong></span> <span class='ocrx_word' id='word_1_638' title='bbox 3583 2434 3758 2504; x_wconf 85' lang='lat' dir='ltr'><strong>pluri-</strong></span> 
     </span>
    </p>
   </div>
   <div class='ocr_carea' id='block_1_82' title="bbox 2162 2518 3751 2591">
    <p class='ocr_par' dir='ltr' id='par_1_82' title="bbox 2162 2518 3751 2591">
     <span class='ocr_line' id='line_1_82' title="bbox 2162 2518 3751 2591; baseline 0.003 -18"><span class='ocrx_word' id='word_1_639' title='bbox 2162 2518 2265 2573; x_wconf 90' lang='lat' dir='ltr'><strong>bus</strong></span> <span class='ocrx_word' id='word_1_640' title='bbox 2290 2519 2541 2591; x_wconf 86' lang='lat' dir='ltr'><strong>cingitur,</strong></span> <span class='ocrx_word' id='word_1_641' title='bbox 2574 2519 2703 2574; x_wconf 91' lang='lat' dir='ltr'><strong>dum</strong></span> <span class='ocrx_word' id='word_1_642' title='bbox 2740 2537 2847 2575; x_wconf 88' lang='lat' dir='ltr'><strong>una</strong></span> <span class='ocrx_word' id='word_1_643' title='bbox 2875 2537 2969 2576; x_wconf 91' lang='lat' dir='ltr'><strong>sua</strong></span> <span class='ocrx_word' id='word_1_644' title='bbox 2985 2521 3229 2577; x_wconf 89' lang='lat' dir='ltr'><strong>claritate</strong></span> <span class='ocrx_word' id='word_1_645' title='bbox 3254 2531 3487 2578; x_wconf 89' lang='lat' dir='ltr'><strong>mentem</strong></span> <span class='ocrx_word' id='word_1_646' title='bbox 3508 2523 3751 2590; x_wconf 87' lang='lat' dir='ltr'><strong>irradiat,</strong></span> 
     </span>
    </p>
   </div>
   <div class='ocr_carea' id='block_1_83' title="bbox 2163 2607 3755 2681">
    <p class='ocr_par' dir='ltr' id='par_1_83' title="bbox 2163 2607 3755 2681">
     <span class='ocr_line' id='line_1_83' title="bbox 2163 2607 3755 2681; baseline 0.003 -19"><span class='ocrx_word' id='word_1_647' title='bbox 2163 2607 2257 2664; x_wconf 89' lang='lat' dir='ltr'><strong>sed</strong></span> <span class='ocrx_word' id='word_1_648' title='bbox 2286 2609 2366 2663; x_wconf 91' lang='lat' dir='ltr'><strong>sui</strong></span> <span class='ocrx_word' id='word_1_649' title='bbox 2395 2609 2697 2679; x_wconf 90' lang='lat' dir='ltr'><strong>splendoris</strong></span> <span class='ocrx_word' id='word_1_650' title='bbox 2724 2609 2907 2666; x_wconf 90' lang='lat' dir='ltr'><strong>radios</strong></span> <span class='ocrx_word' id='word_1_651' title='bbox 2932 2627 3031 2680; x_wconf 89' lang='lat' dir='ltr'><strong>per</strong></span> <span class='ocrx_word' id='word_1_652' title='bbox 3049 2611 3196 2666; x_wconf 87' lang='lat' dir='ltr'><strong>vices</strong></span> <span class='ocrx_word' id='word_1_653' title='bbox 3217 2610 3597 2681; x_wconf 72' lang='lat' dir='ltr'><strong>dispensativa:</strong></span> <span class='ocrx_word' id='word_1_654' title='bbox 3625 2629 3755 2666; x_wconf 85' lang='lat' dir='ltr'><strong>ma-</strong></span> 
     </span>
    </p>
   </div>
   <div class='ocr_carea' id='block_1_84' title="bbox 2161 2696 3753 2773">
    <p class='ocr_par' dir='ltr' id='par_1_84' title="bbox 2161 2696 3753 2773">
     <span class='ocr_line' id='line_1_84' title="bbox 2161 2696 3753 2773; baseline 0.002 -21"><span class='ocrx_word' id='word_1_655' title='bbox 2161 2696 2516 2753; x_wconf 81' lang='lat' dir='ltr'><strong>nifestationis</strong></span> <span class='ocrx_word' id='word_1_656' title='bbox 2534 2698 2582 2753; x_wconf 90' lang='lat' dir='ltr'><strong>ei</strong></span> <span class='ocrx_word' id='word_1_657' title='bbox 2611 2698 2863 2765; x_wconf 85' lang='lat' dir='ltr'><strong>insinuat,</strong></span> <span class='ocrx_word' id='word_1_658' title='bbox 2887 2715 3164 2769; x_wconf 90' lang='lat' dir='ltr'><strong>quousque</strong></span> <span class='ocrx_word' id='word_1_659' title='bbox 3190 2699 3477 2770; x_wconf 84' lang='lat' dir='ltr'><strong>perfectius</strong></span> <span class='ocrx_word' id='word_1_660' title='bbox 3490 2700 3753 2773; x_wconf 86' lang='lat' dir='ltr'><strong>gaudium</strong></span> 
     </span>
    </p>
   </div>
   <div class='ocr_carea' id='block_1_85' title="bbox 2164 2786 3758 2858">
    <p class='ocr_par' dir='ltr' id='par_1_85' title="bbox 2164 2786 3758 2858">
     <span class='ocr_line' id='line_1_85' title="bbox 2164 2786 3758 2858; baseline 0.003 -17"><span class='ocrx_word' id='word_1_661' title='bbox 2164 2786 2232 2841; x_wconf 91' lang='lat' dir='ltr'><strong>de</strong></span> <span class='ocrx_word' id='word_1_662' title='bbox 2270 2786 2520 2856; x_wconf 89' lang='lat' dir='ltr'><strong>ampliori</strong></span> <span class='ocrx_word' id='word_1_663' title='bbox 2551 2787 2981 2843; x_wconf 86' lang='lat' dir='ltr'><strong>manifestatione</strong></span> <span class='ocrx_word' id='word_1_664' title='bbox 3008 2787 3448 2858; x_wconf 89' lang='lat' dir='ltr'><strong>comprehendat.</strong></span> <span class='ocrx_word' id='word_1_665' title='bbox 3491 2789 3587 2845; x_wconf 82' lang='lat' dir='ltr'><strong>Vel</strong></span> <span class='ocrx_word' id='word_1_666' title='bbox 3610 2799 3758 2846; x_wconf 87' lang='lat' dir='ltr'><strong>certe</strong></span> 
     </span>
    </p>
   </div>
   <div class='ocr_carea' id='block_1_86' title="bbox 2162 2874 3759 2946">
    <p class='ocr_par' dir='ltr' id='par_1_86' title="bbox 2162 2874 3759 2946">
     <span class='ocr_line' id='line_1_86' title="bbox 2162 2874 3759 2946; baseline 0.002 -17"><span class='ocrx_word' id='word_1_667' title='bbox 2162 2882 2287 2944; x_wconf 89' lang='lat' dir='ltr'><strong>post</strong></span> <span class='ocrx_word' id='word_1_668' title='bbox 2314 2874 2523 2930; x_wconf 89' lang='lat' dir='ltr'><strong>dierum</strong></span> <span class='ocrx_word' id='word_1_669' title='bbox 2551 2875 2811 2931; x_wconf 87' lang='lat' dir='ltr'><strong>circulum</strong></span> <span class='ocrx_word' id='word_1_670' title='bbox 2849 2875 3013 2929; x_wconf 89' lang='lat' dir='ltr'><strong>Anna</strong></span> <span class='ocrx_word' id='word_1_671' title='bbox 3040 2876 3295 2946; x_wconf 91' lang='lat' dir='ltr'><strong>concipit,</strong></span> <span class='ocrx_word' id='word_1_672' title='bbox 3347 2876 3473 2946; x_wconf 88' lang='lat' dir='ltr'><strong>quia</strong></span> <span class='ocrx_word' id='word_1_673' title='bbox 3500 2876 3759 2932; x_wconf 88' lang='lat' dir='ltr'><strong>nimirum</strong></span> 
     </span>
    </p>
   </div>
   <div class='ocr_carea' id='block_1_87' title="bbox 2164 2962 3763 3033">
    <p class='ocr_par' dir='ltr' id='par_1_87' title="bbox 2164 2962 3763 3033">
     <span class='ocr_line' id='line_1_87' title="bbox 2164 2962 3763 3033; baseline 0.002 -17"><span class='ocrx_word' id='word_1_674' title='bbox 2164 2962 2401 3032; x_wconf 90' lang='lat' dir='ltr'><strong>quandiu</strong></span> <span class='ocrx_word' id='word_1_675' title='bbox 2455 2964 2648 3018; x_wconf 90' lang='lat' dir='ltr'><strong>mentis</strong></span> <span class='ocrx_word' id='word_1_676' title='bbox 2704 2964 2877 3019; x_wconf 89' lang='lat' dir='ltr'><strong>aciem</strong></span> <span class='ocrx_word' id='word_1_677' title='bbox 2927 2963 3399 3033; x_wconf 89' lang='lat' dir='ltr'><strong>contemplationis</strong></span> <span class='ocrx_word' id='word_1_678' title='bbox 3453 2964 3658 3019; x_wconf 89' lang='lat' dir='ltr'><strong>ruditas</strong></span> <span class='ocrx_word' id='word_1_679' title='bbox 3703 2964 3763 3019; x_wconf 92' lang='lat' dir='ltr'><strong>in</strong></span> 
     </span>
    </p>
   </div>
   <div class='ocr_carea' id='block_1_88' title="bbox 2167 3052 3766 3124">
    <p class='ocr_par' dir='ltr' id='par_1_88' title="bbox 2167 3052 3766 3124">
     <span class='ocr_line' id='line_1_88' title="bbox 2167 3052 3766 3124; baseline 0.001 -19"><span class='ocrx_word' id='word_1_680' title='bbox 2167 3067 2357 3123; x_wconf 81' lang='lat' dir='ltr'><strong>gyrum</strong></span> <span class='ocrx_word' id='word_1_681' title='bbox 2389 3052 2761 3107; x_wconf 88' lang='lat' dir='ltr'><strong>mutabilitatis</strong></span> <span class='ocrx_word' id='word_1_682' title='bbox 2802 3052 3059 3120; x_wconf 89' lang='lat' dir='ltr'><strong>concutit,</strong></span> <span class='ocrx_word' id='word_1_683' title='bbox 3109 3052 3227 3122; x_wconf 89' lang='lat' dir='ltr'><strong>ipsa</strong></span> <span class='ocrx_word' id='word_1_684' title='bbox 3274 3068 3426 3108; x_wconf 89' lang='lat' dir='ltr'><strong>mens</strong></span> <span class='ocrx_word' id='word_1_685' title='bbox 3455 3052 3524 3107; x_wconf 90' lang='lat' dir='ltr'><strong>ad</strong></span> <span class='ocrx_word' id='word_1_686' title='bbox 3578 3053 3766 3124; x_wconf 85' lang='lat' dir='ltr'><strong>perci-</strong></span> 
     </span>
    </p>
   </div>
   <div class='ocr_carea' id='block_1_89' title="bbox 2165 3140 3764 3212">
    <p class='ocr_par' dir='ltr' id='par_1_89' title="bbox 2165 3140 3764 3212">
     <span class='ocr_line' id='line_1_89' title="bbox 2165 3140 3764 3212; baseline 0.001 -18"><span class='ocrx_word' id='word_1_687' title='bbox 2165 3140 2425 3210; x_wconf 89' lang='lat' dir='ltr'><strong>piendum</strong></span> <span class='ocrx_word' id='word_1_688' title='bbox 2454 3141 2675 3210; x_wconf 89' lang='lat' dir='ltr'><strong>plenum</strong></span> <span class='ocrx_word' id='word_1_689' title='bbox 2722 3141 2944 3196; x_wconf 62' lang='lat' dir='ltr'><strong>internae</strong></span> <span class='ocrx_word' id='word_1_690' title='bbox 2974 3140 3272 3211; x_wconf 83' lang='lat' dir='ltr'><strong>maiestatis</strong></span> <span class='ocrx_word' id='word_1_691' title='bbox 3333 3142 3592 3212; x_wconf 88' lang='lat' dir='ltr'><strong>gaudium</strong></span> <span class='ocrx_word' id='word_1_692' title='bbox 3648 3158 3764 3198; x_wconf 92' lang='lat' dir='ltr'><strong>non</strong></span> 
     </span>
    </p>
   </div>
   <div class='ocr_carea' id='block_1_90' title="bbox 2166 3229 3762 3300">
    <p class='ocr_par' dir='ltr' id='par_1_90' title="bbox 2166 3229 3762 3300">
     <span class='ocr_line' id='line_1_90' title="bbox 2166 3229 3762 3300; baseline 0.001 -17"><span class='ocrx_word' id='word_1_693' title='bbox 2166 3230 2417 3300; x_wconf 85' lang='lat' dir='ltr'><strong>assurgit.</strong></span> <span class='ocrx_word' id='word_1_694' title='bbox 2450 3229 2609 3285; x_wconf 86' lang='lat' dir='ltr'><strong>Velut</strong></span> <span class='ocrx_word' id='word_1_695' title='bbox 2653 3230 2797 3284; x_wconf 90' lang='lat' dir='ltr'><strong>enim</strong></span> <span class='ocrx_word' id='word_1_696' title='bbox 2839 3229 2893 3283; x_wconf 92' lang='lat' dir='ltr'><strong>in</strong></span> <span class='ocrx_word' id='word_1_697' title='bbox 2924 3229 3159 3299; x_wconf 91' lang='lat' dir='ltr'><strong>quodam</strong></span> <span class='ocrx_word' id='word_1_698' title='bbox 3202 3230 3404 3286; x_wconf 91' lang='lat' dir='ltr'><strong>circulo</strong></span> <span class='ocrx_word' id='word_1_699' title='bbox 3433 3230 3550 3286; x_wconf 91' lang='lat' dir='ltr'><strong>dies</strong></span> <span class='ocrx_word' id='word_1_700' title='bbox 3581 3239 3762 3285; x_wconf 88' lang='lat' dir='ltr'><strong>trans—</strong></span> 
     </span>
    </p>
   </div>
   <div class='ocr_carea' id='block_1_91' title="bbox 2165 3317 3763 3388">
    <p class='ocr_par' dir='ltr' id='par_1_91' title="bbox 2165 3317 3763 3388">
     <span class='ocr_line' id='line_1_91' title="bbox 2165 3317 3763 3388; baseline 0.002 -17"><span class='ocrx_word' id='word_1_701' title='bbox 2165 3325 2310 3386; x_wconf 89' lang='lat' dir='ltr'><strong>eunt,</strong></span> <span class='ocrx_word' id='word_1_702' title='bbox 2343 3332 2467 3372; x_wconf 91' lang='lat' dir='ltr'><strong>cum</strong></span> <span class='ocrx_word' id='word_1_703' title='bbox 2523 3334 2673 3373; x_wconf 91' lang='lat' dir='ltr'><strong>mens</strong></span> <span class='ocrx_word' id='word_1_704' title='bbox 2736 3318 3039 3373; x_wconf 87' lang='lat' dir='ltr'><strong>inchoantis</strong></span> <span class='ocrx_word' id='word_1_705' title='bbox 3074 3317 3130 3372; x_wconf 93' lang='lat' dir='ltr'><strong>in</strong></span> <span class='ocrx_word' id='word_1_706' title='bbox 3184 3318 3656 3388; x_wconf 88' lang='lat' dir='ltr'><strong>contemplationis</strong></span> <span class='ocrx_word' id='word_1_707' title='bbox 3699 3336 3763 3374; x_wconf 86' lang='lat' dir='ltr'><strong>se</strong></span> 
     </span>
    </p>
   </div>
   <div class='ocr_carea' id='block_1_92' title="bbox 2164 3406 3761 3479">
    <p class='ocr_par' dir='ltr' id='par_1_92' title="bbox 2164 3406 3761 3479">
     <span class='ocr_line' id='line_1_92' title="bbox 2164 3406 3761 3479; baseline 0.001 -18"><span class='ocrx_word' id='word_1_708' title='bbox 2164 3406 2379 3461; x_wconf 88' lang='lat' dir='ltr'><strong>culmen</strong></span> <span class='ocrx_word' id='word_1_709' title='bbox 2429 3407 2623 3471; x_wconf 89' lang='lat' dir='ltr'><strong>elevat,</strong></span> <span class='ocrx_word' id='word_1_710' title='bbox 2665 3406 2759 3462; x_wconf 89' lang='lat' dir='ltr'><strong>sed</strong></span> <span class='ocrx_word' id='word_1_711' title='bbox 2789 3406 2882 3462; x_wconf 83' lang='lat' dir='ltr'><strong>vix</strong></span> <span class='ocrx_word' id='word_1_712' title='bbox 2922 3422 3022 3476; x_wconf 88' lang='lat' dir='ltr'><strong>per</strong></span> <span class='ocrx_word' id='word_1_713' title='bbox 3064 3407 3293 3477; x_wconf 89' lang='lat' dir='ltr'><strong>respecti</strong></span> <span class='ocrx_word' id='word_1_714' title='bbox 3326 3407 3493 3479; x_wconf 87' lang='lat' dir='ltr'><strong>jubar</strong></span> <span class='ocrx_word' id='word_1_715' title='bbox 3536 3406 3761 3462; x_wconf 90' lang='lat' dir='ltr'><strong>luminis</strong></span> 
     </span>
    </p>
   </div>
   <div class='ocr_carea' id='block_1_93' title="bbox 2164 3495 3761 3551">
    <p class='ocr_par' dir='ltr' id='par_1_93' title="bbox 2164 3495 3761 3551">
     <span class='ocr_line' id='line_1_93' title="bbox 2164 3495 3761 3551; baseline 0.001 -2"><span class='ocrx_word' id='word_1_716' title='bbox 2164 3510 2285 3549; x_wconf 89' lang='lat' dir='ltr'><strong>eam</strong></span> <span class='ocrx_word' id='word_1_717' title='bbox 2315 3495 2489 3550; x_wconf 88' lang='lat' dir='ltr'><strong>adhuc</strong></span> <span class='ocrx_word' id='word_1_718' title='bbox 2509 3502 2781 3550; x_wconf 90' lang='lat' dir='ltr'><strong>rorantem</strong></span> <span class='ocrx_word' id='word_1_719' title='bbox 2811 3510 2876 3551; x_wconf 91' lang='lat' dir='ltr'><strong>ac</strong></span> <span class='ocrx_word' id='word_1_720' title='bbox 2913 3495 3300 3551; x_wconf 88' lang='lat' dir='ltr'><strong>discurrentem</strong></span> <span class='ocrx_word' id='word_1_721' title='bbox 3340 3495 3502 3551; x_wconf 82' lang='lat' dir='ltr'><strong>ﬁxam</strong></span> <span class='ocrx_word' id='word_1_722' title='bbox 3549 3495 3604 3550; x_wconf 91' lang='lat' dir='ltr'><strong>in</strong></span> <span class='ocrx_word' id='word_1_723' title='bbox 3657 3511 3761 3550; x_wconf 87' lang='lat' dir='ltr'><strong>sua.</strong></span> 
     </span>
    </p>
   </div>
   <div class='ocr_carea' id='block_1_94' title="bbox 2165 3583 3754 3655">
    <p class='ocr_par' dir='ltr' id='par_1_94' title="bbox 2165 3583 3754 3655">
     <span class='ocr_line' id='line_1_94' title="bbox 2165 3583 3754 3655; baseline 0 -18"><span class='ocrx_word' id='word_1_724' title='bbox 2165 3583 2284 3639; x_wconf 88' lang='lat' dir='ltr'><strong>luce</strong></span> <span class='ocrx_word' id='word_1_725' title='bbox 2330 3592 2525 3640; x_wconf 88' lang='lat' dir='ltr'><strong>servat.</strong></span> <span class='ocrx_word' id='word_1_726' title='bbox 2575 3584 2699 3639; x_wconf 88' lang='lat' dir='ltr'><strong>Post</strong></span> <span class='ocrx_word' id='word_1_727' title='bbox 2744 3583 2953 3639; x_wconf 89' lang='lat' dir='ltr'><strong>dierum</strong></span> <span class='ocrx_word' id='word_1_728' title='bbox 3002 3599 3133 3655; x_wconf 86' lang='lat' dir='ltr'><strong>ergo</strong></span> <span class='ocrx_word' id='word_1_729' title='bbox 3189 3584 3450 3640; x_wconf 90' lang='lat' dir='ltr'><strong>circulum</strong></span> <span class='ocrx_word' id='word_1_730' title='bbox 3493 3583 3754 3654; x_wconf 90' lang='lat' dir='ltr'><strong>concipit,</strong></span> 
     </span>
    </p>
   </div>
   <div class='ocr_carea' id='block_1_95' title="bbox 2167 3671 3759 3744">
    <p class='ocr_par' dir='ltr' id='par_1_95' title="bbox 2167 3671 3759 3744">
     <span class='ocr_line' id='line_1_95' title="bbox 2167 3671 3759 3744; baseline 0.001 -18"><span class='ocrx_word' id='word_1_731' title='bbox 2167 3672 2293 3741; x_wconf 88' lang='lat' dir='ltr'><strong>quia</strong></span> <span class='ocrx_word' id='word_1_732' title='bbox 2320 3672 2471 3742; x_wconf 87' lang='lat' dir='ltr'><strong>prius</strong></span> <span class='ocrx_word' id='word_1_733' title='bbox 2494 3688 2526 3726; x_wconf 90' lang='lat' dir='ltr'><strong>a</strong></span> <span class='ocrx_word' id='word_1_734' title='bbox 2546 3672 2858 3727; x_wconf 89' lang='lat' dir='ltr'><strong>mutationis</strong></span> <span class='ocrx_word' id='word_1_735' title='bbox 2884 3687 2994 3727; x_wconf 63' lang='lat' dir='ltr'><strong>sum</strong></span> <span class='ocrx_word' id='word_1_736' title='bbox 3013 3671 3277 3744; x_wconf 85' lang='lat' dir='ltr'><strong>vertigine</strong></span> <span class='ocrx_word' id='word_1_737' title='bbox 3314 3672 3369 3727; x_wconf 90' lang='lat' dir='ltr'><strong>in</strong></span> <span class='ocrx_word' id='word_1_738' title='bbox 3390 3672 3562 3727; x_wconf 89' lang='lat' dir='ltr'><strong>standi</strong></span> <span class='ocrx_word' id='word_1_739' title='bbox 3589 3672 3759 3727; x_wconf 89' lang='lat' dir='ltr'><strong>robur</strong></span> 
     </span>
    </p>
   </div>
   <div class='ocr_carea' id='block_1_96' title="bbox 2167 3758 3760 3830">
    <p class='ocr_par' dir='ltr' id='par_1_96' title="bbox 2167 3758 3760 3830">
     <span class='ocr_line' id='line_1_96' title="bbox 2167 3758 3760 3830; baseline -0.001 -15"><span class='ocrx_word' id='word_1_740' title='bbox 2167 3761 2347 3815; x_wconf 90' lang='lat' dir='ltr'><strong>anima</strong></span> <span class='ocrx_word' id='word_1_741' title='bbox 2374 3760 2605 3830; x_wconf 89' lang='lat' dir='ltr'><strong>ducitur,</strong></span> <span class='ocrx_word' id='word_1_742' title='bbox 2638 3768 2691 3816; x_wconf 90' lang='lat' dir='ltr'><strong>et</strong></span> <span class='ocrx_word' id='word_1_743' title='bbox 2717 3776 2840 3815; x_wconf 91' lang='lat' dir='ltr'><strong>cum</strong></span> <span class='ocrx_word' id='word_1_744' title='bbox 2867 3767 3009 3815; x_wconf 90' lang='lat' dir='ltr'><strong>stare</strong></span> <span class='ocrx_word' id='word_1_745' title='bbox 3037 3758 3144 3815; x_wconf 81' lang='lat' dir='ltr'><strong>ﬁxa</strong></span> <span class='ocrx_word' id='word_1_746' title='bbox 3189 3775 3261 3816; x_wconf 84' lang='lat' dir='ltr'><strong>ex</strong></span> <span class='ocrx_word' id='word_1_747' title='bbox 3308 3777 3405 3815; x_wconf 91' lang='lat' dir='ltr'><strong>usu</strong></span> <span class='ocrx_word' id='word_1_748' title='bbox 3435 3760 3488 3814; x_wconf 91' lang='lat' dir='ltr'><strong>in</strong></span> <span class='ocrx_word' id='word_1_749' title='bbox 3514 3768 3760 3816; x_wconf 90' lang='lat' dir='ltr'><strong>contem-</strong></span> 
     </span>
    </p>
   </div>
   <div class='ocr_carea' id='block_1_97' title="bbox 2165 3842 3758 3916">
    <p class='ocr_par' dir='ltr' id='par_1_97' title="bbox 2165 3842 3758 3916">
     <span class='ocr_line' id='line_1_97' title="bbox 2165 3842 3758 3916; baseline -0.001 -18"><span class='ocrx_word' id='word_1_750' title='bbox 2165 3844 2406 3914; x_wconf 88' lang='lat' dir='ltr'><strong>platione</strong></span> <span class='ocrx_word' id='word_1_751' title='bbox 2442 3844 2710 3913; x_wconf 87' lang='lat' dir='ltr'><strong>didicerit,</strong></span> <span class='ocrx_word' id='word_1_752' title='bbox 2768 3843 3029 3916; x_wconf 88' lang='lat' dir='ltr'><strong>gaudium</strong></span> <span class='ocrx_word' id='word_1_753' title='bbox 3070 3842 3325 3914; x_wconf 64' lang='lat' dir='ltr'><strong>perfecte</strong></span> <span class='ocrx_word' id='word_1_754' title='bbox 3371 3843 3673 3899; x_wconf 87' lang='lat' dir='ltr'><strong>devotionis</strong></span> <span class='ocrx_word' id='word_1_755' title='bbox 3700 3843 3758 3897; x_wconf 92' lang='lat' dir='ltr'><strong>in</strong></span> 
     </span>
    </p>
   </div>
   <div class='ocr_carea' id='block_1_98' title="bbox 2164 3926 3763 3998">
    <p class='ocr_par' dir='ltr' id='par_1_98' title="bbox 2164 3926 3763 3998">
     <span class='ocr_line' id='line_1_98' title="bbox 2164 3926 3763 3998; baseline -0.002 -14"><span class='ocrx_word' id='word_1_756' title='bbox 2164 3927 2339 3984; x_wconf 87' lang='lat' dir='ltr'><strong>fructu</strong></span> <span class='ocrx_word' id='word_1_757' title='bbox 2368 3944 2479 3984; x_wconf 59' lang='lat' dir='ltr'><strong>suae</strong></span> <span class='ocrx_word' id='word_1_758' title='bbox 2504 3927 2845 3984; x_wconf 85' lang='lat' dir='ltr'><strong>fecunditatis</strong></span> <span class='ocrx_word' id='word_1_759' title='bbox 2864 3929 3237 3998; x_wconf 86' lang='lat' dir='ltr'><strong>apprehendit.</strong></span> <span class='ocrx_word' id='word_1_760' title='bbox 3255 3926 3413 3996; x_wconf 88' lang='lat' dir='ltr'><strong>Quod</strong></span> <span class='ocrx_word' id='word_1_761' title='bbox 3437 3928 3601 3983; x_wconf 88' lang='lat' dir='ltr'><strong>etiam</strong></span> <span class='ocrx_word' id='word_1_762' title='bbox 3621 3942 3763 3982; x_wconf 90' lang='lat' dir='ltr'><strong>con-</strong></span> 
     </span>
    </p>
   </div>
   <div class='ocr_carea' id='block_1_99' title="bbox 2166 4012 3766 4085">
    <p class='ocr_par' dir='ltr' id='par_1_99' title="bbox 2166 4012 3766 4085">
     <span class='ocr_line' id='line_1_99' title="bbox 2166 4012 3766 4085; baseline -0.001 -16"><span class='ocrx_word' id='word_1_763' title='bbox 2166 4022 2382 4083; x_wconf 90' lang='lat' dir='ltr'><strong>ceptum</strong></span> <span class='ocrx_word' id='word_1_764' title='bbox 2412 4013 2572 4083; x_wconf 89' lang='lat' dir='ltr'><strong>parit,</strong></span> <span class='ocrx_word' id='word_1_765' title='bbox 2606 4013 2822 4082; x_wconf 90' lang='lat' dir='ltr'><strong>quando</strong></span> <span class='ocrx_word' id='word_1_766' title='bbox 2850 4012 3115 4082; x_wconf 83' lang='lat' dir='ltr'><strong>proximis</strong></span> <span class='ocrx_word' id='word_1_767' title='bbox 3155 4012 3225 4068; x_wconf 89' lang='lat' dir='ltr'><strong>ad</strong></span> <span class='ocrx_word' id='word_1_768' title='bbox 3253 4012 3487 4085; x_wconf 89' lang='lat' dir='ltr'><strong>gloriam</strong></span> <span class='ocrx_word' id='word_1_769' title='bbox 3514 4027 3766 4082; x_wconf 62' lang='lat' dir='ltr'><strong>superna</strong></span> 
     </span>
    </p>
   </div>
   <div class='ocr_carea' id='block_1_100' title="bbox 2168 4096 2804 4166">
    <p class='ocr_par' dir='ltr' id='par_1_100' title="bbox 2168 4096 2804 4166">
     <span class='ocr_line' id='line_1_100' title="bbox 2168 4096 2804 4166; baseline 0 -15"><span class='ocrx_word' id='word_1_770' title='bbox 2168 4097 2467 4166; x_wconf 87' lang='lat' dir='ltr'><strong>majestatis</strong></span> <span class='ocrx_word' id='word_1_771' title='bbox 2494 4096 2804 4152; x_wconf 87' lang='lat' dir='ltr'><strong>innotescit.</strong></span> 
     </span>
    </p>
   </div>
   <div class='ocr_carea' id='block_1_101' title="bbox 2242 4184 3768 4255">
    <p class='ocr_par' dir='ltr' id='par_1_101' title="bbox 2242 4184 3768 4255">
     <span class='ocr_line' id='line_1_101' title="bbox 2242 4184 3768 4255; baseline -0.001 -15"><span class='ocrx_word' id='word_1_772' title='bbox 2242 4189 2327 4241; x_wconf 81' lang='grc'><strong>17.</strong></span> <span class='ocrx_word' id='word_1_773' title='bbox 2358 4186 2528 4239; x_wconf 86' lang='lat' dir='ltr'><strong>Natus</strong></span> <span class='ocrx_word' id='word_1_774' title='bbox 2555 4200 2684 4240; x_wconf 85' lang='lat' dir='ltr'><strong>vero</strong></span> <span class='ocrx_word' id='word_1_775' title='bbox 2711 4201 2847 4255; x_wconf 90' lang='lat' dir='ltr'><strong>puer</strong></span> <span class='ocrx_word' id='word_1_776' title='bbox 2883 4184 2938 4239; x_wconf 92' lang='lat' dir='ltr'><strong>in</strong></span> <span class='ocrx_word' id='word_1_777' title='bbox 2996 4185 3165 4241; x_wconf 88' lang='lat' dir='ltr'><strong>tribus</strong></span> <span class='ocrx_word' id='word_1_778' title='bbox 3200 4184 3384 4240; x_wconf 90' lang='lat' dir='ltr'><strong>vitulis</strong></span> <span class='ocrx_word' id='word_1_779' title='bbox 3409 4184 3478 4240; x_wconf 88' lang='lat' dir='ltr'><strong>ad</strong></span> <span class='ocrx_word' id='word_1_780' title='bbox 3506 4184 3768 4242; x_wconf 87' lang='lat' dir='ltr'><strong>taberna-</strong></span> 
     </span>
    </p>
   </div>
   <div class='ocr_carea' id='block_1_102' title="bbox 2167 4268 3768 4340">
    <p class='ocr_par' dir='ltr' id='par_1_102' title="bbox 2167 4268 3768 4340">
     <span class='ocr_line' id='line_1_102' title="bbox 2167 4268 3768 4340; baseline 0.001 -14"><span class='ocrx_word' id='word_1_781' title='bbox 2167 4270 2350 4326; x_wconf 90' lang='lat' dir='ltr'><strong>culum</strong></span> <span class='ocrx_word' id='word_1_782' title='bbox 2379 4268 2609 4333; x_wconf 90' lang='lat' dir='ltr'><strong>ducitur,</strong></span> <span class='ocrx_word' id='word_1_783' title='bbox 2644 4269 2771 4339; x_wconf 89' lang='lat' dir='ltr'><strong>quia</strong></span> <span class='ocrx_word' id='word_1_784' title='bbox 2789 4268 2857 4324; x_wconf 91' lang='lat' dir='ltr'><strong>de</strong></span> <span class='ocrx_word' id='word_1_785' title='bbox 2884 4268 3137 4340; x_wconf 82' lang='lat' dir='ltr'><strong>largitate</strong></span> <span class='ocrx_word' id='word_1_786' title='bbox 3193 4268 3489 4337; x_wconf 86' lang='lat' dir='ltr'><strong>spiritualis</strong></span> <span class='ocrx_word' id='word_1_787' title='bbox 3530 4272 3768 4328; x_wconf 88' lang='lat' dir='ltr'><strong>muneris</strong></span> 
     </span>
    </p>
   </div>
   <div class='ocr_carea' id='block_1_103' title="bbox 2166 4352 3765 4426">
    <p class='ocr_par' dir='ltr' id='par_1_103' title="bbox 2166 4352 3765 4426">
     <span class='ocr_line' id='line_1_103' title="bbox 2166 4352 3765 4426; baseline 0.003 -19"><span class='ocrx_word' id='word_1_788' title='bbox 2166 4354 2370 4426; x_wconf 87' lang='lat' dir='ltr'><strong>gratias</strong></span> <span class='ocrx_word' id='word_1_789' title='bbox 2396 4353 2597 4408; x_wconf 82' lang='lat' dir='ltr'><strong>referre</strong></span> <span class='ocrx_word' id='word_1_790' title='bbox 2625 4353 2886 4409; x_wconf 91' lang='lat' dir='ltr'><strong>debemus</strong></span> <span class='ocrx_word' id='word_1_791' title='bbox 2905 4368 3131 4408; x_wconf 89' lang='lat' dir='ltr'><strong>summae</strong></span> <span class='ocrx_word' id='word_1_792' title='bbox 3160 4352 3430 4407; x_wconf 85' lang='lat' dir='ltr'><strong>Trinitati.</strong></span> <span class='ocrx_word' id='word_1_793' title='bbox 3465 4353 3545 4408; x_wconf 92' lang='lat' dir='ltr'><strong>De</strong></span> <span class='ocrx_word' id='word_1_794' title='bbox 3566 4354 3765 4424; x_wconf 86' lang='lat' dir='ltr'><strong>quibus</strong></span> 
     </span>
    </p>
   </div>
   <div class='ocr_carea' id='block_1_104' title="bbox 2087 4436 3762 4515">
    <p class='ocr_par' dir='ltr' id='par_1_104' title="bbox 2087 4436 3762 4515">
     <span class='ocr_line' id='line_1_104' title="bbox 2087 4436 3762 4515; baseline 0.002 -23"><span class='ocrx_word' id='word_1_795' title='bbox 2087 4455 2139 4515; x_wconf 86' lang='lat' dir='ltr'><strong>D</strong></span> <span class='ocrx_word' id='word_1_796' title='bbox 2170 4438 2353 4493; x_wconf 89' lang='lat' dir='ltr'><strong>vitulis</strong></span> <span class='ocrx_word' id='word_1_797' title='bbox 2369 4437 2660 4493; x_wconf 89' lang='lat' dir='ltr'><strong>Dominum</strong></span> <span class='ocrx_word' id='word_1_798' title='bbox 2690 4438 2981 4494; x_wconf 85' lang='lat' dir='ltr'><strong>obsecrans</strong></span> <span class='ocrx_word' id='word_1_799' title='bbox 3015 4437 3283 4507; x_wconf 87' lang='lat' dir='ltr'><strong>propheta</strong></span> <span class='ocrx_word' id='word_1_800' title='bbox 3317 4436 3449 4492; x_wconf 89' lang='lat' dir='ltr'><strong>dicit</strong></span> <span class='ocrx_word' id='word_1_801' title='bbox 3480 4455 3493 4491; x_wconf 73' lang='grc' dir='ltr'>ε</span> <span class='ocrx_word' id='word_1_802' title='bbox 3526 4438 3762 4496; x_wconf 83' lang='lat' dir='ltr'><strong>Omnem</strong></span> 
     </span>
    </p>
   </div>
   <div class='ocr_carea' id='block_1_105' title="bbox 2168 4520 3759 4593">
    <p class='ocr_par' dir='ltr' id='par_1_105' title="bbox 2168 4520 3759 4593">
     <span class='ocr_line' id='line_1_105' title="bbox 2168 4520 3759 4593; baseline 0.002 -16"><span class='ocrx_word' id='word_1_803' title='bbox 2168 4524 2336 4593; x_wconf 78' lang='lat' dir='ltr'><strong>aufer</strong></span> <span class='ocrx_word' id='word_1_804' title='bbox 2354 4523 2742 4592; x_wconf 79' lang='lat' dir='ltr'><strong>iniquitatem,</strong></span> <span class='ocrx_word' id='word_1_805' title='bbox 2762 4527 2820 4577; x_wconf 87' lang='lat' dir='ltr'><strong>et</strong></span> <span class='ocrx_word' id='word_1_806' title='bbox 2833 4522 3022 4592; x_wconf 82' lang='lat' dir='ltr'><strong>accipe</strong></span> <span class='ocrx_word' id='word_1_807' title='bbox 3042 4521 3268 4587; x_wconf 83' lang='lat' dir='ltr'><strong>bonum,</strong></span> <span class='ocrx_word' id='word_1_808' title='bbox 3284 4524 3340 4576; x_wconf 89' lang='lat' dir='ltr'><strong>et</strong></span> <span class='ocrx_word' id='word_1_809' title='bbox 3362 4520 3657 4578; x_wconf 82' lang='lat' dir='ltr'><strong>reddemus</strong></span> <span class='ocrx_word' id='word_1_810' title='bbox 3669 4526 3759 4581; x_wconf 83' lang='lat' dir='ltr'><strong>vi-</strong></span> 
     </span>
    </p>
   </div>
   <div class='ocr_carea' id='block_1_106' title="bbox 2172 4603 3752 4673">
    <p class='ocr_par' dir='ltr' id='par_1_106' title="bbox 2172 4603 3752 4673">
     <span class='ocr_line' id='line_1_106' title="bbox 2172 4603 3752 4673; baseline -0.003 -11"><span class='ocrx_word' id='word_1_811' title='bbox 2172 4607 2317 4664; x_wconf 83' lang='lat' dir='ltr'><strong>tulos</strong></span> <span class='ocrx_word' id='word_1_812' title='bbox 2351 4606 2625 4661; x_wconf 84' lang='lat' dir='ltr'><strong>Iabiorum</strong></span> <span class='ocrx_word' id='word_1_813' title='bbox 2642 4610 2961 4662; x_wconf 84' lang='lat' dir='ltr'><strong>nostrorum</strong></span> <span class='ocrx_word' id='word_1_814' title='bbox 2990 4603 3161 4673; x_wconf 84' lang='lat' dir='ltr'><strong>(Osee.</strong></span> <span class='ocrx_word' id='word_1_815' title='bbox 3184 4619 3297 4670; x_wconf 78' lang='lat' dir='ltr'><strong>xiv,</strong></span> <span class='ocrx_word' id='word_1_816' title='bbox 3311 4603 3559 4673; x_wconf 85' lang='lat' dir='ltr'><strong>3).Quasi</strong></span> <span class='ocrx_word' id='word_1_817' title='bbox 3575 4605 3752 4661; x_wconf 88' lang='lat' dir='ltr'><strong>dicat:</strong></span> 
     </span>
    </p>
   </div>
   <div class='ocr_carea' id='block_1_107' title="bbox 2171 4687 3759 4762">
    <p class='ocr_par' dir='ltr' id='par_1_107' title="bbox 2171 4687 3759 4762">
     <span class='ocr_line' id='line_1_107' title="bbox 2171 4687 3759 4762; baseline 0 -18"><span class='ocrx_word' id='word_1_818' title='bbox 2171 4691 2271 4745; x_wconf 90' lang='lat' dir='ltr'><strong>Pro</strong></span> <span class='ocrx_word' id='word_1_819' title='bbox 2300 4689 2549 4762; x_wconf 86' lang='lat' dir='ltr'><strong>largitate</strong></span> <span class='ocrx_word' id='word_1_820' title='bbox 2578 4706 2839 4745; x_wconf 90' lang='lat' dir='ltr'><strong>munerun</strong></span> <span class='ocrx_word' id='word_1_821' title='bbox 2852 4688 3140 4744; x_wconf 89' lang='lat' dir='ltr'><strong>reddemus</strong></span> <span class='ocrx_word' id='word_1_822' title='bbox 3167 4687 3432 4745; x_wconf 82' lang='lat' dir='ltr'><strong>sacriﬁcia</strong></span> <span class='ocrx_word' id='word_1_823' title='bbox 3445 4689 3641 4759; x_wconf 88' lang='lat' dir='ltr'><strong>laudis,</strong></span> <span class='ocrx_word' id='word_1_824' title='bbox 3658 4705 3759 4760; x_wconf 88' lang='lat' dir='ltr'><strong>per</strong></span> 
     </span>
    </p>
   </div>
   <div class='ocr_carea' id='block_1_108' title="bbox 2168 4775 3755 4848">
    <p class='ocr_par' dir='ltr' id='par_1_108' title="bbox 2168 4775 3755 4848">
     <span class='ocr_line' id='line_1_108' title="bbox 2168 4775 3755 4848; baseline -0.003 -13"><span class='ocrx_word' id='word_1_825' title='bbox 2168 4778 2487 4848; x_wconf 88' lang='lat' dir='ltr'><strong>obsequium</strong></span> <span class='ocrx_word' id='word_1_826' title='bbox 2524 4778 2812 4833; x_wconf 89' lang='lat' dir='ltr'><strong>labiorum.</strong></span> <span class='ocrx_word' id='word_1_827' title='bbox 2852 4779 2964 4845; x_wconf 79' lang='lat'><strong>40</strong></span> <span class='ocrx_word' id='word_1_828' title='bbox 2995 4780 3056 4832; x_wconf 91' lang='lat' dir='ltr'><strong>In</strong></span> <span class='ocrx_word' id='word_1_829' title='bbox 3097 4775 3320 4833; x_wconf 90' lang='lat' dir='ltr'><strong>domum</strong></span> <span class='ocrx_word' id='word_1_830' title='bbox 3359 4793 3488 4833; x_wconf 89' lang='lat' dir='ltr'><strong>vero</strong></span> <span class='ocrx_word' id='word_1_831' title='bbox 3537 4776 3755 4834; x_wconf 88' lang='lat' dir='ltr'><strong>Domini</strong></span> 
     </span>
    </p>
   </div>
   <div class='ocr_carea' id='block_1_109' title="bbox 2165 4864 3762 4940">
    <p class='ocr_par' dir='ltr' id='par_1_109' title="bbox 2165 4864 3762 4940">
     <span class='ocr_line' id='line_1_109' title="bbox 2165 4864 3762 4940; baseline -0.001 -19"><span class='ocrx_word' id='word_1_832' title='bbox 2165 4882 2302 4937; x_wconf 89' lang='lat' dir='ltr'><strong>puer</strong></span> <span class='ocrx_word' id='word_1_833' title='bbox 2315 4865 2618 4922; x_wconf 80' lang='lat' dir='ltr'><strong>oﬁ&#39;erendus</strong></span> <span class='ocrx_word' id='word_1_834' title='bbox 2631 4864 2936 4940; x_wconf 77' lang='lat' dir='ltr'><strong>adducitur,</strong></span> <span class='ocrx_word' id='word_1_835' title='bbox 2954 4881 3079 4920; x_wconf 89' lang='lat' dir='ltr'><strong>cum</strong></span> <span class='ocrx_word' id='word_1_836' title='bbox 3098 4881 3263 4923; x_wconf 68' lang='lat' dir='ltr'><strong>sacra</strong></span> <span class='ocrx_word' id='word_1_837' title='bbox 3279 4865 3473 4921; x_wconf 89' lang='lat' dir='ltr'><strong>mentis</strong></span> <span class='ocrx_word' id='word_1_838' title='bbox 3486 4866 3762 4937; x_wconf 84' lang='lat' dir='ltr'><strong>profectus</strong></span> 
     </span>
    </p>
   </div>
   <div class='ocr_carea' id='block_1_110' title="bbox 2167 4948 3761 5015">
    <p class='ocr_par' dir='ltr' id='par_1_110' title="bbox 2167 4948 3761 5015">
     <span class='ocr_line' id='line_1_110' title="bbox 2167 4948 3761 5015; baseline -0.001 -10"><span class='ocrx_word' id='word_1_839' title='bbox 2167 4960 2367 5006; x_wconf 65' lang='lat' dir='ltr'><strong>sanctae</strong></span> <span class='ocrx_word' id='word_1_840' title='bbox 2385 4950 2644 5005; x_wconf 66' lang='lat' dir='ltr'><strong>Ecclesiae</strong></span> <span class='ocrx_word' id='word_1_841' title='bbox 2680 4948 2991 5004; x_wconf 89' lang='lat' dir='ltr'><strong>doctoribus</strong></span> <span class='ocrx_word' id='word_1_842' title='bbox 3018 4949 3306 5015; x_wconf 78' lang='lat' dir='ltr'><strong>reveletur,</strong></span> <span class='ocrx_word' id='word_1_843' title='bbox 3339 4957 3397 5004; x_wconf 91' lang='lat' dir='ltr'><strong>ut</strong></span> <span class='ocrx_word' id='word_1_844' title='bbox 3422 4949 3553 5003; x_wconf 91' lang='lat' dir='ltr'><strong>dum</strong></span> <span class='ocrx_word' id='word_1_845' title='bbox 3583 4949 3761 5006; x_wconf 88' lang='lat' dir='ltr'><strong>colla-</strong></span> 
     </span>
    </p>
   </div>
   <div class='ocr_carea' id='block_1_111' title="bbox 2169 5031 3765 5105">
    <p class='ocr_par' dir='ltr' id='par_1_111' title="bbox 2169 5031 3765 5105">
     <span class='ocr_line' id='line_1_111' title="bbox 2169 5031 3765 5105; baseline 0.003 -21"><span class='ocrx_word' id='word_1_846' title='bbox 2169 5034 2312 5090; x_wconf 90' lang='lat' dir='ltr'><strong>tione</strong></span> <span class='ocrx_word' id='word_1_847' title='bbox 2327 5034 2629 5105; x_wconf 90' lang='lat' dir='ltr'><strong>sapientum</strong></span> <span class='ocrx_word' id='word_1_848' title='bbox 2646 5032 2942 5095; x_wconf 87' lang='lat' dir='ltr'><strong>discutitur,</strong></span> <span class='ocrx_word' id='word_1_849' title='bbox 2964 5031 3153 5087; x_wconf 87' lang='lat' dir='ltr'><strong>fraude</strong></span> <span class='ocrx_word' id='word_1_850' title='bbox 3172 5032 3340 5087; x_wconf 87' lang='lat' dir='ltr'><strong>hostis</strong></span> <span class='ocrx_word' id='word_1_851' title='bbox 3359 5032 3544 5088; x_wconf 91' lang='lat' dir='ltr'><strong>callidi</strong></span> <span class='ocrx_word' id='word_1_852' title='bbox 3561 5048 3765 5103; x_wconf 90' lang='lat' dir='ltr'><strong>nequa-</strong></span> 
     </span>
    </p>
   </div>
   <div class='ocr_carea' id='block_1_112' title="bbox 2172 5115 3767 5189">
    <p class='ocr_par' dir='ltr' id='par_1_112' title="bbox 2172 5115 3767 5189">
     <span class='ocr_line' id='line_1_112' title="bbox 2172 5115 3767 5189; baseline -0.002 -16"><span class='ocrx_word' id='word_1_853' title='bbox 2172 5134 2335 5189; x_wconf 90' lang='lat' dir='ltr'><strong>quam</strong></span> <span class='ocrx_word' id='word_1_854' title='bbox 2363 5117 2678 5173; x_wconf 88' lang='lat' dir='ltr'><strong>maculetur.</strong></span> <span class='ocrx_word' id='word_1_855' title='bbox 2720 5117 2898 5171; x_wconf 87' lang='lat' dir='ltr'><strong>Potest</strong></span> <span class='ocrx_word' id='word_1_856' title='bbox 2934 5123 2987 5170; x_wconf 91' lang='lat' dir='ltr'><strong>et</strong></span> <span class='ocrx_word' id='word_1_857' title='bbox 3020 5115 3213 5171; x_wconf 91' lang='lat' dir='ltr'><strong>domus</strong></span> <span class='ocrx_word' id='word_1_858' title='bbox 3252 5116 3469 5171; x_wconf 90' lang='lat' dir='ltr'><strong>Domini</strong></span> <span class='ocrx_word' id='word_1_859' title='bbox 3508 5124 3767 5172; x_wconf 63' lang='lat' dir='ltr'><strong>mternam</strong></span> 
     </span>
    </p>
   </div>
   <div class='ocr_carea' id='block_1_113' title="bbox 2170 5200 3767 5274">
    <p class='ocr_par' dir='ltr' id='par_1_113' title="bbox 2170 5200 3767 5274">
     <span class='ocr_line' id='line_1_113' title="bbox 2170 5200 3767 5274; baseline -0.002 -17"><span class='ocrx_word' id='word_1_860' title='bbox 2170 5203 2401 5274; x_wconf 86' lang='lat' dir='ltr'><strong>patriam</strong></span> <span class='ocrx_word' id='word_1_861' title='bbox 2428 5201 2732 5274; x_wconf 87' lang='lat' dir='ltr'><strong>designare.</strong></span> <span class='ocrx_word' id='word_1_862' title='bbox 2765 5202 2846 5256; x_wconf 90' lang='lat' dir='ltr'><strong>De</strong></span> <span class='ocrx_word' id='word_1_863' title='bbox 2874 5201 2976 5256; x_wconf 90' lang='lat' dir='ltr'><strong>bac</strong></span> <span class='ocrx_word' id='word_1_864' title='bbox 3020 5200 3221 5272; x_wconf 89' lang='lat' dir='ltr'><strong>quippe</strong></span> <span class='ocrx_word' id='word_1_865' title='bbox 3259 5200 3544 5256; x_wconf 88' lang='lat' dir='ltr'><strong>Psalmista</strong></span> <span class='ocrx_word' id='word_1_866' title='bbox 3581 5200 3767 5255; x_wconf 84' lang='lat' dir='ltr'><strong>exsul-</strong></span> 
     </span>
    </p>
   </div>
   <div class='ocr_carea' id='block_1_114' title="bbox 2172 5284 3764 5358">
    <p class='ocr_par' dir='ltr' id='par_1_114' title="bbox 2172 5284 3764 5358">
     <span class='ocr_line' id='line_1_114' title="bbox 2172 5284 3764 5358; baseline -0.002 -16"><span class='ocrx_word' id='word_1_867' title='bbox 2172 5295 2307 5351; x_wconf 85' lang='lat' dir='ltr'><strong>tans,</strong></span> <span class='ocrx_word' id='word_1_868' title='bbox 2327 5286 2458 5342; x_wconf 88' lang='lat' dir='ltr'><strong>dicit</strong></span> <span class='ocrx_word' id='word_1_869' title='bbox 2482 5303 2494 5338; x_wconf 88' lang='lat'><strong>:</strong></span> <span class='ocrx_word' id='word_1_870' title='bbox 2531 5285 2685 5341; x_wconf 83' lang='lat' dir='ltr'><strong>Beati</strong></span> <span class='ocrx_word' id='word_1_871' title='bbox 2705 5287 2798 5358; x_wconf 84' lang='lat' dir='ltr'><strong>qui</strong></span> <span class='ocrx_word' id='word_1_872' title='bbox 2816 5285 3076 5342; x_wconf 80' lang='lat' dir='ltr'><strong>habitant</strong></span> <span class='ocrx_word' id='word_1_873' title='bbox 3089 5285 3153 5340; x_wconf 85' lang='lat' dir='ltr'><strong>in</strong></span> <span class='ocrx_word' id='word_1_874' title='bbox 3182 5284 3342 5341; x_wconf 86' lang='lat' dir='ltr'><strong>domo</strong></span> <span class='ocrx_word' id='word_1_875' title='bbox 3363 5287 3484 5351; x_wconf 87' lang='lat' dir='ltr'><strong>tua,</strong></span> <span class='ocrx_word' id='word_1_876' title='bbox 3510 5285 3764 5350; x_wconf 86' lang='lat' dir='ltr'><strong>Domine,</strong></span> 
     </span>
    </p>
   </div>
   <div class='ocr_carea' id='block_1_115' title="bbox 2170 5368 3763 5439">
    <p class='ocr_par' dir='ltr' id='par_1_115' title="bbox 2170 5368 3763 5439">
     <span class='ocr_line' id='line_1_115' title="bbox 2170 5368 3763 5439; baseline -0.003 -11"><span class='ocrx_word' id='word_1_877' title='bbox 2170 5372 2235 5428; x_wconf 85' lang='lat' dir='ltr'><strong>in</strong></span> <span class='ocrx_word' id='word_1_878' title='bbox 2263 5373 2471 5429; x_wconf 71' lang='lat' dir='ltr'><strong>scecula</strong></span> <span class='ocrx_word' id='word_1_879' title='bbox 2511 5372 2850 5428; x_wconf 68' lang='lat' dir='ltr'><strong>saeculorum</strong></span> <span class='ocrx_word' id='word_1_880' title='bbox 2879 5370 3193 5428; x_wconf 84' lang='lat' dir='ltr'><strong>laudabunt</strong></span> <span class='ocrx_word' id='word_1_881' title='bbox 3231 5376 3285 5427; x_wconf 84' lang='lat' dir='ltr'><strong>te</strong></span> <span class='ocrx_word' id='word_1_882' title='bbox 3323 5368 3500 5439; x_wconf 81' lang='lat' dir='ltr'><strong>(Psal.</strong></span> <span class='ocrx_word' id='word_1_883' title='bbox 3533 5385 3763 5437; x_wconf 70' lang='lat' dir='ltr'><strong>LXXXIII,</strong></span> 
     </span>
    </p>
   </div>
   <div class='ocr_carea' id='block_1_116' title="bbox 2246 5555 3257 5628">
    <p class='ocr_par' dir='ltr' id='par_1_116' title="bbox 2246 5555 3257 5628">
     <span class='ocr_line' id='line_1_116' title="bbox 2246 5555 3257 5628; baseline -0.004 -14"><span class='ocrx_word' id='word_1_884' title='bbox 2246 5559 2323 5628; x_wconf 77' lang='grc' dir='ltr'><strong>(ὁ)</strong></span> <span class='ocrx_word' id='word_1_885' title='bbox 2349 5556 2544 5624; x_wconf 83' lang='lat' dir='ltr'><strong>Vatic.,</strong></span> <span class='ocrx_word' id='word_1_886' title='bbox 2590 5556 2823 5625; x_wconf 78' lang='lat' dir='ltr'><strong>inﬁrma</strong></span> <span class='ocrx_word' id='word_1_887' title='bbox 2855 5571 2972 5615; x_wconf 85' lang='lat' dir='ltr'><strong>non</strong></span> <span class='ocrx_word' id='word_1_888' title='bbox 3004 5555 3257 5627; x_wconf 82' lang='lat' dir='ltr'><strong>deponit.</strong></span> 
     </span>
    </p>
   </div>
  </div>
