4062 6182
276 232 334 288 61
1106 239 1182 295 ΙΝ
1217 237 1489 296 PRIMUM
1526 236 1789 295 REGUM
1826 240 1840 294 l

1949 238 2365 300 ’OSITIONES.
2402 274 2467 287 -
2508 245 2633 301 LIB.
2670 246 2711 301 Ι.
3488 254 3560 310 62

267 358 338 427 5).
348 359 409 413 In
427 358 645 415 domum
662 361 877 419 Domini
892 362 1340 435 pueradducitur,

271 446 320 502 in
338 447 442 502 alta
458 450 838 520 sustollitur,et
868 452 938 509 de
973 454 1119 508 omni
1152 453 1297 525 quod
1334 454 1686 525 spiritualiter
1710 470 1846 526 pro-

272 534 370 592 ﬁcit
391 539 741 609 omnipotenti
773 542 889 598 Deo
925 545 1130 615 gratias
1170 544 1371 600 referre
1412 546 1627 616 satagit,
1659 561 1691 599 a
1738 559 1845 615 quo

269 625 532 697 profectus
558 628 636 681 sui
667 629 771 684 sibi
794 632 1043 702 impensa
1072 651 1295 690 munera
1317 637 1678 708 recognoscit.
1704 637 1843 692 Bene

268 722 435 769 autem
458 732 593 770 unus
621 717 823 774 vitulus
850 720 1177 791 immolatur,
1206 739 1329 779 cum
1361 733 1468 780 tres
1494 725 1658 780 delati
1706 724 1843 780 refe-

268 810 455 871 rantur,
487 804 615 875 quia
664 808 763 861 etsi
820 825 1171 878 personarum
1228 813 1462 867 Trinitas
1503 812 1843 869 confessione

265 888 491 946 ﬁdelium
521 891 575 946 in
602 893 803 950 divinis
828 897 1080 953 laudibus
1108 901 1334 969 canitur,
1366 902 1679 957 earumdem
1710 918 1841 972 per-

264 993 501 1035 sonamm
529 980 910 1053 inseparabilis
934 988 1111 1042 unitas
1137 990 1483 1059 pradicatur.
1513 991 1621 1046 Sed
1637 992 1838 1062 qualis,

262 1075 345 1121 aut
369 1078 568 1138 quanta
596 1071 665 1126 sit
693 1073 831 1142 laus,
863 1076 907 1129 si
932 1075 1128 1132 devota
1173 1093 1281 1133 non
1328 1080 1444 1135 sit?
1473 1082 1611 1150 Apte
1657 1082 1839 1152 itaque

263 1155 417 1211 tribus
442 1158 628 1215 vitulis
656 1160 881 1218 totidem
910 1163 1099 1221 farina
1129 1167 1295 1223 modii
1325 1169 1741 1241 conjunguntur,
1779 1179 1839 1226 ut

260 1241 326 1298 de
349 1258 411 1299 eo
439 1246 587 1315 quod
616 1247 673 1302 in
702 1248 802 1304 Dei
832 1251 1083 1308 laudibus
1104 1270 1196 1310 ore
1220 1254 1450 1312 dicimus
1480 1273 1578 1328 per
1589 1256 1839 1314 devotio-

259 1349 371 1421 nem
399 1334 676 1390 satiemur.
708 1338 851 1393 Nam
879 1341 994 1396 sine
1022 1341 1195 1398 farina
1222 1344 1449 1400 vitulum
1479 1346 1651 1416 offert,
1676 1349 1766 1421 qui
1785 1350 1837 1404 in

257 1419 347 1476 Dei
371 1421 621 1478 laudibus
647 1426 817 1482 verba
846 1429 1062 1500 quidem
1089 1431 1220 1500 edit,
1252 1434 1345 1489 sed
1378 1444 1553 1491 mente
1582 1419 1725 1509 vaga
1767 1438 1835 1492 ad

256 1524 314 1564 ea
337 1526 453 1581 qua
484 1511 731 1583 loquitur
752 1532 861 1570 non
888 1517 1132 1574 intendit.
1167 1522 1275 1577 Sed
1306 1524 1348 1577 si
1379 1524 1546 1579 verba
1586 1525 1679 1581 Dei
1712 1527 1835 1581 lau-

255 1595 436 1667 dando,
480 1602 572 1656 vel
622 1604 850 1673 orando,
898 1607 1232 1676 proferentes
1278 1611 1670 1682 hilarescimus,
1703 1615 1834 1669 dum

253 1684 614 1782 intelligentia
644 1693 935 1752 miscemus
951 1698 1234 1769 gaudium,
1268 1702 1412 1756 illius
1438 1704 1547 1757 vini
1575 1705 1718 1774 quod
1743 1706 1837 1760 la-
1862 1718 1919 1782 Β

253 1771 403 1830 tiﬁcat
424 1792 522 1833 cor
550 1779 793 1838 hominis
820 1786 1140 1856 amphoram
1169 1789 1359 1845 farina
1391 1771 1683 1848 sociemus.
1726 1794 1841 1850 Hoc

250 1864 472 1931 profecto
501 1868 766 1937 insinuat,
800 1875 891 1942 qui
918 1884 1179 1945 exoptans
1224 1879 1299 1934 ait
1334 1897 1347 1934 :
1381 1882 1687 1937 Benedicat
1735 1899 1841 1939 nos

251 1948 561 2019 Dammae
572 1963 772 2016 noster
782 1960 1075 2020 benedicat
1084 1982 1185 2023 nos
1194 1968 1423 2035 Deus,et
1433 1974 1698 2026 metuant
1711 1987 1839 2028 eum

251 2058 426 2100 omnes
462 2046 617 2112 fines
662 2052 833 2106 terra:
858 2052 1032 2119 (Psal.
1056 2069 1202 2123 var,
1226 2056 1277 2124 7,
1322 2058 1397 2126 8).
1423 2056 1588 2126 Quasi
1622 2067 1727 2114 tres
1753 2060 1841 2115 vi-

252 2132 374 2187 talos
424 2135 493 2188 ad
556 2136 969 2194 tabernaculum
1018 2142 1188 2211 duxit,
1241 2145 1329 2215 qui
1366 2146 1540 2201 Deum
1588 2148 1836 2217 laudans,

249 2219 527 2278 divinitatis
560 2225 686 2295 ejus
714 2243 912 2283 nomen
952 2233 1264 2301 repetendo,
1298 2250 1652 2303 personarum
1707 2253 1842 2307 pro-

247 2309 485 2377 prietates
513 2316 802 2384 exposuit.
836 2317 949 2373 Sed
988 2335 1109 2374 cum
1156 2327 1439 2393 metuant,
1464 2340 1572 2379 non
1599 2341 1711 2393 eos,
1743 2328 1841 2381 sed

247 2412 360 2455 cum
391 2400 549 2471 dixit,
586 2405 835 2473 profecto
866 2409 953 2478 qui
1001 2416 1106 2464 tres
1150 2411 1375 2467 adduxit
1419 2413 1619 2469 vitulos
1673 2431 1839 2469 unum

245 2486 555 2546 immolavit.
594 2492 665 2548 Et
691 2495 817 2565 quia
848 2497 1077 2552 farinam
1108 2498 1312 2568 vitulis,
1347 2508 1399 2555 et
1440 2502 1628 2557 farina
1648 2503 1835 2558 vinum

247 2576 463 2647 miscuit,
495 2582 790 2653 gloriatur,
824 2584 1044 2641 dicens:
1094 2586 1182 2643 Ad
1202 2590 1387 2662 ipsum
1421 2607 1515 2646 ore
1557 2607 1679 2647 meo
1714 2594 1840 2649 ela-

242 2670 399 2733 mavi,
431 2673 487 2725 et
517 2673 816 2728 exsultan
831 2675 933 2730 sub
950 2671 1152 2747 lingua
1179 2693 1310 2732 mea
1356 2680 1532 2749 (Psal.
1564 2695 1691 2749 va,
1725 2682 1835 2751 17).

244 2754 371 2809 Dum
399 2758 543 2812 enim
578 2759 857 2831 clamavit,
888 2765 1042 2834 quasi
1073 2766 1141 2820 ad
1171 2766 1564 2823 immolandum
1590 2769 1838 2825 sacrificii

245 2842 456 2899 vitulum
482 2847 666 2916 duxit,
690 2850 784 2903 sed
814 2851 912 2905 sub
943 2852 1126 2925 lingua
1156 2871 1255 2910 sua
1284 2858 1555 2913 exsultare
1580 2874 1686 2913 non
1704 2874 1839 2928 pos-

245 2939 336 2999 set,
383 2934 425 2988 si
468 2936 588 2990 alta
635 2938 813 3007 precis
848 2957 959 2995 sua
1006 2943 1172 2998 verba
1201 2960 1309 2999 non
1328 2946 1669 3018 intelligeret.
1704 2948 1837 3003 Cum

245 3021 482 3131 plamavit
504 3041 674 3131 ergo,
706 3026 1101 3101 intellexitqua
1131 3034 1407 3102 clamavit,
1442 3043 1493 3090 et
1520 3051 1640 3090 cum
1659 3037 1838 3091 exsul-
1867 3066 1918 3131 α

244 3110 360 3165 tavit
386 3112 439 3166 in
467 3113 756 3171 oblatione
781 3119 1163 3189 omnipotentis
1191 3122 1312 3191 Dei,
1369 3139 1477 3178 non
1506 3124 1681 3179 solum
1706 3128 1839 3180 vitu-

242 3196 339 3252 lum
366 3202 580 3273 habuit,
614 3204 712 3259 sed
739 3207 903 3261 etiam
928 3209 1114 3266 farina
1139 3213 1369 3283 modios,
1417 3223 1469 3269 et
1516 3212 1833 3286 amphoram

241 3287 357 3378 vini.
388 3290 565 3360 Igitur
604 3293 822 3363 vitulus,
874 3296 1047 3352 farina
1087 3307 1140 3355 et
1176 3301 1383 3371 vinum,
1430 3305 1546 3359 laus
1590 3314 1671 3360 est
1714 3307 1832 3378 Dei,

242 3373 525 3435 intellectus
548 3380 753 3451 laudis,
785 3391 838 3440 et
866 3384 1054 3442 latitia
1084 3389 1294 3446 devota
1314 3394 1641 3449 mentis.Cur
1657 3373 1835 3451 autem

241 3466 451 3560 modius-
490 3477 545 3523 et
602 3472 867 3540 amphora
908 3474 964 3529 in
993 3477 1091 3531 Dei
1148 3478 1424 3536 oblatione
1469 3483 1833 3555 nominantur,

242 3565 489 3643 nisiqquia
539 3572 782 3614 mesura
834 3569 955 3615 sunt
997 3565 1262 3620 nomina?
1322 3569 1436 3624 Hoc
1491 3570 1654 3625 etiam
1708 3572 1837 3643 quid

243 3640 588 3708 spiritualiter
632 3645 833 3703 indicet
865 3649 1059 3706 Paulus
1098 3655 1338 3724 exponit,
1387 3657 1606 3714 dicens:
1664 3640 1839 3718 Urius-

470 3736 777 3805 proprium
793 3737 999 3796 donum
1016 3741 1179 3798 habet
1202 3760 1276 3799 ea:
1294 3747 1417 3816 Deo,
1438 3764 1589 3806 unus
1614 3752 1836 3824 quidem

246 3816 314 3871 sic
339 3821 490 3877 alim
506 3825 802 3895 verosicU
819 3827 947 3885 Cor.
985 3845 1081 3900 vn,
1114 3832 1187 3900 7).
1220 3833 1357 3889 Hinc
1403 3816 1635 3892 Veritas-
1664 3840 1831 3897 dicit:

244 3906 548 3968 lemurum
579 3912 801 3983 bonam,
822 3922 1290 3991 etcon/ertam,et
1305 3926 1728 3998 coagitatam,et
1748 3947 1840 3987 su-

241 4001 669 4087 pera/ﬂuentem
684 4005 898 4063 dabunt
908 4008 973 4063 in
984 4010 1175 4066 sinum
1186 4017 1437 4071 vestrum
1449 4015 1605 4086 (Luc.
1616 4034 1690 4087 vr,
1722 4019 1834 4085 38).

241 4084 375 4143 Hanc
426 4091 597 4147 nobis
663 4109 968 4150 mensuram
1035 4101 1308 4156 custodire
1362 4084 1513 4159 sacra
1563 4084 1840 4177 Scriptura

246 4181 510 4250 pra-cepit,
532 4181 725 4237 dicens
743 4199 758 4236 :
774 4183 846 4252 (b)
862 4184 1046 4258 Supra
1065 4191 1119 4243 te
1132 4203 1274 4246 onus
1299 4207 1372 4247 ne
1413 4194 1699 4250 Ievaveris.
1732 4195 1840 4251 Sed

247 4263 415 4323 electa
444 4270 654 4325 anima
686 4272 846 4329 valde
876 4276 1178 4331 cavendum
1209 4287 1307 4348 est,
1340 4281 1530 4337 uthac
1548 4282 1648 4337 tria
1669 4299 1838 4338 omni-

241 4357 427 4422 potenti
457 4358 582 4414 Deo
616 4360 811 4417 ardore
836 4362 946 4434 pia
976 4366 1279 4422 devotionis
1324 4368 1529 4438 otlerat,
1580 4378 1632 4426 et
1660 4372 1837 4427 studio

245 4444 533 4503 manifesta
568 4449 831 4506 veritatis.
878 4453 1034 4509 Unde
1089 4464 1143 4510 et
1197 4457 1440 4526 ejusdem
1481 4461 1645 4513 Anna
1690 4458 1832 4515 filius

244 4536 495 4591 sacerdoti
528 4537 748 4594 oblatus
793 4541 1065 4596 asseritur.
1128 4542 1286 4611 Quod
1340 4546 1586 4615 profecto
1633 4556 1686 4603 et
1730 4565 1836 4605 nos

244 4622 463 4692 agimus,
497 4626 544 4680 si
571 4643 695 4682 cum
726 4628 780 4682 in
809 4636 992 4684 sancta
1043 4633 1450 4689 conversatione
1499 4633 1831 4705 proﬁcimus,

247 4725 359 4797 cum
388 4713 639 4769 fecundis
682 4716 795 4786 jam
828 4717 1095 4774 mentibus
1146 4720 1471 4790 spiritalium
1512 4725 1836 4797 gaudiorum

244 4796 464 4855 fructum
494 4803 841 4875 proferimus,
874 4805 945 4861 ad
971 4807 1319 4877 pralatorum
1355 4796 1656 4869 nostrorum
1714 4830 1836 4869 exa-

248 4901 361 4942 men
391 4890 644 4945 ducimus
674 4907 834 4949 omne
865 4895 1009 4965 quod
1038 4895 1092 4949 in
1121 4897 1278 4953 nobis
1323 4915 1390 4954 ex
1418 4918 1649 4971 superna
1698 4919 1834 4959 con-

251 4977 592 5046 templatione
619 4991 924 5053 generatur.
952 4982 1019 5038 Et
1049 4985 1175 5054 quia
1204 4986 1358 5041 electi
1389 4989 1485 5043 viri
1532 4990 1667 5045 inter
1696 4993 1839 5047 dona

255 5061 496 5122 sublimia
525 5068 845 5125 humilitatis
872 5087 983 5127 sua
1027 5071 1233 5128 bonum
1290 5091 1397 5131 non
1446 5076 1717 5149 deserunt,
1761 5096 1840 5136 se-

249 5152 414 5218 quitur
451 5173 465 5209 :

319 5260 489 5327 (νει-δ.
524 5262 642 5333 28.)
672 5264 741 5320 Et
769 5265 1147 5326 adoraverunt
1177 5269 1254 5326 ibi
1282 5272 1605 5328 Dominum.

315 5357 397 5410 18.
434 5358 496 5413 1n
522 5359 688 5418 domo
724 5361 958 5420 Domino
1007 5365 1303 5423 Dominum
1357 5369 1603 5439 adorant,
1636 5369 1726 5441 qui
1785 5379 1841 5428 et

414 5534 482 5616 ἰκιξ
505 5534 696 5616 .G‘ilot._
710 5540 863 5597 deest
889 5544 1201 5616 proprium.

316 5560 394 5603 ιη)
421 5560 482 5590 ιιι
505 5560 863 5621 ,υιιυικαεεει
889 5560 1201 5673 magum.

316 5603 387 5675 (ὁ)
414 5604 519 5661 Ubi
551 5607 737 5667 hacin
766 5620 951 5672 sancta
1080 5613 1539 5690 pturaYFortasse
1559 5618 1831 5679 Ecclesia-

1879 363 1933 425 Α
1960 394 2064 461 41
2102 406 2212 463 alta
2241 415 2417 463 mente
2444 405 2497 462 in
2528 424 2772 478 superna
2810 408 2999 477 patria
3043 407 3552 480 contemplationem

1953 514 2013 554 se
2044 499 2274 566 elevant,
2316 498 2410 552 sed
2457 513 2556 568 per
2600 495 2957 551 humilitatem
3003 497 3377 568 omnipotenti.
3436 499 3551 553 Deo

1953 585 2380 652 substernuntur,
2412 594 2464 638 et
2496 583 2641 638 omni
2673 586 2836 638 corde
2858 584 2913 637 in
2942 584 3135 639 virtute
3165 585 3395 655 Spiritus
3442 593 3549 640 tam

1952 673 2253 728 sublimiter
2280 674 2575 728 elevantur.
2610 673 2739 727 Hac
2769 688 2876 727 non
2911 689 2973 727 ex
3006 672 3213 740 ordine,
3265 675 3360 728 sed
3404 689 3552 729 sum-

1954 762 2143 816 matim
2185 763 2254 817 ad
2298 762 2600 829 historiam,
2662 761 2867 815 siveam
2923 761 3091 815 ralem
3139 762 3548 833 intelligentiam

1951 851 2272 921 exponendo
2302 850 2733 921 perstrinximus,
2765 857 2823 903 ut
2852 849 3018 903 verba
3049 850 3309 919 spiritalis
3356 852 3546 906 cantici

1950 949 2096 1018 quod
2143 948 2486 1018 subsequitur
2540 947 2837 1002 secundum
2892 946 3151 1001 moralem
3212 946 3551 1020 typicamquc

1948 1036 2385 1107 explanationem
2416 1036 2581 1106 paulo
2612 1035 2771 1089 latius
2796 1034 3139 1089 indahemus.

2563 1124 2789 1181 CAPUT
2823 1124 2915 1178 Ill.

2020 1213 2094 1286 (II
2125 1214 2260 1285 Reg.
2290 1229 2351 1282 ιι,
2387 1216 2461 1283 1.)
2491 1213 2558 1267 Et
2589 1214 2773 1268 oravit
2804 1213 2989 1280 Anna,
3022 1216 3077 1269 et
3107 1213 3193 1270 ait
3220 1232 3237 1269 :
3269 1214 3549 1270 Exsulta-

1949 1304 2029 1359 vit
2060 1318 2156 1358 cor
2184 1318 2368 1359 meum
2399 1303 2463 1358 in
2492 1303 2755 1359 Domino.

2019 1393 2070 1444 1.
2104 1392 2162 1444 In
2192 1392 2366 1445 Anna
2384 1408 2615 1461 persona
2644 1400 2843 1446 sancta
2874 1390 3129 1445 Ecclesia
3168 1399 3351 1462 typum
3385 1392 3551 1448 latere

1940 1479 2055 1548 jam
2088 1480 2440 1535 ostendimus.
2476 1478 2608 1548 Quae
2630 1480 2904 1547 nimirum,
2945 1487 3069 1535 nato
3094 1480 3207 1548 jam
3254 1496 3444 1549 puero,
3494 1481 3549 1536 in

1949 1568 2184 1624 Domino
2215 1570 2487 1624 exsultare
2518 1585 2573 1624 se
2602 1569 2868 1639 perhibet,
2902 1569 3027 1640 quia
3057 1570 3124 1625 de
3155 1586 3219 1625 eo
3276 1569 3422 1640 quod
3478 1571 3547 1626 ad

1950 1654 2116 1711 tidem
2144 1657 2520 1727 Redemptoris
2546 1658 2803 1729 gentilem
2817 1658 3081 1730 populum
3098 1659 3255 1714 traxit
3284 1674 3421 1713 vane
3440 1673 3547 1713 non

1952 1746 2162 1813 tumuit,
2195 1748 2288 1801 sed
2319 1746 2374 1800 in
2403 1764 2468 1803 eo
2502 1747 2702 1802 latitia
2746 1764 2856 1802 sua
2887 1747 3235 1802 intentionem
3282 1747 3466 1815 tenuit,
3516 1763 3548 1801 a

1949 1849 2055 1903 quo
2094 1835 2436 1890 fecunditatis
2465 1852 2575 1890 sua
2606 1837 2747 1890 dona
2778 1836 3029 1905 suscepit.
3063 1834 3545 1904 Quibusniminum

1948 1920 2129 1977 verbis
2157 1923 2239 1977 sic
2268 1923 2468 1979 latitia
2499 1940 2612 1979 sua
2643 1923 2806 1979 situm
2835 1924 3055 1992 indicat,
3083 1931 3139 1979 ut
3168 1939 3384 1978 causam
3402 1922 3547 1993 pari-

1948 2019 2029 2065 ter
2072 2012 2447 2067 exsultationis
2477 2013 2722 2083 ejusdem
2766 2013 3031 2067 ostendat.
3069 2012 3277 2067 Sterilis
3324 2012 3543 2083 quidem

1946 2099 2112 2167 ﬂevit,
2142 2100 2358 2169 pariens
2385 2101 2690 2168 exsultavit,
2746 2110 2801 2155 ut
2830 2110 3028 2156 sancta
3056 2101 3315 2156 Ecclesia
3372 2117 3548 2157 mores

1944 2189 2309 2259 portenderet,
2344 2206 2463 2259 qua
2493 2205 2552 2244 se
2580 2190 2634 2243 in
2664 2191 2802 2244 hanc
2855 2189 3053 2243 vallem
3101 2190 3460 2260 lacrymarum
3512 2206 3545 2244 a

1945 2277 2187 2347 paradisi
2216 2276 2431 2347 gaudiis
2454 2278 2752 2347 projectam
2785 2278 2950 2347 dolet,
2982 2278 3077 2333 sed
3133 2293 3232 2348 pro
3271 2278 3546 2333 lucrandis

1949 2364 2238 2420 animabus
2268 2365 2447 2420 exsilii
2479 2366 2556 2420 sui
2587 2382 2858 2421 arumnas
2903 2367 3170 2436 patienter
3197 2365 3439 2421 sustinet.
3482 2368 3544 2420 In

1949 2453 2053 2508 hoc
2083 2462 2287 2508 tantum
2315 2454 2581 2509 exsultare
2610 2455 2908 2523 consuevit,
2941 2454 2984 2509 si
3029 2455 3084 2508 in
3113 2470 3356 2509 aerumna
3404 2463 3544 2509 tem—

1943 2542 2113 2612 poris,
2146 2559 2251 2615 qua
2277 2543 2557 2613 premitur,
2587 2559 2687 2614 per
2723 2542 3067 2599 fecunditatis
3114 2559 3227 2597 sua
3283 2542 3540 2614 gloriam,

1947 2632 2318 2701 multiplicatis
2344 2633 2545 2701 electis,
2572 2632 2806 2687 calcatis
2832 2632 3023 2702 patria
3057 2634 3253 2687 damna
3280 2647 3543 2701 reparen-

1947 2726 2048 2773 tur.
2081 2720 2223 2775 Dicit
2242 2737 2373 2794 ergo
2398 2737 2412 2777 :
2442 2722 2769 2777 Exsultavit
2796 2738 2892 2777 cor
2918 2737 3109 2778 meum
3155 2723 3217 2776 in
3273 2719 3540 2787 Domino,

1951 2808 2078 2879 quia
2109 2810 2313 2864 fructus
2332 2810 2412 2864 sui
2441 2810 2703 2879 propositi
2726 2818 3015 2864 consecuta
3040 2818 3138 2864 est.
3174 2809 3293 2878 Quo
3339 2809 3394 2863 in
3423 2809 3544 2864 loco

1946 2899 2245 2952 notandum
2276 2906 2353 2952 est
2383 2898 2473 2969 qui
2505 2898 2607 2953 hoc
2636 2899 2779 2967 quod
2810 2898 3052 2969 glorians
3078 2898 3314 2967 loquitur
3362 2912 3457 2952 ora
3486 2912 3545 2952 se

1948 2986 2280 3054 perhibetur.
2327 2987 2467 3041 Nam
2511 2987 2853 3056 pramissum
2894 2995 3007 3041 est:
3044 2988 3113 3042 Et
3143 2986 3324 3042 oravit
3356 2986 3540 3051 Anna,

1950 3078 2004 3129 et
2031 3074 2144 3129 ait:
2168 3075 2494 3131 Exsultavit
2516 3092 2610 3131 cor
2624 3091 2813 3131 meum
2842 3076 2906 3130 in
2935 3073 3328 3144 Domino.Qua
3360 3081 3539 3128 autem

1941 3161 2074 3216 nihil
2106 3178 2137 3215 a
2167 3163 2278 3217 Deo
2306 3171 2491 3233 petere
2519 3163 2816 3234 ﬂagitando
2847 3163 3212 3235 cognoscitur,
3244 3179 3341 3217 cur
3356 3177 3543 3217 orasse

1941 3250 2256 3320 perhibetur
2275 3251 2303 3304 ε)
2334 3251 2441 3306 Sed
2472 3252 2597 3323 quia
2626 3252 2732 3308 hoc
2756 3253 2991 3306 futurum
3021 3267 3137 3307 esse
3166 3267 3264 3321 per
3300 3249 3542 3320 prophe-

1943 3338 2031 3394 tia
2062 3339 2312 3411 spiritum
2343 3350 2529 3398 sancta
2566 3342 2759 3396 mulier
2785 3348 3027 3409 noverat,
3060 3348 3113 3395 et
3140 3340 3197 3393 id
3226 3338 3339 3395 ﬁeri
3370 3338 3541 3394 vehe-

1945 3437 2152 3484 menter
2180 3438 2349 3499 optat,
2406 3438 2459 3485 et
2515 3430 2834 3484 exsultando
2898 3429 3152 3500 loquitur,
3204 3435 3257 3481 et
3313 3427 3540 3482 orando.

1943 3516 2270 3572 Exsultabat
2282 3517 2501 3587 quidem
2524 3516 2841 3572 certitudine
2862 3516 3183 3584 futurorum,
3200 3515 3545 3569 vehementer

1947 3614 2210 3675 exoptans
2242 3604 2353 3660 ﬁeri
2385 3605 2531 3676 quod
2552 3614 2777 3661 noverat
2818 3604 3148 3661 revelatione
3196 3603 3540 3659 sacramenti.

1946 3692 2142 3749 Sancta
2171 3710 2385 3764 quoque
2414 3694 2655 3750 Ecclesia
2683 3694 2809 3750 inde
2860 3693 3044 3748 divina
3071 3690 3333 3748 beneﬁcia
3363 3707 3546 3746 aman-

1946 3782 2017 3837 do
2047 3790 2098 3836 et
2126 3782 2435 3839 venerando
2462 3783 2670 3852 recolit,
2702 3783 2963 3854 pradicat
3015 3790 3068 3836 et
3096 3790 3233 3849 orat,
3287 3780 3414 3851 quia
3466 3779 3546 3834 ni-

1947 3871 2143 3925 mirum
2172 3872 2232 3927 id
2268 3872 2401 3926 foris
2430 3871 2699 3943 loquendo
2720 3871 3046 3942 exsequitur,
3064 3871 3213 3942 quod
3242 3869 3382 3923 intus
3407 3866 3544 3923 miro

1946 3959 2220 4016 desiderio
2258 3959 2372 4015 ﬁeri
2403 3960 2569 4030 cupit,
2602 3969 2655 4015 et
2686 3959 2886 4014 factum
2916 3975 3117 4032 magna
3146 3956 3434 4013 devotione
3452 3970 3545 4010 ve-

1946 4055 2183 4102 neratur.
2218 4048 2361 4102 Dicit
2388 4063 2517 4119 ergo
2542 4048 2900 4102 :Exsuttavit
2928 4062 3024 4104 cor
3049 4062 3243 4101 meum
3270 4045 3333 4100 in
3353 4045 3545 4101 Domi-

1944 4152 2036 4200 no,
2069 4136 2195 4206 quia
2227 4150 2449 4189 munera
2477 4151 2597 4205 qua
2650 4135 2722 4189 ad
2775 4142 2991 4190 atema
3049 4133 3251 4189 latitia
3310 4133 3544 4188 fructum

1946 4224 2144 4293 accipit
2172 4224 2243 4278 ad
2272 4222 2569 4293 temporale
2598 4221 2861 4296 gaudium
2889 4237 2999 4278 non
3025 4220 3306 4277 convertit.
3359 4219 3547 4291 Sequi-

1945 4315 2061 4366 tur:

1870 4393 1923 4454 D
2015 4398 2196 4469 (Vers.
2232 4400 2308 4471 1.)
2342 4402 2411 4457 Et
2439 4404 2766 4460 exaltatum
2794 4405 2879 4459 est
2895 4415 3074 4459 cornu
3101 4415 3292 4456 meum
3319 4397 3385 4454 in
3429 4398 3539 4454 Deo

1942 4502 2087 4544 meo.

2010 4579 2045 4633 2
2076 4575 2220 4646 Quid
2251 4586 2328 4633 est
2358 4594 2523 4634 comu
2555 4580 2747 4648 Anna,
2780 4580 2880 4634 nisi
2910 4587 3181 4650 protestas
3211 4586 3412 4635 sancta
3441 4577 3543 4633 Ec-

1942 4665 2124 4721 clesia
2147 4666 2174 4720 εἰ
2205 4665 2364 4735 Quod
2390 4668 2636 4737 profecto
2666 4684 2831 4724 cornu
2861 4676 2983 4723 tunc
3012 4666 3333 4723 mirabiliter
3359 4683 3418 4723 se
3447 4683 3543 4721 ex-

1944 4753 2082 4823 tulit,
2111 4771 2233 4810 cum
2265 4755 2361 4811 Dei
2406 4755 2577 4811 Filius
2619 4771 2717 4827 per
2763 4765 3095 4826 assumptam
3149 4756 3542 4811 humanitatem

1940 4850 2147 4897 natura
2175 4852 2372 4899 nostra
2401 4843 2720 4914 participem
2749 4859 2810 4900 se
2834 4844 2980 4899 fecit.
3006 4846 3069 4899 In
3089 4859 3154 4899 eo
3184 4844 3350 4917 igitur
3377 4859 3544 4900 cornu

1944 4938 2146 4985 sancta
2176 4931 2432 4986 Ecclesia
2456 4932 2748 4987 exaltatum
2778 4939 2879 5002 est,
2910 4932 2966 4987 in
2994 4947 3100 5004 quo
3129 4932 3366 4989 humana
3392 4939 3545 4986 natu-

1944 5034 2005 5073 ra
2026 5017 2147 5088 jam
2174 5019 2425 5089 splendet
2452 5035 2616 5089 supra
2642 5021 2869 5092 angelos
2898 5021 3127 5077 elevata.
3161 5021 3270 5077 Sed
3327 5022 3383 5076 in
3438 5020 3545 5075 hoc

1946 5108 2093 5177 quod
2123 5107 2264 5161 hunc
2292 5108 2465 5163 Deum
2494 5123 2653 5162 suum
2677 5116 2731 5163 et
2748 5109 3039 5165 salutarem
3067 5117 3253 5163 sancta
3303 5106 3544 5162 Ecclesia

1945 5195 2290 5267 singulariter
2317 5195 2528 5263 asserit,
2562 5196 2869 5272 Synagoga
2909 5196 3273 5268 repulsionem
3317 5196 3544 5252 latenter

1948 5284 2200 5339 ostendit.
2242 5285 2303 5338 In
2332 5285 2444 5341 Deo
2474 5284 2641 5358 igitur
2666 5286 2887 5342 salutari
2915 5293 3097 5341 nostro
3117 5284 3417 5340 exaltatum
3457 5293 3542 5341 est

1950 5387 2117 5428 cornu
2146 5380 2408 5444 nostrum,
2441 5373 2568 5445 quia
2596 5374 2899 5429 sublimitas
2929 5371 3321 5430 Ecclesiastica
3354 5381 3539 5447 potes-

1946 5548 2066 5631 stici
2094 5566 2177 5621 xu,
2202 5550 2295 5631 ᾖξε
2327 5566 2434 5623 quo
2448 5551 2591 5631 .loco‘
2612 5550 2865 5631 legimus,
2891 5550 3100 5609 altiora
3156 5556 3211 5610 te
3239 5567 3313 5611 ne
3367 5559 3539 5631 quaesi

1945 5623 2046 5692 ris,
2075 5620 2221 5700 quad
2238 5620 2385 5679 idem
2414 5620 2703 5696 signiﬁcat.
