4062 6182
450 258 519 310 63
1650 254 1896 310 SANCTI
1927 256 2037 312 om

2145 257 2272 314 )th
2301 258 2531 316 MAGNI
2693 329 2697 333 θ
3670 257 3740 312 6t

447 378 572 433 tatis
600 379 654 433 in
701 375 1030 433 humanitate
1071 376 1232 432 nobis
1279 386 1460 434 erecta
1510 388 1591 436 est
1638 380 2035 451 Redemptoris.
2070 378 2125 439 A
2154 382 2369 455 eloquio
2416 383 2681 439 Salutaris
2732 384 2948 439 dicitur.
2994 385 3074 441 De
3117 399 3225 457 quo
3269 382 3432 438 etiam
3493 382 3748 440 Habacuc

445 466 598 522 Unde
626 474 677 520 et
710 466 777 520 de
805 464 997 521 eodem
1030 466 1395 536 Redemptore
1422 484 1521 538 per
1550 471 1868 525 Zachariam
1900 469 2046 525 dici-

450 560 537 607 tur
560 572 572 608 :
599 556 797 610 Ere-xit
816 570 995 610 cornu
1010 554 1214 609 salutis
1232 556 1407 623 nobis,
1425 560 1487 612 in
1507 557 1675 614 domo
1694 559 1868 615 David
1882 559 2049 632 pueri

448 644 558 706 sui.
578 644 726 698 sicut
747 645 970 699 locutus
986 647 1071 701 est
1087 658 1189 714 per
1209 660 1267 700 os
1281 651 1614 703 sanctorum
1631 648 2046 720 prophetarum

448 747 680 787 suorum
707 734 860 801 (Luc.
892 750 931 799 ι,
964 735 1051 801 69,
1083 737 1193 802 '70),
1228 738 1354 806 quia
1376 737 1667 790 exaltatum
1686 752 1854 793 cornu
1890 754 2044 791 suum

450 819 629 886 refert,
684 821 911 876 latenter
955 822 1175 892 indicat,
1227 825 1351 893 quia
1401 833 1523 879 ante
1566 841 1732 880 cornu
1778 826 2045 880 habuerat

449 908 596 978 quod
640 910 930 964 exaltatum
981 928 1087 967 non
1135 921 1267 967 erat.
1315 913 1511 968 Sancta
1551 914 1751 985 quippe
1798 914 2044 971 Ecclesia

450 1004 574 1050 ante
622 998 1000 1069 Redemptoris
1044 1001 1327 1055 adventum
1372 1018 1537 1056 cornu
1585 1002 1790 1071 habuit,
1824 1005 1949 1072 quia
1989 1004 2040 1058 in

450 1085 772 1153 patriarchis
803 1096 853 1143 et
884 1089 1161 1158 prophetis
1190 1098 1301 1144 tam
1333 1099 1475 1146 recte
1506 1094 1613 1159 42
1650 1093 1869 1146 vivendi
1903 1093 2042 1148 ordi-

449 1188 575 1226 nem
608 1191 769 1244 quam
800 1176 1173 1247 delinquentes
1200 1180 1506 1252 corrigendi
1536 1188 1859 1249 potestatem
1894 1181 2040 1235 divi-

452 1262 594 1316 nitus
624 1264 852 1333 accepit.
887 1265 993 1322 Sed
1027 1273 1204 1322 tamen
1250 1282 1413 1323 cornu
1460 1270 1750 1323 exaltatum
1793 1286 1900 1325 non
1941 1270 2041 1324 ha-

452 1349 585 1416 buit,
603 1351 727 1421 quia
748 1353 843 1406 etsi
867 1354 1046 1408 vivere
1071 1354 1210 1423 juste
1244 1365 1473 1425 poterat,
1494 1366 1671 1411 tamen
1706 1358 1776 1412 ad
1803 1358 2039 1413 Paradisi

450 1437 652 1508 gaudia
681 1439 794 1494 sine
824 1440 1195 1512 Redemptoris
1223 1446 1509 1513 praesentia
1540 1445 1713 1500 redire
1743 1463 1847 1501 non
1878 1454 2038 1516 pote-

452 1534 553 1579 rat.
575 1526 730 1581 Nunc
747 1536 925 1583 autem
948 1540 1144 1585 sancta:
1166 1532 1424 1587 Ecclesize
1450 1550 1616 1588 cornu
1641 1535 1931 1589 exaltatum
1960 1543 2040 1590 est

451 1615 541 1685 qui
569 1614 687 1683 jam
729 1616 910 1670 mundi
942 1618 1356 1689 Redemptorem
1386 1622 1688 1677 venientem
1730 1624 2035 1692 recipimus,

2156 471 2257 525 sibi
2302 472 2561 544 gaudium
2614 474 2957 543 repromittit,
2997 474 3183 529 dicens
3215 492 3227 527 :
3263 472 3517 528 Gaudebo
3540 474 3602 528 in
3639 475 3748 528 Deo

2154 561 2284 617 Jesu
2316 577 2436 617 meo
2466 563 2691 632 (Habac.
2720 578 2798 630 ιιι,
2821 564 2931 632 18).
2964 563 3107 618 Ecce
3151 570 3388 616 veterum
3438 560 3748 616 Judaeorum

2156 649 2382 704 vocibus
2409 651 2674 706 Dominus
2707 652 2859 705 Iesus
2891 651 3036 705 Deus
3063 650 3335 705 asseritur.
3362 648 3470 705 Sed
3492 664 3634 704 nunc
3662 649 3751 703 Ju-

2153 738 2241 792 dei
2272 738 2609 794 Salvatorem
2638 746 2976 808 exspectant,
3004 755 3164 808 quem
3189 739 3364 793 Deum
3394 752 3510 791 esse
3535 753 3747 808 nequa-

2153 842 2317 898 quam
2351 826 2592 881 credunt.
2639 826 2746 882 Sed
2793 828 3019 881 fortasse
3064 832 3169 882 hoc
3209 824 3379 880 Judmi
3420 825 3474 879 in
3519 841 3612 880 ore
3653 840 3749 880 suo

2151 915 2443 983 reprobare
2472 914 2823 982 contendunt,
2856 923 2909 969 et
2938 914 3068 969 dum
3087 915 3269 969 Jesum
3301 913 3636 969 Salvatorem
3670 913 3749 966 in-

2153 1009 2531 1073 terpretantur,
2566 1005 2737 1059 Deum
2770 1004 3104 1059 Salvatorem
3135 1019 3243 1058 non
3265 1002 3527 1073 unigeniti
3553 1017 3750 1071 perso-

2149 1107 2294 1159 nam,
2327 1092 2421 1147 sed
2471 1092 2639 1146 Patris
2683 1092 3029 1164 intelligunt;
3060 1099 3411 1146 veruntamen
3455 1090 3509 1143 in
3551 1088 3745 1145 eodem

2147 1182 2271 1236 loco
2342 1180 2605 1247 subditur,
2674 1179 2815 1235 unde
2883 1179 3144 1250 unigeniti
3212 1193 3445 1248 persona
3514 1177 3752 1248 apertius

2147 1268 2584 1323 demonstretur:
2637 1268 2870 1324 Domine
2914 1268 3083 1333 Deus,
3124 1267 3317 1338 inquit,
3363 1268 3550 1323 virtus
3599 1281 3743 1330 mea,

2146 1358 2427 1412 constitue
2456 1357 2622 1427 pedes
2660 1373 2811 1413 meos
2846 1357 2905 1412 in
2940 1357 3451 1421 consummatione,
3488 1359 3544 1410 et
3576 1370 3747 1426 super

2147 1447 2373 1502 excelsa
2389 1448 2580 1501 statue
2593 1449 2774 1510 me,ut
2791 1446 3014 1500 vincam
3027 1445 3091 1499 in
3103 1445 3379 1500 claritate
3392 1444 3570 1515 ipsius
3588 1442 3745 1511 (Ibid.

2150 1535 2404 1603 19).Ecce
2424 1535 2536 1589 Deo
2553 1533 2790 1605 loquitur
2815 1533 3030 1589 dicens:
3047 1533 3245 1589 Statue
3269 1548 3357 1588 me
3383 1548 3551 1603 super
3564 1533 3752 1588 excel-

2144 1640 2229 1679 sa.
2248 1622 2354 1677 Sed
2388 1623 2513 1692 quia
2545 1622 2692 1677 dicit.
2728 1623 2954 1677 Vincam
2982 1622 3045 1677 in
3073 1622 3341 1678 claritate
3372 1621 3570 1693 ipsius,
3616 1620 3752 1674 alius

450 1717 550 1770 per
576 1703 724 1771 cujus
753 1705 985 1776 gratiam
1008 1722 1113 1760 non
1144 1708 1316 1762 solum
1348 1716 1491 1764 recte
1518 1725 1803 1779 possumus
1832 1712 2034 1779 vivere,
2071 1730 2125 1790 Β
2154 1712 2339 1782 utique
2354 1710 2516 1765 estde
2534 1726 2639 1779 quo
2662 1710 2811 1763 dicit.
2835 1709 2969 1778 Quis
2999 1724 3131 1780 ergo
3165 1709 3329 1764 estde
3359 1724 3466 1778 quo
3491 1707 3621 1764 dicit
3650 1708 3752 1762 nisi

451 1790 545 1844 sed
572 1800 624 1844 et
652 1792 719 1846 ad
749 1794 986 1862 paradisi
1026 1796 1226 1867 gaudia
1258 1798 1499 1865 transire,
1534 1800 1659 1869 quia
1689 1799 1778 1853 ille
1802 1800 1914 1868 jam
1943 1816 2043 1869 pro

454 1878 612 1933 nobis
646 1890 851 1936 mortus
888 1885 1194 1952 resurrexit,
1228 1885 1281 1938 in
1312 1886 1463 1953 cujus
1492 1892 1663 1941 morte
1694 1904 1839 1942 mors
1888 1888 2041 1954 obiit,

455 1974 508 2020 et
544 1969 828 2037 paradisus
874 1988 930 2027 se
979 1974 1094 2041 ejus
1135 1972 1385 2028 ﬁdelibus
1431 1976 1707 2029 reseravit.
1739 1977 2044 2030 Exaltatum

453 2063 533 2109 est
561 2072 692 2128 ergo
722 2073 887 2113 cornu
918 2068 1157 2115 nostrum
1207 2061 1259 2115 in
1309 2062 1423 2116 Deo
1467 2072 1670 2131 nostro,
1703 2064 1847 2133 quia,
1880 2062 2048 2118 effusa

453 2143 567 2212 jam
591 2146 767 2216 gratia
795 2149 963 2202 sancti
990 2149 1219 2219 Spiritus
1248 2150 1300 2204 in
1330 2150 1617 2206 electorem
1650 2152 2045 2207 multitudinem

461 2231 779 2301 impressam
804 2234 1181 2305 Redemptoris
1198 2237 1491 2308 imaginem
1522 2239 1786 2306 videmus,
1810 2240 1937 2294 dum
1956 2240 2046 2310 qui

461 2326 664 2375 terrena
697 2323 881 2377 omnia
908 2323 1215 2393 despiciunt
1252 2327 1429 2380 carnis
1468 2328 1775 2396 voluptates
1814 2328 2044 2399 fugiunt,

451 2408 674 2478 propria
703 2409 1062 2483 derelinqunt,
1097 2421 1243 2468 tanto
1288 2414 1464 2469 altiori
1508 2422 1773 2484 potestate
1816 2417 2044 2485 radiant,

455 2505 654 2564 quanto
684 2499 803 2553 haec
835 2506 980 2554 tanta
1008 2500 1219 2555 virtutis
1247 2503 1478 2574 insignia
1510 2504 1562 2557 in
1587 2513 1827 2559 veterum
1859 2506 2049 2559 multi-

452 2584 635 2640 tudine
664 2595 849 2641 sancta
880 2589 1121 2644 Ecclesia
1162 2606 1270 2645 non
1317 2591 1570 2647 habebat.
1608 2593 1921 2647 Exaltatum
1972 2602 2051 2649 est

446 2688 611 2728 cornu
642 2682 887 2730 nostrum
919 2677 975 2731 in
1008 2679 1118 2733 Deo
1149 2680 1369 2733 salutari
1401 2689 1603 2748 nostro,
1630 2682 1755 2759 quia
1784 2690 2052 2753 quotquot

445 2775 569 2815 eum
599 2763 911 2833 recipimus,
945 2765 1091 2821 dedit
1119 2767 1276 2823 nobis
1304 2776 1628 2838 potestatem
1658 2768 1799 2824 ﬁlios
1829 2771 1925 2826 Dei
1947 2770 2050 2826 ﬁe—

441 2849 484 2902 ri
515 2850 703 2920 (Joan.
737 2870 774 2919 1,
809 2855 917 2923 12).
939 2855 1053 2911 Hoc
1084 2871 1250 2911 cornu
1289 2858 1531 2913 exaltare
1553 2858 2051 2914 volebatSalutariS

445 2946 644 3008 noster,
670 2956 792 2995 cum
814 2941 1031 2998 dicebat
1057 2961 1069 2996 :
1092 2946 1231 3001 Ecce
1251 2946 1379 3002 dedi
1396 2947 1547 3002 vobis
1569 2951 1907 3020 potestatem
1928 2950 2052 3005 cal-

440 3028 617 3083 candi
636 3046 807 3101 super
820 3037 1132 3103 serpentes,
1153 3037 1209 3088 et
1229 3037 1572 3106 scorpiones,
1600 3040 1657 3090 et
1688 3052 1913 3092 omnem
1934 3038 2020 3093 vir

443 3119 623 3171 tutem
654 3119 876 3174 inimici
906 3120 1063 3189 (Luc.
1085 3138 1140 3189 x,
1167 3123 1277 3190 19).
1310 3124 1449 3178 Hinc
1481 3123 1608 3178 item
1640 3140 1883 3179 asserens
1912 3126 1985 3179 ait
2028 3116 2039 3152 ²

444 3203 816 3278 Quodcunque
834 3208 1091 3279 ligaveris
1101 3227 1276 3283 super
1295 3216 1511 3267 terram
1522 3214 1634 3267 erit
1649 3213 1891 3283 ligatum
1907 3218 1964 3269 et
1979 3214 2041 3268 in

437 3293 832 3361 σωιίεωιαειή.
855 3313 967 3364 xvr,
999 3300 1107 3367 19).
1144 3299 1279 3353 Hinc
1324 3300 1516 3353 iterum
1566 3301 1912 3369 repromittit,
1946 3302 2039 3355 di-

435 3395 562 3434 cens
582 3400 592 3435 :
613 3382 882 3439 Sedebitis
897 3402 1065 3457 super
1080 3387 1235 3442 sedes
1243 3388 1586 3457 judicantes
1604 3389 1907 3444 duodecim
1931 3393 2009 3445 tri
2024 3408 2041 3422 ο

434 3467 535 3523 bus
552 3470 725 3527 Israel
739 3472 898 3542 (Ibid.
911 3475 1327 3544 ,xtx,28).Dicat
1344 3492 1475 3547 ergo
1495 3480 1643 3530 Anna
1662 3493 1673 3531 :
1697 3479 2035 3533 Exaltatum

436 3560 523 3612 est
555 3574 734 3615 cornu
761 3578 950 3616 meum
985 3563 1045 3617 in
1065 3564 1171 3619 Deo
1190 3579 1332 3631 meo,
1350 3573 1405 3618 ut
1427 3564 1676 3620 videlicet
1698 3574 1900 3621 sanctae
1937 3567 2039 3622 Ec'

436 3645 615 3702 clesite
639 3648 813 3719 gloria
842 3650 1171 3722 designetur,
1206 3668 1325 3721 quae
1364 3654 1637 3724 singulare
1669 3655 1882 3709 culmen
1929 3672 2035 3724 po-

438 3735 643 3789 testatis
672 3736 878 3791 obtinet
921 3738 990 3793 de
1035 3740 1323 3809 praesentia
1368 3742 1766 3810 Redemptoris.
1805 3743 1867 3795 Et
1909 3744 2036 3812 quia

434 3820 552 3892 jam
580 3822 635 3877 in
660 3832 771 3880 toto
803 3826 1003 3881 mundo
1032 3827 1371 3895 distenditur,
1406 3846 1527 3900 quas
1577 3830 1852 3901 quondam
1897 3831 2037 3885 intra

436 3909 681 3965 Iudaeam
711 3916 1172 3982 persecutionibus
1201 3917 1519 3989 angebatur,
1552 3919 1795 3989 sequitur
1828 3936 1840 3973 :

513 4000 686 4069 (Vers.
720 4002 800 4073 1.)
834 4005 1085 4060 Dilatum
1114 4010 1202 4061 est
1231 4022 1291 4062 os
1328 4023 1519 4063 meum
1561 4023 1730 4080 super
1770 4008 2033 4066 inimicos

440 4103 610 4145 meos.

506 4181 558 4232 3.
581 4176 682 4246 Qui
707 4180 850 4234 enim
868 4180 1067 4236 inimici
1080 4183 1339 4239 Ecclesia:
1353 4184 1444 4238 alii
1471 4201 1631 4254 quam
1645 4185 1815 4240 Judaei
1834 4185 2031 4240 intelli-

436 4266 599 4337 gendi
623 4269 791 4322 sunt?
813 4268 989 4339 Supra
1010 4287 1145 4341 quos
1161 4272 1412 4325 nimirum
1430 4272 1712 4326 dilatatum
1749 4288 1809 4327 os
1842 4272 2024 4339 habet,

435 4355 561 4423 quia
599 4365 786 4411 contra
820 4373 1006 4412 eorum
1039 4357 1320 4427 perﬁdiam
1359 4360 1599 4413 omnium
1638 4359 1881 4430 gentium
1905 4360 2019 4429 jam

432 4442 673 4497 ﬁdelium
702 4445 917 4516 linguas
945 4453 1144 4499 movet.
1178 4445 1254 4500 Os
1281 4462 1412 4517 ergo
1442 4454 1639 4501 sanctae
1672 4448 1928 4501 Ecclesia:
1946 4446 2024 4501 di-

432 4531 657 4585 latatum
687 4540 786 4600 est,
822 4532 948 4601 quia
976 4548 1075 4601 per
1099 4533 1407 4587 universum
1456 4535 1643 4588 orbem
1690 4534 2021 4603 diffunditur,

435 4626 488 4674 et
532 4618 657 4672 dum
704 4620 947 4675 nationes
1002 4621 1279 4675 universas
1336 4623 1726 4691 praedicatione
1782 4624 2027 4678 veritatis

434 4706 629 4774 erudit,
659 4707 970 4762 Judzeorum
1000 4709 1300 4777 stultitiam,
1333 4710 1497 4764 veluti
1527 4710 1752 4766 dilatato
1796 4728 1909 4779 ore,
1942 4727 2023 4767 re-

432 4795 735 4864 prehendit.
770 4797 836 4850 Et
867 4797 992 4866 quia
1019 4799 1123 4852 hoc
1152 4797 1275 4853 inde
1314 4799 1508 4868 potuit,
1543 4799 1669 4869 quia
1720 4800 2021 4855 venientem

434 4883 489 4936 in
526 4898 684 4939 carne
724 4884 910 4939 mundi
958 4884 1375 4955 Redemptorem
1432 4887 1731 4959 gaudenter
1789 4889 2020 4959 excepit,

432 4986 651 5026 causam
683 4971 889 5026 dilatati
920 4973 1029 5027 oris
1056 4973 1302 5042 exponit,
1335 4973 1522 5029 dicens
1553 4992 1567 5029 :

505 5059 679 5128 (Vers.
713 5059 792 5130 1.)
823 5060 966 5127 Quia
998 5063 1193 5116 lwtata
1212 5077 1339 5116 sum
1360 5064 1424 5118 in
1449 5064 1698 5120 salutari
1721 5068 1845 5121 tuo.

501 5149 552 5202 4.
580 5148 702 5201 Jam
733 5148 854 5219 quis
881 5149 948 5203 sit
977 5149 1225 5203 salutaris
1253 5150 1349 5204 Dei
1397 5152 1771 5222 cognovimus.
1802 5153 1881 5206 De
1915 5167 2021 5221 quo

428 5235 591 5290 etiam
620 5236 788 5291 Isaias
803 5235 1107 5292 vaticinans
1122 5235 1199 5307 (α)
1216 5237 1316 5291 ait:
1341 5236 1553 5294 Videbit
1576 5240 1760 5295 omnis
1777 5255 1907 5294 caro
1924 5240 2020 5295 Sa-

438 5323 624 5379 lutare
642 5325 739 5379 Dei
757 5344 775 5390 ,-
795 5324 1064 5381 videbunt
1080 5340 1271 5381 omnes
1291 5325 1434 5394 ﬁnes
1452 5330 1620 5382 teme
1641 5327 1904 5381 Salutare
1921 5328 2021 5381 Dei

428 5411 560 5480 (ιτα.
608 5426 700 5479 ιιι,
752 5413 848 5475 1ο;
903 5414 1042 5468 Psal.
1092 5430 1257 5480 xcvn,
1303 5416 1379 5484 3).
1423 5415 1578 5469 Iesus
1618 5422 1796 5469 autem
1837 5420 2019 5470 nostro

499 5550 578 5621 (α)
609 5550 739 5607 Haec
770 5552 926 5619 Isaiae,
955 5553 1272 5611 omittuntur
1286 5552 1526 5608 inVatic.
1559 5560 1612 5607 et
1640 5552 1693 5605 in
1711 5551 2011 5623 Gussanvy.

2153 1799 2463 1872 unigenitus
2481 1798 2579 1852 Dei
2597 1798 2785 1864 Filius,
2805 1813 2966 1867 quem
2988 1814 3095 1852 non
3134 1798 3309 1852 solum
3349 1813 3536 1852 verum
3568 1797 3750 1852 homi-

2153 1904 2296 1956 nem,
2313 1887 2406 1942 sed
2428 1887 2593 1941 etiam
2616 1888 2780 1941 Deum
2799 1885 3012 1941 credit?
3031 1886 3171 1940 Dum
3203 1901 3334 1956 ergo
3356 1885 3472 1940 Deo
3492 1884 3731 1955 loquitur

2153 1977 2358 2031 dicens:
2371 1973 2701 2030 Gaudeboﬂ
2717 1974 2897 2029 inDeo
2910 1976 3041 2029 Iesu
3054 1990 3193 2037 meo,
3203 1977 3259 2029 et
3274 1974 3499 2029 uincam
3509 1974 3571 2028 in
3584 1974 3736 2028 clari

2155 2070 2275 2120 tute
2304 2064 2499 2135 ipsius,
2532 2079 2639 2117 non
2671 2063 2842 2117 Deum
2887 2063 3074 2129 alium,
3124 2063 3220 2117 sed
3277 2061 3426 2117 Deus
3464 2077 3754 2131 personam

2153 2151 2317 2206 aliam
2348 2152 2700 2205 demonstrat.
2725 2151 2821 2204 Hae
2838 2157 2961 2203 sunt
2974 2156 3171 2204 sanctae
3196 2150 3459 2204 Ecclesiae
3501 2149 3775 2216 rationes,

2153 2240 2238 2293 hae
2256 2248 2439 2309 contra
2450 2238 2762 2293 Judteorum
2781 2236 3066 2307 perﬁdiam
3079 2237 3419 2291 invincibiles
3434 2236 3761 2291 assertiones

2153 2343 2252 2397 per
2276 2327 2585 2380 universum
2614 2325 2803 2380 orbem
2835 2324 3065 2379 diffusae.
3098 2325 3391 2379 Dilatatum
3423 2340 3554 2396 ergo
3586 2338 3647 2379 os
3661 2323 3764 2377 ha-

2156 2416 2244 2469 bet
2273 2422 2459 2468 sancta
2488 2414 2730 2468 Ecclesia
2759 2429 2924 2483 super
2950 2413 3199 2468 inimicos
3239 2428 3386 2481 suos,
3438 2412 3566 2482 quia
3614 2411 3755 2481 jam,

2156 2512 2374 2558 auctore
2402 2503 2536 2569 Deo,
2567 2500 2766 2571 ubique
2795 2501 3157 2573 cognoscitur,
3189 2501 3333 2554 unde
3362 2508 3416 2555 et
3441 2498 3754 2554 Judzeorum

2155 2591 2384 2662 perﬁdia
2413 2590 2779 2645 convincatur.
2812 2590 3043 2644 Causam
3071 2589 3237 2661 igitur
3265 2587 3473 2643 dilatati
3504 2587 3616 2643 oris
3660 2603 3757 2640 au-

2159 2680 2328 2747 diant,
2363 2678 2450 2748 qui
2479 2678 2726 2734 Salutare
2754 2678 2846 2732 Dei
2878 2685 3097 2749 negant,
3129 2685 3182 2732 et
3212 2678 3280 2731 de
3299 2675 3502 2749 gaudio
3532 2675 3753 2730 Saluta—

2157 2768 2232 2822 ris
2264 2768 2433 2823 nostri
2464 2767 2722 2821 feriantur
2751 2774 3069 2838 argumento
3097 2764 3432 2820 confusionis
3457 2780 3589 2819 suae.
3643 2763 3753 2818 Sed

2162 2857 2305 2912 feriri
2337 2864 2582 2926 possunt,
2614 2871 2645 2908 a
2676 2853 3039 2924 blasphemils
3067 2869 3195 2908 vero
3225 2852 3339 2907 suis
3387 2867 3597 2907 cessare
3646 2866 3754 2906 no-

2160 2946 2292 3000 lunt.
2324 2945 2449 2998 Jam
2482 2944 2576 2998 Dei
2600 2943 2844 2998 Salutare
2870 2942 3103 2996 mundus
3128 2941 3363 3011 excepit,
3396 2940 3573 2996 omnis
3628 2953 3753 2993 caro

2160 3033 2315 3101 vidit,
2346 3033 2567 3086 Iudaeus
2596 3048 2701 3085 non
2731 3031 2921 3098 credit,
2945 3030 3091 3099 quia,
3122 3038 3180 3084 ut
3226 3029 3358 3095 dixi,
3416 3027 3753 3083 Salvatorem

2153 3128 2447 3191 ex3pectat,
2480 3120 2570 3189 qui
2602 3120 2751 3174 Deus
2778 3135 2884 3174 non
2914 3119 3000 3173 sit.
3035 3118 3269 3172 Audiant
3310 3133 3441 3189 ergo
3497 3115 3752 3170 maledic-

2151 3210 2351 3264 tionem
2381 3208 2660 3277 propheta:
2679 3206 2907 3261 dicentis
2928 3223 2940 3259 :
2962 3205 3292 3261 Maledictus
3308 3206 3493 3270 homo,
3513 3205 3609 3275 qui
3629 3218 3754 3259 con-

2146 3299 2272 3367 ﬁdit
2297 3297 2360 3352 in
2390 3296 2633 3362 homine,
2651 3299 2705 3351 et
2735 3312 2771 3349 α
2795 3296 3024 3351 Domino
3045 3294 3257 3350 recedit
3285 3310 3378 3350 cor
3399 3295 3519 3362 ejus
3538 3289 3746 3347 Jerem.

2147 3400 2282 3453 xvn,
2316 3388 2367 3440 5.
2404 3386 2463 3438 In
2494 3384 2767 3438 hominem
2810 3382 2982 3437 Judaei
3033 3381 3327 3450 conﬁdunt,
3385 3381 3475 3451 qui
3533 3381 3753 3435 credere

2145 3474 2199 3527 in
2232 3474 2648 3542 Redemptorem
2674 3471 2967 3542 refugiunt,
2997 3471 3127 3525 dum
3158 3470 3556 3525 Anticliristum
3591 3468 3645 3521 in
3694 3465 3755 3520 ﬁ-

2145 3577 2212 3617 ne
2242 3560 2426 3615 mundi
2448 3559 2847 3629 praestolamur.
2869 3560 2930 3611 In
2951 3575 3179 3627 quorum
3197 3558 3568 3613 confusionem
3592 3556 3754 3611 Psal-

2144 3650 2303 3703 mista
2332 3648 2614 3718 praedicat,
2648 3648 2834 3701 dicens
2856 3646 3150 3703 :Viderunt
3172 3663 3368 3703 omnes
3400 3647 3544 3715 fines
3581 3649 3749 3701 terra:

2141 3739 2402 3794 Salutare
2426 3737 2523 3792 Dei
2552 3736 2725 3803 (Psal.
2761 3751 2934 3802 xcvu,
2967 3736 3044 3805 3).
3079 3734 3245 3804 Quasi
3307 3733 3592 3805 perﬁdiam
3647 3724 3752 3788 Ju-

2142 3828 2383 3882 dzeorum
2402 3826 2694 3881 confundat
2713 3824 2929 3879 dicens:
2955 3824 3099 3893 Quid
3132 3825 3184 3878 in
3208 3831 3485 3894 posterum
3508 3822 3747 3878 visiones

2141 3914 2405 3970 diﬂ’ertis?
2434 3914 2608 3982 Quem
2641 3913 2911 3983 exspectis
2938 3904 3054 3983 jam
3084 3913 3247 3979 venit,
3303 3927 3462 3981 quem
3514 3911 3747 3981 promis-

2138 4021 2256 4058 sum
2283 4003 2549 4058 habuistis
2569 4004 2686 4072 jam
2734 4001 2986 4056 omnibus
3014 4000 3211 4055 ﬁnibus
3268 4008 3421 4055 terra:
3472 3999 3743 4070 apparuit,

2137 4108 2260 4146 cum
2290 4090 2556 4144 clausistis
2585 4089 2788 4156 oculos,
2822 4089 3029 4143 transiit
3064 4105 3077 4151 ;
3112 4089 3221 4142 imo
3245 4088 3322 4142 sic
3350 4088 3479 4142 caeci
3511 4087 3638 4142 facti
3671 4101 3750 4142 es‘

2136 4179 2376 4247 tis,quod
2407 4194 2590 4232 coram
2620 4176 2778 4232 vobis
2809 4185 2955 4230 tanta
2983 4177 3076 4229 lux
3100 4177 3263 4243 stetit,
3296 4184 3348 4231 et
3371 4192 3479 4232 non
3500 4175 3734 4231 vidistis.

2135 4267 2421 4338 Ergo,jubi
2430 4267 2543 4321 late
2558 4266 2790 4321 Domino
2812 4263 2997 4320 omnis
3018 4268 3193 4330 terra,
3207 4268 3461 4331 cantate,
3477 4270 3532 4319 et
3552 4265 3748 4320 exsul'

2135 4358 2252 4409 tate
2270 4355 2325 4408 et
2345 4354 2837 4425 psallite;psallite
2854 4353 2962 4408 Deo
2983 4357 3178 4408 nostro
3205 4354 3269 4408 in
3290 4351 3601 4415 cithara,et
3615 4368 3740 4409 uoce

2130 4444 2359 4516 psalmi,
2377 4442 2440 4496 in
2454 4442 2601 4497 tubis
2618 4440 3008 4508 ductilibus,et
3029 4457 3153 4497 voce
3167 4442 3312 4496 tuba:
3323 4456 3562 4507 cornere;
3586 4440 3742 4497 lubi-

2135 4531 2247 4586 late
2259 4532 2322 4586 in
2343 4534 2644 4603 conspectu
2658 4531 2799 4602 regis
2816 4529 3041 4585 Domini
3050 4533 3363 4591 ;moveatur
3375 4546 3537 4585 mare
3551 4533 3606 4585 et
3629 4530 3748 4600 ple-

2132 4619 2334 4674 nitudo
2356 4618 2647 4687 ejus,orbis
2668 4622 2959 4673 terrarum
2985 4624 3041 4672 et
3062 4618 3319 4672 uniuersi
3348 4617 3443 4688 qui
3470 4618 3735 4673 habitant

2127 4707 2191 4761 in
2205 4722 2284 4763 eo.
2296 4708 2560 4761 Flumina
2572 4706 2847 4775 plaudent
2862 4721 3040 4760 manu
3057 4705 3117 4760 in
3135 4705 3627 4777 idipsum,montes
3658 4704 3740 4775 (b)

2130 4794 2507 4849 exsultabant
2524 4798 2659 4848 ante
2673 4793 2882 4865 faciem
2896 4793 3413 4865 Domini,quoniam
3427 4794 3742 4864 venit,quo—

2129 4884 2290 4937 niam
2320 4883 2473 4937 venit
2503 4881 2768 4951 judicare
2820 4884 3036 4937 terram
3075 4881 3233 4950 (Ibid.
3267 4897 3343 4949 ιν,
3373 4884 3532 4953 seq.).
3568 4880 3738 4949 Quasi

2132 4970 2301 5024 dicat:
2336 4968 2476 5037 Quia
2506 4977 2635 5040 .tam
2678 4969 2942 5022 immensa
2990 4970 3232 5024 caecitate
3286 4977 3622 5039 premuntur,
3683 4975 3741 5022 ut

2129 5073 2469 5128 nequaquam
2500 5056 2685 5111 videre
2716 5056 3024 5126 meruerint,
3056 5073 3155 5113 vos
3183 5058 3419 5128 gaudete
3446 5056 3743 5110 abundan-

2130 5146 2258 5213 tius,
2291 5145 2377 5215 qui
2410 5144 2640 5198 vidistis.
2674 5145 2782 5198 Sed
2812 5161 2973 5214 quam
3001 5144 3338 5213 mirabiliter,
3371 5153 3533 5214 atque
3554 5143 3746 5200 ineffa-

2126 5233 2309 5287 biliter
2334 5232 2683 5305 gaudendum
2716 5232 2804 5300 sit,
2837 5233 2995 5303 signa
3024 5233 3212 5305 gaudii
3256 5233 3685 5301 coacervans,ait
3708 5239 3745 5290 -'.

2126 5322 2715 5388 Jubilate,conta.te,et
2745 5322 2993 5392 psallite.
3018 5320 3401 5376 Celebritatem
3423 5336 3657 5392 quoque
3672 5321 3739 5375 las

2126 5410 2256 5465 titiae
2286 5408 2560 5464 insinuare
2588 5409 3203 5481 gestiens,instrumenta
3222 5410 3340 5480 ejus
3386 5425 3730 5477 enumerans,

2196 5552 2268 5623 (b)
2287 5552 2479 5621 Gilot.,
2513 5554 2957 5611 exsultaverunt
2984 5557 3123 5610 ante
3149 5556 3359 5626 faciem
3392 5554 3633 5611 Domini.
