4062 6182
254 353 314 406 55
1058 348 1133 406 IN
1171 350 1438 408 PRIMUM
1474 350 1719 409 REGUM
1758 350 2304 412 EXPOSITIONES.
2350 388 2419 399 —
2471 358 2597 417 LIB.
2630 363 2674 418 Ι.
3452 376 3523 430 66

257 474 398 531 dicit:
418 474 650 530 Psallite
669 475 905 532 Domino
930 476 994 531 in
1015 473 1262 545 cithara,
1286 480 1344 532 et
1357 477 1817 547 cithara,etvoce
1842 478 1905 542 Α
1936 478 2127 550 tetigit,
2161 482 2381 554 sanguis
2435 484 2603 540 stetit.
2641 487 2765 542 Non
2820 498 2901 544 est
2927 506 3058 563 ergo
3089 502 3303 550 sanctus
3326 505 3384 552 ut
3438 508 3521 556 est

253 563 455 635 psalmi,
468 563 531 617 in
547 563 694 618 tubis
712 563 1023 619 ductilibus
1034 567 1090 619 et
1104 579 1232 621 voce
1246 566 1393 620 tuba
1408 567 1811 637 corneae,jubi-

254 652 353 705 late
378 653 438 705 in
464 655 765 721 conspectu
791 651 938 723 regis
969 653 1220 709 Domino.
1268 651 1411 720 Quid
1438 654 1495 707 in
1522 662 1815 724 conspectu

247 739 389 809 regis,
406 738 504 793 nisi
530 739 589 792 in
615 739 928 810 cognitione
956 739 1333 810 Redemptoris
1354 743 1382 795 ?
1414 741 1520 796 Sed
1542 758 1573 796 a
1602 742 1818 814 quantis

249 829 346 882 haec
358 827 677 898 gaudiorum
695 828 1009 882 solemnitas
1025 829 1093 882 sit
1111 829 1324 898 agenda
1341 830 1579 899 exponit,
1598 831 1781 885 dicens
1799 848 1812 884 :

247 918 505 972 laventur
514 931 693 984 mare,
711 920 769 971 et
783 917 1083 987 plenitudo
1099 920 1241 988 ejus,
1254 917 1404 973 orbis
1418 923 1726 987 terrarum,
1760 923 1816 975 et

248 1005 474 1060 uniuersi
485 1004 865 1075 quihabitant
879 1007 940 1059 in
952 1021 1033 1061 eo.
1050 1004 1098 1060 Ο
1115 1005 1299 1060 infelix
1319 1006 1528 1073 Judzea,
1542 1005 1676 1061 ﬁnes
1705 1015 1816 1062 ter-

247 1108 311 1147 rae
353 1092 593 1146 videmnt
620 1092 868 1147 Salutare
896 1093 1013 1159 Dei,
1052 1094 1229 1149 omnis
1258 1102 1397 1148 terra
1424 1103 1699 1150 commota
1721 1095 1818 1167 ju-

249 1179 383 1247 bilat,
410 1179 611 1251 gaudet
646 1180 808 1235 unive
826 1197 918 1235 sus
947 1181 1094 1235 orbis
1109 1181 1332 1236 ﬂumina
1348 1182 1612 1251 plaudunt
1640 1184 1819 1237 mani-

248 1267 353 1338 bus,
381 1276 587 1323 montes
626 1267 898 1324 exsultant
927 1286 942 1331 ;
974 1268 1073 1324 sed
1103 1269 1274 1340 impia
1314 1270 1624 1325 Iudaeorum
1651 1271 1819 1326 corda

249 1371 344 1411 non
370 1356 613 1423 credunt,
641 1363 696 1411 et
724 1356 779 1411 iu
810 1356 1066 1412 caecitatis
1094 1374 1208 1413 suae
1236 1360 1482 1413 tenebris
1497 1359 1683 1414 livoris
1711 1375 1820 1431 poe-

251 1459 312 1499 na
337 1442 615 1499 feriuntur.
650 1444 759 1499 Sed
787 1461 951 1516 quem
991 1444 1379 1516 blasphemare
1407 1462 1517 1503 non
1551 1454 1817 1515 metuunt,

249 1542 409 1589 sancta
428 1531 684 1588 Ecclesia
711 1533 964 1588 attentius
982 1535 1347 1602 commendat,
1371 1536 1568 1591 dicens
1591 1553 1603 1590 :

308 1622 471 1691 (γει-ε.
502 1622 591 1691 2.)
614 1623 734 1678 Non
762 1629 847 1678 est
864 1627 1099 1678 sanctus
1126 1628 1194 1680 ut
1220 1628 1307 1680 est
1337 1626 1632 1681 Dominus.

306 1714 352 1765 5.
382 1714 439 1766 ln
464 1710 841 1781 descriptione
870 1710 1246 1782 Redemptoris
1272 1712 1819 1784 omniaincompara-

1932 566 2214 656 Dominus,
2257 570 2385 641 quia
2423 573 2668 644 quisquis
2693 577 3097 645 potuitsanctus
3124 581 3377 654 existere,
3405 587 3520 656 ejus

1927 655 2139 723 accepit
2186 672 2407 712 munere
2423 668 2480 714 ut
2499 669 2714 716 sanctus
2754 680 2870 719 esse
2896 667 3178 735 potuisset.
3211 671 3328 728 Hoc
3353 655 3518 729 nam-

1922 757 2029 814 que
2049 752 2234 799 sancta
2263 746 2505 802 Ecclesia
2544 751 2889 823 subsequenti
2920 755 3088 810 verbo
3118 757 3410 829 insinuans,
3444 764 3515 818 ad

1922 831 2173 885 eumdem
2204 833 2620 904 Redemptorem
2661 854 2727 893 ex
2759 840 2927 896 nimia
2953 843 3213 899 charitate
3239 852 3513 904 converti-

1926 924 2029 985 tur,
2053 919 2239 975 dicens
2262 938 2274 974 :

1997 1006 2171 1075 (Vers.
2201 1010 2282 1079 2.)
2314 1011 2500 1083 Neque
2529 1016 2685 1071 enim
2715 1025 2799 1072 est
2827 1019 2979 1075 alius
3010 1024 3177 1077 extra
3200 1026 3280 1079 te.

1997 1097 2049 1147 6.
2072 1093 2420 1167 Subauditur,
2444 1110 2685 1157 sanctus.
2726 1105 2889 1159 Extra
2918 1123 3041 1160 eum
3071 1119 3287 1165 sanctus
3316 1112 3515 1184 aliquis

1925 1189 2085 1250 esset,
2108 1183 2152 1236 si
2175 1185 2379 1255 absque
2398 1187 2543 1243 dono
2566 1191 2827 1263 unigeniti
2868 1193 3307 1254 sanctiﬁcationis
3361 1183 3520 1272 spiri-

1925 1276 2038 1324 tum
2087 1272 2288 1329 habere
2314 1277 2593 1344 potuisset.
2629 1279 2743 1334 Sed
2774 1281 2894 1350 quis
2920 1284 3023 1338 hoc
3056 1300 3294 1343 asserere
3323 1291 3518 1347 audeat

1927 1357 1994 1411 de
2025 1359 2352 1429 hominibus,
2385 1365 2531 1433 quod
2557 1366 2625 1421 de
2650 1369 2880 1439 Angelis
2894 1385 3235 1442 nequaquam
3253 1386 3461 1433 constat
3489 1381 3518 1434 ‘l

1928 1445 2202 1515 Scriptum
2224 1450 2427 1520 quippe
2445 1461 2525 1507 est
2539 1472 2558 1508 :
2585 1456 2746 1511 Verbo
2761 1458 2987 1514 Domini
2999 1462 3127 1515 caeli
3141 1462 3358 1530 ﬁrmati
3378 1473 3517 1525 sunt

1927 1538 1983 1629 et
2000 1538 2208 1629 spiritu
2224 1540 2337 1593 oris
2351 1541 2469 1608 eius
2482 1544 2665 1598 omnis
2679 1546 2858 1601 virtus
2868 1562 3061 1602 eorum
3079 1551 3427 1624 (Psal.xxxu,
3438 1556 3514 1629 6).

1933 1624 2170 1679 Verbum
2195 1626 2411 1681 Domini
2443 1638 2523 1684 est
2569 1631 2879 1702 unigenitus
2908 1635 3024 1689 Dei.
3053 1638 3225 1704 Quem
3270 1624 3517 1710 profecto

1929 1712 2259 1784 evangelista
2285 1715 2520 1771 Joannes
2557 1718 2853 1788 insinuans,
2874 1723 2977 1777 ait:
2998 1726 3063 1779 In
3081 1728 3362 1801 principio
3392 1739 3519 1790 erat

246 1799 358 1854 bilis
382 1799 769 1870 designantur.
789 1799 921 1854 lude
940 1799 1089 1854 enim
1108 1815 1270 1855 verus
1296 1801 1627 1872 Redemptor
1645 1810 1819 1857 osteu-
1849 1834 1904 1893 B
1943 1799 2189 1869 Verbum,
2226 1811 2284 1857 et
2323 1806 2548 1860 Verbum
2577 1812 2703 1862 erat
2729 1810 2879 1880 apud
2907 1813 3103 1879 Deum,
3129 1819 3185 1870 et
3214 1799 3358 1874 Deus
3388 1825 3517 1876 erat

242 1888 387 1956 ditur,
417 1887 645 1958 quodin
669 1887 819 1943 omni
849 1888 993 1959 quod
1017 1888 1085 1944 ad
1112 1889 1233 1959 ejus
1263 1890 1493 1960 gloriam
1525 1890 1720 1945 dicitur
1765 1892 1819 1945 ei

242 1992 381 2031 nemo
407 1983 778 2047 comparatur.
806 1976 905 2030 Ille
934 1976 1077 2032 enim
1108 1992 1297 2032 omnes
1326 1978 1555 2033 redemit
1585 1978 1676 2050 qui
1706 1993 1822 2033 om-

241 2065 382 2120 nibus
410 2063 660 2121 excellit.
693 2062 856 2126 Quod
885 2074 1034 2120 recte
1076 2074 1264 2121 contra
1292 2066 1544 2121 Judaeam
1606 2066 1818 2135 dicitur,

242 2169 345 2224 qua
370 2168 435 2208 eo
462 2152 736 2208 audacius
753 2153 1175 2224 Redemptorem
1207 2153 1461 2223 despicit,
1492 2170 1600 2225 quo
1625 2154 1821 2210 multos

240 2241 553 2297 sehabuisse
586 2242 737 2297 viros
766 2241 976 2311 recolit,
1009 2242 1100 2314 qui
1118 2258 1315 2314 magna
1334 2242 1643 2297 claruerunt
1661 2243 1823 2298 laude

240 2330 533 2385 sanctitatis.
572 2330 714 2384 Hinc
734 2337 813 2384 est
840 2330 983 2385 enim
1023 2331 1171 2399 quod
1201 2330 1502 2386 illuminato
1548 2346 1693 2387 caeco
1722 2347 1821 2386 ex-

238 2419 538 2489 probrantes
559 2417 751 2474 dicunt
770 2435 784 2472 :
807 2420 882 2474 Tu
898 2419 978 2474 sis
991 2419 1287 2490 discipulis
1302 2420 1484 2484 illius,
1502 2436 1605 2475 nos
1627 2424 1822 2476 autem

239 2508 389 2579 Ιοῃὰ
402 2507 680 2578 discipuli
689 2522 908 2562 sumus.
923 2507 1163 2576 Scimus,
1180 2508 1313 2579 quia
1324 2508 1492 2580 Moysi
1506 2510 1726 2564 locutus
1736 2511 1822 2564 est

238 2596 386 2661 Deus,
402 2596 559 2651 hunc
573 2597 868 2651 nescimus
884 2595 1034 2651 unde
1045 2597 1119 2651 sit
1134 2596 1318 2661 (Joan.
1342 2612 1419 2664 ix,
1433 2599 1523 2660 28,
1544 2597 1654 2666 29).
1684 2597 1825 2652 Hinc

236 2683 352 2737 item
373 2682 709 2756 gloriantur,
729 2690 783 2738 et
801 2682 985 2738 dicunt
1006 2701 1021 2737 :
1049 2684 1251 2746 Semen
1267 2684 1501 2740 Abrahw
1517 2700 1734 2753 sumus,
1767 2688 1824 2740 et

238 2774 439 2828 nemini
456 2774 799 2828 seruiuimus
818 2787 1069 2843 unquam
1083 2772 1267 2843 (Joan.
1285 2788 1398 2841 vni,
1414 2773 1640 2844 33).Sed
1659 2774 1822 2827 homo

237 2862 335 2927 44
354 2861 700 2930 fuitMoyses,
716 2862 880 2914 homo
913 2859 1214 2929 Abraham,
1234 2861 1396 2916 homo
1420 2861 1675 2916 Christus.
1709 2860 1819 2915 Ve-

238 2956 516 3003 rumtamen
534 2948 617 3002 illi
630 2948 897 3017 assumpti
908 2948 975 3003 ad
987 2949 1314 3003 locutionem
1328 2949 1447 3017 Dei,
1464 2949 1566 3003 iste
1582 2965 1823 3018 assump-

237 3040 315 3090 tus
342 3035 395 3090 in
410 3036 782 3091 divinitatem.
816 3035 902 3090 Illi
939 3036 1198 3106 assumpti
1220 3036 1289 3090 ad
1315 3036 1691 3104 ministerium,
1722 3038 1823 3092 iste

238 3132 287 3176 ut
313 3124 622 3194 unigenitus
638 3131 956 3193 assumptus
970 3123 1039 3177 ad
1051 3140 1297 3194 regnum.
1326 3124 1481 3179 Unde
1496 3132 1548 3179 et
1562 3125 1818 3195 loquitur,

238 3211 428 3266 dicens.
448 3212 665 3268 Omnia
680 3227 802 3283 qua:
819 3210 983 3266 habet
999 3214 1173 3266 Pater
1184 3228 1309 3268 mea
1324 3216 1464 3268 sunt
1483 3216 1649 3282 (Joan
1662 3253 1675 3266 .
1702 3229 1819 3281 xw,

239 3300 335 3368 15).
363 3301 481 3355 Non
496 3307 589 3356 est
601 3306 841 3355 sanctus
856 3304 922 3355 ut
937 3299 1329 3356 estDominus.
1344 3302 1462 3356 Hoc
1481 3301 1645 3355 etiam
1669 3317 1824 3356 sacra

240 3386 500 3457 Scriptura
518 3395 771 3456 testatur,
796 3388 1015 3443 dicens:
1038 3390 1141 3443 Cui
1167 3404 1227 3443 se
1250 3389 1472 3458 infudit
1484 3390 1668 3444 omnis
1694 3390 1822 3461 ple-

241 3477 426 3533 nitudo
442 3476 774 3533 divinitatis
792 3477 1163 3548 corporaliter
1193 3477 1329 3544 (Col.
1346 3491 1408 3544 ιι,
1424 3479 1498 3546 9).
1514 3478 1650 3533 Hinc
1665 3478 1822 3531 Joan-

242 3580 327 3619 nes
337 3566 409 3619 ait
428 3580 442 3619 :
465 3567 548 3621 De
569 3564 937 3636 plenitudine
951 3565 1073 3634 ejus
1092 3580 1285 3620 omnes
1297 3566 1616 3637 accepimus
1629 3563 1822 3637 (Joan.

242 3656 401 3722 1,16).
419 3653 547 3708 Νοιι
574 3659 662 3708 est
687 3658 921 3708 sanctus
940 3659 1006 3707 ut
1035 3658 1120 3709 est
1140 3653 1450 3709 Dominus.
1490 3652 1630 3731 Quia
1658 3654 1713 3708 in
1756 3670 1824 3709 eo

242 3742 370 3813 quod
397 3741 673 3797 Dominus
699 3739 973 3809 asseritur,
1017 3742 1312 3796 sanctitatis
1338 3741 1461 3811 ejus
1510 3741 1825 3798 excellentia

242 3829 662 3885 commendatur.
688 3828 796 3884 Sed
813 3828 984 3884 Judaei
1002 3828 1295 3898 Christum,
1316 3846 1474 3901 quem
1488 3839 1820 3900 exspectant,

240 3933 415 3988 putum
435 3917 728 3973 hominem
767 3925 1031 3985 asserunt,
1054 3922 1109 3972 et.
1139 3926 1318 3973 tamen
1346 3935 1503 3972 suum
1532 3919 1823 3974 Dominum

240 4006 462 4062 futurum
487 4014 545 4061 et
586 4005 934 4076 singulariter
985 4014 1233 4061 sanctum
1261 4007 1500 4061 credunt.
1530 4007 1639 4063 Sed
1670 4007 1818 4061 Psal-

240 4094 379 4150 mista
406 4096 536 4151 illos
567 4092 888 4163 reprobans,
907 4109 1007 4150 nos
1020 4094 1089 4149 ad
1106 4093 1234 4149 ﬁdei
1264 4094 1521 4166 gaudium
1566 4097 1823 4151 cohorta-

242 4192 332 4251 tur,
344 4185 533 4240 diceus
553 4203 567 4239 :
586 4182 840 4238 Jubilate
856 4183 965 4238 Deo
977 4183 1161 4238 omnis
1179 4186 1354 4251 terra,
1373 4185 1578 4239 servite
1589 4184 1824 4242 Domino

238 4272 293 4325 in
309 4273 535 4328 latitia.
559 4272 781 4327 Intrate
796 4271 1175 4343 infconspectu
1200 4273 1321 4340 eius
1338 4272 1394 4327 in
1410 4272 1821 4341 exsultatione,

241 4361 431 4416 scitote
447 4360 724 4433 quoniam
740 4360 1014 4416 Dominus
1033 4359 1150 4430 ipse
1179 4363 1265 4415 est
1278 4360 1425 4415 Deus
1441 4358 1632 4430 (Psal.
1664 4376 1736 4426 ιο,
1771 4363 1822 4428 1,

243 4452 289 4513 2,
318 4453 391 4517 3).
424 4448 513 4503 Illi
545 4447 844 4504 Dominum
870 4455 1087 4515 vocant,
1110 4448 1203 4517 qui
1224 4449 1369 4502 Deus
1386 4462 1495 4503 non
1523 4448 1613 4502 sit.
1652 4448 1827 4504 Nobis

1940 1888 2173 1945 Verbum
2191 1892 2379 1960 (Joan.
2418 1912 2458 1962 ι,
2478 1895 2553 1963 1).
2576 1896 2632 1950 Si
2654 1911 2783 1965 ergo
2801 1899 2963 1952 etiam
2995 1903 3173 1974 angeli
3196 1907 3512 1964 sanctiﬁcati

1929 1977 2287 2033 credunturiu
2308 1980 2462 2049 Filio,
2487 1982 2658 2039 multo
2686 1986 2865 2056 magis
2896 1987 2964 2042 de
2992 1989 3303 2049 hominibus
3333 1998 3507 2053 credi-

1931 2072 2015 2119 tur
2042 2067 2132 2136 qui
2187 2075 2338 2122 extra
2365 2085 2488 2124 eum
2531 2072 2968 2130 sanctiﬁcationis
2995 2079 3229 2149 gratiam
3276 2082 3519 2143 invenire

1929 2169 2037 2208 non
2064 2164 2307 2223 possunt.

1999 2245 2058 2297 7.
2101 2243 2284 2298 Potest
2311 2246 2472 2299 etiam
2500 2247 2606 2303 hoc
2641 2249 2756 2305 sine
2770 2249 2951 2321 aliqua
2979 2253 3518 2320 subauditioneiutel-

1930 2328 2046 2401 ligi.
2073 2331 2206 2386 Cum
2224 2347 2356 2404 ergo
2372 2333 2528 2389 dicit:
2546 2337 2654 2391 Nec
2671 2342 2756 2393 est
2771 2341 2922 2395 alius
2949 2346 3117 2399 extra
3135 2348 3209 2413 te,
3226 2348 3355 2417 quid
3368 2350 3518 2407 aliud

1929 2417 1985 2471 in
2004 2418 2369 2489 Redemptore
2395 2438 2555 2491 quam
2573 2424 2771 2481 divinae
2787 2429 3031 2485 essentiaa
3050 2431 3513 2493 incommutabili-

1932 2513 2014 2561 tas
2030 2506 2385 2579 designatur?
2404 2511 2556 2566 Unde
2584 2520 2639 2567 et
2683 2515 2883 2570 Iudaeis
2909 2517 3413 2588 blasphemantibus
3435 2528 3518 2582 di-

1932 2595 2009 2687 cit»
2035 2612 2048 2649 :
2078 2596 2409 2687 antequam
2425 2600 2706 2657 Abraham
2731 2604 2895 2672 ﬁeret
2916 2622 3014 2678 ego
3043 2624 3171 2665 sum
3193 2612 3374 2679 (Joan.
3399 2632 3517 2687 vni,

1931 2684 2040 2752 58).
2104 2684 2343 2754 ldipsum
2412 2687 2468 2740 in
2542 2690 2741 2745 Genesi
2826 2694 2994 2765 Moysi
3059 2697 3360 2771 insinuans,
3444 2684 3520 2761 ait

1928 2771 2037 2842 Ego
2084 2788 2209 2828 sum
2266 2776 2362 2845 qui
2415 2792 2537 2832 sum
2601 2779 2801 2847 (Exod.
2874 2796 2955 2851 ιιι,
3011 2786 3120 2855 te).
3202 2788 3319 2845 Deo
3373 2793 3518 2848 enim

1928 2860 2209 2931 unigenito
2238 2878 2355 2917 esse
2384 2870 2464 2917 est
2492 2865 2829 2922 dissimiliter
2873 2886 3155 2943 nunquam
3226 2892 3371 2934 esse.
3413 2879 3517 2948 Qui

1929 2956 2075 3003 certe
2102 2956 2273 3004 status
2329 2960 2476 3007 tanto
2504 2953 2668 3025 longe
2713 2964 2794 3010 est
2835 2973 2868 3011 a
2917 2962 3123 3016 cunctis
3177 2967 3516 3038 mortalibus,

1930 3045 2131 3108 quanto
2150 3038 2350 3094 clarius
2405 3043 2749 3112 cognoscitur
2782 3046 2909 3116 quia
2937 3051 3232 3105 momentis
3286 3054 3517 3128 singulis

1928 3140 2026 3193 per
2044 3126 2215 3181 multa
2234 3128 2525 3183 variantur.
2550 3130 2737 3186 Potest
2765 3132 2871 3188 hoc
2898 3141 2951 3188 et
2979 3135 3047 3189 ad
3070 3135 3295 3205 justitiae
3323 3126 3519 3198 statum

1928 3214 2216 3283 pertinere,
2240 3216 2366 3287 quia
2391 3218 2684 3274 electorum
2732 3235 2848 3276 esse
2877 3230 2957 3276 est
2983 3223 3040 3277 in
3067 3225 3185 3281 Deo
3231 3243 3332 3297 per
3349 3230 3518 3299 justi-

1931 3302 2063 3357 tiam
2092 3319 2333 3362 manere.
2363 3306 2432 3359 Et
2463 3306 2590 3377 quia
2622 3308 2932 3378 unigenitus
2960 3312 3059 3368 Dei
3090 3314 3237 3370 Deus
3253 3325 3350 3386 est,
3370 3329 3523 3376 extra

1931 3405 2055 3445 eum
2085 3406 2193 3446 non
2211 3401 2294 3447 est
2309 3393 2523 3463 aliquis,
2548 3395 2677 3467 quia
2705 3411 2865 3453 nemo
2895 3399 3190 3456 electorum
3219 3406 3319 3459 nisi
3344 3407 3402 3461 in
3428 3409 3522 3478 ip-

1931 3494 1994 3533 so
2019 3487 2118 3533 est.
2152 3479 2309 3547 Quod
2322 3480 2366 3534 si
2396 3482 2656 3537 referetur
2684 3484 2753 3539 ad
2782 3485 3119 3543 divinitatem
3175 3490 3313 3562 ejus,
3346 3502 3405 3550 ut
3431 3513 3522 3552 ne.

1931 3583 2201 3638 quaquam
2231 3568 2563 3625 intellectum
2583 3571 2935 3628 humanitatis
2953 3576 3069 3644 ejus
3096 3588 3338 3650 evacuet,
3389 3584 3523 3654 quia

1924 3656 2105 3725 justus
2125 3673 2241 3712 esse
2261 3661 2371 3726 45
2396 3674 2503 3713 non
2532 3668 2709 3730 potest
2737 3661 2827 3730 qui
2857 3660 3017 3717 ﬁdem
3046 3679 3154 3721 non
3181 3667 3344 3723 habet
3373 3671 3519 3728 divi-

1931 3761 2019 3798 nae
2049 3746 2437 3802 lncarnationis
2469 3766 2482 3813 ;
2513 3749 2683 3804 Judaei
2706 3766 2838 3821 ergo
2868 3752 3100 3820 perhaec
3128 3755 3341 3827 singula
3354 3760 3522 3817 verba

1929 3832 2210 3903 feriuntur,
2234 3836 2345 3907 qui,
2397 3836 2529 3890 dum
2558 3837 2977 3908 Redemptorem
3008 3849 3371 3916 contemnunt,
3404 3850 3523 3904 An-

1932 3921 2230 3977 tichristum
2287 3932 2618 3993 exspectant,
2677 3926 2766 3995 qui
2832 3927 2977 3982 Deus
3023 3945 3131 3984 non
3163 3948 3280 3988 esse
3312 3935 3522 4008 liquido

1932 4009 2338 4079 comprobatur.
2381 4012 2531 4066 Unde
2575 4019 2628 4066 et
2653 4028 2753 4081 per
2779 4013 2997 4071 beatum
3049 4018 3152 4073 Job
3180 4021 3375 4078 dicitur
3416 4027 3523 4083 Ha-

1931 4099 2113 4154 bitent
2128 4098 2192 4151 in
2212 4098 2574 4154 tabernaculo
2595 4101 2717 4170 ejus
2730 4103 2867 4157 socii
2885 4105 3008 4174 ejus
3025 4108 3120 4177 qui
3137 4124 3252 4165 non
3264 4115 3349 4166 est
3369 4112 3515 4182 (Job.

1931 4201 2087 4261 xvm,
2122 4184 2230 4256 l5).
2255 4185 2686 4241 Tabernaculum
2717 4188 3037 4246 Antichristi
3066 4202 3147 4248 est
3174 4210 3327 4251 amor
3355 4200 3522 4268 perfi-

1931 4273 2057 4341 diae,
2086 4289 2194 4343 quo
2225 4271 2348 4327 ﬁdei
2378 4274 2701 4330 contradicit
2729 4276 3124 4348 Redemptoris.
3158 4283 3217 4336 In
3247 4286 3521 4354 quonimi-

1932 4378 2052 4417 rum
2074 4361 2420 4418 tabernaculo
2448 4363 2620 4418 Judaei
2650 4380 2791 4420 nunc
2819 4376 3155 4437 permanent,
3210 4372 3337 4442 quia
3389 4374 3519 4432 dum

1932 4448 2176 4519 perﬁdia
2206 4466 2318 4506 sua;
2348 4450 2509 4504 situm
2537 4460 2784 4508 amanter
2813 4453 3132 4525 inhabitant,
3193 4467 3380 4517 contra
3408 4463 3521 4520 Re-

244 4550 364 4609 ergo
388 4536 761 4606 jubilandum,
792 4534 951 4590 nobis
977 4535 1035 4588 in
1076 4534 1263 4589 laetitia
1316 4535 1680 4604 serviendum,
1734 4535 1825 4605 qui
1851 4528 1910 4591 D
1940 4538 2279 4607 demptorem
2308 4547 2574 4611 pugnant.
2607 4537 2711 4608 Qui
2729 4541 2891 4596 etiam
2919 4542 3035 4611 ejus
3062 4544 3155 4616 qui
3183 4563 3293 4603 non
3320 4560 3403 4607 est
3430 4569 3526 4610 so-

246 4625 397 4679 talem
428 4625 702 4679 habemus
730 4623 1043 4691 Dominum,
1076 4622 1204 4694 quia
1231 4623 1393 4678 etiam
1414 4624 1558 4679 Deus
1571 4624 1834 4680 veraciter

247 4713 509 4781 credatur,
540 4713 638 4783 qui
669 4712 1009 4781 majestatem
1037 4710 1352 4777 divinitatis,
1384 4726 1548 4782 quam
1577 4711 1633 4766 in
1660 4728 1719 4767 se
1738 4728 1829 4767 as-

247 4803 423 4871 seruit,
464 4800 948 4872 incomparabilius
994 4799 1271 4855 miraculis
1285 4800 1686 4869 comprobavit.
1726 4800 1833 4869 Qui

248 4905 375 4964 ergo
403 4889 743 4947 invisibilem
772 4889 894 4959 ejus
921 4888 1257 4946 divinitatem
1286 4887 1831 4960 abnegaut,patenti-

243 4978 336 5033 bus
363 4979 624 5050 aperibus
651 4978 900 5033 credant.
939 4976 1050 5033 Sed
1078 4993 1242 5046 quam
1270 4978 1410 5032 mira
1455 4978 1711 5033 sanctitas
1737 4978 1833 5033 illa

244 5076 334 5137 est,
352 5085 474 5140 qua:
495 5074 813 5138 peccatores
832 5064 1134 5122 sanctiﬁcat
1147 5066 1177 5119 ‘l
1196 5065 1350 5122 Unde
1389 5072 1442 5121 et
1469 5065 1537 5121 de
1558 5065 1833 5135 peccatri-

242 5172 300 5213 ce
315 5157 543 5212 muliere
558 5154 717 5211 dicit:
736 5155 1136 5211 Remittuntur
1158 5155 1212 5210 ei
1225 5157 1459 5226 peccata
1473 5156 1682 5219 multa.
1702 5171 1828 5227 quo-

244 5245 393 5299 niam
411 5243 885 5300 dilexitmultum
900 5242 1062 5309 (Luc.
1094 5256 1192 5311 vn,
1216 5242 1325 5311 47).
1358 5242 1510 5297 Hanc
1555 5242 1831 5297 excellen-

245 5332 366 5386 tiam
382 5331 703 5400 sanctitatis,
734 5331 829 5386 illa
845 5330 901 5385 in
915 5330 1061 5386 ﬂuxu
1101 5329 1378 5402 sanguinis
1395 5330 1571 5398 posita
1603 5346 1833 5403 cognos-

246 5435 383 5488 sem,
397 5420 490 5475 ait:
509 5420 573 5475 Si
588 5422 822 5493 tetigero
837 5420 924 5476 vel
939 5420 1224 5488 ﬁmbriam
1242 5419 1567 5476 vestimenti
1582 5419 1834 5492 ejus,sal-

251 5524 438 5566 mucro
454 5508 678 5580 (Hatth.
703 5508 894 5577 11,21).
910 5506 1018 5564 Sed
1038 5508 1159 5578 quis
1182 5506 1347 5564 ﬁdem
1366 5509 1480 5578 ejus
1504 5508 1831 5579 assereret,si

251 5595 465 5655 eiectus
491 5596 617 5653 ﬁdei
638 5611 752 5654 non
766 5596 1179 5667 pateret?Nam
1212 5604 1273 5653 ut
1310 5596 1687 5655 vestimentum
1716 5597 1834 5669 ejus

1938 4626 2008 4683 cii
2057 4642 2173 4683 esse
2227 4628 2550 4697 referuntur,
2573 4628 2700 4698 quia
2728 4629 2784 4683 in
2809 4631 3089 4701 proposito
3118 4650 3217 4690 suo
3246 4636 3524 4697 diabolum

1941 4714 2217 4784 adjuvant,
2267 4716 2377 4786 qui,
2402 4716 2534 4770 dum
2563 4732 2596 4770 a
2623 4733 2848 4773 summa“:
2876 4718 3023 4774 illius
3052 4725 3297 4780 essentiae
3340 4742 3525 4786 amore

1942 4804 2158 4871 corruit,
2204 4818 2388 4860 verum
2447 4820 2573 4859 esse
2600 4804 2848 4875 protinus
2880 4808 3082 4865 amisit.
3114 4810 3213 4866 Cui
3268 4813 3530 4873 nimirum

1940 4907 2050 4947 non
2069 4907 2188 4945 esse
2218 4900 2300 4945 est
2329 4892 2397 4945 ab
2426 4908 2694 4947 summam
2715 4892 2865 4948 illam
2883 4894 3097 4952 beatam
3128 4902 3415 4957 essentiam
3430 4920 3532 4975 per

1941 4979 2141 5035 amoris
2191 4979 2660 5048 participationem
2716 4984 2914 5039 reverti
2968 5001 3075 5041 non
3102 5003 3286 5057 posse.
3321 4992 3529 5064 thuia

1938 5066 2249 5123 Judaeorum
2276 5067 2529 5137 populus,
2552 5083 2661 5124 non
2689 5071 2864 5125 solum
2894 5073 3119 5130 arduam
3140 5085 3353 5149 patrum
3383 5087 3531 5135 veto.

1939 5172 2059 5211 rum
2088 5156 2573 5226 conversationem,
2605 5156 2699 5212 sed
2718 5158 2880 5213 etiam
2916 5163 3297 5219 miraculorum
3343 5173 3527 5221 osten-

1942 5247 2149 5302 sionem
2179 5246 2250 5301 ad
2280 5254 2629 5317 augmentum
2659 5247 2907 5303 elationis
2935 5251 3138 5319 habuit,
3159 5253 3409 5309 subditur
3440 5272 3453 5309 :

2013 5336 2186 5405 (Vers.
2212 5335 2292 5407 2.)
2327 5337 2396 5391 Et
2415 5350 2531 5391 non
2562 5339 2649 5392 est
2675 5338 2844 5407 fortis
2870 5338 3021 5392 sicut
3048 5338 3194 5395 Deus
3222 5347 3441 5402 noster.

2011 5421 2064 5479 8.
2096 5419 2266 5484 Quasi
2279 5420 2517 5477 inaniter
2540 5421 2862 5492 gloriantem
2880 5420 3127 5477 Judaeum
3156 5428 3434 5498 reprimat,
3449 5430 3533 5487 di-

1941 5523 2072 5566 cens
2103 5526 2117 5565 :
2141 5508 2294 5578 Quos
2322 5504 2726 5581 magnafecisse
2741 5504 2951 5575 astruis,
2980 5508 3105 5577 puri
3133 5511 3381 5569 homines
3409 5514 3532 5573 fue-

1941 5603 2066 5653 runt
2086 5608 2101 5667 ;
2121 5610 2278 5667 quem
2288 5592 2555 5667 praedico,
2576 5604 2686 5647 non
2705 5588 2883 5646 solum
2894 5590 3059 5651 homo
3077 5605 3300 5657 sanctus
3312 5597 3536 5671 fuit,sed
