4062 6182
448 376 524 432 6'7-
1639 352 1884 415 SANCTI
1922 345 2265 407 GREGORII
2303 350 2540 407 MAGNI
3671 358 3738 412 6⁸

445 500 607 556 etiam
635 503 829 566 potens
858 491 1022 546 Deus.
1042 489 1185 543 Dum
1203 498 1333 555 ergo
1353 480 1612 537 fortitudo
1633 478 1931 566 respicitur,
1947 491 2039 532 ex-
2067 474 2122 535 A
2153 473 2525 566 sua.I_JndeAet
2542 491 2612 530 ex
2630 475 2816 548 seipso
2831 483 3045 566 potens,
3090 476 3394 548 paralytico
3443 477 3734 550 imperans,

447 564 692 642 cellentia
721 581 1014 645 indicatur,
1073 575 1200 648 quia
1236 572 1489 627 nimirum
1549 567 1768 624 omnino
1825 564 2038 619 inﬁrma

449 682 530 730 est
554 671 730 728 omnis
758 665 1013 724 fortitudo
1045 662 1282 720 hominis
1312 660 1365 714 in
1421 657 1829 727 comparatione
1855 654 2039 709 deita-

449 764 542 818 tis.
574 761 694 829 Quo
727 767 908 813 tamen
936 756 991 808 in
1011 754 1133 809 loco
1155 750 1382 806 assertio
1412 746 1707 801 divinitatis
1723 760 1831 799 non
1849 740 2045 813 probat

450 848 826 907 excellentiam
857 843 1054 914 operis,
1079 840 1174 896 sed
1192 835 1686 906 incomparabilitas
1714 830 2045 888 fortitudinis

449 937 684 994 ostendit
739 933 1014 988 veritatem
1084 927 1317 983 deitatis.
1378 923 1544 992 Quasi
1591 923 1784 978 dicat:
1822 921 1882 974 In
1937 919 2046 974 hoc

453 1023 804 1097 cognoscitur
828 1020 916 1089 qui
947 1033 1076 1073 vera
1091 1014 1332 1085 protulit,
1353 1012 1480 1082 quia
1518 1009 1776 1065 deitatem
1797 1023 1959 1079 quam
1986 1007 2046 1097 in

455 1132 514 1170 se
531 1095 770 1167 asseruit
809 1104 1290 1174 incomparabilius
1338 1100 1593 1170 operibus
1647 1095 2041 1166 comprobavit.

456 1202 610 1260 Unde
630 1216 730 1270 per
760 1197 1111 1266 semetipsum
1132 1192 1262 1248 dicit
1282 1206 1295 1246 :
1317 1191 1375 1245 Si
1401 1205 1568 1261 Opera
1581 1203 1694 1243 non
1706 1188 1968 1257 fecissem
1984 1186 2046 1239 in

460 1293 562 1356 eis,
595 1304 717 1361 quia
738 1299 904 1342 nemo
928 1284 1078 1339 alius
1097 1281 1256 1352 fecit,
1285 1281 1586 1350 peccatum
1625 1291 1742 1331 non
1775 1273 2046 1330 haberent

460 1377 647 1450 (Joan.
670 1392 765 1443 xv,
795 1375 889 1442 24)
909 1374 1026 1426 lam
1043 1385 1173 1426 vero
1202 1368 1320 1439 ipsa
1348 1381 1515 1436 opera
1530 1363 1867 1420 discutienda
1891 1371 2041 1417 sunt.

456 1469 670 1539 Moyses
686 1479 838 1519 mare
857 1460 1056 1528 (Exod.
1092 1475 1202 1524 x1v,
1231 1457 1338 1525 12),
1370 1454 1554 1510 Helias
1611 1453 1810 1507 flumen
1865 1451 2050 1506 divisit

459 1556 557 1626 (ιν
583 1557 708 1624 Reg.
741 1566 806 1616 ιι,
828 1553 882 1620 8)
915 1568 930 1616 ;
963 1546 1225 1604 Dominus
1255 1552 1440 1599 noster
1487 1542 1649 1598 Jesus
1704 1556 1867 1611 super
1895 1555 2050 1595 mare

461 1637 992 1707 ambulavit(Matth.
1019 1651 1131 1702 xtv,
1157 1636 1269 1700 24).
1303 1631 1446 1701 Quid
1473 1647 1605 1702 ergo
1623 1637 1706 1686 est
1747 1629 2050 1701 elegantius

461 1733 515 1787 in
544 1731 688 1786 sicco
717 1726 969 1798 profundi
990 1726 1146 1780 alveo
1165 1724 1310 1778 viam
1335 1719 1624 1775 transeunti
1653 1719 1853 1790 populo
1884 1717 2046 1772 exhi-

2147 563 2252 618 ait:
2280 561 2407 618 Tibi
2435 564 2576 631 dico,
2599 580 2762 636 surge
2779 565 3001 635 (Matth.
3027 581 3102 635 ix,
3134 567 3208 634 6).
3233 566 3369 621 Hinc
3388 566 3551 622 etiam
3565 568 3734 639 scrip-

2149 659 2259 706 tum
2298 660 2410 706 est:
2433 651 2708 723 Quotquot
2751 655 3062 723 tangebant
3093 670 3242 720 eum,
3289 656 3436 712 salvi
3465 656 3676 725 ﬁebant
3699 674 3737 712 a

2151 756 2476 812 quocunque
2525 742 2793 812 languore
2831 743 3171 798 tenebantur
3211 743 3402 812 (Marc.
3445 746 3649 815 vn,56).
3670 747 3740 802 Et

2153 829 2345 883 iterum
2377 847 2393 885 :
2421 832 2607 886 Virtus
2648 831 2714 886 de
2770 832 2871 888 illo
2917 833 3130 901 exibat,
3166 835 3223 888 et
3253 832 3496 889 sanabat
3525 850 3659 890 omn
3685 850 3745 892 es

2153 918 2307 986 (Luc.
2341 933 2419 986 vr,
2451 920 2524 986 9).
2550 919 2664 975 Hoc
2692 935 2928 991 namque
2957 920 3174 991 insigne
3229 920 3579 990 fortitudinis,
3635 938 3740 980 nec

2153 1007 2383 1077 Moyses,
2417 1022 2518 1064 nec
2543 1007 2729 1062 Helias
2757 1008 2961 1065 habere
2990 1010 3180 1080 potuit,
3207 1017 3286 1079 ut,
3310 1010 3440 1065 dum
3470 1010 3747 1084 incompa-

2154 1094 2346 1148 rabilia
2367 1095 2960 1167 signainnotescerent,
2995 1098 3284 1154 adventum
3305 1099 3566 1171 unigeniti
3586 1117 3743 1172 aper-

2156 1183 2360 1238 tissime
2389 1184 2756 1256 designarent.
2803 1187 2971 1243 Recte
3027 1203 3160 1260 ergo
3210 1197 3471 1260 perpetuo
3528 1190 3744 1245 silentio

2155 1272 2456 1340 damnatur,
2481 1289 2604 1328 cum
2619 1273 2865 1328 subditur
2896 1290 2910 1329 :

2229 1363 2404 1430 (Vers.
2441 1363 2518 1430 3.)
2568 1363 2750 1419 Nolite
2796 1365 3188 1436 multiplicare
3234 1367 3384 1439 loqui
3449 1370 3739 1429 sublimia.

2159 1449 2435 1507 Recedant
2466 1455 2656 1507 vetera
2685 1452 2752 1508 de
2782 1468 2876 1508 ore
2903 1457 3114 1510 vestro.

2227 1543 2278 1594 9.
2313 1539 2477 1607 Quasi
2506 1540 2652 1596 dicat
2684 1555 2697 1595 :
2732 1542 2871 1596 Dum
2893 1541 3394 1614 incomparabiliter
3408 1561 3551 1604 nova
3569 1550 3745 1606 cemi-

2158 1629 2244 1695 tis,
2279 1635 2433 1700 gesta
2462 1627 2804 1700 antiquorum
2820 1631 3315 1701 reprehensibiliter
3331 1633 3550 1691 effertis.
3572 1637 3745 1707 Quasi

2156 1717 2297 1770 enim
2327 1717 2519 1771 umbra
2548 1719 2642 1772 illa
2669 1728 3076 1787 praecesserant.
3109 1720 3215 1776 Sed
3245 1739 3387 1780 nunc
3416 1725 3600 1794 palam
3629 1729 3742 1783 veri

463 1822 609 1888 bere,
644 1835 710 1872 an
727 1817 903 1886 ipsam
925 1814 1090 1868 maris
1104 1812 1298 1867 faciem
1318 1810 1462 1865 viam
1480 1808 1802 1865 facere‘nlli
1820 1808 2044 1879 quippe,
2077 1821 2131 1884 Β
2159 1803 2344 1860 ﬁdeles
2370 1806 2488 1862 hinc
2519 1807 2895 1877 Redemptoris
2941 1809 3112 1864 nostri
3159 1825 3325 1880 opera
3367 1815 3749 1872 venerabiliter

462 1909 592 1980 quia
620 1904 972 1961 humanitatis
1028 1899 1468 1970 deprimebantur
1512 1897 1773 1966 pondere,
1807 1895 1861 1950 in
1914 1911 2047 1966 pro-

464 1997 612 2052 fundi
645 1993 818 2049 solido
837 1992 983 2047 viam
1002 2005 1105 2059 qua
1119 1993 1410 2059 pergerent
1430 1985 1780 2056 requirebant
1803 1999 1816 2053 ;
1842 1983 1938 2039 sed
1957 1985 2049 2054 qui

464 2083 675 2138 inﬁrma
705 2083 956 2136 humanae
991 2086 1195 2132 naturae
1225 2078 1278 2130 in
1325 2075 1700 2130 celsitudinem
1755 2074 2053 2128 divinitatis

467 2171 821 2241 assumpsisse
851 2167 1218 2240 cognoscitur,
1271 2180 1434 2234 super
1484 2179 1652 2232 aquas
1679 2163 1874 2217 virtute
1922 2178 2053 2232 pro-

467 2262 583 2334 pria
607 2259 895 2314 ferebatur.
916 2258 1127 2326 Moyses
1154 2254 1221 2308 de
1240 2253 1510 2308 consortio
1540 2252 1807 2305 sermonis
1841 2250 2056 2305 Domini

467 2349 810 2421 splendorem
840 2344 1020 2400 vultus
1049 2341 1279 2397 obtinuit
1298 2340 1499 2412 (Exod.
1531 2353 1728 2407 xxxxv,
1753 2339 1865 2410 29),
1890 2338 2058 2394 Josue

467 2436 801 2494 orationibus
816 2433 985 2488 solem
1007 2431 1120 2485 fixit
1135 2429 1325 2498 (Josue
1346 2446 1400 2494 x,
1423 2428 1509 2494 12,
1532 2430 1618 2495 t3)
1635 2442 1647 2493 ;
1665 2427 1756 2482 sed
1775 2428 1900 2496 quia
1914 2429 2058 2482 Deus

471 2534 550 2582 est
577 2525 752 2591 Jesus,
781 2536 965 2576 coram
1002 2517 1287 2586 discipulis
1317 2517 1372 2570 in
1404 2517 1534 2570 solis
1558 2516 1756 2570 virtute
1805 2515 2056 2586 resplen-

471 2614 603 2669 duit.
623 2611 685 2666 In
699 2610 844 2664 illius
865 2607 1061 2664 faciem
1077 2605 1170 2660 filii
1186 2606 1355 2661 Israel
1373 2605 1649 2660 intendere
1666 2621 1773 2660 non
1790 2612 2056 2674 poterant,

473 2701 628 2758 istius
657 2699 888 2772 gloriam
919 2696 1011 2768 qui
1037 2703 1349 2751 meruerunt
1376 2711 1598 2750 cernere
1644 2696 1973 2760 ceciderunt,
2006 2701 2063 2748 ut

471 2798 656 2861 aperte
667 2801 1027 2859 cognosceres
1044 2785 1170 2854 quia
1181 2784 1422 2839 divinum
1435 2785 1694 2839 existeret
1710 2799 1816 2853 quo
1830 2785 2064 2837 humana

476 2878 743 2934 transiret.
767 2875 923 2942 Huic,
943 2875 996 2928 in
1013 2881 1203 2928 monte
1224 2873 1333 2927 illis
1347 2873 1740 2940 assistentibus,
1762 2871 1830 2927 ab
1859 2880 2064 2927 aeterno

475 2969 632 3022 Patre
648 2965 844 3020 dicitur
858 2983 870 3018 :
891 2965 988 3019 Hie
1003 2966 1089 3018 est
1102 2963 1280 3017 Filius
1294 2977 1451 3016 meus
1463 2961 1634 3016 dilect
1641 2962 1796 3026 us,in
1809 2977 1914 3033 quo
1925 2961 2066 3015 mihi

475 3053 1002 3127 eomplacui,ipsum
1019 3049 1213 3106 audite
1226 3049 1445 3119 (Matth.
1466 3065 1596 3117 xvu,
1613 3053 1664 3118 5,
1685 3048 1762 3114 6).
1784 3050 1848 3103 Et
1863 3049 2065 3104 idcirco

478 3143 642 3199 etiam
694 3140 896 3206 Helias,
962 3138 1059 3208 qui
1088 3153 1155 3192 ne
1183 3138 1393 3207 plueret
1443 3137 1637 3192 coelum
1683 3137 1896 3204 clausit,
1930 3144 1982 3192 et
2008 3144 2066 3191 ut
2095 3169 2145 3232 Ο

479 3231 690 3301 plueret
731 3228 1008 3283 reseravit
1062 3227 1172 3295 (III
1197 3227 1324 3297 Reg.
1359 3241 1494 3294 xvn,
1524 3227 1576 3296 1)
1607 3225 1661 3280 in
1691 3226 1809 3295 ejus
1836 3241 2066 3294 compa-

481 3319 690 3374 ratione
718 3317 850 3388 quid
880 3323 962 3370 est
983 3315 1074 3387 qui
1107 3315 1304 3385 apertis
1358 3314 1527 3380 caelis,
1562 3315 1781 3369 Patrem
1832 3314 2070 3369 exhibuit

483 3414 676 3462 testem
698 3421 809 3459 sua;
831 3404 1028 3460 divinae
1045 3403 1414 3475 generationis
1429 3403 1456 3455 ‘?
1475 3403 1596 3458 Non
1627 3407 1714 3458 est
1743 3418 1873 3473 ergo
1903 3403 2070 3473 fortis

481 3495 849 3561 utDominus,
869 3493 999 3564 quia
1017 3490 1275 3562 quidquid
1299 3491 1509 3545 virtutis
1531 3492 1748 3560 Moyses
1786 3491 2070 3546 ostendere

481 3585 678 3654 potuit,
702 3581 980 3649 Dominus,
1011 3596 1120 3636 non
1150 3580 1270 3648 ipse
1300 3579 1444 3634 fecit.
1479 3580 1630 3634 Jesus
1658 3583 1838 3634 autem
1891 3581 2073 3634 omnia

487 3688 609 3743 quae
627 3671 761 3725 mire
788 3669 957 3740 gessit
986 3667 1206 3738 propria
1231 3667 1426 3722 virtute
1449 3667 1710 3734 exhibuit,
1741 3667 1868 3738 quia
1891 3667 2074 3723 Domi-

486 3774 590 3814 nus
619 3761 784 3813 etiam
818 3757 983 3826 Moysi
1014 3756 1130 3810 fuit.
1168 3756 1296 3810 Non
1326 3755 1468 3810 enim
1499 3757 1714 3826 Moyses
1744 3757 1945 3826 populo
1963 3772 2078 3825 per-

487 3849 703 3904 deserta
734 3845 1022 3917 gradienti,
1055 3843 1154 3899 sed
1184 3844 1447 3898 Dominus
1492 3860 1690 3900 manna
1716 3844 2071 3915 pluit(Exod.

487 3951 600 4005 xvr,
635 3935 719 4003 13,
739 3935 896 4004 seq.).
925 3933 1047 3987 Non
1076 3933 1306 4002 Moyses,
1341 3932 1438 3987 sed
1469 3933 1735 3987 Dominus
1753 3933 1808 3987 in
1825 3934 2079 3989 columna

488 4024 630 4097 ignis
656 4039 757 4093 per
775 4030 1012 4090 noctem,
1031 4029 1084 4076 et
1104 4021 1266 4076 nubis
1287 4021 1342 4074 in
1371 4021 1479 4089 die,
1509 4023 1769 4092 populum
1799 4023 2082 4093 praecessit

489 4113 674 4185 (Ibid.,
696 4127 807 4180 xw,
835 4111 1081 4180 19).Non
1106 4110 1338 4180 Moyses,
1375 4109 1473 4164 sed
1521 4110 1747 4165 verbum
1783 4111 1930 4182 quod
1972 4110 2082 4166 fac-

491 4210 601 4257 tum
623 4209 707 4255 est
730 4199 798 4254 ad
815 4215 958 4267 eum,
978 4214 1179 4268 aquam
1202 4198 1270 4253 de
1291 4213 1428 4268 rupe
1446 4198 1704 4269 produxit
1742 4199 1902 4268 (Ibid.
1941 4214 2077 4266 xvn,

491 4291 566 4360 6).
598 4290 721 4345 Non
750 4289 984 4358 Moyses,
1003 4287 1099 4342 sed
1117 4287 1378 4341 Dominus
1413 4286 1658 4342 volatilia
1691 4286 2084 4355 concupiscen-

493 4379 634 4434 tibus
664 4376 907 4433 exhibuit
948 4375 1104 4444 (Ibid.
1137 4391 1248 4440 xvr,
1283 4375 1390 4442 1'1).
1431 4373 1582 4428 Unde
1609 4381 1662 4428 et
1683 4374 1945 4429 Dominus
1981 4375 2078 4428 Ju-

489 4468 641 4523 daaos
661 4466 714 4520 in
727 4473 940 4534 patrum
958 4462 1268 4517 fortitudine
1283 4461 1576 4532 gloriantes
1588 4477 1644 4516 re
1649 4461 2042 4532 primit,dicens
2064 4478 2077 4516 :

492 4519 949 4625 lthMogses,sed
961 4553 1039 4605 Pa
1047 4557 1131 4606 ter
1140 4519 1316 4605 mea;
1313 4547 1473 4604 dedit
1484 4549 1631 4604 vobis
1642 4519 1852 4620 panem
1865 4550 1932 4606 de
1943 4551 2081 4606 cwlo
2107 4519 2162 4580 D

495 4641 999 4716 (Joan.v1,32).46
1019 4639 1154 4693 Hinc
1186 4637 1470 4692 Psalmista
1489 4653 1598 4692 non
1616 4639 2084 4709 Moyseninaniter

496 4731 745 4798 efferens,
770 4728 864 4783 sed
894 4726 1190 4782 Dominum
1209 4725 1556 4781 laudabiliter
1583 4727 1872 4795 extollens,
1906 4727 2034 4783 dicit
2066 4745 2080 4782 :

495 4816 950 4877 Fecitmirabilia
967 4815 1029 4870 in
1062 4819 1218 4871 terra
1247 4815 1488 4886 Egypti,
1507 4816 1569 4869 in
1588 4832 1782 4888 campo
1816 4816 2082 4882 Thaneos,

498 4906 819 4977 interrupit
863 4919 1038 4969 mare,
1074 4906 1131 4958 et
1168 4903 1446 4975 perduxit
1472 4918 1582 4972 eos,
1614 4907 1670 4960 et
1690 4906 1896 4961 statuit
1913 4921 2088 4976 aquas

499 4995 659 5070 quasi
677 4995 741 5048 in
758 4995 904 5048 utre.
924 4991 1144 5046 Eduxit
1161 5005 1250 5046 eos
1269 4991 1333 5044 in
1355 4991 1498 5047 nube
1515 4991 1651 5057 diei,
1683 4996 1739 5048 et
1769 4996 1889 5048 tota
1924 4999 2087 5048 nocte

498 5088 563 5142 in
580 5081 1008 5139 illuminatione
1023 5079 1190 5149 ignis.
1210 5077 1429 5134 Eduxit
1441 5096 1643 5151 aquam
1657 5080 1722 5136 de
1731 5084 1920 5151 petra,
1934 5085 1988 5135 el
2007 5079 2090 5135 de-

498 5175 670 5233 duxit
687 5175 954 5242 tanquam
970 5168 1212 5236 ﬂumina
1227 5183 1424 5237 aquas.
1439 5169 1508 5222 Et
1525 5167 1822 5224 mandavit
1847 5170 2089 5226 nubibus

501 5263 759 5334 desuper,
782 5262 839 5316 et
843 5260 1058 5327 ianuas
1078 5256 1203 5312 caeli
1218 5257 1464 5327 aperuit,
1488 5259 1544 5311 et
1561 5257 1713 5328 pluit
1735 5258 1853 5313 illis
1878 5275 2090 5315 manna

501 5351 573 5407 ad
587 5347 1074 5414 manducandum,
1094 5349 1152 5402 et
1169 5345 1321 5418 pluit
1337 5360 1508 5416 super
1525 5360 1616 5400 eos
1635 5347 1787 5403 sicut
1797 5348 2089 5419 pulverem

501 5453 721 5506 carnes,
769 5441 826 5493 et
870 5436 1018 5492 sicut
1055 5450 1295 5490 arenam
1348 5436 1526 5490 maris
1546 5435 1803 5491 volatilia
1827 5442 2084 5508 pennata

503 5527 674 5598 (Psal.
694 5539 904 5592 uxvn,
923 5524 1011 5592 η,
1032 5525 1189 5596 seq.).
1226 5522 1492 5579 Dominus
1519 5529 1696 5578 autem
1718 5524 1882 5580 Jesus
1931 5526 2080 5582 fortis

502 5610 1000 5684 incomparabiliter
1017 5626 1130 5668 non
1143 5611 1201 5668 in
1216 5611 1395 5669 aliena
1408 5610 1608 5670 virtute
1622 5614 1895 5684 apparuit,
1913 5614 2012 5672 sed
2026 5614 2081 5671 in

2162 1894 2408 1960 adorant,
2440 1894 2568 1966 quia
2595 1896 2740 1966 quod
2770 1896 3123 1952 umbrabatur
3149 1899 3223 1954 ibi
3249 1902 3604 1960 occultatione
3651 1921 3746 1960 sa-

2159 1983 2438 2049 cramenti,
2486 1983 2542 2036 in
2581 1983 2813 2039 adventu
2873 1987 3246 2056 Redemptoris
3289 1993 3485 2060 patuit,
3515 2009 3749 2064 exspec-

2163 2078 2302 2125 tasse
2331 2086 2528 2142 corpus
2557 2071 2858 2128 revelandaa
2887 2075 3148 2130 veritatis.
3179 2078 3322 2149 Ergo
3354 2080 3397 2133 si
3427 2081 3492 2135 ad
3511 2097 3650 2137 nova
3667 2099 3747 2137 re-

2164 2160 2420 2228 ferantur,
2454 2168 2635 2216 vetera
2665 2177 2772 2216 non
2800 2171 2938 2228 sunt,
2967 2164 3094 2233 quia
3119 2165 3172 2219 in
3203 2166 3404 2236 Spiritu
3443 2179 3628 2226 sancto
3659 2172 3750 2226 in—

2165 2249 2392 2316 tellecta,
2425 2256 2742 2304 vetustatem
2791 2251 3027 2320 aliquam
3070 2269 3178 2309 non
3221 2256 3505 2326 recipiunt.
3537 2259 3617 2314 De
3659 2261 3755 2316 illo

2167 2336 2368 2406 quippe
2396 2346 2689 2393 renovante
2714 2340 2892 2394 omnia
2924 2341 3133 2410 spiritu,
3169 2343 3451 2399 Psalmista
3485 2355 3751 2417 precatur,

2165 2425 2351 2480 dicens
2374 2444 2385 2479 :
2406 2427 2615 2482 Emitte
2629 2427 2911 2498 Spiritum
2928 2433 3094 2485 tuum
3115 2434 3172 2486 et
3188 2432 3558 2504 creabantur,
3583 2441 3639 2492 et
3661 2453 3755 2493 re-

2167 2514 2394 2570 novabis
2406 2515 2614 2583 faciem
2628 2520 2795 2572 terrae
2811 2518 2980 2588 (Psal.
3001 2535 3113 2587 cm,
3130 2521 3238 2589 30).
3257 2521 3450 2578 Vetera
3466 2540 3598 2596 ergo
3615 2532 3756 2593 sunt,

2169 2602 2214 2656 si
2258 2602 2632 2673 Redemptoris
2669 2605 2923 2674 operibus
2961 2609 3345 2680 conferantur;
3379 2611 3474 2667 sed
3521 2629 3640 2668 cum
3691 2614 3761 2669 ad

2170 2689 2536 2746 confirmanda
2566 2693 2683 2748 hsce
2714 2693 3034 2762 spiritaliter
3061 2697 3156 2751 illa
3184 2699 3528 2770 proferimus,
3555 2717 3620 2758 eo
3650 2703 3762 2773 spi-

2171 2780 2273 2834 ritu
2294 2795 2400 2852 quo
2422 2783 2537 2836 haec
2553 2781 2906 2852 intelligimus
2928 2783 3022 2838 illa
3042 2795 3385 2842 renovantur.
3407 2789 3604 2846 Sancta
3625 2807 3758 2862 ergo

2173 2869 2414 2924 Ecclesia
2443 2869 2572 2924 dum
2601 2870 2818 2926 Judzeos
2847 2873 2914 2927 de
2942 2881 3183 2928 veterum
3225 2877 3530 2933 narratione
3575 2895 3766 2948 repre-

2175 2957 2378 3026 hendit,
2411 2959 2539 3027 quid
2567 2959 2712 3014 aliud
2744 2977 2905 3030 quam
2931 2977 3025 3017 eos
3051 2970 3170 3018 acta
3197 2964 3410 3019 Patrum
3461 2967 3764 3036 spiritualia

2173 3047 2472 3129 carnaliter.
2501 3047 2802 3120 intelligere
2850 3049 3208 3122 designatur?
3239 3052 3528 3127 Synagoga
3564 3056 3762 3111 etenim

2175 3144 2366 3191 contra
2394 3145 2636 3192 sanctam
2666 3135 2969 3193 Ecclesiam
3000 3155 3056 3194 se
3095 3147 3243 3195 tanto
3291 3144 3544 3198 temerius
3584 3144 3764 3216 erigit,

2176 3232 2376 3294 quanto
2405 3225 2544 3296 legis
2570 3233 2623 3279 et
2649 3227 3038 3296 prophetarum
3069 3229 3292 3283 scientia
3338 3231 3620 3300 superbius
3663 3248 3763 3287 ex-

2177 3313 2399 3381 tollitur,
2425 3329 2588 3384 quam
2605 3315 2714 3368 suis
2742 3315 2987 3383 patribus
3012 3315 3267 3371 divinitus
3289 3318 3627 3389 inspiratam,
3662 3321 3764 3374 sibi

2179 3410 2357 3456 autem
2389 3402 2737 3456 materialiter
2764 3403 3061 3458 exhibitam
3089 3405 3296 3462 didicit.
3319 3407 3470 3462 Unde
3489 3408 3732 3479 sequitur
3756 3424 3769 3464 :

2179 3491 2364 3545 Nolite
2383 3491 2767 3560 multiplicare
2791 3491 2940 3563 loqui
2959 3493 3244 3560 sublimia,
3264 3496 3596 3565 gloriantes.
3617 3497 3684 3550 Et
3714 3503 3773 3550 ut

2183 3585 2384 3632 tumere
2395 3577 3160 3650 desinant,subjungit,dicens
3177 3599 3188 3636 :
3209 3583 3489 3639 Recedant
3503 3588 3692 3640 vetera
3703 3585 3770 3640 de

2181 3683 2274 3723 ore
2305 3670 2508 3723 vestro.
2540 3667 2660 3721 lam
2687 3668 2888 3738 quippe
2918 3670 2967 3723 ei
2997 3678 3179 3725 vetera
3207 3680 3344 3738 sunt,
3381 3689 3521 3743 qum,
3549 3681 3608 3728 ut
3636 3673 3769 3741 dixi,

2183 3770 2281 3824 per
2304 3763 2654 3810 renovantam
2694 3756 2944 3825 spiritum
2972 3773 3078 3812 non
3109 3759 3499 3832 intelliguntur.
3533 3761 3662 3817 Tale
3692 3769 3776 3816 est

2185 3842 2351 3914 igitur
2377 3859 2441 3899 ac
2469 3843 2512 3897 si
2542 3843 2682 3899 dicat
2715 3862 2728 3898 :
2762 3845 2999 3918 Dignum
3027 3854 3110 3902 est
3136 3848 3208 3902 ub
3238 3847 3308 3903 ab
3355 3865 3542 3904 eorum
3581 3865 3772 3904 narra-

2187 3931 2332 3986 tione
2361 3932 2539 4001 sileas,
2559 3949 2788 4004 quorum
2809 3950 2979 3990 novos
3000 3943 3052 3989 et
3065 3936 3380 4005 splendidos
3397 3954 3588 3992 sensus
3609 3939 3773 4010 igno-

2188 4034 2293 4074 ras.
2319 4019 2452 4089 Quae
2483 4021 2736 4076 nimirum
2763 4023 2859 4077 etsi
2890 4023 3160 4079 subtiliter
3201 4025 3477 4098 intelligis,
3513 4035 3777 4082 tumorem

2187 4109 2508 4180 arrogantiae
2538 4109 2632 4163 tibi
2662 4118 2920 4179 praestare
2940 4128 3046 4166 non
3065 4112 3279 4181 debent,
3295 4115 3421 4185 quia
3441 4116 3586 4170 Deus
3608 4117 3781 4172 scien-

2190 4198 2383 4250 tiarum
2413 4198 2678 4252 Dominus
2705 4206 2801 4253 est.
2831 4199 3164 4270 Redemptor
3193 4203 3395 4273 quippe
3423 4205 3643 4258 humani
3675 4221 3780 4277 ge-

2187 4284 2348 4352 neris,
2382 4285 2505 4354 quia
2544 4286 2736 4340 summi
2787 4288 2958 4342 Patris
2999 4297 3078 4343 est
3116 4290 3375 4358 Verbum,
3408 4292 3672 4347 Dominus
3700 4301 3782 4348 est

2189 4372 2374 4441 utique
2405 4373 2649 4428 omnium
2679 4375 3046 4431 scientiarum.
3080 4378 3214 4432 Alta
3243 4379 3464 4449 quippe,
3496 4388 3550 4435 et
3578 4396 3780 4452 magna

2189 4461 2406 4515 locutus
2433 4469 2513 4516 est
2540 4461 2728 4531 Isaias,
2777 4478 2980 4536 magna
3005 4465 3213 4521 locutus
3258 4475 3338 4522 est
3364 4468 3653 4538 Jeremias;
3687 4469 3783 4524 sed

2190 4548 2437 4619 profecto
2466 4550 2599 4603 nihil
2630 4550 2890 4620 dicerent,
2923 4553 2966 4606 si
2998 4553 3100 4608 hoc
3147 4555 3388 4610 Verbum
3437 4556 3783 4612 scientiarum

2190 4637 2454 4692 Dominus
2498 4654 2607 4693 non
2649 4639 2748 4707 eis,
2797 4647 3084 4711 antequam
3128 4641 3492 4713 loquerentur,
3535 4644 3785 4700 scientias

2192 4725 2472 4780 indicaret.
2506 4725 2657 4782 Unde
2685 4735 2736 4780 et
2769 4726 3075 4798 frequenter
3090 4729 3144 4783 in
3173 4730 3325 4784 libris
3357 4731 3602 4801 ejusdem
3634 4733 3786 4788 Isaiae

2192 4816 2473 4884 prOphetaa
2487 4815 2713 4870 levitur:
2741 4815 2969 4872 Verbum
2988 4818 3131 4888 quod
3145 4821 3370 4889 factum
3389 4824 3474 4876 est
3489 4822 3562 4876 ad
3579 4821 3786 4878 Isaiam

2194 4904 2545 4974 prophetam.
2569 4903 2897 4974 Frequenter
2910 4913 2962 4959 et
2983 4905 3036 4958 in
3053 4905 3192 4961 libro
3213 4907 3462 4963 Jeremiae
3486 4909 3740 4965 scribitur
3769 4927 3782 4966 :

2207 4991 2432 5046 Verbum
2445 4991 2811 5063 quod/actum
2821 4996 2904 5047 est
2916 4996 2988 5048 ad
3001 4995 3304 5050 Jeremiam
3313 4995 3787 5068 prophetamﬂoc

2196 5079 2432 5134 Verbum
2461 5080 2804 5135 scientiarum
2831 5080 3121 5136 Dominum
3151 5083 3384 5138 Joannes
3419 5085 3476 5139 in
3524 5086 3786 5144 altissimo

2197 5169 2392 5223 summi
2426 5168 2598 5222 Patris
2627 5168 2749 5223 sinu
2779 5168 3063 5238 aspiciens,
3098 5171 3172 5224 ait
3205 5190 3218 5226 :
3253 5172 3316 5227 In
3343 5173 3631 5246 principio
3661 5181 3788 5233 erat

2210 5257 2521 5324 Verbum,et
2546 5257 2773 5314 Verbum
2788 5262 2912 5313 erat
2927 5258 3080 5330 apud
3090 5260 3351 5328 Deum,et
3362 5262 3511 5317 Deus
3522 5267 3651 5318 erat
3673 5265 3788 5320 Ver-

2197 5344 2584 5414 bum(Joan.1,
2616 5345 2689 5410 1).
2723 5345 2861 5402 Hinc
2889 5346 3087 5401 Paulus
3120 5347 3463 5403 scientiarum
3489 5350 3786 5407 Dominum

2194 5433 2610 5504 Redemptorem
2652 5441 2892 5490 nostrum
2933 5436 3040 5504 47
3090 5435 3383 5505 insinuans,
3430 5437 3562 5494 dicit
3596 5457 3610 5494 :
3646 5440 3790 5507 Quia

2189 5524 2253 5579 in
2268 5525 2389 5595 ipso
2406 5521 2626 5579 habitat
2641 5523 2825 5580 omnis
2832 5523 3132 5595 plenitudo
3144 5525 3465 5582 divinitatis
3476 5531 3792 5600 corporali.

2189 5619 2280 5672 ter
2295 5614 2436 5686 (Col,
2453 5628 2512 5684 ιι,
2527 5613 2605 5685 9).
2621 5614 2760 5671 Dum
2777 5629 2911 5688 ergo
2924 5613 3053 5672 dicit
3074 5631 3089 5673 :
3109 5617 3394 5674 Reeedant
3405 5621 3597 5676 vetera
3611 5619 3681 5678 de
3692 5635 3789 5680 ore
