4062 6182
257 317 313 370 69
1091 316 1165 373 IN
1194 314 1462 373 PRIMUM
1491 313 1737 375 REGUM
1759 315 2310 377 EXPOSITIONES.
2347 352 2416 364 —
2445 322 2572 380 LIB.
2604 327 2647 380 Ι.
3446 339 3516 396 7o

256 446 433 506 vestro,
465 443 590 513 quia
618 438 770 496 Deus
789 441 1163 501 scientiarum
1187 443 1460 501 Dominus
1479 449 1582 513 est,
1597 444 1726 516 quid
1738 448 1818 499 est
1846 443 1904 506 Α
1926 450 2103 501 torum
2133 445 2311 501 minas
2341 461 2449 502 non
2479 447 2874 536 erubescebant
2901 454 3269 516 delitescendo
3297 461 3514 536 fugere,

253 531 375 586 aliud
386 531 579 597 dicere,
597 528 706 585 nisi
721 530 1033 604 Synagoga
1043 541 1227 604 aperta
1246 533 1458 589 ratione
1479 541 1806 603 monstrare,

253 628 301 675 ut
323 624 460 674 tanto
488 619 711 674 sollicite
744 627 917 675 tacere
947 620 1167 690 debeat,
1214 630 1413 692 quanto
1467 637 1577 678 non
1633 623 1811 678 solum

256 709 379 779 quod
403 708 528 776 sint,
557 707 654 762 sed
684 708 848 763 etiam
877 725 909 764 a
938 725 1046 780 quo
1074 711 1180 764 sint
1202 726 1398 780 eaquae
1419 710 1814 783 dicitignorat?

256 795 394 864 Quasi
420 796 553 852 dicat
585 813 598 851 :
633 797 790 852 Illam
823 797 1122 867 scientiam,
1146 815 1308 870 quam
1341 807 1549 869 patrum
1604 808 1816 856 tuorum

252 884 394 940 fuisse
419 885 628 949 astruis,
664 893 814 940 tanto
843 886 940 940 tibi
975 888 1101 943 dare
1132 889 1499 961 arrogantiam
1539 905 1650 944 non
1712 889 1813 944 de-

249 974 364 1036 buit,
393 981 587 1042 quanto
617 991 727 1029 non
747 975 1011 1045 ipsorum,
1031 979 1124 1032 sed
1149 979 1412 1048 unigeniti
1438 978 1554 1033 Filii
1578 979 1675 1033 Dei
1693 979 1812 1048 fuit,

247 1061 461 1132 etipsam
482 1061 730 1118 eamdem
746 1063 1025 1119 scientiam
1053 1081 1162 1121 non
1182 1067 1463 1138 intelligis.
1487 1067 1629 1124 Dicit
1644 1083 1780 1139 ergo
1806 1087 1817 1121 :

245 1150 508 1206 Πεδιάαηί
535 1155 724 1206 vetera
753 1152 820 1208 de
839 1168 932 1209 ore
957 1157 1154 1210 vestro.
1180 1155 1244 1211 Ut
1264 1156 1437 1210 Judaei
1473 1172 1814 1227 nequaquam

244 1239 514 1309 depravent
529 1240 676 1310 quod
703 1239 1008 1313 intelligere
1023 1251 1164 1299 recte
1187 1259 1293 1300 non
1323 1245 1645 1315 prtevalunt.
1670 1245 1816 1300 Deus

241 1327 584 1395 scientiarum,
615 1327 765 1396 dicit,
799 1330 1065 1386 Dominus
1096 1340 1196 1398 est,
1245 1337 1304 1387 ut
1347 1333 1492 1404 quod
1547 1333 1818 1390 veraciter

239 1415 325 1470 Dei
349 1431 460 1471 esse
479 1417 862 1489 comprabant,
887 1420 1201 1475 hominibus
1222 1420 1483 1477 fallaciter
1510 1438 1624 1478 non
1654 1423 1814 1478 ascri-

241 1504 369 1558 bant.
407 1505 512 1560 Sed
537 1506 670 1560 dum
699 1506 766 1562 de
796 1507 1260 1578 verbisjactantiaz
1289 1510 1473 1565 Iudaea
1520 1511 1814 1582 reprehen-

238 1593 378 1662 ditur,
401 1596 526 1664 quia
554 1595 705 1651 nullo
735 1595 932 1651 timore
955 1598 1354 1669 compungitur,
1372 1599 1420 1654 ei
1441 1599 1608 1654 etiam
1629 1599 1695 1656 de
1713 1615 1811 1657 oc-

238 1684 374 1738 cultis
400 1683 732 1755 perﬁdorum
761 1685 1008 1740 cordium
1064 1685 1300 1742 motibus
1357 1695 1620 1743 tormenta
1666 1705 1810 1745 nun-

236 1772 424 1826 tiantur.
453 1773 600 1827 Nam
623 1773 873 1845 sequitur
902 1792 915 1828 :

292 1861 458 1928 (Vers.
497 1863 555 1931 3)
577 1861 660 1916 Et
688 1859 805 1932 ipsi
832 1867 1238 1934 prwparantur
1256 1867 1652 1936 cogitationes.

293 1952 366 2002 1ο.
399 1948 566 2017 Quasi
596 1950 743 2006 dicat
775 1969 787 2004 :
824 1950 998 2018 Quem
1028 1952 1408 2023 blasphemare
1436 1971 1544 2010 non
1591 1955 1809 2022 metuis,

238 2052 328 2092 non
355 2038 525 2093 solum
560 2038 762 2110 linguae
790 2039 1020 2094 habebis
1044 2040 1304 2110 judicem,
1337 2043 1433 2097 sed
1489 2051 1542 2098 et
1595 2043 1805 2100 cordis.

232 2125 362 2182 Unde
376 2134 426 2181 et
444 2143 551 2196 per
570 2128 772 2182 Isaiam
788 2129 1179 2196 comminatur,
1197 2129 1406 2185 dicens.
1428 2132 1532 2202 Ego
1550 2147 1736 2203 opera,
1761 2136 1817 2188 et

230 2216 587 2284 cogitationes
609 2232 799 2272 eorum
825 2219 984 2272 venio
997 2221 1060 2273 ut
1076 2220 1815 2290 congregam(lsai.x.xv1,18)

229 2303 346 2358 Hinc
365 2320 456 2374 per
484 2305 720 2376 Moysen
741 2305 1004 2360 Dominus
1019 2307 1374 2374 comminans,
1425 2308 1501 2362 ait
1548 2325 1560 2360 :
1616 2309 1816 2364 Nonne

226 2390 322 2447 hac
341 2395 574 2448 condita
605 2397 744 2448 sunt
777 2395 932 2465 apud
969 2411 1078 2460 me,
1110 2395 1403 2466 etsignata
1440 2396 1500 2450 in
1532 2397 1816 2452 thesauri:

225 2482 344 2536 meis
360 2483 549 2552 (Deut.
581 2483 882 2553 sumat)?
899 2483 966 2536 Et
986 2483 1112 2552 quia
1133 2483 1217 2536 his
1231 2483 1410 2539 verbis
1431 2484 1703 2539 silentium
1718 2486 1816 2556 Sy-

225 2582 432 2640 nagogas
459 2569 793 2640 praecipitur,
832 2570 1113 2624 videamus
1144 2571 1261 2639 jam
1317 2577 1512 2626 sancta
1567 2571 1814 2627 Ecclesia

224 2658 393 2726 quibus
402 2656 715 2713 fecundatis
733 2673 848 2713 sua;
861 2658 1107 2714 laudibus
1127 2659 1183 2713 in
1200 2661 1370 2714 Annae
1381 2674 1514 2714 voce
1527 2659 1808 2731 glorietur.

227 2744 449 2800 Subdens
469 2762 714 2818 namque
742 2747 815 2800 ait
849 2766 861 2800 :

281 2834 452 2903 (Vera.
490 2837 590 2905 ι.)
617 2837 795 2892 Arcus
825 2835 1073 2906 [artium
1105 2841 1408 2909 superatus
1440 2841 1547 2893 est.

283 2924 360 2976 11.
392 2922 662 2992 Quisnam
693 2932 775 2979 est
801 2939 961 2980 arcus
981 2925 1197 2980 fortium
1228 2925 1332 2980 nisi
1360 2925 1811 2985 fraudulentam-

223 3010 334 3065 vitia
361 3013 688 3068 indecorum
709 3013 737 3066 ‘?
767 3013 849 3068 Ex
879 3013 1092 3069 occulto
1109 3013 1334 3085 quippe,
1366 3013 1517 3084 quasi
1573 3029 1638 3069 ex
1679 3029 1810 3070 arcu

223 3097 555 3169 Redemptori
579 3100 776 3156 vulnus
804 3101 1135 3168 inflixerant,
1169 3117 1332 3172 quem
1362 3103 1607 3172 gentium
1629 3102 1810 3156 mani-

223 3187 307 3242 bus
333 3190 682 3246 occidebant.
739 3189 846 3244 Sed
901 3197 1193 3260 superatus
1243 3197 1325 3245 est
1368 3205 1530 3245 arcus
1569 3190 1804 3259 fortium,

225 3278 332 3345 quia
365 3280 452 3350 qui
483 3295 689 3334 eorum
715 3278 942 3333 vulnere
971 3279 1127 3344 obiit,
1159 3295 1191 3332 a
1239 3278 1464 3333 mortuis
1495 3280 1805 3348 resurrexit,

223 3364 477 3422 incalum
523 3367 799 3433 ascendit,
859 3367 1186 3437 promissum
1243 3366 1500 3437 Spiritum
1562 3376 1810 3424 sanctum

222 3452 480 3525 discipulis
510 3455 694 3509 misit.
721 3455 879 3510 Unde
901 3454 1150 3509 subditur
1181 3471 1192 3506 :

281 3544 441 3614 (Vers.
475 3546 568 3612 5.)
600 3545 670 3598 Et
689 3543 908 3610 inﬁrmi
937 3544 1186 3599 accincti
1213 3550 1350 3600 sunt
1383 3543 1595 3600 robore.

281 3634 359 3688 12.
396 3632 788 3705 Appellatione
818 3633 1037 3703 quidem
1066 3632 1297 3700 roboris,
1334 3633 1506 3686 virtus
1562 3633 1812 3690 ostendi-

221 3726 291 3773 tur
319 3720 553 3792 Spiritus
588 3719 790 3774 sancti.
828 3720 985 3775 Unde
1016 3728 1068 3775 et
1083 3719 1334 3774 eumdem
1353 3719 1611 3790 Spiritum
1631 3722 1814 3778 Domi-

223 3824 308 3862 nus
334 3809 628 3881 discipulis
651 3808 1047 3879 repromittens,
1069 3808 1170 3862 ait:
1197 3810 1290 3865 l'os
1307 3813 1500 3864 autem
1535 3811 1721 3866 sedete
1753 3814 1816 3867 in

225 3900 449 3967 civitate,
465 3900 655 3954 donec
667 3897 1219 3953 induaminivirtute
1233 3913 1306 3953 ex
1320 3899 1442 3954 alto
1479 3899 1632 3967 (Luc.
1668 3915 1813 3980 χχιιι,

223 3989 318 4058 49).
348 3990 536 4044 Robur
571 3997 749 4041 autem
781 3986 952 4058 gratia
973 3987 1144 4041 sancti
1158 3987 1390 4057 Spiritus
1410 3994 1553 4042 recte
1601 3986 1812 4053 dicitur,

232 4091 373 4146 quam
401 4077 644 4134 utelecti
666 4076 956 4148 recipiunt,
989 4082 1178 4131 contra
1207 4074 1386 4130 omnia
1426 4075 1654 4130 adversa
1709 4076 1814 4129 hu-

225 4165 302 4233 jus
338 4168 528 4225 saeculi
573 4166 740 4222 fortes
770 4165 922 4219 ﬁunt.
947 4163 1051 4232 Qui
1075 4163 1410 4220 veroinﬁrmi
1433 4165 1534 4219 hoc
1550 4163 1815 4231 loco,nisi

226 4258 451 4325 apostolo
480 4254 832 4328 intelligendi
860 4254 1026 4308 sunt?
1060 4253 1169 4309 Sed
1189 4252 1382 4306 infirmi
1403 4251 1667 4322 profecto,
1692 4268 1814 4309 cum

223 4361 360 4401 arcus
387 4346 616 4402 fortium
649 4345 903 4411 tenditur,
944 4359 1057 4398 non
1085 4358 1206 4397 cum
1236 4342 1430 4397 virtute
1449 4357 1523 4397 ex
1554 4341 1664 4396 alto
1694 4357 1814 4397 ves-

224 4435 422 4490 tiuntur.
456 4438 607 4491 Nam
664 4435 720 4488 in
776 4435 911 4489 hora
955 4430 1250 4487 Dominicae
1303 4429 1810 4499 comprehensionis

1918 536 1972 587 et
1999 534 2092 605 qui
2121 533 2409 590 mulierum
2441 535 2608 591 verba
2639 536 2944 610 timuerant,
2977 546 3350 604 auctoritatem
3364 533 3517 620 prin?

1918 620 2118 691 cipium
2148 622 2392 678 libertate
2420 623 2763 696 frangebant.
2799 629 2935 684 Vicit
2959 631 3123 687 robur
3149 633 3512 709 formidinem,

1941 725 2170 779 errores,
2204 711 2404 780 minas,
2436 720 2488 766 et
2515 713 2691 769 caedes
2722 718 3000 784 superavit
3031 729 3120 788 ;et
3146 738 3282 793 quos
3320 740 3514 795 snper-

1921 798 2188 854 veniendo
2219 800 2420 868 induit,
2443 802 2500 854 in
2531 801 2734 857 caelesti
2765 805 2957 860 militia
2987 807 3252 865 mirabilis
3272 814 3516 872 audaciae

1923 885 2231 958 insignibus
2261 888 2569 956 illustravit,
2601 899 2658 944 ut
2678 891 2826 975 inter
2853 893 3089 966 ﬂagella,
3114 899 3291 954 cades
3325 909 3379 956 et
3406 919 3514 975 op-

1922 975 2141 1044 probria
2185 992 2292 1032 non
2323 985 2623 1032 metuerent
2654 964 2785 1048 48,
2832 964 3307 1042 sed'exsultarem,
3364 964 3514 1048 δοξί-

1921 1070 2071 1132 ptum
2102 1065 2302 1135 quippe
2341 1065 2407 1119 de
2437 1067 2515 1120 eis
2533 1067 2634 1122 hoc
2647 1067 2765 1137 jam
2788 1071 3198 1130 roboreindutis
3213 1085 3326 1132 est:
3351 1080 3518 1137 Ibant

1899 1154 2162 1236 .apostoli
2174 1153 2480 1222 gaudentes
2498 1172 2532 1210 a
2549 1162 2848 1228 conspectu
2867 1160 3122 1231 concilii,
3143 1168 3412 1237 quoniam
3428 1169 3518 1226 di-

1919 1239 2018 1308 gni
2039 1240 2218 1295 habiti
2236 1245 2374 1296 sunt
2390 1259 2492 1312 pro
2521 1246 2752 1300 nomine
2763 1247 2896 1302 Jesu
2938 1255 3346 1309 contumeliam
3388 1258 3517 1327 pati

1924 1330 2067 1409 (Act.
2093 1344 2146 1395 v,
2177 1328 2291 1398 41.)
2324 1329 2466 1385 Hinc
2479 1329 2594 1398 jam
2641 1333 3016 1405 praedicantes,
3073 1338 3296 1396 dicunt:
3344 1343 3517 1402 Omne

1919 1415 2190 1486 gaudium
2211 1418 2561 1484 existimate,
2585 1422 2819 1491 fratres,
2838 1438 2969 1479 cum
2984 1425 3047 1478 in
3067 1429 3411 1487 tentationes
3428 1450 3520 1488 va-

1921 1504 2377 1560 riasincideritis
2400 1508 2534 1575 (Jac.
2559 1509 2685 1578 1,2).
2712 1510 2852 1566 Bene
2883 1527 3016 1584 ergo
3046 1513 3240 1570 dicitur
3271 1534 3285 1570 :
3338 1520 3518 1576 Arcus

1919 1592 2162 1661 fortium
2189 1603 2488 1662 superatus
2516 1600 2620 1664 est,
2653 1602 2709 1652 et
2739 1599 3219 1666 inﬁrmiaccincti
3246 1612 3387 1662 sunt
3425 1625 3521 1666 ro-

1921 1679 2067 1736 bore.
2101 1679 2242 1748 Quia
2270 1682 2418 1750 prius
2439 1685 2704 1739 amortuis
2723 1689 3034 1757 resurrexit,
3058 1699 3111 1746 et
3130 1692 3205 1747 sic
3225 1693 3292 1748 ad
3320 1697 3517 1753 coelum

1837 1792 1892 1851 B
1923 1767 2254 1839 Redemptor
2272 1770 2425 1840 abiit,
2457 1779 2510 1826 et
2539 1771 2797 1841 Spiritum
2827 1784 3066 1832 sanctum
3095 1780 3378 1851 discipulis
3404 1786 3514 1840 mi-

1920 1856 2007 1910 sit.
2042 1857 2194 1912 Prius
2222 1875 2459 1930 namque
2479 1862 2820 1930 superandus
2848 1872 2962 1919 erat
2989 1881 3150 1922 arcus
3182 1868 3422 1940 fortium,
3456 1881 3511 1928 et

1921 1945 2257 2016 postinfirmi
2277 1948 2470 2002 robore
2499 1949 2841 2020 accingendi.
2867 1953 3022 2008 Unde
3045 1963 3096 2009 et
3115 1957 3370 2028 scriptum
3400 1969 3511 2016 est:

1920 2034 2179 2089 Nondum
2201 2040 2326 2090 erat
2354 2038 2594 2106 spiritus
2624 2039 2814 2106 datus,
2875 2043 3008 2112 quia
3059 2045 3219 2102 Jesus
3257 2049 3512 2106 nondum

1919 2123 2113 2191 fuerat
2141 2124 2491 2191 gloriﬁcatus
2522 2126 2708 2193 (Joan.
2749 2142 2844 2195 vu,
2878 2129 2990 2200 39).

1990 2211 2076 2263 15.
2118 2208 2236 2278 Quo
2263 2211 2318 2263 in
2344 2211 2466 2266 loco
2495 2213 2791 2268 notandum
2823 2217 3044 2286 estquia
3071 2219 3177 2276 hoc
3192 2231 3380 2279 contra
3421 2226 3515 2281 Ju-

1917 2295 2098 2351 dmam
2131 2297 2324 2352 dicitur
2352 2314 2475 2370 quae
2502 2300 2762 2356 miracula
2791 2303 3166 2374 Redemptoris
3210 2317 3361 2366 tanto
3416 2330 3513 2368 su-

1915 2385 2136 2454 perbius
2154 2385 2403 2456 despicit,
2437 2396 2635 2457 quanto
2661 2389 2800 2445 inter
2825 2393 3097 2462 supplicia
3113 2405 3385 2454 mortuum
3428 2416 3510 2456 re-

1917 2473 2218 2544 cognoscit.
2249 2474 2393 2530 Dicit
2423 2491 2590 2548 ergo:
2626 2480 2798 2534 Arcus
2825 2483 3379 2555 fortiumsuperatus
3399 2493 3508 2556 est,

1917 2565 1971 2616 et
1989 2563 2218 2632 infirmi
2241 2564 2490 2619 accincti
2507 2571 2648 2621 sunt
2666 2569 2884 2625 robore.
2911 2568 3077 2637 Quasi
3112 2582 3340 2630 mortem
3396 2578 3507 2632 Re-

1915 2649 2211 2720 demptoris
2239 2651 2590 2707 calumnianti
2609 2655 2918 2728 Synagogae
2937 2661 3281 2731 respondeat,
3300 2663 3503 2720 dicens:

1913 2739 2037 2793 Noli
2068 2739 2346 2810 despicere
2377 2742 2522 2811 quod
2552 2744 2686 2798 mori
2733 2745 2928 2814 potuit,
2961 2748 3056 2803 sed
3092 2750 3290 2807 mirare
3327 2754 3509 2822 potius

1913 2827 2039 2897 quia
2095 2836 2334 2883 mortuus
2387 2831 2692 2899 resurrexit,
2751 2840 2804 2887 et
2856 2835 3034 2905 gentis
3091 2844 3194 2894 tuae
3248 2840 3507 2897 sevitiem

1910 2916 2294 2973 reviviscendo
2322 2919 2615 2987 superavit.
2668 2919 2738 2974 Et
2792 2921 2918 2991 quia
2974 2923 3078 2979 hoc
3133 2925 3202 2980 de
3236 2928 3509 2996 praeterito

1912 3004 2161 3074 ostendit,
2195 3021 2303 3061 non
2350 3007 2525 3062 solum
2581 3007 2943 3066 denuntiando
2999 3012 3048 3066 ei
3104 3012 3356 3084 loquitur,
3414 3017 3510 3074 sed

1911 3091 2246 3149 insultando.
2313 3094 2478 3162 Quasi
2539 3096 2683 3150 enim
2738 3096 2969 3153 inaniter
3043 3100 3318 3157 insultanti
3400 3103 3510 3158 im-

1915 3190 2190 3251 properet,
2235 3182 2420 3237 dicens
2469 3199 2484 3239 :
2544 3183 2686 3252 Quid
2738 3185 2894 3242 vobis
2973 3189 3177 3256 protuit
3250 3191 3512 3248 occidisse

1916 3285 2077 3340 quem
2107 3269 2294 3324 mortis
2324 3271 2546 3340 laqueus
2572 3288 2678 3327 non
2709 3273 2883 3343 potuit
2910 3281 3090 3331 tenere
3109 3279 3136 3331 ?
3154 3278 3261 3333 Vos
3275 3280 3510 3335 occidis-

1917 3358 2002 3424 tis,
2036 3374 2105 3412 ne
2135 3366 2254 3429 post
2282 3374 2405 3413 eum
2435 3367 2574 3414 totus
2597 3361 2828 3415 mundus
2855 3361 2956 3417 iret
2988 3377 3000 3430 ;
3034 3363 3127 3418 sed
3155 3365 3356 3422 idcirco
3386 3376 3512 3438 post

1919 3462 2042 3500 eum
2073 3454 2215 3502 totus
2245 3447 2476 3502 mundus
2501 3448 2669 3516 vadit,
2731 3449 2859 3520 quia
2910 3466 3098 3506 verum
3153 3469 3212 3508 se
3264 3455 3365 3510 Dei
3417 3457 3514 3510 Fi-

1920 3534 2050 3589 lium
2081 3536 2350 3606 probavit,
2383 3536 2512 3590 dum
2529 3537 2810 3593 moriendo
2828 3538 3121 3594 humanum
3141 3557 3313 3612 genus
3356 3543 3509 3600 redi-

1921 3631 2111 3692 meret,
2145 3631 2200 3679 et
2219 3625 2348 3678 dum
2377 3625 2708 3697 resurgendo
2738 3627 3012 3683 viventem
3038 3645 3096 3684 se
3116 3638 3516 3702 monstraret,et

1923 3711 1991 3766 ad
2018 3712 2212 3768 caelum
2242 3713 2647 3782 conscenderet,
2671 3721 2725 3769 et
2779 3716 3024 3786 spiritum
3073 3725 3321 3774 sanctum
3375 3737 3512 3790 pro-

1923 3800 2147 3854 missum
2178 3800 2456 3872 discipulis
2493 3801 2808 3858 destinaret.
2843 3805 2908 3859 Et
2934 3805 3061 3876 quia
3090 3823 3189 3876 pro
3211 3807 3506 3866 increduli-

1927 3889 2048 3942 tatis
2078 3905 2190 3944 suae
2219 3890 2409 3946 merito
2441 3891 2734 3964 Synagoga
2762 3908 2791 3946 a
2810 3894 3225 3964 participatione
3236 3898 3518 3967 promissa

1923 3977 2112 4046 gratiae
2140 3978 2355 4047 repulsa
2382 3987 2489 4046 est,
2512 3979 2567 4032 id
2596 3980 2774 4050 ipsum
2801 3990 2989 4038 sancta
3015 3983 3261 4039 Ecclesia
3301 3986 3514 4058 impro-

1923 4080 2118 4134 perans
2144 4066 2213 4133 ei,
2247 4065 2507 4134 subdens,
2541 4067 2616 4121 ait
2649 4087 2660 4122 :

1993 4154 2153 4224 (Vers
2167 4157 2198 4208 5
2212 4156 2256 4224 .)
2275 4156 2492 4226 Repleti
2502 4157 2682 4226 prius,
2698 4173 2801 4228 pro
2824 4159 3062 4230 panibus
3081 4177 3141 4218 se
3165 4163 3510 4236 locaverunt,

1924 4247 1980 4299 et
1998 4243 2256 4315 famelici
2283 4246 2534 4300 saturati
2560 4249 2724 4300 sunt.

1994 4334 2078 4388 14.
2115 4331 2218 4400 Qui
2248 4332 2460 4388 fuerunt
2488 4333 2639 4404 prius
2667 4334 2878 4405 repleti,
2909 4337 3015 4392 nisi
3036 4340 3126 4411 qui
3148 4341 3515 4413 cognitionem

1921 4421 2044 4490 Dei,
2075 4430 2362 4494 antequam
2393 4423 2569 4478 caueri
2598 4424 2806 4495 populi,
2836 4425 3143 4484 habuerunt
3169 4431 3198 4482 ‘2
3232 4429 3335 4499 Qui
3383 4448 3515 4505 ergo

227 4523 462 4594 scriptum
600 4523 681 4579 eis
712 4530 812 4588 est,
833 4521 1193 4593 Quian-aucto
1221 4489 1474 4587 ῃογηξηξ),
1497 4520 1689 4574 omne;
1709 4522 1808 4590 fu.
1841 4489 1895 4550 D
1923 4489 2113 4581 repleti
2142 4489 2297 4580 prius
2325 4489 2658 4584 intelligendi
2674 4489 2809 4568 sunt
2827 4515 2920 4568 alii
2948 4531 3109 4585 quam
3140 4489 3336 4589 Judaai,
3357 4489 3516 4593 quiin

223 4618 409 4680 gerunt
442 4612 670 4682 (Matth.
701 4627 860 4682 xxvr,
881 4612 993 4680 56).
1027 4613 1106 4664 An
1137 4605 1666 4664 nonvaldeinﬁrmus
1687 4615 1808 4662 tunc

223 4697 394 4754 Petrus
421 4710 559 4769 erat,
595 4717 724 4755 cum
742 4698 1124 4769 interrogantis
1168 4695 1434 4752 ancillulae
1489 4711 1678 4751 vocem
1733 4695 1810 4749 ti-

229 4789 368 4858 muit,
395 4800 447 4845 et
477 4789 900 4860 Redemptorem
923 4785 1150 4859 negavit
1170 4785 1307 4850 (Ibid
1315 4827 1350 4851 .,
1364 4799 1519 4851 Lxm,
1539 4785 1671 4852 '74)?
1688 4783 1807 4838 Jam

225 4879 408 4952 quippe
438 4887 731 4951 superatus
763 4885 874 4932 erat
903 4892 1063 4931 arcus
1084 4873 1322 4941 fortium,
1343 4873 1634 4927 annihilata
1648 4872 1806 4928 saevi-

225 4968 286 5021 tia
311 4969 642 5035 Iudaeorum,
677 4967 802 5039 quia
829 4964 1167 5034 Redemptor
1192 4969 1364 5017 morte
1392 4961 1532 5016 victa
1560 4976 1805 5015 surrexe-

226 5065 329 5124 rat;
361 5066 411 5113 et
441 5066 630 5112 tamen
650 5056 828 5110 adhuc
844 5052 1044 5108 inﬁrmi
1065 5049 1294 5122 apostoli
1315 5056 1597 5119 superatos
1613 5047 1800 5117 fortes,

227 5146 409 5201 clausis
423 5147 633 5216 januis,
658 5143 968 5200 metuebant
1009 5141 1195 5212 (Joan.
1256 5155 1347 5208 xx,
1396 5140 1504 5208 19).
1552 5137 1659 5192 Sed
1711 5139 1804 5193 ubi

227 5249 310 5290 eos
337 5237 501 5291 robur
529 5234 708 5289 induit
735 5233 868 5287 libet
889 5229 1083 5286 intueri
1113 5244 1276 5300 quam
1308 5227 1472 5282 fortes
1503 5225 1647 5282 fecit.
1689 5226 1801 5282 Re-

228 5327 430 5395 pentino
460 5324 663 5398 quippe
684 5323 863 5379 sonitu
893 5335 1059 5391 super
1087 5334 1184 5375 eos
1214 5317 1448 5390 Spiritus
1475 5323 1692 5371 sanctus
1714 5331 1813 5372 ve-

229 5415 312 5483 nit,
331 5425 380 5471 et
407 5432 596 5472 eorum
622 5413 990 5470 inﬁrmitatem
1009 5410 1064 5464 in
1109 5408 1263 5465 mira
1317 5406 1593 5463 charitatis
1639 5405 1816 5461 virtu-

231 5513 326 5559 tem
355 5505 679 5575 permutavit
710 5502 868 5574 (Act.
903 5515 961 5569 n,
991 5502 1082 5568 22,
1115 5497 1274 5571 seq.).
1328 5497 1620 5566 Coeperunt
1671 5494 1816 5550 enim

230 5593 486 5652 Christum
511 5594 622 5664 jam
647 5593 849 5651 robore
869 5587 1042 5646 induti
1068 5585 1390 5660 praedicare,
1422 5582 1511 5656 qui
1553 5598 1813 5655 persecu-

1915 4597 2022 4654 ﬁde
2049 4600 2347 4655 conditoris
2376 4601 2488 4655 fere
2517 4600 2585 4654 ab
2617 4601 2733 4671 ipso
2764 4601 2977 4657 fuerunt
3003 4605 3278 4677 principio
3327 4611 3514 4666 mundi

1916 4688 2108 4742 eruditi
2139 4690 2168 4742 ε)
2196 4690 2302 4759 Ipsi
2325 4690 2540 4759 quidem
2559 4705 2659 4761 pro
2688 4691 2920 4759 panibus
2939 4709 2996 4748 se
3016 4693 3328 4752 locaverunt
3371 4697 3515 4766 Quid

1915 4777 2060 4831 enim
2090 4793 2256 4846 panes
2285 4778 2388 4832 hoc
2417 4778 2538 4833 loco
2554 4778 2882 4849 significant,
2902 4780 3006 4834 nisi
3036 4785 3292 4854 mysteria
3314 4785 3512 4843 divinat

1922 4865 2355 4920 Incarnationis‘?
2383 4867 2556 4920 Locus
2583 4873 2763 4920 autem
2819 4868 3267 4926 inveniendorum
3303 4889 3513 4943 panum

1920 4969 2073 5009 sacra
2101 4963 2181 5009 est
2211 4953 2512 5024 Scriptura.
2541 4954 2694 5010 Unde
2722 4963 2776 5010 et
2801 4957 2978 5025 panis,
3012 4959 3100 5028 qui
3119 4959 3187 5014 de
3217 4961 3357 5016 ccelo
3383 4962 3514 5017 des-

1920 5042 2117 5111 cendit,
2150 5042 2219 5098 ad
2245 5043 2624 5098 inveniendum
2652 5059 2710 5098 se
2738 5043 3107 5115 ignorantibus
3136 5047 3267 5103 dicit
3295 5065 3309 5104 :
3339 5050 3512 5105 Scru-

1921 5134 2131 5188 tamini
2152 5133 2502 5202 Scripturas,
2520 5133 2651 5204 quia
2661 5132 2800 5204 ipsa:
2828 5138 2967 5190 sunt
2988 5152 3109 5206 qua:
3121 5137 3512 5193 testimonium

1915 5220 2212 5293 perhibent
2242 5221 2413 5277 deme
2433 5222 2613 5291 (Joan.
2644 5237 2698 5290 v,
2731 5221 2840 5291 39).
2875 5224 2977 5278 Pro
3005 5223 3237 5292 panibus
3265 5239 3397 5295 ergo
3453 5241 3513 5282 se

1925 5309 2257 5378 locaverunt,
2289 5310 2415 5381 quia
2444 5325 2633 5365 omnes
2658 5309 2963 5379 Scripturas
2989 5319 3331 5382 acceperant,
3362 5320 3421 5369 ut
3457 5314 3514 5371 in

1925 5398 2003 5454 eis
2031 5407 2371 5456 sacramenta
2419 5398 2614 5454 divinae
2676 5397 3066 5454 Incarnationis
3103 5398 3343 5476 invenire
3411 5403 3512 5460 de-

1923 5486 2166 5544 buissent
2195 5506 2209 5544 :
2243 5489 2335 5543 sed
2365 5502 2489 5544 cum
2527 5485 2684 5557 panis
2729 5485 2901 5540 venit.
2941 5486 3249 5560 Synagoga,
3282 5507 3408 5563 quae
3457 5510 3513 5550 se

1921 5593 2024 5648 pro
2041 5593 2182 5649 pane
2196 5576 2489 5644 locaverat,
2520 5575 2700 5631 locum
2725 5571 2965 5646 reliquit,
2995 5575 3053 5632 in
3107 5593 3218 5651 quo
3271 5579 3514 5640 invenire
