4062 6182
390 368 454 424 π
1582 347 1827 408 SANCTI
1853 347 2201 409 GBEGORII
2228 352 2480 409 MAGNI.
2540 314 2547 317 ⁷
3615 366 3694 422 τε

384 504 582 562 panem
601 484 789 541 debuit
826 497 987 553 quem
1015 478 1280 552 quaesivit.
1315 477 1617 547 Scripturas
1640 475 1878 547 quidem,
1927 482 1988 530 ut
2014 476 2070 537 Α
2099 478 2210 548 20),
2246 478 2325 533 sic
2353 476 2551 533 dicitur
2580 477 2650 532 ab
2679 477 2758 532 eis
2789 475 2981 548 accipi,
3014 477 3151 535 sicut
3177 479 3348 549 nosci,
3379 482 3535 552 sicut,
3594 500 3695 555 per

384 577 515 644 dixi,
548 575 618 629 ad
649 569 1087 644 cognoscendum
1099 567 1518 636 Redemptorem
1540 564 1746 629 habuit,
1765 564 1859 618 sed
1881 562 1971 632 qui

386 663 680 720 secundum
712 660 1017 729 Scripturas
1042 665 1282 723 venerat,
1314 653 1621 711 venentiem
1659 651 1975 708 confutavit.

390 750 643 807 Famelici
672 764 803 820 ergo
860 745 1081 801 saturati
1140 752 1279 811 sunt,
1339 742 1465 812 quia
1518 740 1859 796 crediderunt
1913 739 1981 794 de

388 839 659 912 gentibus,
687 838 817 891 dum
845 834 1100 906 mysteria
1133 833 1330 887 divinas
1382 829 1768 884 Incarnationis
1822 842 1982 882 vene-

391 939 573 986 ranter
598 928 887 1000 accipiunt,
919 926 1194 982 caelestem
1223 921 1404 978 cibum
1434 918 1632 973 habent
1660 918 1729 972 ad
1758 917 1982 971 interna

385 1017 758 1074 delectationis
787 1030 964 1070 usum.
997 1010 1251 1067 Famelici
1282 1009 1500 1081 quidem
1522 1006 1651 1061 dicti
1681 1013 1820 1074 sunt,
1854 1004 1983 1076 quia.

387 1115 511 1164 ante
541 1107 831 1161 adventum
861 1099 1252 1170 Redemptoris,
1285 1095 1610 1151 inﬁdelitatis
1646 1093 1792 1149 fame
1846 1108 1983 1163 pro-

382 1195 531 1266 jecti,
560 1191 850 1264 spiritualis
878 1187 1185 1245 refectionis
1212 1186 1392 1241 cibum
1422 1184 1627 1238 nullum
1659 1182 1979 1237 habuerunt.

390 1283 491 1339 Vel
512 1290 655 1337 certe
682 1278 915 1335 famelici
946 1277 1219 1340 dicuntur,
1246 1273 1369 1343 quia
1398 1272 1694 1342 spiritualis
1717 1271 1825 1327 cibi
1855 1270 1983 1325 dul-

391 1372 637 1428 cedinem
668 1384 793 1424 cum
850 1382 1049 1437 magna
1092 1363 1347 1418 aviditate
1402 1360 1715 1431 suscipiunt.
1776 1359 1986 1430 Repleti

390 1475 546 1527 vero,
570 1458 662 1530 qui
695 1472 752 1511 se
807 1470 908 1525 pro
966 1468 1107 1523 pane
1165 1452 1504 1516 locaverunt,
1563 1448 1784 1503 audiant
1826 1464 1986 1520 quem

390 1546 781 1616 exspectabant
813 1545 950 1613 :Ego
973 1558 1096 1598 sum
1137 1539 1306 1612 panis
1347 1540 1524 1603 vivus,
1585 1539 1680 1609 qui
1726 1538 1790 1593 de
1853 1538 1988 1593 caelo

388 1635 652 1692 descendi
680 1634 864 1702 (Joan.
887 1647 962 1699 vr,
988 1630 1077 1698 33,
1111 1630 1198 1696 41,
1223 1625 1380 1697 seq.).
1411 1626 1517 1680 Sed
1547 1627 1674 1697 quia
1703 1642 1809 1681 non
1822 1641 1992 1681 meret-

385 1725 588 1780 bantur
614 1735 926 1793 agnoscere,
958 1718 1383 1788 respondebant:
1411 1718 1602 1772 Nonne
1635 1714 1722 1770 hic
1735 1720 1819 1770 est
1837 1716 1994 1784 ﬁlius

385 1810 613 1882 Joseph?
639 1808 906 1881 quomodo
935 1808 1233 1877 dicit,quia
1250 1808 1315 1863 de
1331 1808 1466 1864 creto
1487 1804 1990 1893 descenditLchv,
2018 1833 2072 1893 B

394 1878 698 1961 22;'Jonn.
731 1913 806 1964 vr,
827 1895 962 1965 42)?
992 1896 1112 1965 Ipse
1142 1902 1342 1963 autem,
1376 1893 1467 1964 qui
1499 1878 1597 1942 49
1638 1891 1821 1947 omnia
1883 1907 1988 1946 no-

399 1995 549 2044 verat
562 1986 630 2041 ad
642 1983 1014 2040 delectationis
1029 1999 1138 2038 suae
1153 1983 1453 2039 recubitum
1472 1980 1753 2036 famelicos
1765 1987 1990 2035 venturo

394 2072 982 2147 prophetabatdicens:
1005 2074 1049 2120 Α
1062 2088 1190 2127 men
1210 2071 1333 2128 dico
1346 2071 1495 2127 vobis
1517 2071 1649 2139 quia
1668 2070 1736 2124 ab
1762 2068 1990 2124 Oriente

395 2167 452 2221 et
474 2163 770 2219 Occidente
799 2161 1049 2226 venient,
1070 2164 1126 2215 et
1143 2160 1473 2216 recumbent
1513 2175 1644 2215 cum
1688 2158 1985 2225 Abraham,

395 2252 559 2307 Isaac
582 2255 639 2305 et
667 2249 831 2306 Iacob
857 2250 920 2303 in
941 2264 1110 2319 regno
1131 2249 1426 2315 caelorum,
1452 2247 1563 2316 ﬁlii
1604 2250 1799 2301 autem
1828 2247 1991 2317 regni

390 2339 766 2411 projicientur
786 2338 850 2392 in
869 2336 1134 2392 tenebras
1164 2338 1487 2391 exteriores
1517 2335 1735 2404 (Matth.
1761 2349 1877 2399 VIII,
1902 2336 1985 2399 11,

392 2428 500 2497 12).
532 2425 742 2496 Repleti
773 2439 907 2496 ergo
924 2424 1303 2479 selocaverunt
1316 2439 1416 2493 pro
1434 2422 1689 2492 panibus,
1705 2420 1801 2475 sed
1815 2420 1988 2475 fame-

393 2515 481 2569 lici
502 2520 847 2579 staturantur,
873 2512 994 2581 quia
1010 2511 1313 2582 Synagogae
1344 2510 1506 2564 tiliiin
1535 2508 1823 2579 Scripturis
1837 2525 1991 2564 sanc-

389 2603 459 2657 tis
485 2609 699 2671 pastum
730 2599 854 2654 ﬁdei
883 2598 951 2653 de
980 2598 1156 2653 futura
1203 2597 1577 2654 Incarnatione
1619 2596 1993 2667 Redemptoris

391 2690 736 2752 habuerunt;
766 2687 862 2742 sed
888 2702 1052 2755 nunc,
1070 2686 1327 2756 projectis
1354 2686 1480 2755 illis,
1511 2686 1639 2741 dum
1670 2685 1900 2756 gentiles
1935 2685 1992 2739 in

389 2794 512 2834 eum
525 2776 791 2832 veraciter
801 2775 1041 2839 credunt,
1056 2774 1350 2829 divinitatis
1367 2774 1776 2829 etbumanitatis
1788 2773 1900 2842 ejus
1910 2789 1992 2827 sa-

392 2872 668 2924 cramenta
683 2864 740 2919 in
754 2864 1129 2919 delectationis
1144 2862 1350 2919 intimae
1361 2863 1655 2919 refectione
1675 2862 1867 2931 suscipi
1877 2870 1987 2917 unt.

471 2954 557 3007 15.
590 2952 729 3022 Quia
756 2968 885 3008 vero
923 2968 1022 3021 per
1068 2950 1352 3023 egregium
1410 2951 1702 3006 Doctorem
1749 2950 1943 3004 dicitur
1974 2967 1987 3003 :

392 3043 595 3098 Omnes
614 3041 869 3096 eamdem
919 3055 1107 3095 escam
1151 3039 1667 3104 manducaverunt,
1713 3042 1770 3094 et
1798 3055 1991 3095 omnes

390 3129 652 3186 eumdem
671 3127 996 3199 spiritalem
1043 3131 1237 3199 potum
1298 3128 1559 3183 biberunt
1600 3127 1881 3193 (bibebant
1914 3128 1981 3183 de

2085 563 2247 621 ﬁdem
2269 574 2428 621 notus
2448 566 2515 620 ab
2543 565 2639 635 eis,
2672 582 2770 636 per
2795 567 3073 623 cbaritatis
3100 568 3433 625 desiderium
3480 579 3693 642 poterat

2088 654 2422 725 concupisci.
2451 654 2762 727 Synagogae
2812 656 2978 727 igitur
3006 656 3063 709 in
3095 657 3288 726 primis
3303 660 3543 729 patribus
3556 663 3688 734 glo-

2086 742 2265 810 rianti,
2296 742 2333 796 ii
2366 742 2595 798 accincti
2621 743 2812 799 robore
2843 746 2922 812 (a)
2943 743 3318 814 praeferuntur,
3350 748 3550 804 utdum
3590 767 3686 808 no-

2090 847 2217 886 vum
2246 831 2460 886 culmen
2489 831 2788 887 electorum
2816 832 3156 902 conspicitur
3183 836 3524 907 praecelsum,
3583 857 3686 896 ne-

2092 935 2364 991 quaquam
2395 919 2627 975 inaniter
2644 920 2785 975 ultra
2809 921 3089 992 glorietur.
3122 921 3189 976 Et
3217 923 3344 993 quia
3372 926 3691 985 adiscubitu

2089 1015 2285 1063 sanctae
2316 1008 2569 1063 Ecclesiae
2601 1008 2756 1064 cibus
2796 1010 2924 1065 vita:
2947 1025 3243 1082 nunquam
3300 1012 3519 1083 tollitur,
3581 1025 3691 1072 tam

2098 1096 2275 1151 futura
2300 1112 2465 1167 quam
2495 1097 2768 1166 praeterita
2789 1097 3086 1166 insinuans,
3121 1098 3197 1153 ait
3225 1116 3239 1156 :

2173 1186 2344 1254 (Vers.
2378 1186 2454 1254 6.)
2484 1185 2669 1241 Donec
2684 1186 2903 1242 sterilis
2931 1189 3151 1259 peperit
3178 1190 3473 1260 plurimos,
3496 1197 3555 1249 et
3571 1211 3696 1267 quae

2101 1274 2309 1329 multos
2340 1272 2575 1329 habebat
2613 1274 2761 1341 ﬁlios
2789 1275 3092 1343 inﬁrmata
3121 1281 3230 1332 est.

2175 1362 2261 1415 16.
2289 1360 2428 1423 Quae
2449 1370 2528 1416 est
2563 1362 2780 1429 sterilis,
2816 1363 2917 1417 nisi
2946 1371 3132 1419 sancta
3148 1366 3413 1439 Ecclesia,
3438 1378 3494 1424 ut
3536 1388 3698 1441 supra

2101 1449 2262 1504 latius
2287 1449 2342 1503 in
2370 1452 2535 1504 Annae
2577 1457 2702 1520 typo
2727 1450 2842 1518 jam
2872 1450 3117 1507 diximus
3146 1454 3174 1506 εν
3201 1452 3344 1522 Quid
3370 1466 3449 1512 est
3467 1474 3602 1530 ergo
3618 1459 3698 1515 fa-

2102 1538 2326 1593 melicos
2347 1538 2593 1607 saturari,
2625 1538 2800 1595 donec
2828 1540 3023 1595 sterilis
3049 1542 3245 1612 pariat,
3277 1544 3381 1598 nisi
3420 1564 3587 1619 usque
3640 1549 3701 1603 in

2101 1625 2287 1680 mundi
2318 1624 2476 1681 ﬁnem
2504 1642 2701 1696 panem
2727 1626 2852 1681 vitae
2880 1628 3164 1697 possidere
3192 1631 3220 1685 ?
3266 1630 3424 1701 Quod
3472 1643 3525 1689 et
3581 1637 3699 1706 ipse

2101 1714 2442 1785 repromittit,
2475 1715 2662 1770 dicens
2684 1732 2697 1769 :
2730 1716 2868 1771 Ecce
2881 1732 2980 1788 ego
2998 1717 3282 1776 vobiscum
3299 1738 3427 1777 sum
3440 1739 3613 1796 usque
3633 1727 3697 1782 in

2103 1803 2651 1859 consummationem
2666 1805 2863 1859 saeculi
2878 1806 3075 1874 (Matth
3090 1810 3398 1880 xxvrn,20).
3419 1811 3540 1867 Non
3555 1814 3700 1869 enim

2098 1899 2220 1944 sunt
2249 1891 2352 1945 nisi
2383 1889 2619 1946 famelici
2646 1907 2783 1963 quos
2813 1900 3001 1948 sancta
3048 1894 3288 1951 Ecclesia
3337 1899 3499 1967 parit.
3549 1901 3698 1974 Ergo

2099 1977 2272 2034 donec
2303 1979 2460 2049 parit,
2495 1978 2726 2034 famelici
2753 1987 3082 2051 saturantur,
3108 1983 3236 2052 quia
3252 1987 3490 2055 usquein
3511 1990 3699 2045 mundi

2098 2065 2265 2121 ﬁnem
2294 2068 2407 2122 Deo
2436 2066 2575 2123 ﬁlios
2602 2076 2845 2140 generat,
2875 2070 2967 2140 qui
2996 2070 3127 2125 dum
3148 2072 3364 2129 venisse
3412 2075 3471 2129 in
3524 2091 3690 2134 carne

2095 2155 2512 2226 Redemptorem
2537 2156 2779 2225 credunt,
2796 2174 2997 2226 panem
3011 2159 3156 2228 vitae,
3176 2177 3339 2231 quem
3361 2163 3688 2235 desiderant,

2098 2244 2409 2314 comedunt,
2440 2252 2492 2300 et
2520 2245 2853 2315 plenitudine
2879 2248 3177 2316 replentur.
3214 2249 3323 2305 Sed
3352 2251 3525 2309 donec
3581 2263 3694 2311 ste-

2097 2332 2212 2386 rilis
2237 2333 2501 2402 plurimos
2530 2333 2691 2402 parit,
2723 2350 2787 2389 ea
2844 2351 2966 2405 quae
3015 2336 3213 2392 multos
3270 2339 3507 2395 habebat
3546 2340 3690 2399 ﬁlios

2098 2416 2414 2471 inﬁrmatur.
2448 2416 2710 2471 Inﬁrmari
2740 2418 3049 2491 Synagogze
3079 2428 3162 2475 est
3194 2422 3525 2481 institutione
3552 2427 3694 2499 legis

2098 2504 2294 2560 veteris
2310 2521 2497 2574 parere
2526 2520 2634 2561 non
2660 2522 2844 2575 posse.
2864 2506 2998 2575 Quae
3028 2508 3170 2563 enim
3188 2508 3347 2566 ﬁdem
3377 2513 3479 2568 viri
3495 2516 3694 2584 prioris

2096 2592 2353 2662 perdidit,
2384 2592 2600 2649 diabolo
2624 2593 2743 2663 jam
2772 2602 2825 2649 et
2853 2610 2961 2650 non
2991 2596 3105 2652 Deo
3134 2599 3296 2667 parit.
3341 2601 3485 2658 Bene
3513 2612 3694 2660 autem

2099 2680 2294 2736 dicitur
2324 2679 2494 2749 :Quaa
2524 2682 2723 2737 multos
2754 2683 2989 2737 habebat
3018 2681 3176 2753 ﬁlios,
3202 2688 3329 2757 quia
3348 2688 3479 2743 dum
3506 2691 3562 2746 in
3592 2710 3693 2749 ve—

2097 2768 2255 2824 ritate
2281 2769 2679 2837 Scripturarum
2711 2770 3016 2839 subjectum
3043 2773 3147 2826 sibi
3182 2760 3290 2827 50
3320 2780 3584 2847 populum
3604 2798 3698 2838 an-

2096 2856 2317 2927 tiquitus
2342 2856 2577 2912 erudiret
2608 2858 2817 2914 venturi
2850 2859 3226 2930 Redemptoris
3247 2864 3539 2922 adventum
3561 2886 3692 2927 con-

2098 2944 2398 3015 cupiscere,
2429 2945 2498 3000 de
2517 2946 2807 3016 complexu
2834 2948 3069 3004 caelestis
3095 2952 3281 3019 sponsi
3313 2952 3452 3010 ﬁlios
3496 2959 3687 3026 parie-

2096 3033 2209 3088 bat.
2240 3033 2399 3090 Nunc
2417 3041 2596 3089 autem
2625 3051 2745 3104 quae
2767 3036 2999 3091 habebat
3026 3036 3170 3093 ﬁlios
3197 3038 3469 3098 inﬁrmata
3489 3053 3586 3115 est,
3639 3056 3693 3104 et

2096 3120 2237 3177 ﬁlios
2264 3137 2373 3178 non
2400 3122 2581 3177 habet.
2614 3123 2917 3193 Scripturas
2946 3125 3165 3197 quidem
3194 3128 3308 3183 suis
3353 3131 3692 3191 auditoribus

391 3218 642 3287 spiritali
661 3178 1154 3288 cbnsequentereos
1182 3219 1368 3288 petra,
1398 3220 1564 3287 petra
1603 3178 1812 3272 ‘autem
1855 3220 1979 3271 erat
2009 3178 2057 3242 C
2087 3209 2324 3277 exhibet,
2356 3210 2452 3265 sed
2495 3211 2621 3281 quia
2666 3178 3084 3281 Redemptdrem
3133 3224 3317 3288 negat,
3376 3178 3692 3280 Deovﬁlid;

395 3305 674 3372 Christus)
691 3304 745 3372 (I
764 3302 884 3360 Cor.
903 3307 1025 3372 x,3,
1043 3305 1121 3373 4),
1145 3310 1325 3374 potest
1350 3304 1740 3360 rationabiliter
1794 3303 1983 3376 colligi

393 3394 523 3467 quia
571 3392 648 3446 illi
691 3392 1171 3458 manducaverunt,
1198 3399 1381 3447 etnon
1424 3399 1545 3446 sunt
1599 3392 1840 3461 saturati,
1898 3391 1984 3446 isti

388 3481 926 3547 manducaverunt,et
944 3480 1164 3535 saturati
1182 3488 1323 3534 sunt.
1349 3478 1507 3548 Quod
1528 3480 1779 3534 nimirum
1802 3489 1988 3535 contra

389 3571 738 3642 Synagogam
766 3584 799 3622 a
810 3574 994 3623 sancta
1015 3568 1258 3622 Ecclesia
1272 3576 1415 3623 recte
1425 3568 1701 3636 dicitur,ut
1712 3569 1748 3621 ii
1761 3568 1851 3639 qui
1867 3576 1989 3623 sunt

393 3658 491 3713 sub
520 3657 691 3729 gratia
722 3656 858 3709 mira
887 3655 1206 3710 celsitudine
1226 3656 1581 3724 praeminere
1609 3656 1710 3710 sub
1736 3657 1857 3728 lege
1885 3672 1989 3726 po-

392 3745 889 3815 sitisdesignentur.
925 3742 1067 3812 Quid
1098 3743 1241 3799 enim
1264 3744 1371 3798 illis
1399 3742 1498 3798 fuit
1527 3761 1583 3798 se
1611 3760 1713 3814 pro
1760 3745 1992 3814 panibus

390 3834 593 3900 locare,
626 3832 725 3886 nisi
757 3839 1099 3887 sacramenta
1127 3832 1333 3886 venturi
1360 3832 1734 3902 Redemptoris
1760 3838 1815 3887 in
1846 3834 1989 3890 Scri-

387 3930 547 3993 ptura
565 3935 718 3975 sacra
747 3920 1059 3991 perquirere
1095 3920 1122 3973 τ
1162 3918 1407 3988 Quorum
1456 3920 1699 3990 profecto
1745 3922 1992 3991 nusquis-

389 4024 497 4081 que
526 4007 888 4075 manducavit,
919 4015 972 4062 et
999 4008 1259 4062 salutatus
1287 4024 1394 4064 non
1441 4017 1539 4077 est,
1579 4009 1705 4080 quia
1758 4009 1990 4065 futuram

394 4097 590 4152 summi
619 4096 881 4168 unigeniti
903 4096 1329 4152 Incamationem
1356 4098 1603 4165 credidit,
1636 4098 1730 4153 sed
1758 4115 1993 4168 praesen-

392 4193 499 4241 tem
530 4201 642 4240 non
670 4184 820 4240 vidit.
846 4184 1168 4240 Manducare
1215 4186 1435 4256 quidem
1488 4186 1536 4241 ei
1588 4186 1706 4255 fuit,
1751 4187 1992 4243 divinam

388 4273 823 4330 Incarnationem
846 4272 900 4327 in
934 4274 1131 4329 mentis
1160 4273 1430 4329 desiderio
1461 4275 1689 4329 dulciter
1739 4276 1989 4343 retinere,

390 4370 443 4418 et
470 4378 579 4418 non
608 4362 837 4416 saturari
868 4362 917 4416 ei
947 4361 1046 4415 fuit
1075 4361 1440 4416 desideratam
1478 4362 1596 4430 ejus
1648 4365 1992 4431 praesentiam

386 4466 498 4506 non
525 4450 729 4505 videre.
765 4448 1106 4515 Sedinﬁrmi,
1134 4449 1225 4520 qui
1256 4449 1448 4505 robore
1461 4450 1781 4521 accingendi
1802 4459 1975 4520 erant,

2087 3313 2363 3369 nunquam
2391 3306 2632 3369 generat.
2660 3298 2925 3354 inﬁrmari
2962 3317 3093 3374 ergo
3120 3302 3337 3375 dicitur,
3385 3308 3470 3362 cui
3528 3311 3694 3381 spiri-

2091 3388 2250 3441 tualis
2277 3387 2578 3443 fecunditas
2608 3397 2854 3459 negatur.
2888 3390 2954 3443 Et
2983 3391 3110 3461 quia
3137 3400 3245 3446 tam
3276 3394 3584 3471 Synagogaa
3612 3417 3694 3456 re-

2090 3474 2266 3544 pulsio
2296 3490 2457 3545 quam
2486 3475 2675 3531 electio
2703 3476 3020 3547 gentilitatis
3033 3478 3570 3551 incomprehensibili
3590 3489 3692 3545 Dei

2086 3562 2299 3633 judicio
2338 3562 2480 3618 facta
2506 3572 2602 3631 est,
2635 3565 2911 3636 sequitur:

2164 3651 2336 3721 (Vers.
2361 3652 2496 3718 6-8.)
2527 3652 2798 3708 Dominus
2824 3655 3156 3725 morti/teat,
3179 3660 3235 3714 et
3263 3660 3531 3731 viviﬁcat,
3584 3664 3687 3721 de-

2094 3738 2251 3794 ducit
2279 3740 2351 3794 ad
2370 3740 2603 3809 inferos,
2636 3744 2692 3795 et
2722 3741 2945 3797 reducit
2976 3763 2995 3807 ς
3045 3745 3328 3804 Dominus
3381 3766 3694 3822 pauperem

2094 3828 2257 3898 facit,
2289 3831 2344 3882 et
2375 3828 2523 3882 ditat
2551 3843 2564 3893 ;
2599 3827 2874 3885 humiliat
2905 3836 2962 3886 et
2982 3833 3261 3891 sublevat.
3320 3838 3575 3896 Suscitat
3625 3843 3696 3900 de

2094 3916 2322 3987 pulvere
2352 3931 2614 3988 egenum,
2648 3921 2705 3973 et
2733 3917 2798 3973 de
2830 3922 3075 3976 stercore
3088 3922 3263 3992 erigit
3280 3943 3609 3999 pauperem,
3629 3936 3700 3986 ut

2095 4003 2285 4060 sedeat
2303 4020 2433 4059 cum
2459 4004 2841 4076 principibus,
2874 4011 2931 4062 et
2978 4010 3181 4065 solium
3209 4013 3403 4082 gloriae
3462 4024 3683 4074 teneat.

2170 4094 2255 4146 l7.
2282 4090 2447 4156 Quasi
2477 4093 2873 4162 obstupescenti
2903 4096 3059 4151 alicui
3088 4098 3156 4153 de
3171 4107 3281 4154 tam
3310 4103 3499 4160 electae
3515 4107 3695 4177 gentis

2096 4179 2409 4248 repulsione
2436 4181 2779 4250 respondeat,
2812 4181 3028 4240 dicens:
3060 4184 3201 4255 Quid
3230 4189 3283 4242 in
3317 4190 3400 4244 bis
3427 4194 3693 4250 rationem

2097 4267 2313 4338 quaeris,
2346 4283 2467 4339 qua:
2497 4285 2709 4323 summa
2730 4270 3505 4345 ratioincomprehensibiliter
3527 4280 3697 4339 facit?

2097 4353 2255 4423 Quod
2282 4355 2444 4411 etiam
2472 4373 2645 4428 genus
2674 4360 2951 4428 quaerendi
2973 4361 3162 4419 doctor
3189 4366 3443 4438 egregius
3496 4386 3697 4441 repre—

2097 4442 2360 4511 hendens,
2394 4444 2497 4499 ait:
2521 4444 2721 4516 Homo,
2755 4452 2820 4503 tu
2831 4451 2954 4521 quis
2976 4466 3056 4518 es,
3079 4452 3176 4523 qui
3194 4457 3536 4526 respondeas
3558 4458 3702 4517 Deo?

388 4536 679 4594 saturitatis
705 4552 816 4590 suae
844 4536 1115 4605 praeconia
1145 4537 1212 4590 ab
1241 4552 1306 4591 eo
1320 4552 1426 4608 quo
1443 4537 1731 4592 saturaban
1746 4546 1833 4607 tur
1846 4555 1989 4609 pane
2023 4529 2075 4590 D
2105 4532 2370 4604 Nunquid
2394 4532 2532 4589 dicit
2561 4534 2900 4606 ﬁgmentum
2921 4540 3017 4609 [ac
3045 4542 3272 4597 orisuo:
3311 4544 3453 4611 Quid
3473 4564 3563 4603 me
3604 4551 3700 4619 fe-

389 4625 682 4681 audiebant
712 4643 730 4678 :
753 4624 910 4679 Beati
928 4623 1081 4680 oculi
1102 4625 1200 4696 qui
1228 4625 1427 4680 vident
1457 4642 1579 4697 qua:
1612 4640 1702 4681 vos
1749 4627 1978 4684 videtis.

390 4716 570 4770 Amen
598 4713 719 4769 dico
750 4712 895 4767 vobis
923 4714 1055 4783 quia
1075 4712 1250 4768 multi
1278 4729 1431 4785 reges
1461 4719 1517 4770 et
1558 4716 1847 4787 prophetia
1890 4732 1989 4773 vo-

394 4802 628 4858 luerunt
656 4800 842 4856 videre
861 4816 984 4871 qua:
1012 4816 1104 4855 vos
1123 4801 1346 4869 videtis,
1376 4806 1563 4857 etnon
1602 4803 1887 4873 viderunt,
1932 4811 1989 4863 et

344 4898 351 4903 ’
392 4889 721 4961 audireque
741 4904 832 4946 vos
855 4888 1089 4957 auditis,
1107 4893 1163 4945 et
1180 4904 1294 4945 non
1307 4891 1619 4947 audierunt
1637 4893 1985 4964 (Matthnmr,

392 4978 605 5047 16,17).
639 4976 742 5046 Qui
767 4977 912 5032 enim
939 4978 1122 5033 videre
1147 4979 1421 5049 volebant,
1449 4981 1564 5051 jam
1594 4981 1795 5038 intimae
1809 4982 1986 5040 delec-

391 5066 610 5124 tationis
623 5082 823 5136 panem
842 5082 940 5136 per
952 5066 1281 5122 desiderium
1300 5069 1721 5139 manducabaut;
1743 5071 1837 5126 sed
1859 5073 1985 5141 quia

385 5154 571 5212 videre
591 5169 700 5209 non
726 5161 994 5223 poterant,
1026 5154 1296 5210 habebant
1310 5156 1571 5228 gaudium
1587 5157 1865 5227 desiderii,
1890 5159 1985 5216 sed

388 5260 497 5300 non
516 5241 904 5311 habebantper
923 5241 1234 5297 fruitionem
1247 5244 1560 5300 saturitatis.
1576 5246 1714 5300 Nam
1735 5246 1830 5301 etsi
1846 5246 1988 5303 Scri-

388 5339 547 5401 ptura
575 5330 749 5386 dicat:
772 5329 920 5395 Quia
934 5347 1142 5403 panem
1164 5348 1389 5389 omnem
1402 5336 1750 5391 suavitatem
1779 5334 1986 5392 haben-

394 5424 510 5477 tem
526 5421 583 5476 et
612 5434 837 5476 omnem
865 5419 1245 5490 dulcedinem,
1265 5422 1411 5479 Deus
1423 5424 1504 5480 eis
1525 5421 1678 5479 dedit
1701 5422 1980 5497 (Sapom,

462 5614 539 5689 (a)
557 5613 730 5673 Vatic.
760 5623 815 5673 et
841 5615 1008 5676 Gilot.
1038 5621 1433 5692 proferuntur.

2098 4622 2229 4676 cisti
2253 4622 2336 4676 sic
2369 4621 2535 4678 Ξ)Ααί
2562 4639 2677 4680 non
2735 4624 2900 4681 habet
2949 4632 3291 4697 potestatem
3342 4635 3563 4703 figulus
3615 4652 3694 4693 ea:

2098 4707 2286 4763 eodem
2303 4708 2424 4763 luto
2437 4709 2597 4765 aliud
2611 4704 2834 4782 quidem
2856 4730 2948 4770 vas
2962 4717 3155 4785 facere
3170 4718 3230 4773 in
3248 4719 3702 4791 honorem,aliud

2096 4810 2222 4851 vero
2240 4797 2302 4884 in
2322 4798 2730 4884 contumeliam
2750 4799 2927 4867 (Rom.
2959 4818 3037 4870 rx,
3060 4806 3150 4872 20,
3171 4805 3300 4875 21)?
3318 4809 3445 4864 Tale
3479 4820 3556 4865 est
3567 4826 3700 4884 ergo

2096 4898 2160 4939 ac
2172 4884 2217 4937 si
2244 4883 2414 4938 dicat:
2444 4882 2585 4952 Quia
2614 4887 2855 4941 omnium
2878 4889 3142 4946 Dominus
3168 4903 3309 4950 recte
3327 4882 3694 4970 cognoscitur,

2094 4986 2231 5041 opus
2257 4971 2418 5039 illius,
2450 4980 2503 5026 et
2517 4972 2572 5026 in
2586 4973 2787 5029 Iudaeae
2799 4975 3124 5047 abjectione,
3149 4989 3200 5036 et
3216 4982 3271 5036 in
3285 4986 3528 5055 gentium
3545 4988 3695 5044 elec-

2094 5057 2258 5127 tione,
2289 5059 2657 5114 venerandum
2687 5070 2739 5117 et
2767 5079 2874 5119 non
2895 5065 3295 5125 discutiendum
3324 5088 3441 5129 esse
3492 5078 3699 5132 sentia-

2091 5161 2230 5201 mus.
2251 5146 2533 5235 Mortiﬁcat
2562 5149 2779 5221 quidem
2809 5152 3094 5225 Dominus,
3131 5158 3257 5229 quia
3286 5160 3702 5235 incomprehen-

2095 5235 2236 5289 sibili
2263 5234 2465 5304 judicio
2496 5238 2769 5306 quondam
2799 5240 3036 5298 electum
3049 5245 3365 5304 Iudaeorum
3383 5234 3703 5321 populum:

2093 5322 2404 5395 cognitione
2424 5324 2663 5381 veritatis
2679 5337 2913 5400 separat,
2947 5339 2999 5386 et
3026 5332 3083 5386 in
3102 5344 3424 5406 perpetuum
3446 5338 3695 5396 damnat.

2091 5411 2357 5483 Viviﬁcat,
2389 5413 2517 5486 quia
2544 5415 2903 5490 gentilitatem
2932 5418 3004 5476 ad
3030 5421 3365 5495 agnitionem
3392 5427 3475 5483 sui
3496 5428 3695 5503 unige-

2834 5670 2865 5679 τι·
