4062 6182
86 101 287 147 ί-ι-ι-

229 280 281 336 73
1000 268 1073 327 ΙΝ
1111 270 1384 328 PRIMUM
1423 269 1666 328 REGUM
1703 266 2255 326 EXPOSITIONES.
2301 301 2370 311 —
2409 270 2543 325 LIB.
2586 273 2635 328 l.
3405 275 3478 330 τι

231 401 307 456 niti
332 396 686 468 temporaliter
715 411 814 467 per
843 395 1003 452 ﬁdem
1045 396 1256 468 recipit,
1291 402 1342 453 et
1371 396 1441 452 ad
1482 395 1601 466 ejus
1629 410 1770 450 con-
1798 390 1856 454 Α
1884 402 2081 451 cuntur
2109 410 2207 468 pro
2227 394 2639 453 mortiﬁcatione
2651 398 2890 471 propria
2918 400 3233 458 voluntatis.
3260 402 3478 459 Domini

235 484 562 559 templandam
589 485 821 557 gloriam
850 485 1175 542 aeternaliter
1190 485 1460 557 perducit.
1476 484 1778 557 Adjuteros

236 579 374 644 ducit,
403 576 524 647 quia
552 574 793 630 districto
822 575 943 645 ejus
966 575 1178 647 judicio
1203 575 1364 629 ultrix
1391 574 1643 647 gelienna
1689 588 1785 629 eos

234 665 500 739 puniendos
527 664 584 716 in
611 671 931 734 perpetuum
963 663 1155 733 recipit
1188 662 1278 733 qui
1305 679 1404 733 per
1419 662 1634 734 culpam
1662 678 1783 733 per-

230 756 346 811 ﬁdiae
374 771 401 807 a
430 753 770 808 veneratione
789 768 848 808 se
870 752 1117 809 dividunt
1135 751 1538 823 Redemptoris.
1561 751 1786 808 Rcducit

226 846 282 901 ab
305 844 499 908 inferis,
530 841 659 911 quia
686 842 944 914 gentilem
976 840 1238 914 populum
1270 841 1343 897 ad
1375 840 1469 895 ﬁlii
1500 841 1582 895 sui
1623 839 1786 894 ﬁdem

223 936 385 989 devote
427 930 773 988 accedentem
805 930 1049 1003 suscipit,
1090 931 1197 998 cui,
1229 931 1372 989 velut
1408 930 1550 985 altus
1599 928 1784 1001 abyssi

223 1038 394 1088 carcer,
450 1020 647 1076 exstitit
675 1020 944 1076 immensa
973 1020 1280 1075 obscuritas
1309 1019 1536 1075 erroris.
1568 1020 1783 1089 Paupe-

224 1128 317 1167 rem
347 1110 457 1165 facit
486 1118 536 1164 et
565 1110 718 1177 ditat,
752 1110 879 1179 quia
907 1117 957 1165 et
988 1109 1261 1180 repulsam
1284 1108 1533 1163 Judaeam
1565 1107 1784 1177 spirita-

223 1201 340 1258 libus
364 1198 641 1253 virtutibus
670 1198 888 1269 spoliat,
922 1206 974 1252 et
999 1199 1222 1253 electam
1254 1197 1630 1269 gentilitatem,
1672 1202 1782 1251 tam

222 1290 367 1360 pretio
395 1286 509 1342 ﬁdei
540 1302 706 1358 quam
737 1287 1008 1341 bonorum
1039 1303 1261 1356 operum
1294 1285 1601 1359 fulgoribus
1630 1300 1784 1341 exor-

222 1376 421 1444 nat.Qui
446 1377 609 1431 etiam
639 1374 926 1430 humiliare
945 1384 999 1430 et
1017 1375 1311 1430 sublimare
1332 1374 1526 1430 dicitur
1574 1374 1782 1429 Etenim

225 1466 549 1537 Synagoga,a
582 1466 951 1535 Redemptore
981 1464 1305 1533 recedendo,
1320 1463 1660 1517 sublimitatis
1675 1478 1788 1519 suae

222 1555 309 1609 alta
336 1554 594 1624 deposuit,
629 1562 683 1607 et
710 1562 897 1608 sancta
927 1553 1191 1618 Ecclesia,
1225 1553 1646 1624 Redemptorem
1685 1568 1786 1607 ve-

229 1643 454 1709 nerando,
489 1643 557 1698 ab
591 1643 704 1697 imo
735 1642 1086 1708 inﬁdelitatis,
1118 1642 1210 1697 ubi
1253 1642 1491 1713 projecta
1521 1642 1784 1710 jacuerat,

222 1733 266 1787 in
291 1732 610 1787 altitudinem
657 1736 828 1787 rectae
867 1730 991 1786 ﬁdei
1037 1739 1090 1786 et
1138 1730 1453 1785 Christiana:
1504 1731 1786 1801 potestatis

228 1820 567 1877 celsitudinem
600 1818 861 1874 surrexit.
901 1817 1039 1888 Quia
1068 1834 1202 1891 ergo
1233 1817 1332 1874 Dei
1380 1817 1570 1873 Filium
1600 1818 1789 1875 Iudaea

227 1910 532 1980 contempsit,
566 1908 847 1980 gentilitas
875 1911 1194 1977 promeruit,
1227 1916 1374 1963 recte
1404 1914 1459 1962 et
1485 1907 1577 1962 illa
1605 1907 1788 1962 humi-

224 1999 345 2063 liata,
374 2006 421 2052 et
456 2000 565 2052 ista
600 1996 844 2053 creditur
873 1996 1135 2051 exaltata.
1176 1996 1465 2067 Sequitur:
1496 1996 1790 2052 Suscitans

221 2089 273 2143 de
287 2089 495 2158 pulvere
511 2103 778 2159 egenum,
798 2090 853 2141 et
871 2085 939 2141 de
958 2088 1199 2141 stercore
1217 2086 1441 2155 erigens
1460 2101 1785 2157 pauperem,

222 2181 272 2231 at
289 2177 459 2231 sedeat
483 2192 619 2231 cum
639 2175 1014 2247 principibus,
1038 2177 1093 2229 et
1120 2174 1323 2230 solium
1346 2174 1539 2245 gloria:
1560 2178 1779 2230 teneat.

273 2269 351 2319 18.
386 2266 608 2336 Egenus
628 2269 681 2319 et
709 2279 922 2335 pauper
942 2262 1161 2334 gentilis
1185 2262 1419 2333 papulus
1443 2262 1786 2335 intelligitur,

217 2353 290 2423 qui
316 2354 377 2408 de
405 2352 928 2423 pulveresuscitatus
957 2359 1011 2406 et
1038 2350 1105 2406 de
1137 2359 1375 2406 stercore
1405 2360 1616 2407 erectus
1646 2351 1786 2407 dici-

214 2448 302 2506 tur,
328 2444 449 2512 quia
477 2458 607 2497 cum
639 2441 900 2512 recipitur
928 2441 980 2495 in
1012 2438 1174 2495 ﬁdem
1213 2440 1615 2511 Redemptoris,
1657 2448 1709 2496 et
1737 2440 1788 2497 ei

216 2530 403 2585 minima
432 2539 482 2586 et
513 2530 774 2602 graviora
804 2536 1029 2601 peccata
1060 2529 1426 2585 remittuntur.
1462 2527 1602 2597 Quia
1640 2529 1786 2585 enim

212 2620 344 2676 facile
388 2620 565 2691 pulvis
598 2619 892 2686 excutitur,
925 2627 978 2674 et
1023 2636 1185 2690 quem
1217 2627 1458 2674 stercora
1508 2619 1789 2691 inquinant

211 2709 511 2765 horribilitcr
539 2709 776 2775 foedant,
814 2708 991 2779 pulvis
1031 2708 1258 2776 leviora,
1291 2716 1498 2763 stercus
1534 2708 1788 2781 graviora

216 2806 408 2868 peccata
436 2798 733 2871 signiﬁcat.
764 2797 913 2852 Bene
949 2797 1111 2852 etiam
1143 2797 1210 2852 de
1237 2797 1466 2867 pulvere
1492 2798 1787 2852 suscitatus

216 2900 393 2957 egenus
420 2887 641 2951 dicitur,
674 2890 730 2941 et
759 2886 828 2940 de
858 2893 1099 2942 stercore
1127 2900 1336 2957 pauper
1353 2892 1588 2941 erectus.
1608 2886 1660 2939 [n
1678 2884 1786 2940 illis

217 2974 448 3045 siquidem
479 2974 861 3041 dormiebat,a
879 2974 1076 3046 quibus
1094 2974 1203 3030 levi
1223 2981 1370 3030 tactu
1397 2974 1586 3046 gratiae
1609 2975 1787 3029 susci-

214 3065 296 3118 tari
323 3070 539 3135 poterat.
564 3066 629 3119 In
658 3064 766 3118 illis
794 3078 923 3120 vero
947 3063 1179 3133 jacebat,
1203 3064 1346 3135 quia,
1364 3062 1546 3134 lapsus
1576 3062 1628 3117 in
1658 3079 1783 3136 gra-

213 3151 624 3221 vioribus,manu
645 3151 833 3223 magni
855 3151 1043 3206 auxilii
1066 3150 1363 3223 indigebat.
1384 3150 1488 3206 Sed
1505 3150 1620 3221 jam
1642 3166 1781 3223 ege-

208 3256 291 3294 nus
317 3242 402 3310 qui
432 3243 498 3297 de
530 3241 762 3313 pulvere
792 3240 1101 3306 suscitatur,
1144 3248 1197 3295 et
1226 3239 1271 3294 is
1302 3239 1390 3309 qui
1429 3239 1497 3295 de
1544 3247 1779 3295 stercore

207 3344 388 3400 pauper
412 3330 659 3403 erigitur,
693 3328 974 3383 audiamus
1004 3344 1111 3400 quo
1142 3328 1385 3384 culmine
1423 3328 1769 3400 praeferatur.

263 3439 303 3503 5
318 3439 351 3505 1
378 3438 460 3493 19.
479 3439 542 3496 Ut
560 3437 896 3492 sedeatcum
908 3435 1277 3508 principibus,
1289 3451 1318 3490 e
1329 3439 1349 3491 ι
1360 3436 1566 3492 solium
1578 3437 1776 3508 gloria:

202 3528 384 3580 teneat.
414 3525 519 3595 Qui
547 3540 682 3583 vero
732 3525 1005 3596 principes
1042 3525 1147 3581 hoc
1193 3524 1246 3579 in
1296 3524 1419 3580 loco
1467 3525 1570 3579 nisi
1600 3524 1774 3580 sancti

199 3615 399 3683 apostoli
416 3615 788 3685 designantur
801 3615 828 3669 ?
847 3615 927 3669 De
941 3614 1138 3684 quibus
1150 3613 1406 3668 nimirum
1426 3613 1772 3685 principibus

201 3701 293 3756 Deo
306 3719 398 3773 per
415 3703 765 3758 Psalmistam
785 3702 991 3759 dicitur
1011 3721 1022 3757 :
1046 3701 1365 3758 Constitues
1387 3718 1475 3759 eos
1484 3704 1771 3774 principes

199 3808 339 3861 super
364 3809 590 3849 omnem
627 3796 1150 3859 terram,memores
1182 3795 1355 3847 erunt
1389 3792 1637 3847 nominis
1658 3793 1765 3859 tui,

200 3879 398 3937 Domine
411 3880 594 3952 (Psal.
613 3896 742 3935 thv
754 3924 768 3947 ,
786 3882 876 3948 i7,
894 3880 1003 3950 18).
1019 3880 1160 3948 Quid
1173 3888 1257 3936 est
1269 3880 1412 3950 quod
1429 3897 1633 3952 pauper
1643 3896 1766 3937 cum

198 3969 495 4041 principibus
523 3971 702 4038 sedet,
739 3970 843 4025 nisi
879 3969 1006 4040 quia
1049 3970 1185 4025 ordo
1232 3970 1666 4040 praedicatorum,
1699 3970 1767 4027 de

199 4059 416 4126 gentibus
434 4061 664 4128 electus,
682 4059 739 4113 in
751 4066 933 4114 sancta
953 4058 1203 4114 Ecclesia
1219 4058 1436 4115 culmen
1458 4059 1767 4130 apostolicae

197 4147 496 4203 auctoritatis
531 4148 793 4204 obtinet?
823 4149 956 4203 Cum
986 4147 1326 4219 principibus
1364 4148 1564 4219 quippe
1591 4149 1762 4220 sedet,

198 4234 299 4304 quia
322 4236 387 4292 de
415 4238 615 4293 throno
646 4236 888 4293 caelestis
916 4236 1215 4309 magisterii
1253 4237 1552 4292 doctrinam
1579 4236 1767 4292 salutis

198 4322 404 4382 exhibet.
436 4327 505 4381 Et
551 4326 751 4382 solium
799 4325 988 4397 gloriae
1017 4333 1186 4397 tenet,
1220 4328 1343 4398 quia
1392 4325 1549 4382 bona:
1596 4325 1763 4381 famae

1811 3116 1861 3180 Ο

1888 485 2107 555 quidem
2139 493 2284 551 sunt,
2314 485 2440 555 quia
2485 501 2593 541 non
2623 503 2724 542 sua
2768 497 3033 560 quaerunt,
3066 491 3164 547 sed
3194 508 3317 563 quae
3352 494 3481 549 Jesu

1891 569 2109 625 Christi.
2129 569 2236 625 Sed
2264 569 2486 625 domum
2514 571 2734 627 Domini
2754 588 2874 629 esse
2888 573 3169 643 dicuntur,
3189 576 3478 648 singularis

1891 658 2213 730 quaedamin
2229 658 2306 716 eis
2322 660 2583 716 sanctitas
2604 661 2945 735 designatur.
2971 662 3077 733 Qui
3095 681 3227 722 vero
3257 667 3475 722 Domini

1890 757 2033 815 sunt,
2067 750 2285 805 videant
2314 749 2441 819 quia
2472 766 2634 821 super
2663 766 2759 805 eos
2789 750 2941 806 orbis
2969 752 3204 822 ponitur,
3237 771 3346 809 non
3375 757 3478 812 sub

1890 840 1988 894 eis.
2004 838 2144 908 Quid
2162 838 2304 893 enim
2326 838 2475 893 orbis
2494 838 2713 895 nomine
2728 840 2831 894 nisi
2852 849 3052 897 sancta)
3069 842 3335 898 Ecclesia:
3352 845 3485 899 sub-

1885 929 2030 998 jecta
2059 927 2374 999 designatur
2392 926 2669 997 plenitudo
2697 926 2934 984 ﬁdelium
2956 931 2984 984 ‘?
3016 930 3189 1002 Super
3234 932 3484 989 cardines

1891 1016 2109 1088 quidem
2143 1024 2299 1072 terrae
2330 1016 2474 1072 Deus
2503 1016 2689 1072 orbem
2720 1018 2918 1089 posuit,
2939 1020 3072 1091 quia
3097 1020 3483 1092 praedicatores

1891 1104 1958 1159 ad
2005 1106 2107 1161 hoc
2149 1111 2351 1159 sancta:
2368 1104 2623 1161 Ecclesiae
2651 1105 2731 1177 (a)
2762 1115 3172 1178 prtrponuntur,
3197 1117 3255 1164 ut
3298 1126 3484 1166 eorum

1891 1191 2260 1249 inﬁrmitatem
2280 1193 2545 1263 relevant,
2565 1202 2617 1249 et
2646 1195 2854 1251 debiles
2884 1212 3100 1268 quoque
3120 1197 3187 1253 ad
3209 1200 3485 1256 caelestem

1890 1282 2144 1353 patriam,
2188 1281 2337 1338 velut
2394 1282 2863 1354 superimpositum
2894 1300 3030 1342 onus
3070 1296 3308 1359 portent.
3365 1290 3490 1346 Non

1893 1371 2061 1443 igitur
2085 1387 2145 1426 se
2162 1388 2383 1442 semper
2410 1372 2663 1443 praelatos
2684 1372 2884 1430 debent
2914 1377 3179 1447 aspicere,
3200 1380 3296 1434 sed
3318 1396 3485 1451 quan-

1894 1461 2073 1532 doque
2103 1461 2391 1531 subjectos,
2423 1469 2487 1516 ut
2514 1461 2800 1532 disciplina
2830 1465 3023 1521 cohibe
3052 1466 3136 1521 dis
3164 1468 3311 1523 vitiis
3338 1484 3484 1539 prta-

1896 1550 2022 1615 sint,
2054 1551 2148 1605 sed
2179 1550 2539 1606 aestimatione
2570 1559 2625 1606 et
2671 1552 2986 1610 obedientia
3017 1556 3300 1613 ministerii
3338 1575 3484 1630 saepe

1896 1638 2110 1694 subsint
2138 1639 2221 1695 eis
2253 1641 2448 1711 quibus
2477 1640 2830 1712 prmeminent
2858 1660 2988 1699 cura
3022 1646 3376 1715 praelationis.
3415 1650 3485 1706 Et

1812 1756 1868 1818 Β
1897 1728 2023 1799 quia
2052 1744 2253 1800 magna
2280 1737 2402 1784 sunt
2431 1745 2597 1786 onera
2627 1748 2746 1803 quae
2765 1732 3163 1804 praedicatores
3192 1737 3482 1812 sustinent,

1897 1818 2079 1873 subdit
2106 1826 2267 1891 atque
2296 1818 2370 1874 ait
2391 1835 2403 1874 :

1966 1908 2147 1979 (Vers.
2188 1909 2263 1976 9.)
2292 1908 2465 1965 Pedes
2496 1914 2825 1968 sanctorum
2853 1928 3087 1970 suorum
3113 1917 3376 1974 servabit.

1966 1998 2055 2052 21.
2098 1995 2260 2065 Quasi
2292 1997 2463 2054 dicat:
2489 1999 2631 2055 lnter
2658 2016 2821 2056 onera
2847 2008 2952 2056 tam
2971 2002 3246 2062 immensa
3263 2021 3484 2065 corrue-

1894 2092 2032 2153 rent,
2064 2087 2111 2140 si
2142 2102 2329 2143 eorum
2357 2088 2529 2158 pedes
2556 2088 2817 2145 Dominus
2846 2106 2954 2147 non
3002 2102 3272 2152 servaret.
3316 2098 3488 2156 Pedes

1897 2175 2113 2246 quidem
2146 2183 2451 2231 sanctorum
2499 2192 2717 2232 suorum
2747 2187 2871 2233 sunt
2913 2179 3137 2237 affectus
3186 2187 3476 2244 mentium.

1897 2264 2001 2334 Qui
2023 2264 2273 2337 profecto
2296 2281 2327 2320 a
2342 2265 2576 2321 Domino
2592 2275 2893 2334 servantur,
2913 2269 3041 2342 quia
3058 2271 3126 2326 ab
3155 2271 3290 2344 ipsis
3309 2278 3488 2348 gratia

1894 2354 2047 2409 mirae
2059 2353 2360 2409 devotionis
2376 2354 2693 2424 infunditur,
2709 2373 2814 2427 qua
2830 2372 2967 2413 onus
2984 2367 3187 2415 tantum
3210 2372 3489 2435 gratanter

1894 2442 2332 2500 ferunt.Servare
2344 2443 2566 2517 quidem
2580 2445 2747 2515 pedes
2758 2454 3066 2503 sanctorum
3078 2449 3343 2507 Dominus
3355 2453 3488 2511 dici-

1895 2537 2006 2598 tur,
2025 2532 2151 2604 quia
2162 2533 2292 2587 tanti
2305 2533 2561 2605 ponderis
2575 2535 2771 2589 molem
2786 2535 3112 2609 fugerent,si
3126 2540 3489 2599 hocintolera-

1896 2621 2076 2676 biliter
2089 2638 2277 2694 grave,
2298 2638 2404 2677 non
2421 2622 2506 2677 eis
2524 2622 2699 2678 infusa
2711 2624 2841 2679 desu
2850 2642 2946 2697 per
2955 2626 3189 2683 cbaritas
3201 2628 3481 2702 levigaret.

1895 2704 2127 2761 Possunt
2147 2706 2308 2762 etiam
2328 2714 2563 2762 etstatus
2577 2707 2906 2764 fortitudinis
2918 2711 3115 2781 pedum
3128 2715 3491 2785 appellatione

1895 2795 2101 2867 signari
2116 2795 2287 2851 Pedes
2303 2810 2433 2851 vero
2448 2804 2755 2852 sanctorum
2772 2813 2990 2854 suorum
3003 2801 3264 2858 Dominus
3280 2815 3483 2875 servat,
3502 2802 3509 2809 ’

1894 2884 2108 2954 quando
2128 2900 2227 2940 eos
2250 2885 2394 2939 mira
2415 2884 2726 2940 fortitudine
2748 2886 2983 2955 roborat,
2999 2896 3056 2944 ut
3074 2889 3217 2946 inter
3232 2899 3341 2947 tam
3373 2895 3486 2950 im-

1893 2989 2084 3029 mensa
2113 2988 2278 3028 onera
2299 2988 2642 3044 nequaquam
2662 2975 2959 3031 cadant.Et
2976 2978 3103 3049 quia
3124 2996 3239 3035 non
3259 2982 3477 3053 pedem,

1893 3062 1991 3120 sed
2020 3063 2188 3134 pedes
2218 3078 2440 3119 servare
2469 3062 2683 3131 dicitur,
2703 3064 2830 3137 quid
2860 3065 2915 3120 in
2935 3074 3161 3139 utroque
3196 3070 3331 3141 pede
3348 3088 3480 3128 san-

1891 3158 2098 3208 ctorum
2116 3151 2490 3224 intelligimus,
2504 3151 2608 3206 nisi
2631 3152 2996 3210 fortitudinem
3018 3163 3070 3212 et
3085 3159 3479 3217 humilitatem?

1887 3243 1972 3296 Ne
1999 3241 2142 3297 enim
2171 3257 2411 3308 ruamus,
2435 3240 2487 3296 in
2520 3249 2755 3312 utroque
2785 3243 2924 3314 pede
2955 3246 3316 3305 consistimus.
3351 3249 3478 3313 Qui-

1886 3345 2098 3401 cunque
2110 3330 2253 3386 dnim
2270 3329 2516 3386 ﬁdelibus
2532 3331 2797 3404 gregibus
2813 3342 3067 3403 praesunt,
3088 3335 3143 3390 in
3160 3338 3267 3405 via,
3284 3355 3390 3409 qua
3409 3341 3477 3396 ab

1882 3436 2171 3490 supernam
2186 3420 2415 3491 patriam
2433 3421 2675 3489 tendunt,
2694 3421 2858 3477 modo
2880 3440 3158 3495 prospera,
3182 3428 3345 3483 modo
3367 3430 3474 3484 ad-

1882 3524 2040 3566 versa
2070 3510 2370 3566 inveniunt.
2395 3511 2520 3581 Ipsa
2548 3510 2690 3566 enim
2724 3527 3001 3582 prospera,
3025 3514 3150 3586 quia
3179 3516 3471 3574 elationem

1880 3600 2048 3655 menti
2080 3599 2332 3665 excitant,
2366 3615 2481 3655 eam
2513 3598 2581 3654 ad
2604 3614 2801 3655 casum
2823 3600 2981 3656 valde
3010 3602 3359 3675 impugnant;
3386 3624 3472 3663 ve-

1877 3696 2201 3743 rumtamem
2220 3704 2286 3743 ne
2303 3688 2469 3744 electa
2484 3703 2639 3743 mons
2649 3688 2827 3753 cadat,
2838 3690 2962 3745 hinc
2973 3691 3272 3749 subsistere
3286 3696 3471 3753 nititur

1876 3775 2015 3848 pede
2032 3775 2385 3840 fortitudinis,
2420 3775 2543 3829 inde.
2564 3776 2811 3832 consistit
2827 3777 2966 3848 pede
2981 3780 3319 3838 humilitatis.
3340 3784 3464 3839 Fir-

1873 3881 2019 3920 mum
2046 3864 2246 3937 quippe
2277 3872 2473 3919 statum
2503 3864 2651 3920 inter
2678 3874 2961 3939 utramque
2990 3870 3341 3927 tentationem
3371 3890 3466 3929 re-

1872 3954 2084 4023 tineret,
2105 3953 2275 4008 sitam
2307 3953 2482 4007 solida
2511 3952 2816 4009 humilitate
2854 3957 3194 4024 consisteret,
3229 3968 3283 4015 ut
3316 3962 3463 4019 nulla

1872 4043 2014 4097 hanc
2043 4040 2370 4112 prosperitas
2389 4041 2644 4109 elevaret,
2667 4042 2968 4099 adversitas
2989 4046 3133 4101 nulla
3164 4048 3451 4119 dejiceret.

1876 4133 1979 4200 52
2014 4130 2159 4199 Quid
2189 4137 2272 4185 est
2299 4146 2430 4201 ergo
2474 4129 2619 4201 quod
2648 4130 2874 4185 dicitur:
2921 4135 3093 4190 Pedes
3130 4145 3460 4197 sanctorum

1870 4236 2103 4277 suorum
2135 4218 2398 4287 servabit,
2431 4217 2533 4272 nisi
2575 4217 2700 4288 quia
2728 4218 2927 4274 debilis
2955 4230 3038 4275 est
3084 4224 3258 4278 omnis
3294 4227 3461 4284 virtus

1869 4308 2104 4364 hominis
2131 4308 2248 4363 sine
2278 4306 2477 4362 auxilio
2497 4306 2838 4362 conditoris?
2866 4307 3088 4365 Inﬁrma
3119 4311 3318 4384 quippe
3349 4316 3456 4372 hu-

195 4411 385 4469 odorem
425 4415 661 4487 spargit,
716 4395 917 4487 quibus
961 4395 1604 4487 dignime'pmeminet.
1659 4414 1753 4470 vel
1780 4469 1835 4487 ἢ
1868 4396 2066 4487 milites
2094 4403 2302 4487 nostra,
2324 4395 2463 4487 dum
2511 4397 2886 4487 prosperitatis
2934 4398 3124 4455 favore
3160 4402 3453 4473 mulcetur,

191 4508 310 4556 certe
334 4469 769 4577 mulimzlo’ﬁé
800 4510 965 4572 tenet,
998 4469 1054 4559 ἐς
1090 4469 1221 4560 (εύῷ
1262 4469 1555 4575 ᾖΐίῆοώυέ
1576 4502 1749 4572 sedet,
1780 4469 1838 4532 D
1870 4485 1940 4577 ab
1969 4486 2169 4577 inepta:
2190 4484 2387 4577 laetitiae
2414 4483 2651 4577 impulsu
2680 4487 3049 4577 prosternitur.
3082 4488 3304 4547 lnﬁrma
3342 4469 3459 4549 for;

192 4590 297 4657 quia
320 4600 370 4646 et
395 4572 753 4648 sublimitatis
776 4592 985 4648 honore
1013 4592 1206 4660 radiat,
1237 4572 1291 4648 et
1331 4592 1613 4648 miraculis
1651 4608 1751 4648 co-

1882 4573 2032 4629 itudo
2079 4580 2288 4637 nostra,
2321 4572 2452 4627 dum
2498 4573 2819 4629 adversitate
2868 4575 3206 4649 impingitur,
3263 4580 3460 4639 leviter

191 4686 355 4733 fuscat.
388 4680 493 4736 Sed
544 4682 639 4751 qui
683 4689 793 4736 tarn
836 4679 1056 4736 sublimi
1113 4680 1375 4753 dignitate
1429 4680 1753 4747 sustollitur,
1863 4670 2164 4735 δυρθνδίυτο
2216 4661 2323 4753 _S‘_3d
2352 4660 2596 4753 ίτίείξδυε
2625 4662 2897 4753 elidimus
2929 4664 3065 4721 Ῑδέίίε
3111 4684 3454 4739 enervam“.

195 4767 394 4833 qum“
419 4770 496 4825 uti
526 4749 594 4826 ei
622 4770 819 4826 debeat
846 4769 1065 4839 indicat,
1095 4749 1220 4827 cur},
1250 4770 1530 4842 subiungit
1563 4787 1576 4826 ε
1864 4766 2118 4842 οωηλροε
2146 4749 2306 4806 nobis
2353 4749 2695 4842 omnipotens
2725 4752 2881 4842 Deus
2912 4753 3135 4822 deserit,
3169 4772 3277 4812 non
3333 4775 3457 4815 cum

1864 4840 2121 4896 auxilium
2142 4855 2255 4895 suae
2276 4839 2628 4911 protectionis
2646 4840 2927 4911 impendit.
2945 4842 3084 4899 Dicit
3105 4861 3236 4917 ergo
3256 4848 3456 4904 :Pedes

1862 4933 2197 4986 sanctorum
2215 4944 2445 4985 suorum
2467 4929 2729 4996 servabit,
2763 4929 2892 5001 quia
2938 4932 3280 5004 omnipotens
3310 4935 3458 4992 Deus

1862 5017 2229 5073 inﬁrmitatem
2247 5020 2491 5073 nostram
2513 5016 2570 5072 in
2600 5018 2839 5073 ferendis
2866 5019 3204 5077 subditorum
3234 5032 3454 5081 nostro-

1875 5124 1994 5163 rum
2026 5106 2281 5162 oneribus
2310 5105 2549 5175 adjuvat,
2584 5115 2640 5161 ut
2681 5122 2781 5163 nos
2812 5123 2915 5164 nec
2959 5110 3183 5166 adversa
3213 5119 3457 5183 atterant,

1866 5213 1970 5253 nec
1997 5196 2123 5252 laeta
2169 5194 2447 5251 seducant.
2479 5194 2634 5252 Tunc
2678 5196 2899 5268 quidem
2929 5213 2962 5253 a
3006 5199 3238 5254 Domino
3285 5202 3457 5271 pedes

1866 5285 2040 5342 nostri
2067 5291 2373 5351 servantur,
2406 5300 2550 5352 cum,
2581 5284 2772 5341 divino
2800 5285 3004 5341 auxilio
3050 5286 3318 5356 roborati,
3349 5290 3456 5345 ob-

1868 5373 2075 5432 viantia
2100 5372 2289 5429 mundi
2317 5372 2442 5429 laeta
2470 5373 2880 5441 contemnimus,
2912 5373 3136 5430 adversa
3158 5375 3306 5432 nulla
3335 5378 3459 5436 for-

1865 5463 2156 5533 midamus,
2185 5478 2309 5520 cum
2337 5461 2515 5517 stabili
2541 5462 2810 5534 patientia
2834 5466 3118 5535 gratanter
3144 5467 3289 5527 mala
3316 5468 3462 5527 feri-

250 4894 416 4961 (Vere.
456 4896 536 4968 8.)
566 4896 793 4953 Domini
822 4898 977 4953 enim
1005 4902 1145 4954 sunt
1188 4896 1450 4955 cardines
1482 4901 1668 4967 terrae,
1700 4899 1758 4953 et

194 4984 352 5049 posuit
380 5001 548 5057 super
576 5002 667 5043 eos
695 4986 903 5042 orbem.

252 5106 330 5163 20.
361 5108 616 5165 Cardines
643 5116 803 5165 terrm
844 5117 975 5166 sunt
1020 5117 1270 5167 extrema
1314 5116 1492 5167 terrm.
1525 5108 1759 5166 Nomine

196 5202 351 5250 autem
378 5198 654 5253 cardinum
688 5198 839 5269 ipsos
867 5198 1258 5269 praedicatores
1285 5199 1488 5255 electos
1516 5198 1585 5254 de
1614 5214 1757 5270 gen-

199 5281 315 5339 tibus
339 5284 508 5341 voluit
537 5286 836 5360 designari.
856 5287 1116 5344 Extrema
1143 5286 1364 5359 quidem
1385 5295 1544 5344 terrae
1563 5286 1758 5343 dicun-

197 5372 284 5437 tur,
312 5374 435 5442 quia
462 5373 532 5429 de
560 5374 649 5430 vili
683 5374 1083 5446 quodammodo
1114 5383 1169 5432 et
1198 5376 1412 5445 abjecta
1458 5375 1760 5449 gentilitate

198 5460 565 5528 producuntur.
596 5462 703 5533 Qui
730 5463 976 5535 profecto
1002 5464 1257 5523 cardines
1276 5464 1495 5522 Domini
1522 5480 1642 5522 esse
1662 5464 1756 5521 di-

259 5610 328 5680 ta)
356 5608 526 5668 Guss.
542 5653 558 5680 ,
579 5619 1002 5688 proponuntur.

496 5710 759 5785 Paraon,
801 5712 1074 5795 LXXIX
3112 5715 3152 5779 3
