4062 6182
1518 0 3052 25 -Ἵή-*Ἦ

460 349 529 409 75
1634 329 1889 389 SANCTI
1929 322 2276 386 GREGORII
2316 330 2568 385 MAGNI.
3694 330 3762 387 τε

459 496 580 533 mus
626 483 677 532 et
718 473 1040 528 inconcussa
1076 462 1377 521 humilitate
1420 458 1710 517 sublimem
1739 455 1980 513 animum
2026 471 2058 511 a
2084 454 2141 516 A
2170 454 2328 524 mitti,
2361 471 2483 510 cum
2512 470 2611 526 per
2639 452 2888 510 excelsos
2909 452 3078 510 caelos
3099 454 3337 511 tonantia
3359 453 3567 524 judicia
3586 454 3770 511 audie-

459 582 603 625 vana
634 559 991 619 delectatione
1022 557 1381 610 refrenemus.

528 661 616 711 22.
656 653 898 706 Possunt
920 656 1096 702 autem
1130 643 1295 714 pedes
1324 647 1634 695 sanctorum
1658 636 1792 693 ﬁdes
1823 644 1874 692 et
1900 649 2053 691 amor

458 740 839 813 Redemptoris
870 734 1121 806 intelligi.
1154 731 1361 800 Quibus
1391 728 1636 799 profecto
1664 726 1894 798 pedibus
1923 740 2053 796 gra-

462 837 705 898 diuntur,
738 845 862 884 cum
893 841 1016 881 eum
1048 838 1206 892 quem
1253 836 1350 890 per
1380 816 1543 872 ﬁdem
1591 815 1781 871 ﬁdeles
1829 813 2057 869 credunt

460 938 647 980 amore
681 921 1106 985 consequuntur.
1132 912 1241 964 Hos
1272 907 1514 979 profecto
1531 905 1698 975 pedes
1714 903 1921 958 servari
1950 900 2054 954 sibi

460 1030 490 1069 ει
523 1012 753 1067 Domino
785 1002 1111 1078 postulabat,
1137 999 1224 1069 qui
1256 995 1598 1068 precabatur,
1623 994 1808 1048 dicens
1829 992 1908 1063 (a)
1943 992 2053 1047 Su-

456 1119 557 1176 per
586 1100 809 1156 excelsa
830 1098 1020 1150 statue
1038 1105 1147 1155 me,
1171 1091 1235 1142 ut
1265 1088 1486 1141 vincam
1508 1085 1569 1139 in
1590 1084 1857 1138 claritate
1878 1079 2056 1151 ipsius

457 1169 686 1263 (Habac.
732 1204 809 1253 ιιι,
860 1183 966 1250 19).
1016 1180 1190 1248 Super
1234 1173 1452 1230 excelsa
1494 1171 1769 1235 statuitur,
1821 1169 1907 1224 cui
1955 1169 2054 1263 Re-

456 1256 757 1350 demptoris
792 1271 1042 1328 divinitas
1072 1265 1363 1321 revelatur.
1424 1262 1493 1316 Et
1538 1262 1591 1314 in
1642 1259 1886 1315 claritate
1935 1256 2057 1325 ejus

454 1348 641 1437 vincit,
674 1365 798 1436 quia
822 1364 949 1416 dum
978 1358 1099 1427 ejus
1132 1355 1207 1425 (b)
1239 1351 1495 1407 claritatis
1535 1349 1698 1403 radiis
1735 1348 2054 1437 illustratur,

456 1435 650 1519 cuncta
682 1435 904 1525 maligni
935 1447 1152 1519 spiritus
1190 1448 1507 1496 testamenta
1538 1439 1910 1494 destruuntur.
1946 1435 2058 1525 Sta:

454 1560 599 1608 tutos
662 1523 882 1617 quidem
926 1540 979 1592 in
1029 1542 1211 1590 monte
1259 1531 1427 1602 pedes
1464 1535 1635 1591 tenet,
1683 1526 1773 1597 qui
1818 1523 2058 1617 veritatis

459 1611 922 1706 contemplatione
985 1624 1188 1681 arduus
1239 1629 1348 1685 est,
1397 1626 1452 1673 et
1499 1618 1620 1687 ejus
1678 1630 1840 1688 quem
1890 1611 2061 1706 credit

458 1726 662 1787 summi
688 1702 870 1778 l’atris
905 1712 1249 1787 unigenitum
1281 1723 1470 1763 amore
1515 1720 1836 1761 succensus.
1888 1702 2064 1771 Super

2155 554 2261 610 rint
2290 563 2508 609 aeterna:
2539 567 2652 605 sua:
2679 550 3062 606 damnationis.
3099 551 3253 606 Unde
3284 560 3336 605 et
3366 551 3622 605 subditur
3652 570 3666 605 :

2233 644 2412 713 (Vers.
2447 641 2560 709 10.)
2593 640 2661 694 Et
2689 656 2862 712 super
2894 642 3042 712 ipsos
3072 642 3134 695 in
3163 641 3317 696 cretis
3348 640 3593 696 tonabit.

2230 733 2319 787 25.
2360 730 2467 799 Qui
2491 730 2632 784 enim
2656 729 2914 783 cmlorum
2938 730 3157 785 nomine
3182 730 3284 784 hoc
3302 729 3445 799 loco,
3471 729 3576 784 nisi
3596 730 3769 786 sancti

2162 822 2401 892 apostoli
2450 819 2846 889 designantur?
2895 817 3103 885 Quibus
3131 819 3373 889 profecto
3403 819 3558 874 cmlis
3589 820 3761 874 subli-

2164 910 2363 964 mitatis
2406 924 2520 962 sua:
2562 906 2796 977 gloriam
2844 906 3109 961 Dominus
3158 908 3577 978 repromittens,
3628 909 3702 962 ait
3751 923 3765 964 :

2164 998 2435 1057 Sedebitis
2466 1013 2635 1067 super
2668 995 2823 1051 sedes
2864 995 3198 1066 judicantes
3246 996 3538 1052 duodecim
3588 997 3769 1053 tribus

2164 1087 2342 1142 Israel
2377 1086 2596 1151 (Matth.
2645 1102 2764 1151 xxx,
2796 1084 2907 1148 28).
2958 1084 3164 1139 llorum
3215 1086 3460 1155 profecto
3508 1087 3768 1141 caelorum

2164 1175 2404 1230 tonitrua
2433 1173 2632 1228 Judaeis
2662 1173 2924 1227 Dominus
2953 1173 3248 1239 insinuans,
3273 1174 3346 1228 ait
3372 1193 3383 1228 :
3408 1173 3525 1245 Ipsi
3542 1174 3771 1245 judice:

2166 1266 2343 1319 vestri
2391 1266 2563 1318 erunt
2610 1263 2767 1331 (Luc.
2822 1279 2899 1331 ιιι,
2960 1263 3067 1332 19).
3116 1263 3293 1332 Super
3343 1263 3557 1317 Judaeos
3604 1262 3769 1334 igitur

2167 1353 2366 1423 impios
2401 1360 2526 1407 tunc
2555 1353 2609 1404 in
2641 1352 2793 1406 caelis
2815 1351 3040 1418 touabit,
3065 1351 3190 1422 quia
3221 1368 3252 1405 a
3282 1353 3482 1406 sanctis
3511 1351 3771 1422 apostolis

2165 1450 2289 1496 tunc
2319 1440 2586 1496 terribilia
2611 1439 2819 1508 judicia
2864 1456 2983 1494 suae
3024 1440 3385 1494 damnationis
3432 1440 3671 1505 audient,
3705 1448 3768 1495 ut

2167 1545 2359 1586 eorum
2392 1529 2639 1584 examine
2671 1528 2998 1583 sententiam
3029 1536 3244 1584 aztcrnae
3266 1529 3453 1583 mortis
3473 1529 3762 1599 accipiant,

2169 1636 2306 1689 quos
2336 1618 2705 1689 praedicantes
2735 1617 3006 1671 humiliter
3027 1618 3148 1672 vitae
3169 1626 3385 1673 aeternae
3406 1618 3550 1673 bona
3579 1634 3766 1687 perse-

2168 1708 2474 1765 cutionibus
2503 1707 2846 1779 afﬁigebant.
2872 1706 3010 1775 Quia
3040 1722 3168 1762 vero
3199 1706 3266 1762 de
3295 1715 3535 1762 extremo
3560 1706 3765 1777 judicio

452 1818 671 1880 excelsa
702 1811 917 1884 quidem
949 1807 1140 1860 Petrus
1178 1807 1404 1854 statutus
1451 1803 1581 1864 erat,
1616 1794 1710 1865 qui
1924 1792 2049 1884 D‘o-_
2078 1803 2132 1863 Β
2162 1798 2261 1852 ista
2290 1796 2525 1868 intelligi
2554 1796 2810 1862 debeam,
2842 1795 3088 1867 sequitur
3122 1814 3134 1850 ε

452 1879 603 1966 mino
632 1879 992 1960 conﬁteretur,
1017 1893 1214 1947 dicens
1237 1906 1250 1941 :
1282 1889 1358 1942 Tu
1388 1902 1445 1941 es
1469 1884 1725 1939 Christus
1748 1882 1929 1936 Filius
1957 1879 2053 1934 Dei

452 2000 585 2065 vivi,
617 1990 862 2066 protinus
901 1981 1105 2039 audivit
1136 1997 1149 2031 :
1184 1980 1388 2032 Beatus
1420 1990 1497 2037 es,
1523 1974 1725 2066 Simon
1772 1970 2045 2066 Burgona,

451 2058 583 2161 quia
614 2058 743 2139 caro
774 2081 828 2133 et
856 2071 1089 2141 sanguis
1134 2083 1248 2121 non
1293 2061 1562 2118 reuelauit
1594 2060 1717 2122 tibi,
1750 2058 1843 2113 sed
1874 2059 2048 2161 Pater

452 2145 635 2237 incus,
670 2170 764 2242 qui
785 2164 947 2221 estin
970 2157 1125 2214 caelis
1147 2152 1364 2242 (Matth.
1384 2164 1497 2218 XVI,
1528 2152 1613 2217 16,
1638 2150 1747 2217 17).
1775 2145 2045 2242 Fundulus

450 2230 600 2318 enim
628 2230 768 2317 'ﬁ'de,
811 2260 1069 2303 accensus
1111 2238 1404 2300 charitate,
1447 2250 1570 2290 cum
1625 2248 1785 2303 quem
1829 2230 2049 2284 amabat

449 2352 612 2408 etiam
651 2337 1009 2416 praedicabat.
1057 2332 1199 2385 Bene
1230 2341 1368 2398 ergo
1418 2324 1486 2379 de
1529 2321 1781 2393 reprobis
1818 2319 2046 2388 subjun-

506 2453 594 2493 um
626 2441 707 2489 est
739 2448 752 2483 :

449 2448 707 2597 mitias:
734 2471 808 2581 ξι.)
839 2516 907 2569 Et
934 2509 1099 2597 impii
1127 2508 1188 2561 in
1224 2502 1467 2597 tenebris
1499 2501 1900 2597 conticescent.

520 2584 609 2672 s3.
640 2608 745 2679 Qui
775 2603 918 2659 enim
948 2592 1100 2668 impii
1128 2597 1233 2649 hoc
1263 2592 1489 2655 inloco,
1523 2589 1627 2642 nisi
1651 2586 1824 2641 Judaei
1854 2584 2047 2679 int-elli-

451 2674 686 2778 guntur,‘
722 2693 813 2765 qui
858 2709 887 2745 a
930 2690 1128 2760 pietate
1177 2698 1318 2739 verae
1367 2679 1490 2733 ﬁdei
1538 2684 1663 2731 sunt
1700 2674 1962 2778 extranei,
1997 2680 2048 2728 et

451 2762 835 2857 Redemptoris
856 2784 1032 2834 morte
1062 2771 1315 2830 cruenti?
1334 2771 1411 2823 De
1434 2766 1630 2857 quibus
1647 2774 1794 2820 recte
1818 2762 2009 2857 dicitur
2032 2780 2045 2816 :

452 2885 517 2939 In
550 2851 794 2936 tenebris
824 2866 1225 2925 conticescent,
1260 2860 1384 2929 quia
1416 2856 1590 2911 sancti
1637 2870 1803 2924 super
1833 2851 2049 2907 excelsa

454 2968 638 3028 statuti
660 2963 1073 3029 Redemptorem
1098 2949 1304 3015 mundi,
1324 2962 1483 3016 quem
1506 2945 1559 2998 in
1581 2943 1777 2997 divina:
1799 2941 2050 3009 majesta-

452 3062 522 3116 tis
552 3055 789 3113 claritate
807 3044 1165 3116 conspiciunt,
1193 3035 1410 3094 aiternis
1430 3033 1680 3088 laudibus
1702 3029 2047 3085 conﬁtentur.

2232 1887 2412 1952 (Vers.
2448 1888 2558 1953 10.)
2588 1886 2858 1940 Dominus
2878 1884 3160 1955 jndicabit
3190 1884 3331 1953 ﬁnes
3365 1889 3557 1941 terrm.

2228 1977 2318 2032 26.
2352 1973 2454 2043 Qui
2488 1980 2612 2027 sunt
2632 1971 2769 2027 ﬁnes
2799 1979 2980 2041 terrae,
3004 1973 3110 2026 nisi
3132 1973 3319 2027 ultima
3345 1974 3507 2043 hujus
3538 1976 3767 2032 mundi?

2156 2064 2319 2118 Fines
2350 2078 2480 2117 vero
2510 2070 2667 2116 terra:
2697 2061 2958 2115 Dominus
2984 2060 3211 2130 judicat,
3245 2070 3301 2116 ut
3330 2065 3594 2134 aequitatis
3645 2066 3765 2135 ejus

2156 2151 2419 2207 sententia
2450 2150 2713 2221 impunita
2751 2157 2841 2204 aut
2889 2150 3286 2205 irremunerata
3333 2153 3477 2206 nulla
3516 2154 3762 2209 derelin-

2156 2250 2304 2311 quat,
2338 2241 2462 2311 quia
2492 2239 2617 2293 dum
2651 2238 2703 2292 in
2728 2238 2937 2307 judicio
2966 2246 3214 2294 extrema
3243 2240 3542 2308 concludit,
3581 2242 3763 2315 aliqua

2155 2328 2500 2385 discutienda
2530 2343 2637 2382 non
2670 2327 2890 2382 deserit.

2226 2419 2403 2486 (Vers.
2441 2418 2551 2487 10.)
2589 2419 2737 2472 Tunc
2769 2417 3098 2474 sublimabit
3126 2435 3305 2474 cornu
3337 2418 3545 2476 Christi
3574 2422 3689 2476 sui.

2221 2508 2309 2562 27.
2342 2504 2572 2574 Quando
2603 2521 2790 2560 omnes
2820 2507 3031 2561 electos
3077 2506 3133 2561 iu
3176 2515 3376 2562 mterna
3407 2509 3747 2578 contempla-

2158 2594 2310 2650 tione
2341 2595 2425 2648 sui
2455 2594 2735 2665 Unigeniti
2766 2594 3083 2665 recipiet,ut
3112 2595 3190 2649 eis
3210 2604 3407 2651 aeterna
3429 2596 3517 2651 illa
3547 2606 3601 2652 et
3629 2598 3766 2653 inef-

2156 2683 2305 2739 fabili
2336 2683 2613 2752 Majestate
2644 2683 2947 2752 praesideat,
2973 2683 3063 2754 qui
3088 2683 3215 2737 dum
3249 2684 3300 2738 in
3333 2688 3616 2755 prmsentis
3640 2688 3765 2744 vita

2153 2772 2588 2843 peregrinatione
2606 2771 2849 2826 viverent
2875 2787 3061 2825 secum
3079 2774 3151 2842 (ε)
3169 2789 3279 2828 ηοιι
3304 2782 3477 2829 erant.
3503 2777 3652 2831 Tunc
3680 2792 3766 2832 su-

2154 2861 2411 2916 blimabit
2440 2878 2615 2917 cornu
2643 2860 2855 2916 Christi
2875 2863 2985 2925 sui,
3008 2862 3225 2931 quando
3247 2863 3300 2915 in
3322 2862 3642 2920 celsitudine
3666 2882 3765 2921 sua

2161 2952 2268 3019 54
2292 2950 2933 3020 respicietursublimitas
2957 2951 3355 3019 Redemptoris.
3382 2953 3457 3007 De
3474 2953 3575 3008 hac
3600 2954 3764 3008 subli-

2159 3040 2345 3093 mitate
2375 3052 2474 3106 per
2502 3037 2773 3089 Joannem
2803 3034 3000 3089 dicitur
3030 3052 3043 3088 :
3085 3036 3396 3091 Videbimus
3430 3054 3559 3093 eum
3589 3040 3769 3095 sicuti

453 3152 515 3205 In
541 3143 782 3201 tenebris
804 3152 938 3206 ergo
963 3126 1327 3197 ῑθθυηίίῐηρίίν
1347 3124 1476 3195 (illia
1494 3121 1662 3175 Ῑυάτεί
1689 3119 2051 3216 ίάθοξεάθξη·
2084 3152 2132 3216 C
2162 3132 2245 3184 est
2268 3127 2317 3193 (Ι
2332 3129 2490 3182 Joan.
2517 3140 2594 3189 ιιι,
2620 3126 2695 3193 2).
2719 3124 2856 3177 Nam
2873 3131 3111 3194 potestas
3138 3126 3251 3181 sive
3281 3143 3511 3198 regnum
3543 3127 3765 3183 Domini

455 3246 667 3310 plorem
700 3244 805 3283 non
838 3220 1159 3296 praedicant,
1192 3214 1336 3288 quod
1368 3209 1660 3265 ineﬁ'abilis
1691 3223 1787 3263 eos
1816 3206 1907 3261 illa
1938 3206 2055 3261 cla-

459 3296 594 3381 i‘itas
624 3313 922 3375 divinitatis
961 3324 1071 3364 non
1111 3305 1355 3359 illustrat.
1392 3298 1670 3368 Scriptum
1702 3296 1902 3368 quippe
1932 3302 2013 3349 est
2044 3314 2058 3350 :

465 3416 557 3472 Tol
592 3413 748 3467 tatur
792 3402 1021 3473 impius,
1055 3411 1126 3451 ne
1159 3392 1341 3449 videat
1371 3388 1611 3461 gloriam
1641 3386 1865 3441 Domini
1896 3384 2058 3451 (Isai.

457 3519 608 3569 xxvr,
640 3497 750 3565 t0).
777 3472 1097 3559 llisiquippe
1123 3478 1362 3537 tenebris
1385 3477 1673 3531 damnatos
1703 3488 1798 3527 eos
1813 3472 2058 3569 intuens,

462 3561 799 3647 Joan'nes'ait
824 3597 835 3632 :
861 3580 986 3633 Lua:
1009 3577 1071 3630 in
1105 3569 1347 3627 tenebris
1381 3568 1550 3629 lueet,
1586 3567 1640 3618 et
1674 3561 1918 3617 tenebrae
1939 3575 2064 3615 eam

466 3696 579 3737 non
610 3665 1159 3743 comprehenderunt
1188 3661 1372 3730 (Joan.
1406 3670 1443 3723 ι,
1472 3653 1547 3743 5).
1582 3651 1719 3706 Hinc
1752 3649 1925 3743 David
1956 3663 2064 3743 non

465 3776 684 3839 optans,
734 3736 832 3813 sed
882 3752 1236 3825 prOphetans,
1278 3743 1405 3798 dicit
1440 3756 1451 3795 :
1490 3741 1869 3839 Obscurentulr
1914 3736 2066 3793 oculi

470 3827 531 3913 eo
540 3827 686 3916 rum,
703 3864 772 3904 ne
794 3845 1037 3904 videant,
1055 3842 1109 3894 et
1122 3836 1377 3892 deorsum
1394 3845 1581 3886 eorum
1598 3843 1817 3899 semper
1829 3827 2066 3916 incurva

473 3946 589 4014 (Ps.
623 3913 811 4001 Luvm,
840 3933 954 4001 24).
1012 3930 1072 3982 In
1102 3922 1342 3981 tenebris
1373 3935 1504 3991 ergo
1535 3924 1712 3972 tacent
1741 3913 2066 4014 impii,‘qluia

473 4003 574 4090 etsi
604 4025 776 4084 Judaei
807 4022 1003 4076 divinae
1048 4013 1336 4084 Scripturaa
1374 4008 1540 4066 verba
1578 4007 1632 4060 in
1670 4004 1771 4059 Dei
1814 4003 2066 4057 laudibus

471 4120 776 4194 proferunt,
810 4111 938 4165 dum
970 4105 1159 4162 Filium
1192 4104 1415 4194 nega-nt,
1448 4097 1565 4193 Deo
1597 4093 1750 4194 Patri
1776 4091 1927 4189 nulla
1960 4105 2065 4194 Σο-

474 4179 599 4267 cum
630 4201 890 4273 obsequia
921 4198 1268 4253 consecrant.
1315 4188 1433 4241 Deo
1464 4184 1607 4241 enim
1637 4182 1787 4273 silet,
1809 4179 1925 4273 qui,
1960 4180 2065 4233 Pa-

478 4310 612 4356 trem
653 4268 906 4357 laudans,
952 4279 1232 4354 Unigeniti
1272 4276 1493 4331 laudem
1536 4277 1699 4327 tacet.
1755 4268 1864 4357 sed
1907 4282 2065 4336 quem

479 4355 794 4445 cruciﬁxum
824 4355 1145 4445 despiciunt,
1181 4363 1404 4437 quando
1444 4361 1610 4430 judex
1641 4355 1849 4414 venerit
1895 4370 2065 4425 expa-

481 4478 723 4531 vescent.
762 4465 917 4523 Unde
948 4460 1107 4516 etiam
1138 4453 1385 4509 subditur
1411 4467 1423 4502 :

598 4504 603 4505 ⁷
649 4504 723 4525 ιιι.
768 4504 917 4523 υμι-ιν
949 4504 1107 4516 νην...-
1138 4504 1261 4509 -ν-η.-
1283 4504 1311 4506 η
1332 4504 1337 4505 ,

552 4504 727 4626 (ilius.
751 4560 804 4619 9,
837 4550 942 4619 ιο.)
977 4546 1113 4614 Quia
1137 4559 1251 4598 non
1273 4542 1333 4595 in
1356 4535 1694 4610 fortitudine
1715 4548 1818 4587 sua
1847 4531 2066 4588 robora-
2094 4504 2152 4568 D

483 4619 635 4706 bitur
666 4647 770 4708 vir,
807 4638 1105 4696 Dominum
1144 4627 1533 4701 formidabant
1573 4619 1888 4678 adversarii
1906 4619 2062 4708 ejus.

548 4739 638 4795 24.
672 4735 829 4787 Nunc
857 4733 1035 4782 autem
1066 4721 1233 4774 durus
1271 4716 1328 4769 in
1355 4712 1688 4776 inﬁdelitate,
1724 4708 1878 4764 fortis
1902 4707 1957 4761 in
1988 4722 2073 4761 er—

476 4843 601 4883 rore
627 4830 727 4889 est,
747 4825 801 4874 et
832 4830 999 4887 quem
1029 4808 1256 4867 credere
1275 4807 1446 4889 Deum
1464 4796 2072 4889 contemnit,laudacter

478 4883 869 4980 blasphemare
917 4913 1023 4953 non
1069 4891 1286 4948 meruit.
1323 4888 1477 4943 Velut
1507 4886 1593 4941 vir
1620 4883 1888 4954 siquidem
1930 4894 2072 4935 nunc

476 4975 623 5057 vinci
652 5011 756 5049 non
786 4997 985 5062 potest,
1017 4984 1112 5040 sed
1141 4990 1267 5036 tunc
1296 4979 1434 5034 sicut
1464 4975 1545 5031 vir
1574 4983 2068 5062 nequaquam-ro-

479 5055 933 5147 borabitur,-cum
978 5077 1022 5129 is
1061 5072 1150 5143 qui
1181 5085 1371 5125 eorum
1402 5064 1614 5120 insidiis
1647 5063 1744 5130 53
1774 5055 2069 5147 crucifixus

483 5188 550 5245 st,
589 5177 644 5230 in
677 5145 774 5227 sua
801 5167 1083 5237 majestate
1105 5158 1487 5228 conspicietur.
1511 5153 1667 5205 Tunc
1692 5145 2045 5244 formidabun

474 5242 594 5337 ejus
619 5256 934 5323 adversarii,
968 5248 1183 5323 quando
1213 5243 1462 5302 cruciﬁxi
1494 5242 1695 5337 virtute
1720 5242 1917 5335 .omnia
1942 5247 2065 5337 mp-

629 5319 1042 5419 conspexerint,
1073 5353 1194 5394 cum
1237 5335 1358 5403 ejus
1389 5328 1598 5402 judicio
1644 5324 1896 5380 universa
1935 5319 2067 5376 sub-

545 5525 624 5593 (a)
654 5522 733 5578 Ibi
763 5518 982 5592 quidem
1010 5511 1206 5593 legitur
1234 5508 1289 5593 in
1318 5503 1532 5593 canticg
1560 5499 1697 5592 eius,
1730 5494 1783 5593 ἐγ
1826 5500 1893 5593 τῇ
1937 5494 2068 5569 ώδῆ,

473 5577 751 5677 at‘aliquis
775 5577 962 5672 legere
990 5577 1185 5667 potuit,
1217 5587 1272 5649 έν
1304 5592 1366 5661 τῆ
1399 5588 1555 5666 αὐγῇ,
1584 5580 1646 5635 in
1674 5577 1991 5652 splendore.

2169 3214 2343 3271 nostri
2375 3214 2507 3268 Jesu
2539 3212 2733 3267 Christi
2762 3228 2978 3283 semper
3003 3213 3211 3282 aequale
3242 3223 3356 3279 est;
3389 3216 3484 3270 sed
3508 3224 3635 3272 tunc
3661 3233 3762 3271 su-

2171 3303 2385 3360 blimari
2414 3303 2633 3368 dicitur,
2655 3302 2871 3373 quando
2889 3302 3023 3356 tales
3044 3302 3248 3357 erimus
3280 3311 3343 3358 ut
3372 3305 3487 3372 ejus
3510 3305 3763 3360 sublimi-

2173 3402 2335 3449 tatem
2359 3392 2554 3447 intueri
2583 3392 2902 3457 valeamus;
2936 3392 3193 3463 quidquid
3225 3393 3373 3447 enim
3403 3410 3545 3450 nunc
3573 3395 3643 3449 de
3672 3395 3767 3451 illa

2172 3482 2501 3538 sublimitate
2525 3480 2761 3534 humana
2790 3496 2944 3535 mens
2960 3481 3066 3535 sibi
3088 3489 3263 3552 potest
3285 3481 3510 3552 ﬁngere,
3535 3484 3757 3540 omnino

2171 3572 2305 3625 nihil
2335 3577 2418 3626 est
2443 3570 2498 3622 in
2518 3568 2661 3623 illius
2681 3568 2874 3640 gloriae
2895 3570 3323 3639 comparatione.
3349 3572 3487 3626 Nam
3506 3573 3769 3643 scriptum

2172 3659 2349 3715 estde
2378 3658 2471 3712 illa
2504 3675 2515 3711 :
2552 3657 2701 3723 Quod
2730 3658 2925 3713 oculus
2973 3675 3091 3712 non
3135 3657 3303 3727 vidit,
3337 3676 3442 3716 nec
3471 3662 3630 3717 auris
3657 3680 3769 3717 au-

2172 3748 2334 3813 divit,
2366 3762 2469 3802 nec
2501 3746 2563 3800 in
2593 3761 2690 3801 cor
2718 3745 2964 3802 hominis
2982 3747 3263 3815 ascendit,
3285 3765 3408 3820 qua:
3422 3753 3771 3821 praeparavit

2172 3839 2316 3893 Deus
2347 3836 2610 3906 diligenti
2656 3851 2723 3889 us
2762 3850 2825 3889 se
2864 3834 3015 3904 (lsai.
3060 3851 3209 3904 an,
3242 3837 3304 3902 4;
3359 3836 3393 3890 Ι
3424 3837 3554 3893 Cor.
3583 3855 3644 3904 ιι,
3676 3839 3761 3911 9).

2174 3925 2327 3979 Prius
2367 3939 2500 3994 ergo
2550 3922 2774 3978 Christo
2819 3923 2980 3977 datur
3022 3923 3330 3995 imperium,
3365 3925 3559 3981 deinde
3601 3943 3773 3984 cornu

2173 4013 2293 4082 ejus
2322 4011 2720 4079 sublimabitur,
2755 4011 2885 4080 quia
2917 4019 3043 4067 tunc
3074 4012 3421 4068 sublimitatis
3448 4014 3568 4083 ejus
3602 4015 3771 4072 celsi-

2172 4101 2302 4156 tudo
2333 4099 2644 4171 respicitur,
2676 4114 2806 4154 cum
2840 4107 3033 4155 nostra
3062 4116 3279 4171 quoque
3307 4109 3501 4157 natura
3554 4118 3590 4157 a
3637 4119 3772 4160 cor-

2174 4188 2443 4259 ruptionis
2472 4204 2584 4242 suae
2614 4188 2723 4242 imo
2754 4187 3086 4258 sublevatur,
3105 4205 3226 4246 cum
3256 4191 3622 4247 renovationis
3656 4210 3775 4251 sum

2173 4276 2537 4347 integritatem
2574 4276 2916 4348 resurgendo
2979 4277 3245 4349 suscipit,
3291 4295 3399 4349 qua
3443 4280 3773 4350 praecelsum

2172 4366 2355 4421 lumen
2385 4364 2738 4435 contemplari
2767 4364 2950 4421 valeat
2979 4366 3381 4437 Redemptoris.

2249 4465 2338 4517 28.
2372 4462 2433 4517 Si
2459 4476 2590 4517 vero
2619 4462 2674 4516 in
2695 4477 2884 4518 corum
2905 4462 3103 4534 aliquis
3118 4464 3233 4519 vult
3255 4481 3485 4538 regnum
3510 4468 3769 4541 intelligi,

2181 4566 2278 4622 per
2306 4566 2533 4622 regnum
2561 4550 2757 4605 Christi
2779 4554 2966 4606 sancta
2996 4552 3241 4608 Ecclesia
3257 4553 3593 4626 designatur.
3613 4556 3775 4626 Quod

2179 4640 2430 4710 profecto
2445 4655 2612 4693 cornu
2631 4638 3024 4707 sublimabitur,
3045 4640 3173 4711 quia
3188 4642 3298 4697 ima
3319 4653 3506 4700 nostra
3523 4645 3590 4701 ad
3611 4661 3778 4719 auge-

2176 4727 2350 4783 lorum
2383 4728 2743 4798 aequalitatem
2777 4728 3161 4797 perducentur.
3195 4729 3377 4798 Quare
3404 4740 3458 4788 et
3489 4733 3559 4788 de
3588 4733 3779 4790 electis

2176 4817 2232 4870 in
2264 4816 2563 4887 Evangelia
2592 4816 2858 4871 Dominus
2888 4816 3015 4871 dicit
3046 4833 3060 4870 :
3093 4818 3279 4874 Erunt
3294 4821 3447 4877 sicut
3465 4824 3653 4893 angeli
3674 4824 3776 4879 Dei

2179 4908 2240 4961 in
2254 4907 2387 4961 creto
2407 4904 2626 4972 (Matth.
2650 4920 2787 4970 χχιι,
2802 4905 2914 4974 30).
2933 4906 3012 4961 De
3031 4906 3131 4961 ista
3148 4923 3318 4964 cornu
3342 4910 3429 4965 sui
3445 4910 3778 4968 sublimitate

2176 4993 2370 5049 iterum
2401 4994 2531 5048 dicit
2556 5012 2567 5047 :
2588 4994 2897 5064 Fulgebunt
2925 4995 3069 5061 iusti
3088 4997 3238 5052 sicut
3266 4998 3349 5052 sol
3379 4999 3442 5053 in
3472 5015 3646 5071 regno
3670 5002 3777 5056 Pa-

2180 5084 2284 5138 tris
2318 5097 2512 5138 corum
2533 5081 2697 5150 (Ibid.
2723 5097 2843 5148 xm,
2880 5083 2991 5151 43).
3018 5083 3413 5141 Sublimabitur
3442 5103 3573 5160 ergo
3603 5105 3777 5146 cornu

2177 5169 2399 5236 Christi,
2430 5169 2552 5240 quia
2583 5177 2768 5224 sancta
2798 5169 3048 5227 Ecclesia
3094 5172 3151 5226 in
3194 5181 3400 5230 aeterna
3426 5178 3771 5247 contempla-

2175 5257 2320 5314 tione
2350 5257 2433 5312 sui
2463 5258 2838 5326 Redemptoris
2858 5258 3167 5329 extolletur;
3202 5269 3257 5316 et
3285 5279 3404 5332 quae
3423 5280 3565 5320 nunc
3594 5266 3648 5320 in
3671 5268 3777 5324 hac

2174 5344 2314 5402 valle
2344 5345 2573 5402 miseriae
2602 5347 2976 5419 dispositionis
3005 5363 3118 5405 suae
3137 5365 3296 5421 pmna
3317 5350 3659 5424 deprimitur,
3679 5355 3777 5410 ab-

2246 5521 2323 5590 (b)
2354 5521 2524 5578 Vatic.
2558 5529 2611 5578 et
2639 5521 2842 5590 Gilot.,
2874 5524 3179 5581 charitatis
3206 5525 3387 5584 radiis
3414 5528 3774 5589 illustratur.

2247 5593 2323 5666 (θ)
2351 5593 2500 5651 Gilot
2520 5602 2573 5651 et
2602 5593 2798 5664 Vatic.,
2826 5609 2945 5651 non
2972 5599 3118 5652 erat.
