4062 6182
229 285 280 338 π
1023 273 1094 328 ΙΝ
1119 268 1385 329 PRIMUM
1415 270 1659 327 REGUM
1690 266 2232 327 EXPOSITIONES.
2258 300 2329 311 —
2358 267 2487 328 LIB.
2523 268 2598 326 Ii.
3390 276 3460 333 ’18

221 416 363 478 scrpta
383 413 497 459 tunc
523 407 716 469 morte,
751 406 1013 457 renovata
1045 396 1234 452 aeterni
1261 394 1477 468 grandii
1494 395 1750 461 culmine,
1783 394 1840 456 A
1870 394 2106 463 tulimus,
2137 405 2305 452 restat
2359 406 2417 454 ut
2463 398 2516 453 in
2564 398 2810 471 sequenti
2857 399 3129 458 volumine
3173 401 3457 461 moraliter

218 493 547 553 sublevabitur.
581 490 691 546 Sed
722 491 836 544 haec
861 487 977 557 jam
1005 485 1177 557 typica
1208 484 1589 557 explanatione
1622 499 1749 555 pro-

1862 482 2247 554 exprimamus.

226 612 2913 638 ________________.________________

1237 714 1611 818 LIBER
1689 711 2384 818 SECUNDUS.

690 882 917 941 CAPUT
946 883 1236 940 PRIMUM.

284 975 368 1043 53
397 995 439 1045 1.
458 989 737 1062 Superiori
759 990 917 1054 libro,
934 991 1061 1045 dum
1083 1005 1259 1045 sacrae
1280 986 1521 1043 historiae
1542 993 1753 1041 textum

214 1081 437 1137 moraliter
447 1079 1035 1143 discuteremus,Ann:e
1049 1078 1432 1134 fecunditatem
1453 1076 1510 1130 in
1528 1090 1757 1130 summae

210 1169 627 1239 contemplationis
644 1168 980 1238 perfectione
1002 1168 1304 1238 posuimus,
1324 1166 1449 1235 quia
1466 1164 1755 1234 concipere

210 1260 339 1314 menti
365 1266 438 1313 est
455 1258 525 1313 de
545 1273 761 1312 summa
774 1258 871 1312 Dei
887 1257 1277 1328 omnipotentis
1295 1253 1755 1324 contemplatione

207 1347 497 1403 iuetfabiliter
536 1347 802 1418 gaudere,
848 1362 1040 1415 parere
1071 1350 1254 1401 autem
1292 1345 1347 1397 in
1398 1350 1585 1399 mente
1615 1358 1752 1396 con-

206 1445 342 1507 ceptae
365 1436 636 1490 charitatis
665 1435 902 1507 insignia
930 1434 1200 1489 occultare
1229 1448 1337 1488 non
1366 1448 1549 1504 posse.
1600 1433 1753 1487 Nunc

200 1531 340 1581 autem
367 1525 591 1596 parienti
620 1524 893 1585 canticum
923 1524 1104 1579 dicere
1134 1522 1260 1592 quid
1293 1529 1396 1587 est,
1429 1521 1537 1575 nisi
1566 1520 1755 1576 condi-

1866 877 1982 933 Deo
2025 876 2330 946 confitetur,
2389 879 2621 936 dicens:
2674 883 2894 941 Invenit
2938 898 3130 941 servus
3181 890 3315 944 tuus
3363 905 3459 947 cor

1865 969 2116 1035 suum(ll
2158 970 2280 1039 Reg.
2318 984 2418 1037 vn,
2455 970 2566 1035 27).
2618 970 2755 1028 Dicit
2786 988 2918 1044 ergo
2953 991 2964 1026 :
2998 974 3326 1031 Exsultavit
3363 994 3460 1033 cor

1863 1071 2053 1112 meum
2074 1057 2392 1121 inDomino,
2410 1067 2464 1113 ut
2487 1059 2791 1117 libertatem
2810 1062 3007 1117 mentis
3028 1073 3316 1131 assereret,
3340 1066 3457 1123 sine

1864 1160 1969 1215 qua
2002 1146 2173 1200 Deum
2213 1145 2379 1217 digne
2410 1147 2631 1204 laudare
2659 1165 2768 1205 non
2801 1158 3008 1219 posset.
3043 1152 3304 1223 Sequitur
3333 1172 3347 1209 :

1935 1253 2108 1321 (Vers.
2144 1252 2220 1321 1.)
2242 1254 2581 1311 Exaltatum
2602 1259 2687 1311 est
2706 1272 2885 1312 cornu
2900 1274 3089 1313 meum
3104 1260 3167 1314 in
3185 1261 3292 1317 Deo
3310 1278 3453 1319 meo.

1955 1326 2002 1391 5
2016 1325 2062 1390 5
2096 1345 2146 1395 3.
2182 1342 2238 1394 In
2256 1356 2428 1395 cornu
2442 1342 2626 1397 electae
2648 1345 2842 1399 mentis
2873 1344 3101 1402 intentio
3121 1348 3456 1420 designatur,

1864 1445 1984 1499 quae
2013 1429 2324 1484 mirabiliter
2353 1431 2631 1485 extollitur
2655 1448 2777 1487 cum
2796 1434 2864 1488 ad
2887 1450 3010 1487 eum
3032 1436 3321 1503 gaudendo
3337 1456 3452 1510 pero

1865 1519 2012 1573 venit
2042 1517 2132 1586 qui
2180 1534 2347 1588 super
2387 1519 2640 1576 universa
2684 1522 2961 1577 consistit.
3020 1525 3172 1581 Unde
3201 1535 3255 1582 et
3283 1544 3460 1585 cornu

203 1623 355 1680 torem,
407 1629 564 1684 quem
609 1611 959 1668 iueﬂ‘abiliter
1005 1611 1204 1682 diligit,
1256 1610 1400 1665 veris
1457 1609 1749 1681 praeconiis
1778 1620 1832 1680 Β
1863 1622 2018 1661 suum
2048 1621 2159 1661 non
2196 1606 2250 1661 in
2281 1607 2386 1662 alio
2436 1607 2618 1680 aliquo
2658 1610 2956 1666 exaltatum
3004 1615 3212 1680 asserit,
3266 1618 3364 1673 sed
3405 1620 3461 1673 in

199 1703 487 1775 predicare?
518 1701 823 1771 Dicitergo
857 1720 869 1755 :

253 1793 289 1858 (l
314 1792 506 1862 Rngl,
542 1792 620 1861 1.)
650 1790 981 1845 Exsultavit
1009 1805 1104 1845 cor
1130 1805 1323 1845 meum
1353 1790 1417 1844 in
1452 1789 1708 1846 Domino.

252 1884 299 1936 2.
329 1878 423 1934 Sed
450 1894 517 1933 ea
562 1893 684 1947 qua:
714 1877 1055 1933 manducavit
1083 1886 1137 1933 et
1166 1878 1320 1946 bibit,
1357 1894 1478 1949 quae
1507 1893 1749 1933 amarum

200 1968 393 2021 animum
420 1967 633 2033 habuit,
660 1983 781 2037 quae
808 1967 1213 2038 tlevitlargiter,
1230 1984 1352 2039 quae
1374 1975 1557 2021 votum
1580 1967 1750 2037 vovit,

199 2056 296 2126 quia
320 2055 402 2109 illa
429 2072 592 2111 mens
621 2055 1053 2126 omnipotentem
1105 2057 1281 2110 Deum
1325 2055 1492 2128 digne
1534 2055 1753 2111 laudare

200 2153 349 2213 potest,
378 2160 491 2215 quae
523 2144 714 2215 dignis
733 2144 1001 2216 agonibus
1022 2144 1089 2198 ad
1111 2144 1386 2199 charitatis
1403 2144 1524 2213 ejus
1538 2161 1753 2199 summa

197 2234 413 2302 pervenit,
431 2235 553 2288 haec
572 2232 793 2303 quidem
810 2232 1060 2288 diuturno
1073 2250 1177 2287 usu
1199 2241 1552 2288 contemnere
1564 2235 1754 2289 omnia

195 2320 358 2387 didicit,
389 2332 439 2376 et
466 2322 608 2376 dum
637 2321 835 2377 cuncta
865 2329 1044 2376 creata
1074 2321 1143 2376 ab
1189 2322 1487 2377 intentione
1538 2322 1747 2391 abjicit,

194 2417 311 2465 tanto
335 2411 570 2481 amplius
601 2412 659 2463 in
689 2410 900 2465 visione
928 2414 1147 2466 aeterna:
1201 2411 1496 2480 majestatis
1526 2411 1747 2483 gaudet,

192 2507 355 2568 quanto
382 2499 620 2569 alicujus
650 2506 920 2554 creaturae
950 2499 1165 2570 species
1196 2500 1249 2553 in
1275 2499 1356 2554 sui
1387 2515 1577 2555 amore
1614 2501 1755 2556 hanc

194 2586 385 2642 retinere
411 2603 516 2643 non
552 2586 837 2657 praevalet.
872 2587 1006 2643 Haec
1035 2603 1167 2659 ergo
1211 2588 1345 2642 dicit
1376 2606 1389 2643 :
1421 2591 1753 2645 Exsultavit

185 2691 259 2729 cor
283 2692 453 2731 meum
483 2679 554 2732 in
591 2678 845 2742 Domino,
877 2692 998 2748 quae
1028 2693 1171 2743 eum,
1203 2679 1530 2748 contemptis
1575 2679 1757 2733 omni-

189 2762 284 2829 bus,
303 2763 463 2818 soium
485 2772 664 2818 amat.
690 2765 751 2817 In
772 2764 915 2818 hunc
951 2765 1196 2835 proiecto
1229 2763 1483 2821 affectum
1510 2774 1752 2833 venerat,

187 2852 257 2920 qui
276 2852 473 2907 dicebat
492 2871 505 2907 :
520 2853 671 2922 Quid
684 2852 825 2907 mihi
842 2853 1096 2907 restatin
1111 2855 1247 2909 ciete
1264 2856 1438 2909 etate
1454 2854 1585 2926 quid
1605 2855 1757 2910 volui

1854 1698 1993 1752 Deo.
2023 1695 2129 1763 Qui
2159 1695 2303 1751 enim
2334 1699 2662 1753 transeuntia
2690 1700 2837 1756 bona
2891 1700 3090 1773 diligit,
3131 1704 3293 1775 hujus
3322 1723 3461 1778 pro-

1856 1786 2002 1841 fecto
2032 1785 2259 1839 intentio
2288 1784 2567 1856 depressa,
2601 1803 2709 1843 non
2741 1789 2970 1845 exaltata
3000 1799 3102 1859 est,
3127 1792 3255 1864 quia
3275 1795 3329 1849 in
3349 1796 3460 1853 imo

1859 1873 2040 1947 ﬁgitur
2069 1873 2159 1928 ubi
2194 1890 2291 1944 per
2335 1874 2665 1932 desiderium
2695 1877 2929 1933 locatur.
2970 1880 3109 1935 Hinc
3128 1889 3207 1936 est
3237 1885 3381 1955 quod
3407 1886 3463 1941 in

1858 1962 2161 2035 Evangelio
2191 1963 2465 2018 Dominus
2495 1964 2657 2020 dicit:
2684 1967 2779 2023 Ubi
2795 1972 2880 2023 est
2896 1969 3197 2025 thesaurus
3216 1975 3366 2039 tuus,
3386 1974 3464 2031 ibi

1860 2056 1945 2108 est
1969 2055 2025 2106 et
2044 2068 2141 2108 cor
2157 2055 2321 2107 tuum
2346 2053 2560 2117 (Matth.
2582 2070 2652 2120 v1,
2670 2058 2731 2110 21
2757 2072 2769 2119 ;
2799 2056 2932 2112 Luc.
2950 2073 3043 2124 xu,
3063 2060 3173 2129 34).
3207 2060 3463 2118 Exaltare

1861 2154 1997 2210 ergo
2021 2153 2190 2193 cornu
2219 2146 2467 2194 nostrum
2495 2140 2717 2196 volebat
2740 2143 3024 2212 Dominus,
3047 2162 3170 2201 cum
3201 2148 3411 2205 dicebat
3444 2167 3458 2207 :

1868 2228 2076 2283 Theseu
2086 2229 2267 2283 rizate
2295 2229 2444 2285 vobis
2465 2228 2760 2286 thesauros
2782 2232 2845 2285 in
2865 2234 2999 2287 calo
3024 2235 3247 2301 (Matth.
3274 2254 3348 2305 v1,
3368 2239 3456 2307 20,

1859 2318 1969 2385 33).
1986 2316 2294 2371 Exaltatum
2309 2332 2483 2372 cornu
2498 2318 2775 2374 habebant
2789 2319 2825 2374 ii
2840 2321 3033 2390 quibus
3045 2340 3110 2378 se
3124 2326 3323 2381 Paulus
3333 2344 3464 2383 con-

1861 2403 2152 2471 formabat,
2205 2405 2396 2461 dicens
2431 2421 2444 2460 :
2479 2408 2686 2464 Nostra
2715 2413 3068 2468 conversatio
3097 2414 3160 2468 in
3190 2416 3344 2471 oculis
3373 2421 3459 2473 est

1861 2493 2095 2565 (Philip.
2125 2511 2207 2561 ιιι,
2256 2495 2365 2565 20).
2418 2494 2526 2550 Sed
2581 2497 2670 2567 qui
2718 2498 2958 2553 caelestia
3003 2504 3207 2556 tantum
3264 2504 3459 2577 diligit,

1863 2581 1910 2635 si
1948 2581 2098 2636 illam
2132 2583 2335 2637 intimae
2386 2584 2687 2640 dulcedinis
2736 2589 3061 2644 suavitatem
3101 2596 3326 2661 gustare
3355 2611 3465 2650 non

1863 2671 2031 2735 novit,
2064 2686 2376 2743 quanquam
2406 2672 2561 2728 valde
2583 2674 2846 2730 exaltatus
2867 2676 2961 2751 sit,
2996 2678 3067 2732 ad
3094 2680 3253 2750 hujus
3286 2689 3466 2739 tamen

1863 2757 2207 2814 exaltationis
2237 2760 2619 2816 sublimitatem
2651 2778 2760 2817 non
2791 2767 3055 2834 pervenit.
3090 2768 3188 2823 Ille
3209 2786 3341 2843 ergo
3363 2774 3467 2831 hac

1864 2848 2196 2903 exultatione
2226 2848 2479 2903 sublimis
2509 2856 2610 2916 est,
2657 2852 2745 2920 qui
2793 2869 2890 2923 per
2928 2853 3261 2913 incrementa
3292 2862 3464 2919 virtu-

186 2956 324 3010 saper
338 2947 549 2998 terram
566 2942 743 3012 (Psai.
763 2956 937 3006 Lxxu,
957 2942 1069 3011 25).
1086 2942 1223 2997 Hinc
1245 2942 1300 2996 in
1321 2943 1438 2997 Deo
1467 2943 1759 2998 exsultans
1791 2964 1841 3028 Ο
1871 2944 1980 2991 tum
2004 2935 2314 3028 proficiens,
2339 2937 2725 3028 sublimitatem
2774 2956 3003 2997 summm
3044 2949 3464 3019 contemplatio-

184 3028 289 3083 dicit
316 3050 326 3085 :
360 3032 591 3087 Vultum
614 3034 802 3096 tuum,
836 3032 1057 3086 vultum
1077 3036 1262 3100 tuum,
1282 3032 1535 3100 Domine,
1563 3032 1760 3103 requi-

183 3134 286 3173 ram
310 3121 474 3189 (Psal.
509 3136 675 3186 xxvi,
716 3122 792 3189 3).
831 3121 968 3175 Hinc
1005 3135 1200 3189 sponsa
1240 3121 1295 3174 in
1336 3121 1575 3176 Canticis
1608 3123 1757 3192 petit,

183 3204 376 3262 dicens:
412 3210 721 3266 Osculetur
739 3225 830 3264 me
863 3209 1053 3264 osculo
1093 3209 1205 3264 oris
1243 3210 1334 3264 sui
1382 3211 1572 3278 (Cant.
1596 3226 1634 3278 ι,
1671 3215 1750 3281 1).

182 3293 294 3348 Dum
321 3312 445 3367 ergo
472 3298 618 3354 dicit
648 3314 660 3349 :
689 3298 1019 3352 Exsultavit
1056 3312 1153 3353 cor
1186 3314 1377 3353 meum
1410 3300 1471 3354 in
1495 3299 1755 3366 Domino,

180 3384 283 3452 quid
308 3384 447 3440 aliud
478 3372 600 3438 54
631 3401 796 3457 quam
837 3387 891 3440 in
928 3388 1043 3454 ejus
1074 3402 1133 3441 se
1152 3389 1228 3456 (α)
1245 3388 1445 3443 osculis
1474 3388 1758 3444 inhaesisse

181 3488 310 3541 quem
337 3475 599 3530 ardenter
619 3475 799 3547 diligit
827 3475 1092 3546 gloriatur
1112 3477 1140 3529 ?
1170 3477 1239 3530 Et
1269 3477 1470 3533 idcirco
1501 3478 1592 3533 illa
1638 3480 1756 3534 sola

180 3558 269 3615 hac
295 3562 433 3630 dicit,
467 3580 598 3636 qua:
626 3572 856 3634 experta
887 3565 1033 3620 novit
1066 3581 1191 3635 quae
1233 3566 1317 3620 vis
1347 3569 1548 3621 amoris
1588 3569 1660 3623 sit
1696 3569 1754 3623 in

177 3651 376 3707 thalamo
405 3652 623 3723 sponsi.
664 3652 889 3709 Cunctis
922 3655 1125 3725 quippe
1160 3655 1478 3725 passionum
1509 3658 1753 3713 victoriis

181 3736 424 3810 illustrata,
481 3751 538 3797 et
604 3743 827 3813 prmlata
873 3742 1125 3797 virtutum
1185 3744 1445 3811 culmine,
1486 3746 1556 3800 ad
1603 3747 1751 3803 illam

178 3827 525 3886 sublimitatem
578 3831 825 3901 pervenit
874 3847 939 3886 ex
984 3848 1095 3903 qua
1141 3849 1244 3902 per
1288 3835 1550 3904 gaudium
1600 3837 1753 3893 mirae

178 3914 441 3974 devotionis
472 3920 981 3991 exsultationisque
1008 3937 1105 3976 cor
1125 3939 1278 3977 suum
1310 3924 1366 3976 in
1400 3925 1511 3978 Deo
1535 3925 1741 3995 posuit.

180 4004 228 4057 Et
251 4010 362 4075 quia
389 4026 486 4064 cor
512 4025 685 4064 suum
717 4009 864 4075 dicit,
897 4010 1025 4081 quid
1056 4011 1205 4065 aliud
1234 4028 1397 4083 quam
1429 4015 1624 4068 mentis
1640 4031 1751 4071 suae

175 4091 449 4153 libertatem
489 4097 782 4153 asseruit?
811 4098 1051 4169 Reprobi
1079 4099 1299 4172 quidem
1324 4108 1487 4157 corda
1518 4119 1615 4158 sua
1640 4121 1748 4163 non

173 4182 361 4247 habent,
391 4188 523 4260 quia
553 4203 625 4241 ea
654 4186 906 4242 diabolus
949 4189 1204 4259 possidet.
1253 4191 1404 4246 Unde
1435 4200 1487 4247 et
1515 4194 1584 4249 de
1617 4211 1746 4265 pro-

1870 3026 1955 3079 nis
1985 3024 2235 3093 obtinuit,
2267 3042 2375 3080 non
2409 3027 2582 3081 solum
2618 3035 2675 3081 ut
2720 3029 2957 3099 perfecte
3002 3033 3242 3090 caelestia
3273 3038 3466 3109 diligat

1869 3112 1968 3167 sed
1998 3113 2161 3167 etiam
2191 3121 2247 3168 ut
2276 3116 2475 3169 amoris
2506 3117 2917 3186 perfectionein
2936 3120 3055 3176 sola
3076 3124 3467 3196 omnipotentis

1870 3201 1972 3256 Dei
2010 3201 2470 3272 contemplatione
2517 3204 2846 3276 requiescat.
2904 3209 2964 3262 In
3014 3210 3127 3266 Deo
3171 3214 3466 3271 exaltatum

1868 3304 2038 3347 cornu
2069 3292 2254 3359 habet,
2287 3292 2377 3362 qui
2409 3292 2607 3347 interni
2628 3294 2844 3350 luminis
2873 3297 2981 3352 alta
3001 3299 3206 3356 visione
3236 3303 3463 3373 fruitur,

1866 3378 1920 3432 in
1953 3393 2059 3446 qua
2079 3378 2334 3434 familiari
2356 3382 2595 3451 quadam
2611 3382 2978 3455 singularitute
2992 3387 3466 3461 gloriatur.Quare

1864 3482 1975 3521 non
2004 3467 2098 3533 ait,
2132 3470 2194 3521 in
2227 3470 2340 3523 Deo
2370 3478 2574 3537 nostro,
2609 3472 2707 3525 sed
2742 3474 2803 3527 in
2828 3475 2932 3529 Deo
2948 3491 3084 3532 meo.
3105 3478 3280 3533 Meum
3313 3500 3466 3537 nam-

1865 3571 1970 3624 que
1995 3555 2063 3610 de
2092 3571 2157 3611 co
2189 3556 2319 3612 dicit
2355 3575 2515 3629 quem
2549 3558 2886 3616 familiariter
2910 3578 2976 3619 ac
3006 3565 3351 3637 singulariter
3374 3572 3466 3627 di-

1862 3644 2001 3715 ligit.
2036 3644 2117 3699 Ad
2148 3661 2317 3717 quam
2346 3655 2500 3703 certe
2530 3648 2726 3703 divina:
2751 3649 3121 3709 familiaritatis
3143 3656 3463 3729 dignitatem

1862 3742 2205 3801 pervenerat,
2242 3735 2330 3807 qui
2361 3736 2573 3791 dicebat
2600 3756 2611 3791 :
2639 3740 2782 3794 Deus
2802 3756 2957 3796 meus
2970 3758 3027 3798 es
3049 3748 3133 3811 tu,
3151 3750 3207 3800 et
3228 3752 3466 3820 confite-

1862 3820 1958 3875 bor
1982 3822 2082 3877 tibi
2102 3841 2118 3875 :
2133 3824 2280 3878 Deus
2301 3841 2460 3880 meus
2482 3841 2539 3881 es
2563 3830 2648 3891 tu,
2664 3831 2721 3881 et
2739 3830 3003 3885 exaltabo
3027 3836 3080 3887 te
3105 3835 3460 3908 (Psal.cxvu,

1859 3908 1972 3981 28).
2008 3910 2143 3966 Hinc
2171 3911 2342 3966 Isaias
2370 3913 2446 3967 ait
2474 3914 2784 3971 incredulos
2812 3917 3101 3990 increpans
3133 3939 3146 3975 :
3192 3924 3461 3999 Nunquid

1857 4014 2061 4069 parum
2075 4004 2159 4055 est
2176 4000 2322 4056 vobis
2339 4003 2601 4057 molestos
2617 4019 2734 4058 esse
2747 4003 3224 4082 hominibus,quia
3235 4017 3461 4073 molesti

1858 4088 1995 4141 estis
2010 4091 2065 4141 et
2085 4090 2189 4142 Deo
2202 4103 2322 4143 meo
2344 4090 2497 4157 (Isai.
2520 4107 2612 4154 vn,
2640 4092 2726 4159 13)
2748 4093 2775 4143 ‘?
2805 4093 2938 4161 Quae
2968 4112 3100 4168 ergo
3132 4101 3459 4161 exultatione

1857 4189 2023 4229 cornu
2054 4175 2108 4229 in
2157 4177 2272 4231 Deo
2317 4176 2638 4244 sustollitur,
2689 4180 2859 4235 Deum
2898 4199 3055 4238 suum
3104 4188 3458 4259 singulariter

172 4270 316 4328 ditore
331 4275 533 4331 dicitur
571 4294 586 4329 :
622 4276 760 4331 Cum
775 4275 1030 4333 diabolus
1042 4277 1161 4347 iam
1181 4280 1430 4336 misisset
1453 4285 1514 4337 in
1534 4261 1647 4353 cor,
1680 4290 1745 4341 ut

1864 4261 2075 4331 fatetur,
2108 4264 2231 4335 quia
2278 4280 2489 4319 summa
2528 4265 2625 4320 illa
2665 4266 2866 4324 infusio
2906 4270 3109 4329 divinas
3152 4275 3455 4334 dulcedinis

172 4362 391 4419 traderet
404 4380 540 4420 eum
563 4364 740 4419 Iudas
759 4365 831 4433 (b)
846 4366 1092 4422 Simonis
1109 4366 1401 4425 Iscariotes
1419 4369 1604 4440 (Joan.
1630 4390 1749 4444 xm,

170 4446 237 4517 2).
258 4450 309 4505 Si
335 4454 486 4506 enim
518 4452 693 4507 Judas
722 4468 816 4508 cor
845 4470 1029 4521 suum,
1063 4465 1115 4509 et
1134 4470 1243 4511 non
1274 4457 1546 4529 diabolus,
1578 4466 1751 4532 possi-

169 4534 316 4608 deret,
354 4539 473 4612 ipse
495 4541 683 4612 potius
701 4542 757 4595 in
780 4556 846 4597 eo
866 4542 1072 4598 bonum
1095 4561 1253 4614 quam
1275 4546 1526 4603 diabolus
1549 4552 1750 4608 malum

169 4637 385 4693 poneret.
438 4629 569 4698 Quo
613 4638 803 4685 contra
851 4630 1055 4686 electus
1102 4632 1181 4687 vir
1223 4633 1481 4706 loquitur,
1516 4638 1745 4696 dicens:

169 4715 405 4800 inimum
422 4734 613 4775 meam
634 4723 794 4791 porto
816 4721 878 4775 in
903 4722 1167 4778 manibus
1186 4726 1324 4779 meis
1342 4725 1475 4796 (Job.
1497 4730 1745 4800 1111,14).

168 4799 289 4868 Quid
333 4807 481 4862 enim
523 4806 678 4862 aliud
731 4823 925 4864 manus
974 4808 1132 4864 electi
1176 4819 1255 4866 est
1300 4829 1459 4884 quam
1507 4823 1748 4886 potestas

168 4889 365 4950 internae
420 4894 753 4951 libertatis?
802 4896 951 4966 Quid
997 4914 1127 4970 ergo
1175 4900 1225 4955 ei
1271 4905 1374 4968 est,
1408 4903 1642 4960 animam
1690 4906 1746 4962 in

167 4981 384 5037 manibus
414 4992 660 5055 portare,
702 4985 809 5039 nisi
840 4985 1067 5044 internae
1114 4988 1382 5046 libertatis
1417 4992 1659 5064 gloriam
1692 4995 1744 5051 in

165 5074 402 5155 potestate
457 5073 702 5129 retinere
740 5075 769 5127 ?
812 5073 1257 5150 Quotiescunque
1311 5095 1450 5152 ergo
1508 5084 1752 5155 graviter

162 5154 521 5231 delinquimus,
558 5178 657 5217 cor
685 5170 925 5219 nostrum
956 5180 1057 5220 nos
1101 5182 1210 5223 non
1242 5154 1533 5226 habemus.
1566 5171 1749 5241 Quare

166 5251 206 5330 et
248 5246 514 5304 Jeremias
573 5251 805 5307 Iudaico
855 5254 1059 5324 populo
1115 5257 1357 5326 graviter
1416 5260 1749 5330 delinquenti

163 5328 621 5406 improperans,ait
639 5357 651 5391 :
672 5339 1045 5414 Audi,popule
1061 5346 1434 5419 stutte,etqui
1446 5364 1563 5405 non
1578 5328 1747 5407 habes

165 5425 471 5492 seruarent.
490 5443 551 5496 v,
571 5429 681 5499 21).
702 5427 846 5485 Hinc
859 5429 989 5486 item
1007 5446 1308 5491 conversus
1324 5435 1463 5492 alter
1476 5439 1747 5509 propheta

169 5544 744 5675 Egitdaitproculdubio
765 5553 1083 5629 legendum,
1113 5572 1222 5616 non
1251 5560 1450 5632 oculis,
1476 5567 1539 5618 ιιι
1554 5561 1756 5619 habent

1861 4351 2150 4405 exaltatum
2201 4362 2463 4418 mentem,
2498 4362 2550 4409 et
2594 4356 2677 4410 sui
2720 4359 3153 4430 susceptibilem,
3210 4373 3263 4421 et
3298 4368 3456 4424 valde

1859 4438 2189 4495 familiarem
2224 4441 2376 4496 facit.
2416 4442 2704 4512 Sequitur:

1931 4528 2109 4597 (Vers.
2147 4530 2220 4594 1.)
2253 4529 2571 4588 Dilatatum
2604 4537 2688 4589 est
2718 4550 2777 4590 os
2800 4551 2985 4594 meum
3004 4555 3172 4612 super
3192 4544 3455 4603 inimicos

1858 4631 2011 4671 τηερε
2022 4659 2031 4671 .

1929 4706 1981 4759 4.
2016 4705 2121 4773 Qui
2178 4714 2299 4761 sunt
2346 4706 2551 4763 inimici
2598 4709 2780 4767 electa:
2817 4714 3030 4781 mentis,
3073 4718 3177 4773 nisi
3234 4722 3453 4791 spiritus

1858 4793 2126 4866 maligni?
2155 4792 2296 4863 Quid
2329 4812 2460 4869 ergo
2499 4806 2579 4853 est
2605 4798 2883 4855 dilatatam
2915 4820 2976 4858 os
3006 4822 3173 4877 super
3204 4809 3453 4867 inimicos

1858 4882 2078 4952 habere,
2113 4884 2218 4938 nisi
2248 4902 2435 4940 omnes
2479 4886 2839 4959 malignorum
2884 4892 3134 4962 spiritum
3173 4899 3452 4956 suasiones

1863 4972 2197 5042 amplissima
2226 4976 2333 5029 sibi
2364 4975 2561 5031 infusae
2606 4978 2795 5048 gratiae
2832 4980 3081 5051 largitate
3120 4988 3453 5057 reprobare?

1860 5061 2177 5134 Angustum
2230 5063 2428 5134 quippe
2466 5079 2527 5119 os
2555 5066 2736 5133 habet,
2796 5068 2886 5139 qui
2917 5073 3125 5128 cunctis
3169 5074 3452 5131 fraudibus

1857 5149 2227 5221 malignorum
2258 5150 2540 5221 spirituum
2572 5170 2670 5224 per
2707 5158 3196 5216 considerationem
3229 5163 3451 5219 rationis

1859 5239 2121 5294 contraire
2158 5254 2266 5293 non
2296 5241 2577 5309 praevalet.
2609 5243 2686 5298 Os
2716 5245 2915 5317 quippe
2947 5251 3142 5302 mentis
3170 5250 3289 5318 ejus
3314 5254 3450 5308 ratio

1858 5337 1959 5395 est,
1993 5335 2046 5380 et
2078 5326 2233 5398 loqui
2272 5327 2602 5385 deliberare.
2647 5331 2723 5386 Os
2768 5350 2999 5405 namque
3047 5337 3285 5405 repletur
3326 5355 3452 5397 cum

1854 5414 2047 5470 mentis
2075 5416 2214 5472 ratio
2245 5432 2344 5488 per
2374 5416 2608 5473 infusam
2639 5419 2742 5474 sibi
2770 5422 3003 5493 gratiam
3033 5422 3086 5478 in
3110 5430 3449 5503 contempla-

1933 5574 2010 5646 (b)
2038 5573 2186 5633 Gilot
2212 5581 2268 5633 et
2296 5575 2503 5649 Vatic.,
2534 5575 2841 5637 Scariotes.
