4062 6182
507 349 576 405 79
1680 339 1925 397 SANCTI
1958 342 2300 402 GREGORII
2332 348 2559 407 MAGNI
3729 372 3789 426 80

511 474 711 529 tionem
743 483 969 525 summae
996 466 1237 526 veritatis
1266 466 1547 522 attollitur.
1572 464 1787 536 Repleri
1804 465 2025 536 quidem
2045 467 2096 521 ei
2121 468 2181 531 Α
2210 475 2330 526 ctus
2362 472 2578 546 dicitur,
2613 477 2739 548 quia
2771 484 3113 551 regeneratis
3158 503 3255 558 per
3294 488 3480 544 salutis
3512 489 3786 550 levacrum

508 571 590 617 est
638 558 993 615 illustratione
1023 573 1249 612 summm
1268 556 1509 612 veritatis
1535 555 1734 609 imbui.
1789 555 1866 609 Ibi
1902 555 2103 626 quippe

505 649 685 717 discit,
719 648 931 719 etquod
979 645 1302 702 aeternaliter
1348 652 1586 716 appetat,
1620 651 1674 699 et
1715 643 1863 714 quod
1885 650 2100 714 tempo-

504 739 692 795 raliter
721 744 1054 795 contemnat.
1084 737 1151 791 Et
1178 734 1304 804 quia
1333 749 1551 788 summa
1589 732 1787 788 veritas
1822 748 1974 787 amor
1998 741 2094 798 est,

505 827 803 884 subtilitate
832 826 1075 881 veritatis
1103 824 1368 879 attollitur
1410 822 1580 877 electa
1638 820 1838 885 anima,
1873 822 2098 892 ejusque

498 918 578 973 rei
607 917 889 982 charitate,
930 930 1090 986 quam
1119 911 1387 978 didicerit,
1428 909 1811 978 inﬂammatur,
1864 918 1918 964 et
1951 917 2096 964 tanto

496 1002 732 1058 strictius
761 1007 944 1057 servat
973 997 1367 1070 magisterium,
1393 1004 1594 1067 quanto
1611 994 1905 1049 ferventius
1920 994 1974 1047 id
1990 993 2095 1048 sibi

494 1093 782 1148 inviscerat
809 1088 896 1146 vis
929 1087 1153 1144 amoris.
1187 1086 1285 1140 Cui
1313 1085 1563 1139 nimirum
1594 1083 1690 1139 etsi
1721 1083 1942 1153 maligni
1974 1083 2093 1153 spi-

495 1183 632 1236 ritus
662 1180 805 1235 mala
833 1182 1155 1249 suggerunt,
1174 1174 1386 1230 dilatati
1406 1173 1515 1229 oris
1544 1172 1826 1243 apertione
1855 1172 2092 1227 confun-

496 1271 715 1336 duntur,
749 1268 893 1338 quia,
912 1266 1139 1321 veritate
1167 1279 1393 1319 summae
1422 1261 1700 1333 sapientiae
1728 1261 2012 1331 instructa,
2038 1269 2090 1317 et

492 1358 693 1415 summi
734 1357 936 1414 amoris
973 1354 1182 1410 facibus
1225 1368 1479 1420 accensa,
1526 1350 1693 1406 habet
1744 1351 1855 1418 jam
1900 1358 2088 1405 contra

491 1447 897 1522 suggestionem
928 1443 1131 1500 erroris
1146 1443 1466 1497 immensam
1489 1441 1665 1495 lucem
1682 1439 1984 1508 sapientiae,
2002 1439 2086 1494 ha-

489 1539 581 1594 bet
612 1546 662 1593 et
693 1544 881 1592 contra
908 1535 1147 1590 oblatam
1176 1530 1363 1585 mundi
1384 1528 1550 1600 hujus
1564 1544 1820 1599 pompam
1840 1526 2084 1582 ineffabi-

490 1629 600 1684 lem
628 1628 973 1683 charitatem.
1012 1624 1071 1677 ln
1093 1620 1454 1676 immensitate
1484 1617 1619 1673 lucis
1648 1618 1793 1673 videt
1832 1634 1955 1687 quae
1986 1634 2080 1671 re-

490 1718 705 1789 probet,
737 1714 835 1770 sed
866 1730 961 1785 per
985 1713 1095 1768 vim
1143 1725 1369 1765 summa:
1408 1707 1683 1762 charitatis
1724 1714 1867 1760 amat
1897 1707 2080 1776 inepta

2212 560 2450 616 charitas
2472 565 2570 618 Dei
2600 568 2859 623 cordibus
2889 573 3087 627 nostris
3133 575 3454 647 infunditur,
3504 597 3601 651 per
3645 583 3790 652 cujus

2207 649 2435 719 gratiam
2466 651 2529 705 ad
2561 662 2777 711 aeternae
2805 658 2991 727 patriae
3005 659 3148 717 bona
3172 649 3568 735 praeparemur,
3598 649 3788 726 utdum

2208 737 2322 792 hac
2352 739 2461 794 vita
2490 757 2588 811 per
2615 743 2953 801 decursionis
2978 766 3091 805 suae
3112 759 3321 822 tempus
3343 755 3601 825 elabitur,
3621 775 3683 813 ea
3698 776 3790 815 nos

2207 826 2316 881 vita
2333 830 2681 900 suscipiat,cu
2682 833 2775 902 jus
2791 837 2990 906 gaudio
3007 839 3132 894 hinc
3148 840 3439 898 electorum
3459 847 3790 917 egredientes

2205 917 2403 971 animae
2433 920 2550 974 sine
2581 922 2766 977 mortis
2797 941 2997 995 pavore
3027 929 3314 998 potiantur.
3352 933 3555 990 Deinde
3595 953 3715 993 esse
3743 939 3787 994 ei

2203 1007 2509 1073 ascribitur,
2543 1010 2670 1081 quia
2701 1013 2877 1068 securi
2905 1020 3390 1076 consummationis
3410 1032 3607 1081 nostra:
3623 1026 3783 1095 diem,

2200 1095 2452 1151 videlicet
2482 1098 2777 1155 claritatem
2810 1102 3009 1159 ultimae
3042 1110 3477 1178 resurrectionis,
3510 1125 3787 1183 exspecta-

2200 1200 2338 1253 mus,
2371 1186 2497 1240 dum
2531 1188 2583 1241 in
2614 1188 2709 1243 illo
2738 1207 2958 1248 munere
3005 1205 3245 1267 acceptae
3286 1201 3489 1269 requiei
3531 1203 3784 1260 discimus

2198 1275 2429 1329 extremi
2471 1278 2734 1332 examinis
2769 1280 3161 1339 discussionem
3209 1302 3315 1341 non
3373 1298 3635 1362 metuere,
3694 1294 3782 1348 sed

2195 1364 2478 1432 promissa:
2510 1366 2699 1437 gloriae
2722 1368 2959 1424 laetitiam
2981 1382 3319 1443 exspectare.
3366 1378 3563 1435 Ultimo
3599 1389 3781 1438 autem

2193 1450 2312 1506 loco
2342 1452 2495 1509 fortis
2522 1456 2797 1522 asseritur,
2832 1460 2953 1530 quia
2985 1462 3038 1514 in
3081 1464 3280 1532 gaudio
3312 1465 3503 1523 fulurte
3534 1485 3781 1528 resurre-

2193 1542 2388 1597 ctionis
2419 1542 2629 1598 inﬁrma
2660 1554 2846 1601 nostra
2901 1549 3249 1619 roborantur,
3297 1571 3416 1610 cum
3449 1574 3578 1612 caro
3608 1562 3782 1632 surgit

2195 1631 2261 1685 de
2288 1632 2548 1701 pulvere;
2581 1635 2673 1688 sed
2694 1635 2837 1690 idem
2867 1640 3051 1693 carnis
3069 1650 3269 1696 nostrai.
3286 1644 3472 1713 pulvis
3492 1631 3781 1705 translatus

2192 1720 2245 1774 in
2267 1730 2541 1792 perpetuae
2569 1723 2984 1796 incorruptionis
3005 1728 3257 1799 gloriam,
3276 1733 3343 1786 ad
3361 1734 3660 1806 fragilitatis
3674 1756 3780 1795 suae

486 1806 781 1878 repromre
809 1819 930 1875 qua?
950 1802 1116 1858 Πονίῑ·
1148 1800 1253 1854 Per
1280 1798 1602 1868 Sapientiam
1646 1795 1790 1899 mal?
1819 1803 2077 1899 δυεβθδιε
2118 1826 2166 1887 Β
2196 1811 2465 1865 miseriam
2496 1812 2636 1867 ultra
2665 1830 2771 1869 non
2795 1814 2950 1871 redit.
2986 1795 3097 1872 Sed
3139 1828 3192 1874 et
3238 1795 3530 1879 notandum
3572 1830 3693 1899 quia
3724 1828 3779 1884 in

486 1894 853 1968 reprehendit,
905 1892 999 1947 sed
1041 1890 1097 1944 in
1153 1889 1349 1943 virtute
1403 1885 1686 1941 charitatis
1740 1885 2081 1955 deprehensa

489 1985 784 2056 redarguit.
819 1981 894 2038 Os
926 1995 1060 2051 ergo
1102 1994 1266 2049 super
1308 1975 1557 2031 inimicos
1598 1973 1813 2041 dilatat,
1856 1975 1983 2044 quia
2014 1990 2081 2028 ex

488 2071 819 2131 abundantia
840 2069 1061 2125 rationis
1090 2075 1276 2122 contra
1293 2066 1569 2121 daemones
1599 2062 1767 2117 multa
1781 2062 2078 2133 deliberat,

488 2174 634 2219 eteo
665 2161 872 2218 acutius
902 2174 1089 2214 eorum
1136 2155 1352 2223 objecta
1399 2152 1645 2215 destruit.
1697 2166 1802 2223 quo
1841 2152 1893 2205 id
1937 2152 2080 2206 unde

485 2254 631 2309 mala
662 2257 925 2323 suggesta
942 2244 1272 2318 reprobetin
1297 2242 1615 2297 sublimibus
1642 2241 1905 2313 agnoscit.
1929 2240 2080 2297 Unde

483 2342 736 2413 protinus
765 2353 981 2395 causam
1013 2334 1313 2399 insinuans,
1347 2331 1420 2386 ait
1453 2350 1465 2385 :

573 2433 683 2502 56
716 2448 857 2515 Quia
890 2447 1083 2500 (artata
1105 2457 1231 2496 sum
1261 2440 1321 2494 in
1358 2439 1608 2494 salutari
1639 2440 1752 2495 tuo.

556 2542 608 2593 5.
648 2535 805 2605 Quod
835 2533 1077 2605 profecto
1109 2530 1213 2583 tale
1244 2531 1324 2582 est
1355 2543 1418 2580 ac
1446 2526 1489 2579 si
1520 2525 1665 2581 dicat
1699 2541 1712 2579 :
1747 2524 1885 2593 Quia
1917 2527 2076 2583 exal-

485 2633 672 2686 tatum
700 2628 784 2681 est
816 2637 993 2679 cornu
1021 2635 1211 2674 meum
1242 2619 1303 2672 in
1327 2615 1447 2671 Deo
1479 2630 1619 2670 meo.
1667 2616 1781 2669 Hoc
1815 2624 1957 2670 certe
1991 2624 2075 2670 est

483 2716 648 2775 laetari
678 2715 732 2769 in
761 2711 994 2766 salutare
1024 2708 1140 2772 Dei,
1170 2705 1314 2778 quod
1348 2704 1631 2759 exaltatum
1665 2718 1834 2759 cornu
1865 2705 2071 2760 habere

478 2808 537 2863 in
574 2808 689 2861 Deo
716 2818 834 2857 suo.
864 2797 1020 2868 Quod
1051 2812 1159 2852 non
1206 2795 1275 2849 de
1319 2792 1561 2863 qualibet
1600 2792 1784 2848 laetitia
1823 2793 2071 2848 salutaris

479 2894 762 2966 accipitur,
783 2890 880 2945 sed
909 2888 976 2942 de
1007 2885 1097 2941 illo
1126 2883 1517 2955 perfectissimo
1535 2882 1754 2954 gaudio,
1775 2898 1883 2955 quo
1900 2882 2072 2938 electa

479 2984 821 3056 perfectaque
851 2976 1031 3032 anima
1077 2989 1228 3027 more
1271 2987 1488 3042 sponsae
1531 2971 1734 3041 gaudet
1763 2971 1815 3024 in
1844 2987 2067 3041 sponso.

480 3076 561 3129 De
604 3086 710 3141 qua
764 3067 1021 3122 nimirum
1064 3062 1250 3117 laetitia
1292 3059 1465 3116 David
1507 3059 1773 3125 obsecrat,
1822 3059 2008 3115 dicens
2054 3080 2064 3114 :

483 3162 664 3219 Redde
694 3158 833 3213 mihi
855 3155 1119 3210 lwtitiam
1139 3151 1411 3206 salutaris
1429 3150 1532 3212 tui,
1554 3153 1607 3203 et
1626 3149 2069 3220 spirituprinci-
2106 3175 2154 3237 Ο

481 3252 607 3325 pali
634 3247 915 3318 confirma
933 3238 1418 3307 me’Psal.L,H).
1458 3238 1592 3305 Quae
1633 3254 1762 3309 ergo
1794 3238 2075 3292 dilatatum

486 3357 546 3396 os
577 3338 780 3393 habere
812 3348 973 3404 super
1002 3330 1257 3384 inimicos
1291 3343 1417 3383 suos
1448 3343 1506 3381 se
1537 3327 1814 3398 gloriatur,
1846 3328 1898 3381 in
1929 3328 2081 3381 salu-

486 3438 622 3485 tare.
655 3426 757 3481 Dei
786 3425 937 3495 prius
978 3421 1159 3475 laetata
1202 3417 1366 3471 fuisse
1418 3416 1483 3469 de
1526 3416 1776 3483 ert-bitur,
1824 3416 1950 3487 quia
1989 3416 2081 3470 illa

482 3519 641 3575 beata
684 3530 839 3570 mens
870 3510 1062 3575 valide;
1082 3507 1374 3577 reprobare
1405 3504 1764 3576 malignorum
1795 3505 2080 3575 spirituum

484 3600 1127 3673 suasionespoterit,quae
1144 3596 1195 3650 in
1213 3596 1589 3665 Redemptoris
1602 3594 1835 3649 divinato
1850 3610 1949 3692 per
1966 3610 2084 3692 con-

485 3695 894 3767 templationem
926 3686 1227 3743 sublimiter
1245 3696 1548 3753 assumpta,
1570 3700 1632 3737 ex
1656 3698 1720 3737 eo
1737 3692 1787 3737 et
1804 3686 2084 3781 sapientia:

485 3784 680 3855 accipit
725 3777 1179 3852 magnitudinem,
1233 3782 1285 3827 et
1340 3772 1731 3843 plenitudinem
1790 3772 2081 3826 citat-italis.

484 3874 656 3944 Quem
696 3870 943 3943 profecto
974 3864 1154 3938 dignis
1184 3861 1443 3917 laudibus
1473 3861 1751 3932 praedicat,
1784 3860 1971 3915 dicens
1997 3876 2008 3914 :

554 3979 735 4050 (Vers.
764 3977 844 4043 2.)
872 3974 994 4029 Non
1026 3975 1111 4027 est
1141 3972 1379 4025 sanctus
1396 3970 1460 4021 ut
1485 3971 1567 4022 est
1586 3967 2084 4036 Dominus;neque

484 4069 637 4125 enim
668 4070 754 4122 est
782 4064 930 4120 alius
961 4061 1130 4116 extra
1166 4062 1239 4125 te,
1266 4060 1323 4113 et
1344 4073 1457 4113 non
1476 4059 1558 4111 est
1575 4056 1744 4125 fortis
1762 4056 1910 4110 sicut
1941 4056 2084 4111 Deus

481 4160 696 4214 noster.
1301 4235 1334 4243 η
1587 4205 1589 4207 ,
1745 4237 1755 4243 ῃ
1832 4241 1838 4243 _
1975 4232 1987 4243 O

552 4247 606 4301 6.
639 4245 732 4299 His
749 4257 989 4313 namque
1008 4241 1175 4294 Annae
1197 4235 1422 4295 vocibus
1452 4249 1687 4306 quaeque
1710 4237 1878 4289 electa
1899 4235 2083 4286 anima

479 4336 588 4392 hoc
613 4330 961 4404 Redemptori
986 4329 1185 4385 clamat
1226 4327 1284 4380 in
1314 4324 1493 4390 laude,
1536 4323 1680 4393 quod
1711 4322 1779 4375 ab
1806 4321 1923 4391 ipso
1954 4335 2081 4376 cre-

484 4425 561 4479 dit
591 4424 645 4477 in
675 4436 920 4476 munere.
954 4417 1062 4472 Sed
1092 4432 1156 4470 ex
1187 4414 1292 4468 hoc
1332 4413 1436 4482 pia:
1484 4409 1847 4466 confessionis
1894 4409 2083 4464 ordine

2191 1896 2276 1950 his
2304 1897 2476 1952 tribus
2505 1898 2574 1952 ab
2595 1899 2767 1954 altero
2789 1900 2857 1954 ad
2880 1900 3105 1957 alterum
3122 1902 3399 1973 ducimur;
3434 1911 3531 1965 sed
3548 1896 3668 1967 cum
3687 1914 3780 1969 ha-

2192 1985 2322 2041 bere
2354 2001 2457 2041 non
2490 1987 2730 2042 habitum
2760 1991 3003 2059 coeperit,
3026 1993 3114 2061 qui
3153 1994 3254 2049 hoc
3279 1997 3470 2068 accipit
3500 2002 3646 2071 quod
3673 2018 3776 2058 non

2192 2075 2397 2143 habuit,
2423 2076 2566 2145 quod
2596 2085 2721 2132 ante
2749 2078 3135 2136 habueratnon
3160 2084 3370 2140 amittit.
3400 2088 3541 2143 Nam
3573 2106 3695 2146 cum
3711 2092 3777 2149 de

2189 2163 2618 2220 sanctiﬁcatione
2646 2166 2713 2219 ad
2742 2167 2986 2236 requiem
3016 2171 3385 2241 perducimur,
3420 2184 3472 2231 et
3499 2177 3567 2233 de
3602 2180 3777 2251 quiete

2189 2252 2383 2306 animae
2404 2253 2752 2323 perducimur
2780 2255 2850 2308 ad
2894 2256 3062 2311 robur
3097 2265 3316 2316 aeternae
3343 2262 3773 2339 incorruptionis,

2188 2349 2238 2395 et
2264 2340 2624 2397 sanctiﬁcatio
2654 2341 2939 2399 charitalis
2964 2355 3197 2418 augetur
3213 2351 3438 2407 nobisin
3459 2355 3547 2409 illa
3568 2359 3771 2427 requie,

2187 2438 2238 2484 et
2266 2429 2482 2501 requies
2512 2438 2566 2486 et
2592 2446 2747 2485 amor
2777 2435 3046 2489 excrescit
3078 2437 3236 2493 valde
3266 2440 3318 2493 in
3349 2447 3772 2504 resurrectione.

2184 2519 2528 2574 Conditorem
2559 2536 2792 2589 namque
2845 2537 3001 2577 suum
3058 2542 3399 2601 unaquaque
3455 2533 3632 2589 anima
3678 2553 3776 2606 per

2183 2624 2428 2663 amorem
2462 2610 2755 2680 conjuncta
2779 2609 2831 2664 in
2851 2612 3011 2667 tantis
3030 2618 3346 2673 muneribus
3361 2620 3774 2689 intuens,Annae

2182 2698 2407 2752 vocibus
2436 2698 2583 2753 dicat
2610 2715 2772 2769 quam
2803 2699 2942 2756 bene
2969 2704 3107 2771 sapit
3145 2705 3247 2759 sibi
3278 2708 3484 2764 donum
3518 2714 3774 2782 perfectae

2181 2787 2610 2858 regenerationis
2641 2788 2788 2845 etvis
2805 2790 3021 2844 amoris.
3046 2792 3198 2848 Dicat
3229 2811 3242 2848 :
3274 2797 3394 2852 Non
3410 2805 3492 2855 est
3512 2807 3768 2871 sanctus,

2179 2879 2245 2930 ut
2277 2880 2362 2931 est
2392 2877 2685 2932 Dominus.
2719 2878 2870 2933 Dicat
2900 2895 3063 2950 quam
3093 2884 3289 2939 melius
3334 2904 3534 2944 munus
3565 2891 3668 2946 sibi
3697 2910 3778 2964 es,

2179 2965 2468 3034 promissio
2501 2966 2696 3036 quietis
2728 2966 2784 3020 in
2828 2968 2964 3022 hora
3008 2970 3090 3024 sui
3134 2974 3390 3029 transitus
3417 2996 3427 3031 :
3457 2978 3656 3051 Neque
3687 2987 3773 3035 est

2178 3052 2326 3109 alius
2356 3059 2529 3110 extra
2548 3058 2620 3111 te.
2640 3055 2794 3111 Dicat
2825 3072 2984 3125 quam
3003 3061 3269 3127 Optimum
3301 3063 3405 3118 sibi
3423 3067 3645 3136 placens
3672 3056 3769 3121 57

2183 3142 2466 3213 praemium
2496 3144 2563 3197 sit
2592 3143 2782 3198 ultima
2811 3148 3091 3202 renovatio
3119 3166 3236 3218 sua,
3259 3152 3310 3205 in
3330 3155 3532 3223 gaudio
3552 3157 3782 3226 perfecti

2189 3232 2408 3302 spiritus
2437 3232 2519 3285 sui
2552 3236 2606 3286 et
2634 3232 2934 3303 gloriticate
2975 3238 3166 3292 carnis.
3218 3240 3373 3296 Dicat
3402 3260 3415 3296 :
3451 3245 3518 3299 Et
3556 3263 3668 3301 non
3701 3252 3785 3303 est

2188 3322 2375 3391 fortis,
2408 3323 2561 3376 sicut
2593 3323 2739 3376 Dens
2766 3327 2978 3378 noster.
3014 3326 3079 3379 Et
3110 3329 3403 3384 notandum
3451 3333 3578 3402 quia
3603 3335 3705 3390 hoc
3732 3336 3789 3389 in

2191 3410 2370 3479 precis
2391 3411 2600 3464 cantico
2636 3413 2789 3465 Anna
2844 3412 3093 3483 loquitur.
3144 3416 3344 3473 Electae
3375 3423 3571 3476 etenim
3615 3424 3787 3479 menti

2189 3499 2307 3554 haec
2336 3499 2390 3552 in
2420 3499 2627 3554 cantico
2655 3515 2879 3569 poscere
2927 3510 3028 3568 est,
3084 3503 3223 3559 dona
3270 3516 3373 3562 tam
3405 3512 3635 3581 grandia
3664 3529 3791 3569 cum

2191 3588 2391 3657 gaudio
2406 3588 2742 3643 desiderare.
2778 3590 2968 3646 Petere
3010 3593 3218 3664 quippe
3260 3597 3309 3650 ei
3340 3597 3654 3656 desiderare
3684 3610 3789 3671 est,

2192 3685 2243 3731 et
2271 3676 2515 3747 gaudere
2529 3685 2777 3732 cantare.
2803 3678 2911 3733 Sed
2933 3696 3050 3750 qua:
3070 3689 3172 3736 tam
3194 3686 3493 3755 gaudenter
3507 3689 3791 3761 dignitatis

2192 3780 2301 3819 suae
2331 3780 2559 3820 munera
2589 3766 2869 3835 conspicit,
2909 3784 3068 3838 quam
3111 3770 3322 3827 fortiter
3352 3777 3580 3831 occultis
3610 3780 3790 3833 hosti-

2190 3854 2290 3909 bus
2321 3854 2613 3925 exprobret
2640 3855 2946 3912 innotescit.
2979 3858 3242 3930 Sequitur
3260 3863 3426 3930 enim,
3453 3869 3507 3921 et
3536 3867 3667 3922 dicit
3699 3885 3712 3921 :

2264 3963 2445 4029 (Vers.
2478 3963 2555 4031 3.)
2587 3962 2771 4017 Nolite
2791 3964 3181 4035 multiplicare
3199 3968 3345 4040 loqui
3364 3971 3634 4029 sublimia
3659 3975 3789 4045 glo-

2192 4049 2433 4114 riantes,
2467 4047 2735 4102 recedant
2765 4052 2956 4103 vetera
2986 4048 3051 4104 de
3082 4066 3176 4106 ore
3206 4058 3409 4111 vestro.

2262 4147 2320 4198 7.
2359 4144 2623 4200 Sublimia
2655 4146 2852 4216 quippe
2884 4156 2935 4200 et
2967 4156 3154 4203 vetera
3181 4151 3401 4222 spiritus
3433 4156 3662 4229 maligni
3696 4158 3787 4214 lo-

2194 4240 2446 4304 quuntur,
2475 4249 2595 4287 cum
2627 4234 2735 4287 alta
2765 4249 2884 4303 quae
2913 4235 3165 4292 videntur
3202 4239 3362 4309 hujus
3389 4245 3571 4298 saeculi
3611 4262 3790 4317 appe-

2195 4322 2360 4376 tonda
2389 4319 2643 4375 ﬁdelibus
2673 4332 2996 4394 suggerunt.
3041 4324 3147 4393 Qui
3187 4343 3321 4400 ergo
3350 4346 3520 4387 cornu
3549 4350 3704 4389 suum
3735 4335 3798 4391 in

2193 4410 2308 4465 Deo
2340 4410 2574 4465 exaltare
2602 4409 2719 4479 jam
2763 4411 2970 4481 didicit,
3003 4414 3093 4482 qui
3142 4417 3311 4471 teneri
3342 4418 3395 4472 in
3431 4422 3636 4492 gaudio
3666 4425 3794 4479 Ma-

482 4512 614 4569 orde
643 4511 897 4573 innuitur,
918 4520 1027 4577 quo
1056 4502 1244 4558 eadem
1264 4499 1503 4554 muneris
1531 4499 1676 4552 bona
1706 4514 1825 4567 quae
1841 4498 2070 4554 seriatim
2103 4535 2155 4595 D
2186 4498 2397 4567 jcstatis
2427 4499 2599 4595 novit,
2629 4499 2891 4595 quidquid
2921 4500 3145 4595 offertur
3175 4506 3281 4595 sibi
3309 4506 3375 4561 de
3406 4508 3794 4569 blandimento

482 4599 705 4671 protulit
748 4607 1172 4663 consequamur.
1226 4590 1454 4644 Sanctus
1495 4587 1672 4658 itaque
1716 4586 1978 4642 Dominus
2020 4592 2075 4643 et

482 4686 635 4742 fortis
664 4683 937 4745 asseritur,
971 4695 1002 4735 a
1033 4694 1140 4749 quo
1169 4676 1592 4744 sanctiﬁcamur,
1611 4675 1674 4729 ad
1708 4675 1947 4746 requiem
1971 4676 2073 4731 du-

481 4776 667 4841 cimur,
700 4780 753 4827 et
784 4768 1195 4843 ,gloriﬁcamur.
1248 4764 1737 4820 Sanctificationem
1782 4781 1812 4818 a
1843 4765 2073 4820 Domino

481 4862 780 4933 accipimus
812 4860 867 4912 in
898 4858 1096 4914 virtute
1122 4854 1583 4927 regenerationis;
1629 4870 1749 4909 esse
1788 4862 1984 4919 autem,
2017 4854 2073 4909 id

478 4961 557 5007 est
607 4952 842 5021 quietem
873 4948 941 5001 ab
982 4945 1144 5015 hujus
1187 4943 1541 4997 mutabilitate
1585 4943 1971 5013 corruptionis,
2000 4943 2070 5014 .in

477 5018 855 5098 terminatione
896 5034 1095 5097 exsilii,
1139 5033 1512 5088 fortitudinem
1556 5032 1609 5084 in
1657 5031 1930 5101 triumpho
1976 5049 2068 5086 re-

474 5128 851 5188 surrectionis.
891 5124 1123 5179 Primum
1155 5122 1335 5192 itaque
1358 5122 1549 5175 horum
1582 5137 1858 5174 munerum
1893 5121 1945 5174 in
1967 5121 2070 5175 ista

476 5222 583 5277 vita
627 5215 1030 5288 consequimur,
1080 5228 1202 5267 cum
1247 5210 1402 5265 electi
1458 5209 1721 5280 cujusque
1777 5210 1957 5263 anima
2011 5211 2067 5265 in

474 5326 640 5365 carne
688 5314 790 5375 est,
827 5304 924 5359 sed
940 5309 1168 5371 utraque
1191 5299 1366 5354 adhuc
1395 5297 1447 5351 in
1465 5313 1642 5369 agone
1658 5298 1837 5367 operis
1853 5298 2027 5369 posita
2048 5314 2061 5368 ;

474 5413 711 5468 sequens
729 5403 905 5450 autem
925 5393 979 5446 in
996 5390 1112 5447 sola
1129 5388 1310 5443 anima
1328 5395 1521 5457 praeter
1539 5401 1776 5455 carnem,
1796 5394 1918 5457 post
1935 5403 2063 5442 car-

471 5485 556 5540 nis
589 5484 776 5550 vitam,
808 5490 857 5537 et
883 5482 994 5552 jam
1023 5480 1089 5534 de
1111 5478 1271 5548 hujus
1300 5476 1422 5532 vitae
1440 5475 1718 5530 laboribus
1746 5484 2058 5547 assumpta;

468 5573 717 5629 ultimum
750 5586 898 5636 vero,
929 5569 986 5623 in
1024 5583 1186 5624 carne
1216 5574 1272 5622 et
1311 5565 1515 5634 anima,
1562 5565 1658 5621 sed
1688 5572 1916 5637 utraque
1940 5564 2060 5635 jam

462 5678 567 5736 per
585 5659 817 5736 gloriam
838 5657 1153 5715 aeternitatis
1205 5656 1482 5712 innovata.
1524 5653 1677 5709 Prius
1709 5653 1894 5727 itaque
1919 5668 2056 5710 san-

2188 4587 2372 4643 swculi
2401 4588 2652 4654 labentis,
2677 4590 3057 4659 exprobrando
3078 4592 3329 4663 despicit,
3355 4595 3540 4652 dicens
3562 4615 3578 4653 :
3600 4601 3794 4657 Nolite

2182 4678 2570 4748 multiplicare
2623 4676 2772 4748 loqui
2817 4679 3085 4734 sublimia
3131 4683 3460 4751 gloriantes,
3513 4689 3792 4745 recedant

2184 4771 2372 4822 vetera
2402 4766 2467 4821 de
2497 4782 2589 4822 ore
2606 4772 2809 4822 vestro.
2843 4770 2923 4823 Ac
2953 4768 2997 4822 si
3028 4778 3212 4838 aperte
3239 4772 3509 4845 loquatur,
3528 4777 3738 4833 etdicat
3763 4798 3778 4834 :

2183 4855 2263 4909 Eo
2292 4855 2422 4909 mihi
2452 4871 2517 4909 ea
2546 4872 2664 4926 quae
2696 4854 2998 4911 offeruntur
3026 4858 3332 4929 displicent,
3373 4879 3479 4934 quo
3508 4881 3609 4937 per
3622 4866 3782 4923 desi-

2180 4943 2387 4998 derium
2419 4943 2527 4997 alia
2557 4944 2714 5000 video
2745 4951 2863 5014 quae
2894 4946 3049 5001 valde
3070 4948 3312 5018 placent.

2252 5038 2303 5087 8.
2337 5032 2491 5101 Quod
2524 5034 2769 5104 profecto
2799 5034 3000 5101 dicere,
3035 5036 3158 5107 quia
3187 5039 3236 5093 ei
3264 5041 3519 5112 competit
3551 5044 3641 5115 qui
3657 5044 3782 5114 jam

2177 5122 2405 5177 idoneus
2445 5123 2514 5177 ad
2572 5123 2930 5178 ministerium
2977 5125 3377 5195 praedicationis
3434 5136 3780 5203 agnoscitur,

2177 5220 2300 5282 apte
2331 5228 2543 5283 quoque
2574 5216 2762 5267 contra
2809 5222 3122 5284 arrogantes
3169 5216 3461 5288 sapientes,
3493 5227 3546 5274 et
3587 5231 3786 5279 contra

2174 5300 2514 5372 negligentes
2543 5305 2747 5356 sancta
2763 5300 2887 5357 vitae
2916 5302 3387 5373 professores,ista
3415 5308 3620 5378 prolata
3634 5327 3777 5366 sen-

2173 5388 2396 5444 tiuntur.
2430 5390 2551 5444 Alta
2580 5391 2780 5461 quippe
2809 5391 3049 5463 glorians
3066 5393 3328 5464 loquitur,
3363 5397 3453 5468 qui
3484 5413 3583 5468 per
3598 5400 3789 5455 scien-

2171 5478 2299 5532 tiam
2331 5493 2496 5549 quam
2528 5480 2737 5551 accepit
2752 5495 2812 5535 se
2832 5480 3138 5553 intelligere
3160 5483 3460 5540 sublimiter
3475 5486 3780 5557 gloriatur.

2173 5569 2364 5623 Vetera
2391 5584 2525 5625 vero
2554 5568 2804 5641 loquitur,
2834 5570 2946 5642 qui,
2971 5571 3286 5642 postpositis
3316 5583 3522 5631 sanctae
3567 5576 3778 5650 Scrip-

2166 5663 2300 5712 tura:
2328 5656 2573 5729 eloquiis,
2603 5658 2957 5715 saacularibus
2996 5658 3181 5716 verbis
3217 5671 3525 5736 occupatur.
3552 5665 3777 5723 Dicitur
