  <div class='ocr_page' id='page_1' title='image "/cluster/home/n/w/nwhite01/storage/ocr_20150623/79/hvd.32044054758834/046.png"; bbox 0 0 4062 6182; ppageno 0'>
   <div class='ocr_carea' id='block_1_1' title="bbox 253 315 3516 379">
    <p class='ocr_par' dir='ltr' id='par_1_1' title="bbox 253 315 3516 379">
     <span class='ocr_line' id='line_1_1' title="bbox 253 315 3516 379; baseline -0.003 0"><span class='ocrx_word' id='word_1_1' title='bbox 253 330 302 379; x_wconf 85' lang='lat' dir='ltr'>8t</span> <span class='ocrx_word' id='word_1_2' title='bbox 822 354 837 360; x_wconf 88' lang='lat'><strong>-</strong></span> <span class='ocrx_word' id='word_1_3' title='bbox 1075 324 1150 378; x_wconf 84' lang='lat' dir='ltr'>IN</span> <span class='ocrx_word' id='word_1_4' title='bbox 1180 324 1447 379; x_wconf 76' lang='lat' dir='ltr'>PRIMUM</span> <span class='ocrx_word' id='word_1_5' title='bbox 1477 322 1721 379; x_wconf 77' lang='lat' dir='ltr'>REGUM</span> <span class='ocrx_word' id='word_1_6' title='bbox 1757 320 2293 379; x_wconf 80' lang='lat' dir='ltr'>EXPOSITIONES.</span> <span class='ocrx_word' id='word_1_7' title='bbox 2324 353 2396 363; x_wconf 94' lang='lat'>—</span> <span class='ocrx_word' id='word_1_8' title='bbox 2423 324 2547 378; x_wconf 88' lang='lat' dir='ltr'>LIB.</span> <span class='ocrx_word' id='word_1_9' title='bbox 2584 323 2658 376; x_wconf 85' lang='lat' dir='ltr'>II.</span> <span class='ocrx_word' id='word_1_10' title='bbox 3449 315 3516 371; x_wconf 70' lang='lat'>82</span> 
     </span>
    </p>
   </div>
   <div class='ocr_carea' id='block_1_2' title="bbox 251 446 3507 522">
    <p class='ocr_par' dir='ltr' id='par_1_2' title="bbox 251 446 3507 522">
     <span class='ocr_line' id='line_1_2' title="bbox 251 446 3507 522; baseline -0 -19"><span class='ocrx_word' id='word_1_11' title='bbox 251 447 1809 522; x_wconf 79' lang='lat' dir='ltr'>itaquearrogantibus:Noliteloquisublimiagloriantes.</span> <span class='ocrx_word' id='word_1_12' title='bbox 1841 448 1899 510; x_wconf 79' lang='grc' dir='ltr'><strong>Α</strong></span> <span class='ocrx_word' id='word_1_13' title='bbox 1929 465 2049 505; x_wconf 91' lang='lat' dir='ltr'>cum</span> <span class='ocrx_word' id='word_1_14' title='bbox 2080 450 2209 505; x_wconf 91' lang='lat' dir='ltr'>dum</span> <span class='ocrx_word' id='word_1_15' title='bbox 2240 449 2465 505; x_wconf 77' lang='lat' dir='ltr'>intentio</span> <span class='ocrx_word' id='word_1_16' title='bbox 2494 448 2680 519; x_wconf 89' lang='lat' dir='ltr'>impiat</span> <span class='ocrx_word' id='word_1_17' title='bbox 2713 448 2953 515; x_wconf 90' lang='lat' dir='ltr'>tetendit,</span> <span class='ocrx_word' id='word_1_18' title='bbox 2981 449 3164 520; x_wconf 77' lang='lat' dir='ltr'>jacere</span> <span class='ocrx_word' id='word_1_19' title='bbox 3193 446 3507 516; x_wconf 72' lang='lat' dir='ltr'>malitiaeja-</span> 
     </span>
    </p>
   </div>
   <div class='ocr_carea' id='block_1_3' title="bbox 251 537 3510 609">
    <p class='ocr_par' dir='ltr' id='par_1_3' title="bbox 251 537 3510 609">
     <span class='ocr_line' id='line_1_3' title="bbox 251 537 3510 609; baseline -0 -18"><span class='ocrx_word' id='word_1_20' title='bbox 251 538 439 606; x_wconf 83' lang='lat' dir='ltr'>Quibus</span> <span class='ocrx_word' id='word_1_21' title='bbox 461 537 701 606; x_wconf 83' lang='lat' dir='ltr'>profecto</span> <span class='ocrx_word' id='word_1_22' title='bbox 733 538 921 592; x_wconf 86' lang='lat' dir='ltr'>verbis</span> <span class='ocrx_word' id='word_1_23' title='bbox 951 539 1252 593; x_wconf 84' lang='lat' dir='ltr'>ostenditur</span> <span class='ocrx_word' id='word_1_24' title='bbox 1287 540 1415 609; x_wconf 87' lang='lat' dir='ltr'>quia</span> <span class='ocrx_word' id='word_1_25' title='bbox 1446 554 1562 592; x_wconf 90' lang='lat' dir='ltr'>non</span> <span class='ocrx_word' id='word_1_26' title='bbox 1593 538 1811 593; x_wconf 91' lang='lat' dir='ltr'>modum</span> <span class='ocrx_word' id='word_1_27' title='bbox 1921 539 2042 595; x_wconf 88' lang='lat' dir='ltr'>cula</span> <span class='ocrx_word' id='word_1_28' title='bbox 2072 554 2230 608; x_wconf 82' lang='lat' dir='ltr'><strong>supra</strong></span> <span class='ocrx_word' id='word_1_29' title='bbox 2253 556 2309 594; x_wconf 90' lang='lat' dir='ltr'>se</span> <span class='ocrx_word' id='word_1_30' title='bbox 2338 538 2393 593; x_wconf 91' lang='lat' dir='ltr'>in</span> <span class='ocrx_word' id='word_1_31' title='bbox 2440 539 2775 593; x_wconf 84' lang='lat' dir='ltr'>conditorem</span> <span class='ocrx_word' id='word_1_32' title='bbox 2818 538 3038 592; x_wconf 83' lang='lat' dir='ltr'>studuit.</span> <span class='ocrx_word' id='word_1_33' title='bbox 3070 539 3301 601; x_wconf 88' lang='lat' dir='ltr'>Ponam,</span> <span class='ocrx_word' id='word_1_34' title='bbox 3334 537 3510 608; x_wconf 85' lang='lat' dir='ltr'>inquit</span> 
     </span>
    </p>
   </div>
   <div class='ocr_carea' id='block_1_4' title="bbox 249 626 3507 699">
    <p class='ocr_par' dir='ltr' id='par_1_4' title="bbox 249 626 3507 699">
     <span class='ocr_line' id='line_1_4' title="bbox 249 626 3507 699; baseline 0 -19"><span class='ocrx_word' id='word_1_35' title='bbox 249 627 507 680; x_wconf 81' lang='lat' dir='ltr'>locutionis</span> <span class='ocrx_word' id='word_1_36' title='bbox 534 626 809 695; x_wconf 84' lang='lat' dir='ltr'>prohibet,</span> <span class='ocrx_word' id='word_1_37' title='bbox 844 628 936 681; x_wconf 87' lang='lat' dir='ltr'>sed</span> <span class='ocrx_word' id='word_1_38' title='bbox 968 626 1217 683; x_wconf 72' lang='lat' dir='ltr'>affectum</span> <span class='ocrx_word' id='word_1_39' title='bbox 1267 628 1607 683; x_wconf 84' lang='lat' dir='ltr'>intentionis.</span> <span class='ocrx_word' id='word_1_40' title='bbox 1647 627 1814 696; x_wconf 79' lang='lat' dir='ltr'>Quasi</span> <span class='ocrx_word' id='word_1_41' title='bbox 1923 628 2180 699; x_wconf 83' lang='lat' dir='ltr'>princeps</span> <span class='ocrx_word' id='word_1_42' title='bbox 2204 644 2413 695; x_wconf 89' lang='lat' dir='ltr'>eorum,</span> <span class='ocrx_word' id='word_1_43' title='bbox 2440 629 2625 684; x_wconf 83' lang='lat' dir='ltr'>sedem</span> <span class='ocrx_word' id='word_1_44' title='bbox 2642 645 2826 683; x_wconf 17' lang='lat' dir='ltr'>tineam</span> <span class='ocrx_word' id='word_1_45' title='bbox 2843 629 2913 682; x_wconf 86' lang='lat' dir='ltr'>ad</span> <span class='ocrx_word' id='word_1_46' title='bbox 2930 626 3507 697; x_wconf 76' lang='lat' dir='ltr'>Aquilonem,similis</span> 
     </span>
    </p>
   </div>
   <div class='ocr_carea' id='block_1_5' title="bbox 248 714 3509 788">
    <p class='ocr_par' dir='ltr' id='par_1_5' title="bbox 248 714 3509 788">
     <span class='ocr_line' id='line_1_5' title="bbox 248 714 3509 788; baseline -0.001 -18"><span class='ocrx_word' id='word_1_47' title='bbox 248 724 410 785; x_wconf 83' lang='lat' dir='ltr'>aperte</span> <span class='ocrx_word' id='word_1_48' title='bbox 436 714 580 770; x_wconf 80' lang='lat' dir='ltr'>dicat</span> <span class='ocrx_word' id='word_1_49' title='bbox 615 729 628 769; x_wconf 90' lang='lat'><strong>:</strong></span> <span class='ocrx_word' id='word_1_50' title='bbox 664 715 920 769; x_wconf 79' lang='lat' dir='ltr'>sublimia</span> <span class='ocrx_word' id='word_1_51' title='bbox 947 715 1249 788; x_wconf 88' lang='lat' dir='ltr'>loquimini,</span> <span class='ocrx_word' id='word_1_52' title='bbox 1274 718 1369 771; x_wconf 88' lang='lat' dir='ltr'>sed</span> <span class='ocrx_word' id='word_1_53' title='bbox 1392 717 1460 772; x_wconf 90' lang='lat' dir='ltr'>de</span> <span class='ocrx_word' id='word_1_54' title='bbox 1482 733 1547 771; x_wconf 92' lang='lat' dir='ltr'>eo</span> <span class='ocrx_word' id='word_1_55' title='bbox 1570 717 1713 786; x_wconf 91' lang='lat' dir='ltr'>quod</span> <span class='ocrx_word' id='word_1_56' title='bbox 1734 716 1817 771; x_wconf 88' lang='lat' dir='ltr'>al-</span> <span class='ocrx_word' id='word_1_57' title='bbox 1921 734 2014 774; x_wconf 88' lang='lat' dir='ltr'>ero</span> <span class='ocrx_word' id='word_1_58' title='bbox 2041 718 2331 774; x_wconf 78' lang='lat' dir='ltr'>Altissimo</span> <span class='ocrx_word' id='word_1_59' title='bbox 2365 719 2492 787; x_wconf 78' lang='lat' dir='ltr'>(lsa.</span> <span class='ocrx_word' id='word_1_60' title='bbox 2534 734 2647 785; x_wconf 72' lang='lat' dir='ltr'>xxv,</span> <span class='ocrx_word' id='word_1_61' title='bbox 2692 721 2775 782; x_wconf 87' lang='grc'>13,</span> <span class='ocrx_word' id='word_1_62' title='bbox 2812 718 2918 785; x_wconf 73' lang='grc'>14).</span> <span class='ocrx_word' id='word_1_63' title='bbox 2962 716 3075 771; x_wconf 85' lang='lat' dir='ltr'>Sed</span> <span class='ocrx_word' id='word_1_64' title='bbox 3105 720 3389 786; x_wconf 88' lang='lat' dir='ltr'>superatus</span> <span class='ocrx_word' id='word_1_65' title='bbox 3428 721 3509 770; x_wconf 85' lang='lat' dir='ltr'>est</span> 
     </span>
    </p>
   </div>
   <div class='ocr_carea' id='block_1_6' title="bbox 246 804 3502 878">
    <p class='ocr_par' dir='ltr' id='par_1_6' title="bbox 246 804 3502 878">
     <span class='ocr_line' id='line_1_6' title="bbox 246 804 3502 878; baseline 0 -20"><span class='ocrx_word' id='word_1_66' title='bbox 246 813 343 858; x_wconf 87' lang='lat' dir='ltr'>tum</span> <span class='ocrx_word' id='word_1_67' title='bbox 387 804 578 858; x_wconf 86' lang='lat' dir='ltr'>dicitur</span> <span class='ocrx_word' id='word_1_68' title='bbox 615 804 844 875; x_wconf 85' lang='lat' dir='ltr'>gloriari</span> <span class='ocrx_word' id='word_1_69' title='bbox 887 805 1135 877; x_wconf 85' lang='lat' dir='ltr'>refugite.</span> <span class='ocrx_word' id='word_1_70' title='bbox 1177 806 1329 862; x_wconf 90' lang='lat' dir='ltr'>Unde</span> <span class='ocrx_word' id='word_1_71' title='bbox 1378 814 1430 861; x_wconf 90' lang='lat' dir='ltr'>et</span> <span class='ocrx_word' id='word_1_72' title='bbox 1472 805 1679 861; x_wconf 80' lang='lat' dir='ltr'>Paulus</span> <span class='ocrx_word' id='word_1_73' title='bbox 1727 806 1816 875; x_wconf 90' lang='lat' dir='ltr'>pie</span> <span class='ocrx_word' id='word_1_74' title='bbox 1922 822 2052 861; x_wconf 89' lang='lat' dir='ltr'>arcu</span> <span class='ocrx_word' id='word_1_75' title='bbox 2079 806 2321 872; x_wconf 79' lang='lat' dir='ltr'>fortium,</span> <span class='ocrx_word' id='word_1_76' title='bbox 2355 807 2481 878; x_wconf 89' lang='lat' dir='ltr'>quia</span> <span class='ocrx_word' id='word_1_77' title='bbox 2513 807 2655 861; x_wconf 89' lang='lat' dir='ltr'>Deus</span> <span class='ocrx_word' id='word_1_78' title='bbox 2684 810 3054 876; x_wconf 84' lang='lat' dir='ltr'>apostatarum</span> <span class='ocrx_word' id='word_1_79' title='bbox 3085 804 3368 875; x_wconf 88' lang='lat' dir='ltr'>spirituum</span> <span class='ocrx_word' id='word_1_80' title='bbox 3400 821 3502 859; x_wconf 91' lang='lat' dir='ltr'>su-</span> 
     </span>
    </p>
   </div>
   <div class='ocr_carea' id='block_1_7' title="bbox 246 892 3515 967">
    <p class='ocr_par' dir='ltr' id='par_1_7' title="bbox 246 892 3515 967">
     <span class='ocr_line' id='line_1_7' title="bbox 246 892 3515 967; baseline 0 -20"><span class='ocrx_word' id='word_1_81' title='bbox 246 892 549 963; x_wconf 83' lang='lat' dir='ltr'>discipulum</span> <span class='ocrx_word' id='word_1_82' title='bbox 576 892 849 958; x_wconf 87' lang='lat' dir='ltr'>admonet,</span> <span class='ocrx_word' id='word_1_83' title='bbox 885 894 1071 949; x_wconf 89' lang='lat' dir='ltr'>dicens</span> <span class='ocrx_word' id='word_1_84' title='bbox 1104 895 1469 952; x_wconf 83' lang='lat' dir='ltr'>:Nolialtum</span> <span class='ocrx_word' id='word_1_85' title='bbox 1487 912 1701 967; x_wconf 85' lang='lat' dir='ltr'>sapere,</span> <span class='ocrx_word' id='word_1_86' title='bbox 1720 895 1816 951; x_wconf 87' lang='lat' dir='ltr'>sed</span> <span class='ocrx_word' id='word_1_87' title='bbox 1923 895 2128 965; x_wconf 83' lang='lat' dir='ltr'>perbiae</span> <span class='ocrx_word' id='word_1_88' title='bbox 2175 895 2392 963; x_wconf 87' lang='lat' dir='ltr'>restitit,</span> <span class='ocrx_word' id='word_1_89' title='bbox 2432 896 2501 950; x_wconf 90' lang='lat' dir='ltr'>de</span> <span class='ocrx_word' id='word_1_90' title='bbox 2547 896 2687 951; x_wconf 77' lang='lat' dir='ltr'>ccelo</span> <span class='ocrx_word' id='word_1_91' title='bbox 2735 894 3104 966; x_wconf 64' lang='lat' dir='ltr'>praecipitavit,</span> <span class='ocrx_word' id='word_1_92' title='bbox 3152 893 3515 950; x_wconf 80' lang='lat' dir='ltr'>conditionali</span> 
     </span>
    </p>
   </div>
   <div class='ocr_carea' id='block_1_8' title="bbox 246 981 3513 1055">
    <p class='ocr_par' dir='ltr' id='par_1_8' title="bbox 246 981 3513 1055">
     <span class='ocr_line' id='line_1_8' title="bbox 246 981 3513 1055; baseline 0 -19"><span class='ocrx_word' id='word_1_93' title='bbox 246 981 557 1049; x_wconf 75' lang='lat' dir='ltr'>time(liom.</span> <span class='ocrx_word' id='word_1_94' title='bbox 584 997 662 1045; x_wconf 78' lang='lat' dir='ltr'>x1,</span> <span class='ocrx_word' id='word_1_95' title='bbox 686 982 798 1050; x_wconf 74' lang='lat'>20).</span> <span class='ocrx_word' id='word_1_96' title='bbox 830 984 952 1037; x_wconf 91' lang='lat' dir='ltr'>Non</span> <span class='ocrx_word' id='word_1_97' title='bbox 983 984 1115 1039; x_wconf 87' lang='lat' dir='ltr'>dixit</span> <span class='ocrx_word' id='word_1_98' title='bbox 1146 985 1265 1040; x_wconf 88' lang='lat' dir='ltr'>Non</span> <span class='ocrx_word' id='word_1_99' title='bbox 1300 986 1484 1040; x_wconf 86' lang='lat' dir='ltr'>altum</span> <span class='ocrx_word' id='word_1_100' title='bbox 1517 986 1685 1054; x_wconf 88' lang='lat' dir='ltr'>loqui,</span> <span class='ocrx_word' id='word_1_101' title='bbox 1720 984 1816 1039; x_wconf 89' lang='lat' dir='ltr'>sed</span> <span class='ocrx_word' id='word_1_102' title='bbox 1922 984 2097 1055; x_wconf 85' lang='lat' dir='ltr'>gloria</span> <span class='ocrx_word' id='word_1_103' title='bbox 2125 984 2339 1039; x_wconf 89' lang='lat' dir='ltr'>virtutis</span> <span class='ocrx_word' id='word_1_104' title='bbox 2368 984 2532 1053; x_wconf 83' lang='lat' dir='ltr'>exuit,</span> <span class='ocrx_word' id='word_1_105' title='bbox 2563 992 2619 1038; x_wconf 91' lang='lat' dir='ltr'>ut</span> <span class='ocrx_word' id='word_1_106' title='bbox 2650 984 2703 1038; x_wconf 91' lang='lat' dir='ltr'>in</span> <span class='ocrx_word' id='word_1_107' title='bbox 2734 983 2898 1054; x_wconf 80' lang='lat' dir='ltr'>lapsis</span> <span class='ocrx_word' id='word_1_108' title='bbox 2943 982 3153 1054; x_wconf 83' lang='lat' dir='ltr'>angelis</span> <span class='ocrx_word' id='word_1_109' title='bbox 3180 985 3345 1037; x_wconf 85' lang='lat' dir='ltr'>homo</span> <span class='ocrx_word' id='word_1_110' title='bbox 3396 982 3513 1037; x_wconf 90' lang='lat' dir='ltr'>dis—</span> 
     </span>
    </p>
   </div>
   <div class='ocr_carea' id='block_1_9' title="bbox 242 1071 3518 1146">
    <p class='ocr_par' dir='ltr' id='par_1_9' title="bbox 242 1071 3518 1146">
     <span class='ocr_line' id='line_1_9' title="bbox 242 1071 3518 1146; baseline 0 -20"><span class='ocrx_word' id='word_1_111' title='bbox 242 1071 550 1126; x_wconf 84' lang='lat' dir='ltr'>Nolialtum</span> <span class='ocrx_word' id='word_1_112' title='bbox 568 1087 769 1143; x_wconf 77' lang='lat' dir='ltr'>sapere</span> <span class='ocrx_word' id='word_1_113' title='bbox 795 1089 808 1134; x_wconf 91' lang='lat'><strong>;</strong></span> <span class='ocrx_word' id='word_1_114' title='bbox 840 1072 978 1127; x_wconf 87' lang='lat' dir='ltr'>sicut</span> <span class='ocrx_word' id='word_1_115' title='bbox 1007 1080 1057 1127; x_wconf 90' lang='lat' dir='ltr'>et</span> <span class='ocrx_word' id='word_1_116' title='bbox 1087 1072 1173 1128; x_wconf 92' lang='lat' dir='ltr'>hic</span> <span class='ocrx_word' id='word_1_117' title='bbox 1194 1088 1300 1127; x_wconf 89' lang='lat' dir='ltr'>non</span> <span class='ocrx_word' id='word_1_118' title='bbox 1320 1073 1515 1129; x_wconf 88' lang='lat' dir='ltr'>dicitur</span> <span class='ocrx_word' id='word_1_119' title='bbox 1532 1074 1715 1130; x_wconf 78' lang='lat' dir='ltr'>Nolite</span> <span class='ocrx_word' id='word_1_120' title='bbox 1740 1074 1817 1129; x_wconf 87' lang='grc' dir='ltr'>ιο·</span> <span class='ocrx_word' id='word_1_121' title='bbox 1924 1081 2074 1128; x_wconf 85' lang='lat' dir='ltr'>ceret</span> <span class='ocrx_word' id='word_1_122' title='bbox 2102 1073 2233 1146; x_wconf 91' lang='lat' dir='ltr'>quid</span> <span class='ocrx_word' id='word_1_123' title='bbox 2262 1075 2494 1128; x_wconf 88' lang='lat' dir='ltr'>timeret.</span> <span class='ocrx_word' id='word_1_124' title='bbox 2524 1074 2665 1128; x_wconf 87' lang='lat' dir='ltr'>Nam</span> <span class='ocrx_word' id='word_1_125' title='bbox 2691 1072 2821 1144; x_wconf 89' lang='lat' dir='ltr'>quid</span> <span class='ocrx_word' id='word_1_126' title='bbox 2849 1072 2916 1127; x_wconf 89' lang='lat' dir='ltr'>de</span> <span class='ocrx_word' id='word_1_127' title='bbox 2955 1087 3099 1128; x_wconf 66' lang='lat' dir='ltr'>mero</span> <span class='ocrx_word' id='word_1_128' title='bbox 3148 1087 3275 1128; x_wconf 87' lang='lat' dir='ltr'>vase</span> <span class='ocrx_word' id='word_1_129' title='bbox 3322 1072 3431 1137; x_wconf 90' lang='lat' dir='ltr'>ﬁet,</span> <span class='ocrx_word' id='word_1_130' title='bbox 3467 1072 3518 1127; x_wconf 91' lang='lat' dir='ltr'>si</span> 
     </span>
    </p>
   </div>
   <div class='ocr_carea' id='block_1_10' title="bbox 242 1159 3517 1234">
    <p class='ocr_par' dir='ltr' id='par_1_10' title="bbox 242 1159 3517 1234">
     <span class='ocr_line' id='line_1_10' title="bbox 242 1159 3517 1234; baseline 0.001 -21"><span class='ocrx_word' id='word_1_131' title='bbox 242 1162 323 1229; x_wconf 84' lang='lat' dir='ltr'>qui</span> <span class='ocrx_word' id='word_1_132' title='bbox 337 1160 618 1224; x_wconf 79' lang='lat' dir='ltr'>sublimia,</span> <span class='ocrx_word' id='word_1_133' title='bbox 645 1159 741 1214; x_wconf 89' lang='lat' dir='ltr'>sed</span> <span class='ocrx_word' id='word_1_134' title='bbox 766 1161 951 1216; x_wconf 85' lang='lat' dir='ltr'>Nolite</span> <span class='ocrx_word' id='word_1_135' title='bbox 973 1162 1284 1231; x_wconf 82' lang='lat' dir='ltr'>gloriantes</span> <span class='ocrx_word' id='word_1_136' title='bbox 1306 1163 1473 1234; x_wconf 85' lang='lat' dir='ltr'>loqui,</span> <span class='ocrx_word' id='word_1_137' title='bbox 1509 1163 1634 1233; x_wconf 84' lang='lat' dir='ltr'>quia</span> <span class='ocrx_word' id='word_1_138' title='bbox 1657 1176 1817 1218; x_wconf 88' lang='lat' dir='ltr'>sacra</span> <span class='ocrx_word' id='word_1_139' title='bbox 1926 1163 2071 1217; x_wconf 86' lang='lat' dir='ltr'>Deus</span> <span class='ocrx_word' id='word_1_140' title='bbox 2101 1179 2200 1218; x_wconf 91' lang='lat' dir='ltr'>nec</span> <span class='ocrx_word' id='word_1_141' title='bbox 2245 1162 2427 1217; x_wconf 85' lang='lat' dir='ltr'>aureis</span> <span class='ocrx_word' id='word_1_142' title='bbox 2474 1162 2750 1234; x_wconf 78' lang='lat' dir='ltr'>superbiae</span> <span class='ocrx_word' id='word_1_143' title='bbox 2794 1162 2967 1217; x_wconf 83' lang='lat' dir='ltr'>fetore</span> <span class='ocrx_word' id='word_1_144' title='bbox 3009 1161 3187 1232; x_wconf 86' lang='lat' dir='ltr'>plenis</span> <span class='ocrx_word' id='word_1_145' title='bbox 3234 1161 3517 1233; x_wconf 83' lang='lat' dir='ltr'>ignoscit?</span> 
     </span>
    </p>
   </div>
   <div class='ocr_carea' id='block_1_11' title="bbox 241 1246 3503 1323">
    <p class='ocr_par' dir='ltr' id='par_1_11' title="bbox 241 1246 3503 1323">
     <span class='ocr_line' id='line_1_11' title="bbox 241 1246 3503 1323; baseline 0.001 -22"><span class='ocrx_word' id='word_1_146' title='bbox 241 1246 431 1317; x_wconf 85' lang='lat' dir='ltr'>eloquia</span> <span class='ocrx_word' id='word_1_147' title='bbox 464 1247 641 1301; x_wconf 82' lang='lat' dir='ltr'>altius</span> <span class='ocrx_word' id='word_1_148' title='bbox 672 1248 1008 1317; x_wconf 79' lang='lat' dir='ltr'>exquirenda</span> <span class='ocrx_word' id='word_1_149' title='bbox 1056 1257 1200 1315; x_wconf 89' lang='lat' dir='ltr'>sunt,</span> <span class='ocrx_word' id='word_1_150' title='bbox 1234 1248 1332 1304; x_wconf 87' lang='lat' dir='ltr'>sed</span> <span class='ocrx_word' id='word_1_151' title='bbox 1378 1265 1485 1319; x_wconf 89' lang='lat' dir='ltr'>quo</span> <span class='ocrx_word' id='word_1_152' title='bbox 1534 1250 1672 1304; x_wconf 90' lang='lat' dir='ltr'>alius</span> <span class='ocrx_word' id='word_1_153' title='bbox 1718 1266 1817 1305; x_wconf 86' lang='lat' dir='ltr'>ex-</span> <span class='ocrx_word' id='word_1_154' title='bbox 1922 1252 2077 1307; x_wconf 85' lang='lat' dir='ltr'>Unde</span> <span class='ocrx_word' id='word_1_155' title='bbox 2104 1256 2158 1306; x_wconf 90' lang='lat' dir='ltr'>et</span> <span class='ocrx_word' id='word_1_156' title='bbox 2208 1253 2394 1307; x_wconf 88' lang='lat' dir='ltr'>Petrus</span> <span class='ocrx_word' id='word_1_157' title='bbox 2440 1252 2496 1306; x_wconf 91' lang='lat' dir='ltr'>in</span> <span class='ocrx_word' id='word_1_158' title='bbox 2539 1251 2779 1323; x_wconf 89' lang='lat' dir='ltr'>Epistola</span> <span class='ocrx_word' id='word_1_159' title='bbox 2831 1266 2935 1306; x_wconf 88' lang='lat' dir='ltr'>sua.</span> <span class='ocrx_word' id='word_1_160' title='bbox 2980 1250 3236 1322; x_wconf 86' lang='lat' dir='ltr'>loquitur,</span> <span class='ocrx_word' id='word_1_161' title='bbox 3270 1250 3503 1306; x_wconf 90' lang='lat' dir='ltr'>dicens:</span> 
     </span>
    </p>
   </div>
   <div class='ocr_carea' id='block_1_12' title="bbox 239 1335 3512 1413">
    <p class='ocr_par' dir='ltr' id='par_1_12' title="bbox 239 1335 3512 1413">
     <span class='ocr_line' id='line_1_12' title="bbox 239 1335 3512 1413; baseline 0.001 -24"><span class='ocrx_word' id='word_1_162' title='bbox 239 1335 438 1405; x_wconf 87' lang='lat' dir='ltr'>quirens</span> <span class='ocrx_word' id='word_1_163' title='bbox 466 1335 708 1406; x_wconf 87' lang='lat' dir='ltr'>proﬁcit,</span> <span class='ocrx_word' id='word_1_164' title='bbox 729 1338 1085 1408; x_wconf 88' lang='lat' dir='ltr'>semetipsum</span> <span class='ocrx_word' id='word_1_165' title='bbox 1116 1338 1371 1393; x_wconf 82' lang='lat' dir='ltr'>cohibere</span> <span class='ocrx_word' id='word_1_166' title='bbox 1406 1354 1437 1393; x_wconf 89' lang='lat' dir='ltr'>a</span> <span class='ocrx_word' id='word_1_167' title='bbox 1454 1354 1606 1394; x_wconf 65' lang='lat' dir='ltr'>vanae</span> <span class='ocrx_word' id='word_1_168' title='bbox 1626 1339 1819 1411; x_wconf 82' lang='lat' dir='ltr'>gloriae</span> <span class='ocrx_word' id='word_1_169' title='bbox 1927 1343 2069 1396; x_wconf 90' lang='lat' dir='ltr'>Deus</span> <span class='ocrx_word' id='word_1_170' title='bbox 2086 1341 2451 1412; x_wconf 77' lang='lat' dir='ltr'>peccantibus</span> <span class='ocrx_word' id='word_1_171' title='bbox 2466 1340 2687 1411; x_wconf 79' lang='lat' dir='ltr'>angelis</span> <span class='ocrx_word' id='word_1_172' title='bbox 2705 1356 2821 1396; x_wconf 84' lang='lat' dir='ltr'>non</span> <span class='ocrx_word' id='word_1_173' title='bbox 2835 1341 3109 1413; x_wconf 78' lang='lat' dir='ltr'>pepercit,</span> <span class='ocrx_word' id='word_1_174' title='bbox 3132 1340 3227 1395; x_wconf 71' lang='lat' dir='ltr'>sed</span> <span class='ocrx_word' id='word_1_175' title='bbox 3245 1339 3512 1395; x_wconf 83' lang='lat' dir='ltr'>rudenti-</span> 
     </span>
    </p>
   </div>
   <div class='ocr_carea' id='block_1_13' title="bbox 240 1423 3519 1499">
    <p class='ocr_par' dir='ltr' id='par_1_13' title="bbox 240 1423 3519 1499">
     <span class='ocr_line' id='line_1_13' title="bbox 240 1423 3519 1499; baseline 0.002 -23"><span class='ocrx_word' id='word_1_176' title='bbox 240 1423 364 1478; x_wconf 82' lang='lat' dir='ltr'>fastu</span> <span class='ocrx_word' id='word_1_177' title='bbox 393 1424 556 1479; x_wconf 86' lang='lat' dir='ltr'>debet</span> <span class='ocrx_word' id='word_1_178' title='bbox 588 1441 687 1495; x_wconf 90' lang='lat' dir='ltr'>per</span> <span class='ocrx_word' id='word_1_179' title='bbox 716 1426 1021 1481; x_wconf 86' lang='lat' dir='ltr'>custodiam</span> <span class='ocrx_word' id='word_1_180' title='bbox 1055 1427 1397 1482; x_wconf 87' lang='lat' dir='ltr'>humilitatis.</span> <span class='ocrx_word' id='word_1_181' title='bbox 1428 1427 1637 1483; x_wconf 88' lang='lat' dir='ltr'>Dicitur</span> <span class='ocrx_word' id='word_1_182' title='bbox 1657 1428 1816 1483; x_wconf 90' lang='lat' dir='ltr'>etiam</span> <span class='ocrx_word' id='word_1_183' title='bbox 1924 1429 2024 1484; x_wconf 81' lang='lat' dir='ltr'>bus</span> <span class='ocrx_word' id='word_1_184' title='bbox 2043 1429 2554 1499; x_wconf 82' lang='lat' dir='ltr'>infernidetractos</span> <span class='ocrx_word' id='word_1_185' title='bbox 2582 1431 2642 1484; x_wconf 88' lang='lat' dir='ltr'>in</span> <span class='ocrx_word' id='word_1_186' title='bbox 2682 1433 2968 1484; x_wconf 84' lang='lat' dir='ltr'>tartarum</span> <span class='ocrx_word' id='word_1_187' title='bbox 2998 1428 3239 1483; x_wconf 76' lang='lat' dir='ltr'>tradidit</span> <span class='ocrx_word' id='word_1_188' title='bbox 3266 1428 3330 1483; x_wconf 85' lang='lat' dir='ltr'>in</span> <span class='ocrx_word' id='word_1_189' title='bbox 3355 1427 3519 1499; x_wconf 86' lang='lat' dir='ltr'>judi-</span> 
     </span>
    </p>
   </div>
   <div class='ocr_carea' id='block_1_14' title="bbox 236 1513 3521 1589">
    <p class='ocr_par' dir='ltr' id='par_1_14' title="bbox 236 1513 3521 1589">
     <span class='ocr_line' id='line_1_14' title="bbox 236 1513 3521 1589; baseline 0.001 -21"><span class='ocrx_word' id='word_1_190' title='bbox 236 1515 387 1568; x_wconf 82' lang='lat' dir='ltr'>otiose</span> <span class='ocrx_word' id='word_1_191' title='bbox 416 1513 773 1585; x_wconf 86' lang='lat' dir='ltr'>loquentibus</span> <span class='ocrx_word' id='word_1_192' title='bbox 806 1532 818 1569; x_wconf 89' lang='lat'>:</span> <span class='ocrx_word' id='word_1_193' title='bbox 852 1516 1089 1571; x_wconf 76' lang='lat' dir='ltr'>Recedet</span> <span class='ocrx_word' id='word_1_194' title='bbox 1118 1522 1308 1572; x_wconf 85' lang='lat' dir='ltr'>vetera</span> <span class='ocrx_word' id='word_1_195' title='bbox 1348 1518 1415 1573; x_wconf 85' lang='lat' dir='ltr'>de</span> <span class='ocrx_word' id='word_1_196' title='bbox 1463 1534 1555 1574; x_wconf 87' lang='lat' dir='ltr'>ore</span> <span class='ocrx_word' id='word_1_197' title='bbox 1603 1522 1809 1573; x_wconf 87' lang='lat' dir='ltr'>vestro.</span> <span class='ocrx_word' id='word_1_198' title='bbox 1925 1520 2079 1574; x_wconf 87' lang='lat' dir='ltr'>cium</span> <span class='ocrx_word' id='word_1_199' title='bbox 2101 1519 2380 1574; x_wconf 84' lang='lat' dir='ltr'>reservavi</span> <span class='ocrx_word' id='word_1_200' title='bbox 2406 1519 2479 1587; x_wconf 86' lang='lat' dir='ltr'>(II</span> <span class='ocrx_word' id='word_1_201' title='bbox 2497 1521 2647 1574; x_wconf 88' lang='lat' dir='ltr'>Petr.</span> <span class='ocrx_word' id='word_1_202' title='bbox 2669 1535 2727 1582; x_wconf 72' lang='grc' dir='ltr'>ιι,</span> <span class='ocrx_word' id='word_1_203' title='bbox 2750 1518 2825 1588; x_wconf 70' lang='lat' dir='ltr'>li).</span> <span class='ocrx_word' id='word_1_204' title='bbox 2847 1516 3016 1586; x_wconf 88' lang='lat' dir='ltr'>Quasi</span> <span class='ocrx_word' id='word_1_205' title='bbox 3052 1532 3187 1589; x_wconf 88' lang='lat' dir='ltr'>ergo</span> <span class='ocrx_word' id='word_1_206' title='bbox 3219 1517 3424 1572; x_wconf 87' lang='lat' dir='ltr'>electus</span> <span class='ocrx_word' id='word_1_207' title='bbox 3465 1523 3521 1571; x_wconf 90' lang='lat' dir='ltr'>et</span> 
     </span>
    </p>
   </div>
   <div class='ocr_carea' id='block_1_15' title="bbox 239 1602 3523 1677">
    <p class='ocr_par' dir='ltr' id='par_1_15' title="bbox 239 1602 3523 1677">
     <span class='ocr_line' id='line_1_15' title="bbox 239 1602 3523 1677; baseline 0.001 -21"><span class='ocrx_word' id='word_1_208' title='bbox 239 1602 416 1656; x_wconf 74' lang='lat' dir='ltr'>Vetera</span> <span class='ocrx_word' id='word_1_209' title='bbox 443 1604 654 1674; x_wconf 87' lang='lat' dir='ltr'>quippe</span> <span class='ocrx_word' id='word_1_210' title='bbox 686 1609 811 1657; x_wconf 87' lang='lat' dir='ltr'>sunt</span> <span class='ocrx_word' id='word_1_211' title='bbox 838 1604 1009 1660; x_wconf 81' lang='lat' dir='ltr'>verba</span> <span class='ocrx_word' id='word_1_212' title='bbox 1059 1608 1267 1675; x_wconf 70' lang='lat' dir='ltr'>saeculi,</span> <span class='ocrx_word' id='word_1_213' title='bbox 1301 1607 1424 1675; x_wconf 89' lang='lat' dir='ltr'>quia</span> <span class='ocrx_word' id='word_1_214' title='bbox 1470 1606 1599 1659; x_wconf 92' lang='lat' dir='ltr'>dum</span> <span class='ocrx_word' id='word_1_215' title='bbox 1644 1605 1701 1659; x_wconf 89' lang='lat' dir='ltr'>in</span> <span class='ocrx_word' id='word_1_216' title='bbox 1743 1605 1821 1660; x_wconf 89' lang='lat' dir='ltr'>eis</span> <span class='ocrx_word' id='word_1_217' title='bbox 1926 1606 2143 1660; x_wconf 83' lang='lat' dir='ltr'>humilis</span> <span class='ocrx_word' id='word_1_218' title='bbox 2172 1606 2488 1676; x_wconf 66' lang='lat' dir='ltr'>praedicator</span> <span class='ocrx_word' id='word_1_219' title='bbox 2517 1606 2953 1677; x_wconf 89' lang='lat' dir='ltr'>superbientibus</span> <span class='ocrx_word' id='word_1_220' title='bbox 2983 1605 3128 1662; x_wconf 81' lang='lat' dir='ltr'>dicat</span> <span class='ocrx_word' id='word_1_221' title='bbox 3155 1623 3168 1660; x_wconf 76' lang='grc' dir='ltr'>ε</span> <span class='ocrx_word' id='word_1_222' title='bbox 3200 1607 3270 1661; x_wconf 87' lang='lat' dir='ltr'>Ut</span> <span class='ocrx_word' id='word_1_223' title='bbox 3298 1604 3523 1661; x_wconf 89' lang='lat' dir='ltr'>cessetis</span> 
     </span>
    </p>
   </div>
   <div class='ocr_carea' id='block_1_16' title="bbox 232 1691 3524 1767">
    <p class='ocr_par' dir='ltr' id='par_1_16' title="bbox 232 1691 3524 1767">
     <span class='ocr_line' id='line_1_16' title="bbox 232 1691 3524 1767; baseline 0.002 -23"><span class='ocrx_word' id='word_1_224' title='bbox 232 1691 480 1763; x_wconf 85' lang='lat' dir='ltr'>loquentis</span> <span class='ocrx_word' id='word_1_225' title='bbox 511 1695 736 1747; x_wconf 88' lang='lat' dir='ltr'>animus</span> <span class='ocrx_word' id='word_1_226' title='bbox 778 1709 877 1762; x_wconf 89' lang='lat' dir='ltr'>per</span> <span class='ocrx_word' id='word_1_227' title='bbox 929 1694 1280 1749; x_wconf 89' lang='lat' dir='ltr'>intentionem</span> <span class='ocrx_word' id='word_1_228' title='bbox 1329 1694 1531 1767; x_wconf 85' lang='lat' dir='ltr'>ﬁgitur,</span> <span class='ocrx_word' id='word_1_229' title='bbox 1566 1695 1818 1749; x_wconf 87' lang='lat' dir='ltr'>devotio-</span> <span class='ocrx_word' id='word_1_230' title='bbox 1925 1696 1995 1750; x_wconf 90' lang='lat' dir='ltr'>ab</span> <span class='ocrx_word' id='word_1_231' title='bbox 2027 1695 2281 1762; x_wconf 87' lang='lat' dir='ltr'>elatione,</span> <span class='ocrx_word' id='word_1_232' title='bbox 2316 1695 2370 1749; x_wconf 91' lang='lat' dir='ltr'>in</span> <span class='ocrx_word' id='word_1_233' title='bbox 2399 1695 2776 1751; x_wconf 89' lang='lat' dir='ltr'>eonformibus</span> <span class='ocrx_word' id='word_1_234' title='bbox 2806 1695 2961 1751; x_wconf 85' lang='lat' dir='ltr'>vobis</span> <span class='ocrx_word' id='word_1_235' title='bbox 3000 1694 3228 1766; x_wconf 83' lang='lat' dir='ltr'>angelis,</span> <span class='ocrx_word' id='word_1_236' title='bbox 3257 1693 3524 1752; x_wconf 86' lang='lat' dir='ltr'>videlicet</span> 
     </span>
    </p>
   </div>
   <div class='ocr_carea' id='block_1_17' title="bbox 233 1780 3240 1869">
    <p class='ocr_par' dir='ltr' id='par_1_17' title="bbox 233 1780 3240 1869">
     <span class='ocr_line' id='line_1_17' title="bbox 233 1780 3240 1869; baseline 0.002 -36"><span class='ocrx_word' id='word_1_237' title='bbox 233 1780 305 1833; x_wconf 87' lang='lat' dir='ltr'>nis</span> <span class='ocrx_word' id='word_1_238' title='bbox 330 1798 432 1836; x_wconf 74' lang='lat' dir='ltr'>sua:</span> <span class='ocrx_word' id='word_1_239' title='bbox 470 1782 680 1836; x_wconf 87' lang='lat' dir='ltr'>decore</span> <span class='ocrx_word' id='word_1_240' title='bbox 724 1783 1011 1853; x_wconf 89' lang='lat' dir='ltr'>spoliatur.</span> <span class='ocrx_word' id='word_1_241' title='bbox 1045 1782 1227 1852; x_wconf 83' lang='lat' dir='ltr'>Quare</span> <span class='ocrx_word' id='word_1_242' title='bbox 1275 1783 1349 1838; x_wconf 90' lang='lat' dir='ltr'>illi</span> <span class='ocrx_word' id='word_1_243' title='bbox 1396 1784 1645 1837; x_wconf 88' lang='lat' dir='ltr'>sublimia</span> <span class='ocrx_word' id='word_1_244' title='bbox 1688 1784 1816 1855; x_wconf 88' lang='lat' dir='ltr'>glo—</span> <span class='ocrx_word' id='word_1_245' title='bbox 1848 1806 1901 1869; x_wconf 80' lang='grc' dir='ltr'>Β</span> <span class='ocrx_word' id='word_1_246' title='bbox 1933 1784 2119 1855; x_wconf 86' lang='lat' dir='ltr'>lapsis,</span> <span class='ocrx_word' id='word_1_247' title='bbox 2145 1784 2510 1840; x_wconf 88' lang='lat' dir='ltr'>damnationis</span> <span class='ocrx_word' id='word_1_248' title='bbox 2540 1784 2737 1840; x_wconf 75' lang='lat' dir='ltr'>debitae</span> <span class='ocrx_word' id='word_1_249' title='bbox 2765 1799 2959 1855; x_wconf 77' lang='lat' dir='ltr'>poenas</span> <span class='ocrx_word' id='word_1_250' title='bbox 2991 1783 3240 1854; x_wconf 88' lang='lat' dir='ltr'>aspicite.</span> 
     </span>
    </p>
   </div>
   <div class='ocr_carea' id='block_1_18' title="bbox 235 1870 3521 1944">
    <p class='ocr_par' dir='ltr' id='par_1_18' title="bbox 235 1870 3521 1944">
     <span class='ocr_line' id='line_1_18' title="bbox 235 1870 3521 1944; baseline 0.001 -21"><span class='ocrx_word' id='word_1_251' title='bbox 235 1870 415 1923; x_wconf 81' lang='lat' dir='ltr'>rianles</span> <span class='ocrx_word' id='word_1_252' title='bbox 441 1871 599 1939; x_wconf 90' lang='lat' dir='ltr'>loqui</span> <span class='ocrx_word' id='word_1_253' title='bbox 631 1887 740 1926; x_wconf 91' lang='lat' dir='ltr'>non</span> <span class='ocrx_word' id='word_1_254' title='bbox 771 1872 987 1938; x_wconf 87' lang='lat' dir='ltr'>debent,</span> <span class='ocrx_word' id='word_1_255' title='bbox 1023 1880 1075 1926; x_wconf 90' lang='lat' dir='ltr'>et</span> <span class='ocrx_word' id='word_1_256' title='bbox 1104 1889 1202 1927; x_wconf 91' lang='lat' dir='ltr'>cur</span> <span class='ocrx_word' id='word_1_257' title='bbox 1231 1872 1298 1926; x_wconf 89' lang='lat' dir='ltr'>ab</span> <span class='ocrx_word' id='word_1_258' title='bbox 1339 1888 1528 1928; x_wconf 90' lang='lat' dir='ltr'>eorum</span> <span class='ocrx_word' id='word_1_259' title='bbox 1581 1888 1673 1927; x_wconf 88' lang='lat' dir='ltr'>ore</span> <span class='ocrx_word' id='word_1_260' title='bbox 1722 1889 1819 1927; x_wconf 91' lang='lat' dir='ltr'>ve-</span> <span class='ocrx_word' id='word_1_261' title='bbox 2008 1874 2095 1927; x_wconf 72' lang='lat'>12.</span> <span class='ocrx_word' id='word_1_262' title='bbox 2132 1875 2194 1927; x_wconf 91' lang='lat' dir='ltr'>Et</span> <span class='ocrx_word' id='word_1_263' title='bbox 2234 1890 2370 1943; x_wconf 90' lang='lat' dir='ltr'>quos</span> <span class='ocrx_word' id='word_1_264' title='bbox 2415 1874 2615 1929; x_wconf 90' lang='lat' dir='ltr'>imitari</span> <span class='ocrx_word' id='word_1_265' title='bbox 2662 1874 2895 1929; x_wconf 84' lang='lat' dir='ltr'>debeant</span> <span class='ocrx_word' id='word_1_266' title='bbox 2940 1888 3270 1944; x_wconf 87' lang='lat' dir='ltr'>proponens,</span> <span class='ocrx_word' id='word_1_267' title='bbox 3303 1871 3378 1926; x_wconf 87' lang='lat' dir='ltr'>ait</span> <span class='ocrx_word' id='word_1_268' title='bbox 3411 1889 3423 1926; x_wconf 93' lang='lat'>:</span> <span class='ocrx_word' id='word_1_269' title='bbox 3452 1875 3521 1928; x_wconf 85' lang='lat' dir='ltr'>Et</span> 
     </span>
    </p>
   </div>
   <div class='ocr_carea' id='block_1_19' title="bbox 234 1960 3523 2034">
    <p class='ocr_par' dir='ltr' id='par_1_19' title="bbox 234 1960 3523 2034">
     <span class='ocr_line' id='line_1_19' title="bbox 234 1960 3523 2034; baseline 0.001 -22"><span class='ocrx_word' id='word_1_270' title='bbox 234 1967 327 2013; x_wconf 81' lang='lat' dir='ltr'>tera</span> <span class='ocrx_word' id='word_1_271' title='bbox 355 1960 597 2014; x_wconf 86' lang='lat' dir='ltr'>debeant</span> <span class='ocrx_word' id='word_1_272' title='bbox 637 1960 914 2029; x_wconf 85' lang='lat' dir='ltr'>recedere,</span> <span class='ocrx_word' id='word_1_273' title='bbox 951 1963 1063 2017; x_wconf 64' lang='lat' dir='ltr'>haec</span> <span class='ocrx_word' id='word_1_274' title='bbox 1110 1978 1273 2017; x_wconf 89' lang='lat' dir='ltr'>causa</span> <span class='ocrx_word' id='word_1_275' title='bbox 1319 1961 1671 2027; x_wconf 86' lang='lat' dir='ltr'>demonstrat,</span> <span class='ocrx_word' id='word_1_276' title='bbox 1705 1978 1825 2034; x_wconf 78' lang='lat' dir='ltr'>qua:</span> <span class='ocrx_word' id='word_1_277' title='bbox 1936 1963 2154 2032; x_wconf 84' lang='lat' dir='ltr'>inﬁrmi</span> <span class='ocrx_word' id='word_1_278' title='bbox 2183 1964 2430 2020; x_wconf 85' lang='lat' dir='ltr'>accincti</span> <span class='ocrx_word' id='word_1_279' title='bbox 2458 1969 2593 2019; x_wconf 82' lang='lat' dir='ltr'>sunt</span> <span class='ocrx_word' id='word_1_280' title='bbox 2624 1965 2839 2020; x_wconf 81' lang='lat' dir='ltr'>robore.</span> <span class='ocrx_word' id='word_1_281' title='bbox 2870 1963 2927 2018; x_wconf 90' lang='lat' dir='ltr'>Si</span> <span class='ocrx_word' id='word_1_282' title='bbox 2956 1962 3026 2017; x_wconf 91' lang='lat' dir='ltr'>ob</span> <span class='ocrx_word' id='word_1_283' title='bbox 3046 1961 3523 2033; x_wconf 70' lang='lat' dir='ltr'>praesumptionem</span> 
     </span>
    </p>
   </div>
   <div class='ocr_carea' id='block_1_20' title="bbox 243 2048 3525 2123">
    <p class='ocr_par' dir='ltr' id='par_1_20' title="bbox 243 2048 3525 2123">
     <span class='ocr_line' id='line_1_20' title="bbox 243 2048 3525 2123; baseline 0.001 -21"><span class='ocrx_word' id='word_1_284' title='bbox 243 2048 577 2120; x_wconf 67' lang='lat' dir='ltr'>subiungitur</span> <span class='ocrx_word' id='word_1_285' title='bbox 608 2068 621 2104; x_wconf 92' lang='lat'><strong>:</strong></span> <span class='ocrx_word' id='word_1_286' title='bbox 1936 2052 2305 2107; x_wconf 75' lang='lat' dir='ltr'>aestimationis</span> <span class='ocrx_word' id='word_1_287' title='bbox 2336 2052 2462 2107; x_wconf 89' lang='lat' dir='ltr'>mali</span> <span class='ocrx_word' id='word_1_288' title='bbox 2490 2052 2671 2123; x_wconf 88' lang='lat' dir='ltr'>angeli</span> <span class='ocrx_word' id='word_1_289' title='bbox 2702 2053 2870 2106; x_wconf 86' lang='lat' dir='ltr'>fortes</span> <span class='ocrx_word' id='word_1_290' title='bbox 2891 2060 3166 2117; x_wconf 83' lang='lat' dir='ltr'>vocantur,</span> <span class='ocrx_word' id='word_1_291' title='bbox 3188 2050 3525 2106; x_wconf 89' lang='lat' dir='ltr'>inﬁrmorum</span> 
     </span>
    </p>
   </div>
   <div class='ocr_carea' id='block_1_21' title="bbox 306 2138 3529 2212">
    <p class='ocr_par' dir='ltr' id='par_1_21' title="bbox 306 2138 3529 2212">
     <span class='ocr_line' id='line_1_21' title="bbox 306 2138 3529 2212; baseline 0.002 -23"><span class='ocrx_word' id='word_1_292' title='bbox 306 2139 473 2203; x_wconf 69' lang='lat' dir='ltr'>(\‘ers.</span> <span class='ocrx_word' id='word_1_293' title='bbox 506 2138 593 2207; x_wconf 86' lang='lat'>3.)</span> <span class='ocrx_word' id='word_1_294' title='bbox 631 2140 771 2207; x_wconf 85' lang='lat' dir='ltr'>Quia</span> <span class='ocrx_word' id='word_1_295' title='bbox 804 2140 944 2196; x_wconf 83' lang='lat' dir='ltr'>Deus</span> <span class='ocrx_word' id='word_1_296' title='bbox 971 2142 1344 2197; x_wconf 84' lang='lat' dir='ltr'>scientiarum</span> <span class='ocrx_word' id='word_1_297' title='bbox 1368 2142 1640 2197; x_wconf 78' lang='lat' dir='ltr'>Dominus</span> <span class='ocrx_word' id='word_1_298' title='bbox 1672 2145 1775 2196; x_wconf 81' lang='lat' dir='ltr'>est.</span> <span class='ocrx_word' id='word_1_299' title='bbox 1936 2141 2225 2212; x_wconf 85' lang='lat' dir='ltr'>appellatio</span> <span class='ocrx_word' id='word_1_300' title='bbox 2255 2148 2399 2196; x_wconf 82' lang='lat' dir='ltr'>recte</span> <span class='ocrx_word' id='word_1_301' title='bbox 2431 2141 2605 2195; x_wconf 87' lang='lat' dir='ltr'>beatis</span> <span class='ocrx_word' id='word_1_302' title='bbox 2632 2140 2911 2211; x_wconf 87' lang='lat' dir='ltr'>spiritibus</span> <span class='ocrx_word' id='word_1_303' title='bbox 2938 2140 3212 2205; x_wconf 87' lang='lat' dir='ltr'>convenit,</span> <span class='ocrx_word' id='word_1_304' title='bbox 3246 2140 3338 2211; x_wconf 87' lang='lat' dir='ltr'>qui</span> <span class='ocrx_word' id='word_1_305' title='bbox 3374 2139 3442 2195; x_wconf 89' lang='lat' dir='ltr'>de</span> <span class='ocrx_word' id='word_1_306' title='bbox 3471 2156 3529 2195; x_wconf 88' lang='lat' dir='ltr'>se</span> 
     </span>
    </p>
   </div>
   <div class='ocr_carea' id='block_1_22' title="bbox 304 2226 3530 2301">
    <p class='ocr_par' dir='ltr' id='par_1_22' title="bbox 304 2226 3530 2301">
     <span class='ocr_line' id='line_1_22' title="bbox 304 2226 3530 2301; baseline 0.001 -21"><span class='ocrx_word' id='word_1_307' title='bbox 304 2226 351 2281; x_wconf 88' lang='lat'>9.</span> <span class='ocrx_word' id='word_1_308' title='bbox 382 2227 587 2281; x_wconf 74' lang='lat' dir='ltr'>Audiat</span> <span class='ocrx_word' id='word_1_309' title='bbox 618 2227 800 2299; x_wconf 86' lang='lat' dir='ltr'>itaque</span> <span class='ocrx_word' id='word_1_310' title='bbox 831 2230 1010 2284; x_wconf 88' lang='lat' dir='ltr'>sciens</span> <span class='ocrx_word' id='word_1_311' title='bbox 1038 2238 1090 2285; x_wconf 90' lang='lat' dir='ltr'>et</span> <span class='ocrx_word' id='word_1_312' title='bbox 1119 2247 1385 2300; x_wconf 82' lang='lat' dir='ltr'>arrogans</span> <span class='ocrx_word' id='word_1_313' title='bbox 1415 2230 1541 2301; x_wconf 84' lang='lat' dir='ltr'>quia</span> <span class='ocrx_word' id='word_1_314' title='bbox 1572 2245 1681 2284; x_wconf 92' lang='lat' dir='ltr'>non</span> <span class='ocrx_word' id='word_1_315' title='bbox 1713 2229 1828 2300; x_wconf 90' lang='lat' dir='ltr'>ipse</span> <span class='ocrx_word' id='word_1_316' title='bbox 1940 2230 2087 2284; x_wconf 87' lang='lat' dir='ltr'>nulla</span> <span class='ocrx_word' id='word_1_317' title='bbox 2118 2238 2536 2300; x_wconf 68' lang='lat' dir='ltr'>praesumentes,</span> <span class='ocrx_word' id='word_1_318' title='bbox 2571 2228 2758 2287; x_wconf 85' lang='lat' dir='ltr'>virtuti</span> <span class='ocrx_word' id='word_1_319' title='bbox 2787 2229 2868 2283; x_wconf 93' lang='lat' dir='ltr'>sui</span> <span class='ocrx_word' id='word_1_320' title='bbox 2899 2227 3105 2298; x_wconf 85' lang='lat' dir='ltr'>opiﬁcis</span> <span class='ocrx_word' id='word_1_321' title='bbox 3134 2236 3399 2299; x_wconf 90' lang='lat' dir='ltr'>perpetua</span> <span class='ocrx_word' id='word_1_322' title='bbox 3429 2229 3530 2283; x_wconf 89' lang='lat' dir='ltr'>hu-</span> 
     </span>
    </p>
   </div>
   <div class='ocr_carea' id='block_1_23' title="bbox 243 2315 3528 2390">
    <p class='ocr_par' dir='ltr' id='par_1_23' title="bbox 243 2315 3528 2390">
     <span class='ocr_line' id='line_1_23' title="bbox 243 2315 3528 2390; baseline 0.001 -21"><span class='ocrx_word' id='word_1_323' title='bbox 243 2315 584 2370; x_wconf 79' lang='lat' dir='ltr'>scientiarum</span> <span class='ocrx_word' id='word_1_324' title='bbox 615 2317 869 2371; x_wconf 87' lang='lat' dir='ltr'>dominus</span> <span class='ocrx_word' id='word_1_325' title='bbox 899 2327 1000 2385; x_wconf 84' lang='lat' dir='ltr'>est,</span> <span class='ocrx_word' id='word_1_326' title='bbox 1035 2319 1130 2373; x_wconf 90' lang='lat' dir='ltr'>sed</span> <span class='ocrx_word' id='word_1_327' title='bbox 1160 2320 1326 2374; x_wconf 86' lang='lat' dir='ltr'>Deus.</span> <span class='ocrx_word' id='word_1_328' title='bbox 1358 2320 1495 2373; x_wconf 79' lang='lat' dir='ltr'>Nam</span> <span class='ocrx_word' id='word_1_329' title='bbox 1529 2326 1673 2373; x_wconf 90' lang='lat' dir='ltr'>recte</span> <span class='ocrx_word' id='word_1_330' title='bbox 1702 2320 1828 2390; x_wconf 89' lang='lat' dir='ltr'>glo-</span> <span class='ocrx_word' id='word_1_331' title='bbox 1938 2318 2161 2374; x_wconf 88' lang='lat' dir='ltr'>militate</span> <span class='ocrx_word' id='word_1_332' title='bbox 2192 2318 2422 2387; x_wconf 85' lang='lat' dir='ltr'>subjecti</span> <span class='ocrx_word' id='word_1_333' title='bbox 2447 2324 2589 2372; x_wconf 89' lang='lat' dir='ltr'>sunt.</span> <span class='ocrx_word' id='word_1_334' title='bbox 2620 2318 2841 2387; x_wconf 84' lang='lat' dir='ltr'>Inﬁrmi</span> <span class='ocrx_word' id='word_1_335' title='bbox 2867 2317 3114 2373; x_wconf 88' lang='lat' dir='ltr'>accincti</span> <span class='ocrx_word' id='word_1_336' title='bbox 3150 2321 3284 2372; x_wconf 84' lang='lat' dir='ltr'>sunt</span> <span class='ocrx_word' id='word_1_337' title='bbox 3314 2318 3528 2384; x_wconf 86' lang='lat' dir='ltr'>robore,</span> 
     </span>
    </p>
   </div>
   <div class='ocr_carea' id='block_1_24' title="bbox 241 2405 3525 2481">
    <p class='ocr_par' dir='ltr' id='par_1_24' title="bbox 241 2405 3525 2481">
     <span class='ocr_line' id='line_1_24' title="bbox 241 2405 3525 2481; baseline 0.001 -24"><span class='ocrx_word' id='word_1_338' title='bbox 241 2405 369 2458; x_wconf 83' lang='lat' dir='ltr'>rians</span> <span class='ocrx_word' id='word_1_339' title='bbox 398 2406 619 2461; x_wconf 87' lang='lat' dir='ltr'>diceret</span> <span class='ocrx_word' id='word_1_340' title='bbox 649 2408 691 2460; x_wconf 74' lang='lat' dir='ltr'>si</span> <span class='ocrx_word' id='word_1_341' title='bbox 725 2406 843 2476; x_wconf 75' lang='lat' dir='ltr'>ejus</span> <span class='ocrx_word' id='word_1_342' title='bbox 873 2409 997 2478; x_wconf 86' lang='lat' dir='ltr'>quia</span> <span class='ocrx_word' id='word_1_343' title='bbox 1028 2416 1259 2463; x_wconf 90' lang='lat' dir='ltr'>tumeret</span> <span class='ocrx_word' id='word_1_344' title='bbox 1289 2408 1534 2476; x_wconf 84' lang='lat' dir='ltr'>scientia,</span> <span class='ocrx_word' id='word_1_345' title='bbox 1567 2424 1674 2463; x_wconf 90' lang='lat' dir='ltr'>non</span> <span class='ocrx_word' id='word_1_346' title='bbox 1704 2424 1828 2463; x_wconf 86' lang='lat' dir='ltr'>om-</span> <span class='ocrx_word' id='word_1_347' title='bbox 1939 2408 2083 2481; x_wconf 83' lang='lat' dir='ltr'>quia,</span> <span class='ocrx_word' id='word_1_348' title='bbox 2118 2406 2440 2463; x_wconf 66' lang='lat' dir='ltr'>voluntaria:</span> <span class='ocrx_word' id='word_1_349' title='bbox 2487 2406 2843 2478; x_wconf 69' lang='lat' dir='ltr'>subiectionis</span> <span class='ocrx_word' id='word_1_350' title='bbox 2891 2406 3104 2472; x_wconf 89' lang='lat' dir='ltr'>merito,</span> <span class='ocrx_word' id='word_1_351' title='bbox 3129 2406 3304 2461; x_wconf 89' lang='lat' dir='ltr'>sancti</span> <span class='ocrx_word' id='word_1_352' title='bbox 3346 2406 3525 2477; x_wconf 85' lang='lat' dir='ltr'>angeli</span> 
     </span>
    </p>
   </div>
   <div class='ocr_carea' id='block_1_25' title="bbox 240 2493 3527 2566">
    <p class='ocr_par' dir='ltr' id='par_1_25' title="bbox 240 2493 3527 2566">
     <span class='ocr_line' id='line_1_25' title="bbox 240 2493 3527 2566; baseline 0.001 -20"><span class='ocrx_word' id='word_1_353' title='bbox 240 2493 472 2564; x_wconf 88' lang='lat' dir='ltr'>nipotens</span> <span class='ocrx_word' id='word_1_354' title='bbox 502 2496 681 2563; x_wconf 90' lang='lat' dir='ltr'>Deus,</span> <span class='ocrx_word' id='word_1_355' title='bbox 712 2496 807 2550; x_wconf 87' lang='lat' dir='ltr'>sed</span> <span class='ocrx_word' id='word_1_356' title='bbox 840 2496 953 2566; x_wconf 88' lang='lat' dir='ltr'>ipse</span> <span class='ocrx_word' id='word_1_357' title='bbox 984 2498 1237 2551; x_wconf 89' lang='lat' dir='ltr'>dominus</span> <span class='ocrx_word' id='word_1_358' title='bbox 1282 2497 1589 2553; x_wconf 85' lang='lat' dir='ltr'>exstitisset.</span> <span class='ocrx_word' id='word_1_359' title='bbox 1622 2497 1827 2552; x_wconf 86' lang='lat' dir='ltr'>Audia-</span> <span class='ocrx_word' id='word_1_360' title='bbox 1938 2497 2133 2551; x_wconf 87' lang='lat' dir='ltr'>interni</span> <span class='ocrx_word' id='word_1_361' title='bbox 2159 2496 2363 2551; x_wconf 89' lang='lat' dir='ltr'>amoris</span> <span class='ocrx_word' id='word_1_362' title='bbox 2394 2496 2613 2552; x_wconf 85' lang='lat' dir='ltr'>vinculo</span> <span class='ocrx_word' id='word_1_363' title='bbox 2644 2495 2915 2552; x_wconf 88' lang='lat' dir='ltr'>conditori</span> <span class='ocrx_word' id='word_1_364' title='bbox 2950 2510 3049 2550; x_wconf 93' lang='lat' dir='ltr'>suo</span> <span class='ocrx_word' id='word_1_365' title='bbox 3079 2495 3350 2565; x_wconf 88' lang='lat' dir='ltr'>conjuncti</span> <span class='ocrx_word' id='word_1_366' title='bbox 3381 2503 3527 2550; x_wconf 91' lang='lat' dir='ltr'>sunt.</span> 
     </span>
    </p>
   </div>
   <div class='ocr_carea' id='block_1_26' title="bbox 238 2584 3532 2657">
    <p class='ocr_par' dir='ltr' id='par_1_26' title="bbox 238 2584 3532 2657">
     <span class='ocr_line' id='line_1_26' title="bbox 238 2584 3532 2657; baseline 0.001 -22"><span class='ocrx_word' id='word_1_367' title='bbox 238 2600 344 2637; x_wconf 88' lang='lat' dir='ltr'>mus</span> <span class='ocrx_word' id='word_1_368' title='bbox 388 2593 438 2638; x_wconf 89' lang='lat' dir='ltr'>et</span> <span class='ocrx_word' id='word_1_369' title='bbox 492 2602 622 2653; x_wconf 87' lang='lat' dir='ltr'>nos,</span> <span class='ocrx_word' id='word_1_370' title='bbox 658 2586 877 2655; x_wconf 83' lang='lat' dir='ltr'>quando</span> <span class='ocrx_word' id='word_1_371' title='bbox 928 2586 1202 2657; x_wconf 82' lang='lat' dir='ltr'>loquimur</span> <span class='ocrx_word' id='word_1_372' title='bbox 1242 2588 1412 2641; x_wconf 84' lang='lat' dir='ltr'>verba</span> <span class='ocrx_word' id='word_1_373' title='bbox 1459 2586 1669 2654; x_wconf 74' lang='lat' dir='ltr'>saeculi,</span> <span class='ocrx_word' id='word_1_374' title='bbox 1703 2586 1830 2657; x_wconf 88' lang='lat' dir='ltr'>quia</span> <span class='ocrx_word' id='word_1_375' title='bbox 1938 2585 2147 2654; x_wconf 89' lang='lat' dir='ltr'>Quibus</span> <span class='ocrx_word' id='word_1_376' title='bbox 2175 2593 2300 2657; x_wconf 88' lang='lat' dir='ltr'>apte</span> <span class='ocrx_word' id='word_1_377' title='bbox 2332 2585 2679 2640; x_wconf 88' lang='lat' dir='ltr'>accinctionis</span> <span class='ocrx_word' id='word_1_378' title='bbox 2708 2601 2905 2640; x_wconf 90' lang='lat' dir='ltr'>nomen</span> <span class='ocrx_word' id='word_1_379' title='bbox 2950 2584 3224 2654; x_wconf 85' lang='lat' dir='ltr'>congruit,</span> <span class='ocrx_word' id='word_1_380' title='bbox 3258 2585 3384 2655; x_wconf 89' lang='lat' dir='ltr'>quia</span> <span class='ocrx_word' id='word_1_381' title='bbox 3430 2599 3532 2639; x_wconf 90' lang='lat' dir='ltr'>ac-</span> 
     </span>
    </p>
   </div>
   <div class='ocr_carea' id='block_1_27' title="bbox 236 2672 3533 2746">
    <p class='ocr_par' dir='ltr' id='par_1_27' title="bbox 236 2672 3533 2746">
     <span class='ocr_line' id='line_1_27' title="bbox 236 2672 3533 2746; baseline 0.001 -21"><span class='ocrx_word' id='word_1_382' title='bbox 236 2672 366 2726; x_wconf 83' lang='lat' dir='ltr'>Deus</span> <span class='ocrx_word' id='word_1_383' title='bbox 388 2673 745 2728; x_wconf 87' lang='lat' dir='ltr'>scientiarum</span> <span class='ocrx_word' id='word_1_384' title='bbox 767 2674 1030 2729; x_wconf 90' lang='lat' dir='ltr'>Dominus</span> <span class='ocrx_word' id='word_1_385' title='bbox 1047 2680 1146 2729; x_wconf 87' lang='lat' dir='ltr'>est.</span> <span class='ocrx_word' id='word_1_386' title='bbox 1170 2677 1287 2731; x_wconf 88' lang='lat' dir='ltr'>Jam</span> <span class='ocrx_word' id='word_1_387' title='bbox 1312 2675 1511 2746; x_wconf 84' lang='lat' dir='ltr'>quippe</span> <span class='ocrx_word' id='word_1_388' title='bbox 1530 2675 1829 2731; x_wconf 84' lang='lat' dir='ltr'>electorum</span> <span class='ocrx_word' id='word_1_389' title='bbox 1937 2675 2143 2730; x_wconf 89' lang='lat' dir='ltr'>cinctus</span> <span class='ocrx_word' id='word_1_390' title='bbox 2172 2674 2417 2744; x_wconf 87' lang='lat' dir='ltr'>quilibet,</span> <span class='ocrx_word' id='word_1_391' title='bbox 2450 2690 2515 2729; x_wconf 87' lang='lat' dir='ltr'>eo</span> <span class='ocrx_word' id='word_1_392' title='bbox 2549 2690 2655 2746; x_wconf 91' lang='lat' dir='ltr'>quo</span> <span class='ocrx_word' id='word_1_393' title='bbox 2684 2673 2917 2746; x_wconf 85' lang='lat' dir='ltr'>cingitur</span> <span class='ocrx_word' id='word_1_394' title='bbox 2953 2674 3240 2740; x_wconf 85' lang='lat' dir='ltr'>cinctorio,</span> <span class='ocrx_word' id='word_1_395' title='bbox 3275 2689 3340 2729; x_wconf 85' lang='lat' dir='ltr'>ex</span> <span class='ocrx_word' id='word_1_396' title='bbox 3383 2672 3533 2729; x_wconf 89' lang='lat' dir='ltr'>omni</span> 
     </span>
    </p>
   </div>
   <div class='ocr_carea' id='block_1_28' title="bbox 233 2762 3532 2835">
    <p class='ocr_par' dir='ltr' id='par_1_28' title="bbox 233 2762 3532 2835">
     <span class='ocr_line' id='line_1_28' title="bbox 233 2762 3532 2835; baseline 0 -21"><span class='ocrx_word' id='word_1_397' title='bbox 233 2771 426 2816; x_wconf 86' lang='lat' dir='ltr'>mentes</span> <span class='ocrx_word' id='word_1_398' title='bbox 454 2778 575 2817; x_wconf 86' lang='lat' dir='ltr'>non</span> <span class='ocrx_word' id='word_1_399' title='bbox 622 2764 801 2818; x_wconf 92' lang='lat' dir='ltr'>solum</span> <span class='ocrx_word' id='word_1_400' title='bbox 851 2764 1016 2832; x_wconf 86' lang='lat' dir='ltr'>Novi,</span> <span class='ocrx_word' id='word_1_401' title='bbox 1048 2764 1143 2819; x_wconf 90' lang='lat' dir='ltr'>sed</span> <span class='ocrx_word' id='word_1_402' title='bbox 1188 2765 1349 2819; x_wconf 87' lang='lat' dir='ltr'>etiam</span> <span class='ocrx_word' id='word_1_403' title='bbox 1396 2765 1604 2820; x_wconf 86' lang='lat' dir='ltr'>Veteris</span> <span class='ocrx_word' id='word_1_404' title='bbox 1649 2765 1831 2819; x_wconf 89' lang='lat' dir='ltr'>Testa-</span> <span class='ocrx_word' id='word_1_405' title='bbox 1939 2773 2092 2835; x_wconf 89' lang='lat' dir='ltr'>parte</span> <span class='ocrx_word' id='word_1_406' title='bbox 2118 2764 2405 2831; x_wconf 86' lang='lat' dir='ltr'>retinetur,</span> <span class='ocrx_word' id='word_1_407' title='bbox 2439 2763 2564 2835; x_wconf 89' lang='lat' dir='ltr'>quia</span> <span class='ocrx_word' id='word_1_408' title='bbox 2592 2763 2843 2818; x_wconf 90' lang='lat' dir='ltr'>videlicet</span> <span class='ocrx_word' id='word_1_409' title='bbox 2871 2762 3171 2817; x_wconf 87' lang='lat' dir='ltr'>beatissimi</span> <span class='ocrx_word' id='word_1_410' title='bbox 3202 2762 3278 2816; x_wconf 90' lang='lat' dir='ltr'>illi</span> <span class='ocrx_word' id='word_1_411' title='bbox 3307 2762 3532 2833; x_wconf 89' lang='lat' dir='ltr'>spiritus</span> 
     </span>
    </p>
   </div>
   <div class='ocr_carea' id='block_1_29' title="bbox 234 2851 3534 2925">
    <p class='ocr_par' dir='ltr' id='par_1_29' title="bbox 234 2851 3534 2925">
     <span class='ocr_line' id='line_1_29' title="bbox 234 2851 3534 2925; baseline 0.001 -23"><span class='ocrx_word' id='word_1_412' title='bbox 234 2853 392 2903; x_wconf 81' lang='lat' dir='ltr'>menti</span> <span class='ocrx_word' id='word_1_413' title='bbox 425 2851 669 2906; x_wconf 75' lang='lat' dir='ltr'>scientia</span> <span class='ocrx_word' id='word_1_414' title='bbox 700 2852 958 2906; x_wconf 79' lang='lat' dir='ltr'>innovant</span> <span class='ocrx_word' id='word_1_415' title='bbox 984 2870 997 2915; x_wconf 90' lang='lat'><strong>;</strong></span> <span class='ocrx_word' id='word_1_416' title='bbox 1032 2855 1433 2925; x_wconf 89' lang='lat' dir='ltr'>venitnamque</span> <span class='ocrx_word' id='word_1_417' title='bbox 1458 2853 1547 2925; x_wconf 89' lang='lat' dir='ltr'>qui</span> <span class='ocrx_word' id='word_1_418' title='bbox 1576 2853 1779 2908; x_wconf 88' lang='lat' dir='ltr'>diceret</span> <span class='ocrx_word' id='word_1_419' title='bbox 1813 2871 1824 2907; x_wconf 90' lang='lat'>:</span> <span class='ocrx_word' id='word_1_420' title='bbox 1938 2853 2017 2908; x_wconf 88' lang='lat' dir='ltr'>sic</span> <span class='ocrx_word' id='word_1_421' title='bbox 2049 2860 2171 2907; x_wconf 89' lang='lat' dir='ltr'>sunt</span> <span class='ocrx_word' id='word_1_422' title='bbox 2202 2852 2255 2906; x_wconf 91' lang='lat' dir='ltr'>in</span> <span class='ocrx_word' id='word_1_423' title='bbox 2277 2851 2577 2908; x_wconf 70' lang='lat' dir='ltr'>mternitate</span> <span class='ocrx_word' id='word_1_424' title='bbox 2607 2851 2842 2917; x_wconf 87' lang='lat' dir='ltr'>solidati,</span> <span class='ocrx_word' id='word_1_425' title='bbox 2871 2868 2938 2906; x_wconf 91' lang='lat' dir='ltr'>ne</span> <span class='ocrx_word' id='word_1_426' title='bbox 2969 2852 3037 2905; x_wconf 89' lang='lat' dir='ltr'>ab</span> <span class='ocrx_word' id='word_1_427' title='bbox 3068 2867 3131 2906; x_wconf 88' lang='lat' dir='ltr'>ea</span> <span class='ocrx_word' id='word_1_428' title='bbox 3170 2851 3371 2906; x_wconf 90' lang='lat' dir='ltr'>cadere</span> <span class='ocrx_word' id='word_1_429' title='bbox 3423 2867 3534 2904; x_wconf 92' lang='lat' dir='ltr'>un-</span> 
     </span>
    </p>
   </div>
   <div class='ocr_carea' id='block_1_30' title="bbox 238 2939 3532 3015">
    <p class='ocr_par' dir='ltr' id='par_1_30' title="bbox 238 2939 3532 3015">
     <span class='ocr_line' id='line_1_30' title="bbox 238 2939 3532 3015; baseline 0.001 -23"><span class='ocrx_word' id='word_1_430' title='bbox 238 2942 360 2994; x_wconf 72' lang='lat' dir='ltr'>Erce</span> <span class='ocrx_word' id='word_1_431' title='bbox 380 2958 525 2996; x_wconf 81' lang='lat' dir='ltr'>nova</span> <span class='ocrx_word' id='word_1_432' title='bbox 554 2944 705 2999; x_wconf 79' lang='lat' dir='ltr'>facio</span> <span class='ocrx_word' id='word_1_433' title='bbox 722 2943 913 2997; x_wconf 81' lang='lat' dir='ltr'>omnia</span> <span class='ocrx_word' id='word_1_434' title='bbox 932 2941 1090 3008; x_wconf 77' lang='lat' dir='ltr'>(lsai.</span> <span class='ocrx_word' id='word_1_435' title='bbox 1116 2959 1269 3013; x_wconf 78' lang='lat' dir='ltr'>xuii,</span> <span class='ocrx_word' id='word_1_436' title='bbox 1295 2944 1404 3015; x_wconf 83' lang='grc'><strong>19).</strong></span> <span class='ocrx_word' id='word_1_437' title='bbox 1431 2944 1569 2998; x_wconf 88' lang='lat' dir='ltr'>Cum</span> <span class='ocrx_word' id='word_1_438' title='bbox 1592 2959 1728 3014; x_wconf 87' lang='lat' dir='ltr'>ergo</span> <span class='ocrx_word' id='word_1_439' title='bbox 1752 2946 1829 2997; x_wconf 89' lang='lat' dir='ltr'>tot</span> <span class='ocrx_word' id='word_1_440' title='bbox 1937 2958 2097 3011; x_wconf 86' lang='lat' dir='ltr'>quam</span> <span class='ocrx_word' id='word_1_441' title='bbox 2128 2942 2360 3012; x_wconf 87' lang='lat' dir='ltr'>possint.</span> <span class='ocrx_word' id='word_1_442' title='bbox 2399 2942 2544 2996; x_wconf 89' lang='lat' dir='ltr'>Hinc</span> <span class='ocrx_word' id='word_1_443' title='bbox 2574 2949 2656 2996; x_wconf 90' lang='lat' dir='ltr'>est</span> <span class='ocrx_word' id='word_1_444' title='bbox 2683 2941 2825 3011; x_wconf 88' lang='lat' dir='ltr'>quod</span> <span class='ocrx_word' id='word_1_445' title='bbox 2848 2956 2881 2996; x_wconf 88' lang='lat' dir='ltr'>a</span> <span class='ocrx_word' id='word_1_446' title='bbox 2909 2939 3189 2995; x_wconf 89' lang='lat' dir='ltr'>Danielem</span> <span class='ocrx_word' id='word_1_447' title='bbox 3215 2940 3271 2994; x_wconf 93' lang='lat' dir='ltr'>in</span> <span class='ocrx_word' id='word_1_448' title='bbox 3301 2940 3532 3009; x_wconf 88' lang='lat' dir='ltr'>Babylo-</span> 
     </span>
    </p>
   </div>
   <div class='ocr_carea' id='block_1_31' title="bbox 232 3028 3533 3119">
    <p class='ocr_par' dir='ltr' id='par_1_31' title="bbox 232 3028 3533 3119">
     <span class='ocr_line' id='line_1_31' title="bbox 232 3028 3533 3119; baseline 0 -38"><span class='ocrx_word' id='word_1_449' title='bbox 232 3044 363 3083; x_wconf 80' lang='lat' dir='ltr'>nova</span> <span class='ocrx_word' id='word_1_450' title='bbox 389 3030 708 3085; x_wconf 87' lang='lat' dir='ltr'>habeamus</span> <span class='ocrx_word' id='word_1_451' title='bbox 740 3048 861 3102; x_wconf 71' lang='lat' dir='ltr'>quae</span> <span class='ocrx_word' id='word_1_452' title='bbox 904 3031 1051 3102; x_wconf 87' lang='lat' dir='ltr'>loqui</span> <span class='ocrx_word' id='word_1_453' title='bbox 1102 3048 1413 3102; x_wconf 89' lang='lat' dir='ltr'>possumus,</span> <span class='ocrx_word' id='word_1_454' title='bbox 1448 3038 1633 3087; x_wconf 88' lang='lat' dir='ltr'>vetera</span> <span class='ocrx_word' id='word_1_455' title='bbox 1681 3031 1827 3101; x_wconf 90' lang='lat' dir='ltr'>loqui</span> <span class='ocrx_word' id='word_1_456' title='bbox 1935 3030 2023 3085; x_wconf 89' lang='lat' dir='ltr'>nia</span> <span class='ocrx_word' id='word_1_457' title='bbox 2072 3031 2468 3100; x_wconf 86' lang='lat' dir='ltr'>praedicantem</span> <span class='ocrx_word' id='word_1_458' title='bbox 2519 3029 2749 3101; x_wconf 87' lang='lat' dir='ltr'>angelus</span> <span class='ocrx_word' id='word_1_459' title='bbox 2804 3029 3050 3095; x_wconf 89' lang='lat' dir='ltr'>mittitur,</span> <span class='ocrx_word' id='word_1_460' title='bbox 3100 3028 3193 3119; x_wconf 57' lang='lat' dir='ltr'>cmi</span> <span class='ocrx_word' id='word_1_461' title='bbox 3257 3028 3533 3084; x_wconf 88' lang='lat' dir='ltr'>accinctus</span> 
     </span>
    </p>
   </div>
   <div class='ocr_carea' id='block_1_32' title="bbox 232 3117 3600 3193">
    <p class='ocr_par' dir='ltr' id='par_1_32' title="bbox 232 3117 3600 3193">
     <span class='ocr_line' id='line_1_32' title="bbox 232 3117 3600 3193; baseline 0.001 -25"><span class='ocrx_word' id='word_1_462' title='bbox 232 3117 335 3171; x_wconf 87' lang='lat' dir='ltr'>sine</span> <span class='ocrx_word' id='word_1_463' title='bbox 364 3119 530 3189; x_wconf 78' lang='lat' dir='ltr'>culpa</span> <span class='ocrx_word' id='word_1_464' title='bbox 579 3121 886 3175; x_wconf 85' lang='lat' dir='ltr'>nullatenus</span> <span class='ocrx_word' id='word_1_465' title='bbox 937 3120 1202 3175; x_wconf 86' lang='lat' dir='ltr'>valemus.</span> <span class='ocrx_word' id='word_1_466' title='bbox 1228 3121 1506 3176; x_wconf 83' lang='lat' dir='ltr'>Recedant</span> <span class='ocrx_word' id='word_1_467' title='bbox 1554 3121 1718 3193; x_wconf 79' lang='lat' dir='ltr'>igitur</span> <span class='ocrx_word' id='word_1_468' title='bbox 1760 3121 1828 3175; x_wconf 91' lang='lat' dir='ltr'>de</span> <span class='ocrx_word' id='word_1_469' title='bbox 1860 3166 1905 3193; x_wconf 57' lang='grc' dir='ltr'>Γ,</span> <span class='ocrx_word' id='word_1_470' title='bbox 1937 3120 2007 3174; x_wconf 90' lang='lat' dir='ltr'>ob</span> <span class='ocrx_word' id='word_1_471' title='bbox 2048 3119 2129 3174; x_wconf 92' lang='lat' dir='ltr'>izo</span> <span class='ocrx_word' id='word_1_472' title='bbox 2168 3119 2482 3190; x_wconf 90' lang='lat' dir='ltr'>perhibetur</span> <span class='ocrx_word' id='word_1_473' title='bbox 2518 3120 2685 3188; x_wconf 90' lang='lat' dir='ltr'>(Dan.</span> <span class='ocrx_word' id='word_1_474' title='bbox 2712 3136 2763 3184; x_wconf 90' lang='lat' dir='ltr'>x,</span> <span class='ocrx_word' id='word_1_475' title='bbox 2788 3120 2863 3187; x_wconf 77' lang='lat'>5).</span> <span class='ocrx_word' id='word_1_476' title='bbox 2900 3118 3037 3173; x_wconf 82' lang='lat' dir='ltr'>Hinc</span> <span class='ocrx_word' id='word_1_477' title='bbox 3067 3117 3334 3188; x_wconf 75' lang='lat' dir='ltr'>estquod</span> <span class='ocrx_word' id='word_1_478' title='bbox 3364 3133 3536 3188; x_wconf 86' lang='lat' dir='ltr'>ange-</span> <span class='ocrx_word' id='word_1_479' title='bbox 3597 3181 3600 3184; x_wconf 32' lang='lat'>,</span> 
     </span>
    </p>
   </div>
   <div class='ocr_carea' id='block_1_33' title="bbox 228 3166 3533 3280">
    <p class='ocr_par' dir='ltr' id='par_1_33' title="bbox 228 3166 3533 3280">
     <span class='ocr_line' id='line_1_33' title="bbox 234 3166 3505 3193; baseline 0 -19"><span class='ocrx_word' id='word_1_480' title='bbox 370 3166 530 3189; x_wconf 53' lang='grc' dir='ltr'>ηγ..</span> <span class='ocrx_word' id='word_1_481' title='bbox 579 3166 886 3175; x_wconf 48' lang='lat' dir='ltr'>&quot;nm&quot;..-</span> <span class='ocrx_word' id='word_1_482' title='bbox 947 3166 1506 3176; x_wconf 50' lang='lat' dir='ltr'>“ww.-.”</span> <span class='ocrx_word' id='word_1_483' title='bbox 1554 3166 1707 3193; x_wconf 52' lang='lat' dir='ltr'>.DW.</span> <span class='ocrx_word' id='word_1_484' title='bbox 1762 3166 1828 3175; x_wconf 59' lang='grc' dir='ltr'>κν</span> <span class='ocrx_word' id='word_1_485' title='bbox 1940 3166 2003 3174; x_wconf 65' lang='grc' dir='ltr'><strong><em>η</em></strong></span> <span class='ocrx_word' id='word_1_486' title='bbox 2048 3166 2126 3174; x_wconf 74' lang='lat'>-_-</span> <span class='ocrx_word' id='word_1_487' title='bbox 2168 3166 2471 3190; x_wconf 42' lang='lat' dir='ltr'>rma&quot;---</span> <span class='ocrx_word' id='word_1_488' title='bbox 2520 3166 2685 3188; x_wconf 43' lang='grc' dir='ltr'>μη.-.</span> <span class='ocrx_word' id='word_1_489' title='bbox 2791 3166 2863 3187; x_wconf 78' lang='lat'>-,-</span> <span class='ocrx_word' id='word_1_490' title='bbox 2900 3166 3036 3173; x_wconf 82' lang='lat'>------</span> <span class='ocrx_word' id='word_1_491' title='bbox 3071 3166 3147 3172; x_wconf 80' lang='grc'>---</span> <span class='ocrx_word' id='word_1_492' title='bbox 3192 3166 3334 3188; x_wconf 51' lang='lat'>1----</span> <span class='ocrx_word' id='word_1_493' title='bbox 3365 3166 3505 3188; x_wconf 55' lang='grc' dir='ltr'>με-</span> 
     </span>
     <span class='ocr_line' id='line_1_34' title="bbox 228 3166 3533 3280; baseline 0 -20"><span class='ocrx_word' id='word_1_494' title='bbox 228 3220 310 3260; x_wconf 89' lang='lat' dir='ltr'>ore</span> <span class='ocrx_word' id='word_1_495' title='bbox 337 3217 524 3262; x_wconf 87' lang='lat' dir='ltr'>nostro</span> <span class='ocrx_word' id='word_1_496' title='bbox 568 3217 776 3273; x_wconf 76' lang='lat' dir='ltr'>vetera,</span> <span class='ocrx_word' id='word_1_497' title='bbox 809 3218 863 3263; x_wconf 91' lang='lat' dir='ltr'>ut</span> <span class='ocrx_word' id='word_1_498' title='bbox 892 3226 1009 3264; x_wconf 89' lang='lat' dir='ltr'>cum</span> <span class='ocrx_word' id='word_1_499' title='bbox 1043 3211 1312 3265; x_wconf 75' lang='lat' dir='ltr'>damnata:</span> <span class='ocrx_word' id='word_1_500' title='bbox 1342 3210 1618 3265; x_wconf 82' lang='lat' dir='ltr'>vetustatis</span> <span class='ocrx_word' id='word_1_501' title='bbox 1669 3209 1828 3279; x_wconf 85' lang='lat' dir='ltr'>culpa</span> <span class='ocrx_word' id='word_1_502' title='bbox 1859 3166 1906 3228; x_wconf 69' lang='grc' dir='ltr'>Ο</span> <span class='ocrx_word' id='word_1_503' title='bbox 1937 3210 2045 3263; x_wconf 89' lang='lat' dir='ltr'>lum</span> <span class='ocrx_word' id='word_1_504' title='bbox 2076 3225 2199 3263; x_wconf 90' lang='lat' dir='ltr'>cum</span> <span class='ocrx_word' id='word_1_505' title='bbox 2228 3223 2335 3280; x_wconf 87' lang='lat' dir='ltr'>quo</span> <span class='ocrx_word' id='word_1_506' title='bbox 2365 3208 2417 3262; x_wconf 90' lang='lat' dir='ltr'>in</span> <span class='ocrx_word' id='word_1_507' title='bbox 2448 3206 2771 3278; x_wconf 75' lang='lat' dir='ltr'>Apocalypsi</span> <span class='ocrx_word' id='word_1_508' title='bbox 2799 3209 3039 3263; x_wconf 84' lang='lat' dir='ltr'>Joannes</span> <span class='ocrx_word' id='word_1_509' title='bbox 3078 3207 3407 3279; x_wconf 87' lang='lat' dir='ltr'>colloquium</span> <span class='ocrx_word' id='word_1_510' title='bbox 3438 3207 3533 3261; x_wconf 89' lang='lat' dir='ltr'>ha-</span> 
     </span>
    </p>
   </div>
   <div class='ocr_carea' id='block_1_34' title="bbox 230 3296 3532 3369">
    <p class='ocr_par' dir='ltr' id='par_1_34' title="bbox 230 3296 3532 3369">
     <span class='ocr_line' id='line_1_35' title="bbox 230 3296 3532 3369; baseline 0.001 -22"><span class='ocrx_word' id='word_1_511' title='bbox 230 3297 377 3349; x_wconf 80' lang='lat' dir='ltr'>etiam</span> <span class='ocrx_word' id='word_1_512' title='bbox 409 3314 437 3350; x_wconf 89' lang='lat' dir='ltr'>a</span> <span class='ocrx_word' id='word_1_513' title='bbox 465 3313 731 3352; x_wconf 88' lang='lat' dir='ltr'>sermone</span> <span class='ocrx_word' id='word_1_514' title='bbox 764 3299 1147 3369; x_wconf 87' lang='lat' dir='ltr'>compescitur,</span> <span class='ocrx_word' id='word_1_515' title='bbox 1181 3300 1233 3352; x_wconf 91' lang='lat' dir='ltr'>in</span> <span class='ocrx_word' id='word_1_516' title='bbox 1268 3300 1391 3354; x_wconf 87' lang='lat' dir='ltr'>novi</span> <span class='ocrx_word' id='word_1_517' title='bbox 1423 3299 1656 3353; x_wconf 88' lang='lat' dir='ltr'>hominis</span> <span class='ocrx_word' id='word_1_518' title='bbox 1701 3298 1825 3369; x_wconf 89' lang='lat' dir='ltr'>pul-</span> <span class='ocrx_word' id='word_1_519' title='bbox 1936 3297 2048 3353; x_wconf 90' lang='lat' dir='ltr'>buit</span> <span class='ocrx_word' id='word_1_520' title='bbox 2079 3313 2247 3353; x_wconf 88' lang='lat' dir='ltr'>aurea</span> <span class='ocrx_word' id='word_1_521' title='bbox 2274 3314 2411 3354; x_wconf 91' lang='lat' dir='ltr'>zona</span> <span class='ocrx_word' id='word_1_522' title='bbox 2440 3297 2508 3353; x_wconf 88' lang='lat' dir='ltr'>ad</span> <span class='ocrx_word' id='word_1_523' title='bbox 2536 3296 2860 3352; x_wconf 87' lang='lat' dir='ltr'>mammillas</span> <span class='ocrx_word' id='word_1_524' title='bbox 2880 3297 3274 3352; x_wconf 89' lang='lat' dir='ltr'>circumdatum</span> <span class='ocrx_word' id='word_1_525' title='bbox 3294 3311 3532 3367; x_wconf 88' lang='lat' dir='ltr'>conspe-</span> 
     </span>
    </p>
   </div>
   <div class='ocr_carea' id='block_1_35' title="bbox 225 3385 3532 3459">
    <p class='ocr_par' dir='ltr' id='par_1_35' title="bbox 225 3385 3532 3459">
     <span class='ocr_line' id='line_1_36' title="bbox 225 3385 3532 3459; baseline 0.001 -22"><span class='ocrx_word' id='word_1_526' title='bbox 225 3386 584 3442; x_wconf 85' lang='lat' dir='ltr'>chritudinem</span> <span class='ocrx_word' id='word_1_527' title='bbox 615 3394 975 3444; x_wconf 86' lang='lat' dir='ltr'>transeamus.</span> <span class='ocrx_word' id='word_1_528' title='bbox 1006 3388 1160 3456; x_wconf 89' lang='lat' dir='ltr'>Quod</span> <span class='ocrx_word' id='word_1_529' title='bbox 1190 3388 1433 3459; x_wconf 86' lang='lat' dir='ltr'>profecto</span> <span class='ocrx_word' id='word_1_530' title='bbox 1481 3388 1527 3443; x_wconf 91' lang='lat' dir='ltr'>si</span> <span class='ocrx_word' id='word_1_531' title='bbox 1574 3396 1822 3444; x_wconf 89' lang='lat' dir='ltr'>contem-</span> <span class='ocrx_word' id='word_1_532' title='bbox 1934 3386 2035 3441; x_wconf 77' lang='lat' dir='ltr'>xit.</span> <span class='ocrx_word' id='word_1_533' title='bbox 2071 3386 2210 3456; x_wconf 88' lang='lat' dir='ltr'>Quia</span> <span class='ocrx_word' id='word_1_534' title='bbox 2258 3404 2389 3444; x_wconf 82' lang='lat' dir='ltr'>vero</span> <span class='ocrx_word' id='word_1_535' title='bbox 2438 3386 2601 3442; x_wconf 91' lang='lat' dir='ltr'>iidem</span> <span class='ocrx_word' id='word_1_536' title='bbox 2643 3386 2786 3441; x_wconf 89' lang='lat' dir='ltr'>beati</span> <span class='ocrx_word' id='word_1_537' title='bbox 2832 3386 3055 3457; x_wconf 89' lang='lat' dir='ltr'>spiritus</span> <span class='ocrx_word' id='word_1_538' title='bbox 3098 3387 3168 3440; x_wconf 85' lang='lat' dir='ltr'>ab</span> <span class='ocrx_word' id='word_1_539' title='bbox 3217 3385 3532 3441; x_wconf 88' lang='lat' dir='ltr'>humilitatis</span> 
     </span>
    </p>
   </div>
   <div class='ocr_carea' id='block_1_36' title="bbox 225 3466 3531 3549">
    <p class='ocr_par' dir='ltr' id='par_1_36' title="bbox 225 3466 3531 3549">
     <span class='ocr_line' id='line_1_37' title="bbox 225 3466 3531 3549; baseline 0.001 -23"><span class='ocrx_word' id='word_1_540' title='bbox 225 3473 407 3542; x_wconf 87' lang='lat' dir='ltr'>nimus,</span> <span class='ocrx_word' id='word_1_541' title='bbox 440 3476 770 3530; x_wconf 87' lang='lat' dir='ltr'>audianus:</span> <span class='ocrx_word' id='word_1_542' title='bbox 1371 3466 1389 3484; x_wconf 77' lang='grc'><strong><em>⁸</em></strong></span> <span class='ocrx_word' id='word_1_543' title='bbox 1934 3478 2131 3532; x_wconf 90' lang='lat' dir='ltr'>merito</span> <span class='ocrx_word' id='word_1_544' title='bbox 2174 3477 2227 3531; x_wconf 89' lang='lat' dir='ltr'>in</span> <span class='ocrx_word' id='word_1_545' title='bbox 2268 3478 2473 3531; x_wconf 85' lang='lat' dir='ltr'>amoris</span> <span class='ocrx_word' id='word_1_546' title='bbox 2528 3475 2756 3549; x_wconf 85' lang='lat' dir='ltr'>gloriam</span> <span class='ocrx_word' id='word_1_547' title='bbox 2819 3483 3194 3542; x_wconf 88' lang='lat' dir='ltr'>surrexerunt,</span> <span class='ocrx_word' id='word_1_548' title='bbox 3246 3476 3345 3530; x_wconf 90' lang='lat' dir='ltr'>sed</span> <span class='ocrx_word' id='word_1_549' title='bbox 3406 3476 3531 3547; x_wconf 89' lang='lat' dir='ltr'>quia</span> 
     </span>
    </p>
   </div>
   <div class='ocr_carea' id='block_1_37' title="bbox 286 3564 3522 3640">
    <p class='ocr_par' dir='ltr' id='par_1_37' title="bbox 286 3564 3522 3640">
     <span class='ocr_line' id='line_1_38' title="bbox 286 3564 3522 3640; baseline -0.001 -21"><span class='ocrx_word' id='word_1_550' title='bbox 286 3564 454 3633; x_wconf 75' lang='lat' dir='ltr'>(Vers.</span> <span class='ocrx_word' id='word_1_551' title='bbox 493 3566 585 3635; x_wconf 88' lang='lat'>3.)</span> <span class='ocrx_word' id='word_1_552' title='bbox 616 3566 683 3619; x_wconf 83' lang='lat' dir='ltr'>Et</span> <span class='ocrx_word' id='word_1_553' title='bbox 706 3566 815 3638; x_wconf 82' lang='lat' dir='ltr'>ipsi</span> <span class='ocrx_word' id='word_1_554' title='bbox 834 3571 1236 3639; x_wconf 63' lang='lat' dir='ltr'>praeparantur</span> <span class='ocrx_word' id='word_1_555' title='bbox 1265 3567 1655 3637; x_wconf 75' lang='lat' dir='ltr'>cogitationes.</span> <span class='ocrx_word' id='word_1_556' title='bbox 1931 3567 2180 3621; x_wconf 88' lang='lat' dir='ltr'>eamdem</span> <span class='ocrx_word' id='word_1_557' title='bbox 2225 3566 2455 3640; x_wconf 82' lang='lat' dir='ltr'>gloriam</span> <span class='ocrx_word' id='word_1_558' title='bbox 2504 3566 2562 3619; x_wconf 92' lang='lat' dir='ltr'>in</span> <span class='ocrx_word' id='word_1_559' title='bbox 2610 3564 2900 3636; x_wconf 86' lang='lat' dir='ltr'>complexu</span> <span class='ocrx_word' id='word_1_560' title='bbox 2946 3565 3258 3621; x_wconf 75' lang='lat' dir='ltr'>aeternitatis</span> <span class='ocrx_word' id='word_1_561' title='bbox 3300 3564 3522 3631; x_wconf 90' lang='lat' dir='ltr'>habent,</span> 
     </span>
    </p>
   </div>
   <div class='ocr_carea' id='block_1_38' title="bbox 286 3653 3523 3727">
    <p class='ocr_par' dir='ltr' id='par_1_38' title="bbox 286 3653 3523 3727">
     <span class='ocr_line' id='line_1_39' title="bbox 286 3653 3523 3727; baseline 0 -20"><span class='ocrx_word' id='word_1_562' title='bbox 286 3656 365 3708; x_wconf 83' lang='grc'>10.</span> <span class='ocrx_word' id='word_1_563' title='bbox 401 3654 583 3720; x_wconf 79' lang='lat' dir='ltr'>Quasi</span> <span class='ocrx_word' id='word_1_564' title='bbox 615 3670 646 3707; x_wconf 90' lang='lat' dir='ltr'>a</span> <span class='ocrx_word' id='word_1_565' title='bbox 696 3655 895 3709; x_wconf 89' lang='lat' dir='ltr'>minori</span> <span class='ocrx_word' id='word_1_566' title='bbox 941 3655 1116 3725; x_wconf 86' lang='lat' dir='ltr'>culpa,</span> <span class='ocrx_word' id='word_1_567' title='bbox 1164 3655 1544 3710; x_wconf 89' lang='lat' dir='ltr'>subintellecta</span> <span class='ocrx_word' id='word_1_568' title='bbox 1588 3669 1816 3727; x_wconf 88' lang='lat' dir='ltr'>compa-</span> <span class='ocrx_word' id='word_1_569' title='bbox 1930 3663 1981 3711; x_wconf 92' lang='lat' dir='ltr'>et</span> <span class='ocrx_word' id='word_1_570' title='bbox 2012 3656 2064 3709; x_wconf 92' lang='lat' dir='ltr'>in</span> <span class='ocrx_word' id='word_1_571' title='bbox 2094 3656 2289 3711; x_wconf 91' lang='lat' dir='ltr'>timore</span> <span class='ocrx_word' id='word_1_572' title='bbox 2306 3653 2619 3709; x_wconf 89' lang='lat' dir='ltr'>amissionis</span> <span class='ocrx_word' id='word_1_573' title='bbox 2639 3668 2747 3709; x_wconf 88' lang='lat' dir='ltr'>non</span> <span class='ocrx_word' id='word_1_574' title='bbox 2766 3654 3233 3725; x_wconf 85' lang='lat' dir='ltr'>liabent,gloriosi</span> <span class='ocrx_word' id='word_1_575' title='bbox 3254 3653 3523 3725; x_wconf 88' lang='lat' dir='ltr'>siquidem</span> 
     </span>
    </p>
   </div>
   <div class='ocr_carea' id='block_1_39' title="bbox 223 3742 3524 3815">
    <p class='ocr_par' dir='ltr' id='par_1_39' title="bbox 223 3742 3524 3815">
     <span class='ocr_line' id='line_1_40' title="bbox 223 3742 3524 3815; baseline 0.001 -21"><span class='ocrx_word' id='word_1_576' title='bbox 223 3743 443 3811; x_wconf 85' lang='lat' dir='ltr'>ratione,</span> <span class='ocrx_word' id='word_1_577' title='bbox 484 3744 605 3812; x_wconf 86' lang='lat'>58</span> <span class='ocrx_word' id='word_1_578' title='bbox 647 3759 748 3798; x_wconf 90' lang='lat' dir='ltr'>nos</span> <span class='ocrx_word' id='word_1_579' title='bbox 796 3752 1012 3810; x_wconf 89' lang='lat' dir='ltr'>terreat,</span> <span class='ocrx_word' id='word_1_580' title='bbox 1045 3746 1230 3799; x_wconf 90' lang='lat' dir='ltr'>dicens</span> <span class='ocrx_word' id='word_1_581' title='bbox 1265 3761 1276 3800; x_wconf 91' lang='lat'><strong>:</strong></span> <span class='ocrx_word' id='word_1_582' title='bbox 1321 3744 1456 3799; x_wconf 85' lang='lat' dir='ltr'>Hinc</span> <span class='ocrx_word' id='word_1_583' title='bbox 1508 3743 1682 3799; x_wconf 87' lang='lat' dir='ltr'>otiosa</span> <span class='ocrx_word' id='word_1_584' title='bbox 1733 3745 1818 3799; x_wconf 91' lang='lat' dir='ltr'>lo-</span> <span class='ocrx_word' id='word_1_585' title='bbox 1927 3744 2278 3800; x_wconf 75' lang='lat' dir='ltr'>ineffabilitcr</span> <span class='ocrx_word' id='word_1_586' title='bbox 2306 3750 2448 3811; x_wconf 87' lang='lat' dir='ltr'>sunt,</span> <span class='ocrx_word' id='word_1_587' title='bbox 2482 3743 2577 3798; x_wconf 89' lang='lat' dir='ltr'>sed</span> <span class='ocrx_word' id='word_1_588' title='bbox 2605 3742 2934 3798; x_wconf 74' lang='lat' dir='ltr'>ineffabilem</span> <span class='ocrx_word' id='word_1_589' title='bbox 2956 3743 3103 3798; x_wconf 83' lang='lat' dir='ltr'>illam</span> <span class='ocrx_word' id='word_1_590' title='bbox 3126 3743 3351 3815; x_wconf 87' lang='lat' dir='ltr'>gloriam</span> <span class='ocrx_word' id='word_1_591' title='bbox 3378 3742 3524 3797; x_wconf 88' lang='lat' dir='ltr'>ami-</span> 
     </span>
    </p>
   </div>
   <div class='ocr_carea' id='block_1_40' title="bbox 222 3831 3519 3905">
    <p class='ocr_par' dir='ltr' id='par_1_40' title="bbox 222 3831 3519 3905">
     <span class='ocr_line' id='line_1_41' title="bbox 222 3831 3519 3905; baseline 0.001 -22"><span class='ocrx_word' id='word_1_592' title='bbox 222 3842 430 3899; x_wconf 87' lang='lat' dir='ltr'>quentes</span> <span class='ocrx_word' id='word_1_593' title='bbox 462 3833 715 3904; x_wconf 82' lang='lat' dir='ltr'>cogitent</span> <span class='ocrx_word' id='word_1_594' title='bbox 766 3850 925 3902; x_wconf 85' lang='lat' dir='ltr'>quam</span> <span class='ocrx_word' id='word_1_595' title='bbox 976 3842 1217 3888; x_wconf 90' lang='lat' dir='ltr'>metuere</span> <span class='ocrx_word' id='word_1_596' title='bbox 1266 3834 1478 3905; x_wconf 89' lang='lat' dir='ltr'>culpam</span> <span class='ocrx_word' id='word_1_597' title='bbox 1530 3833 1816 3887; x_wconf 89' lang='lat' dir='ltr'>locutionis</span> <span class='ocrx_word' id='word_1_598' title='bbox 1927 3841 2039 3888; x_wconf 88' lang='lat' dir='ltr'>tere</span> <span class='ocrx_word' id='word_1_599' title='bbox 2080 3849 2351 3904; x_wconf 85' lang='lat' dir='ltr'>nunquam</span> <span class='ocrx_word' id='word_1_600' title='bbox 2392 3839 2641 3903; x_wconf 89' lang='lat' dir='ltr'>possunt.</span> <span class='ocrx_word' id='word_1_601' title='bbox 2677 3833 2747 3888; x_wconf 91' lang='lat' dir='ltr'>Ut</span> <span class='ocrx_word' id='word_1_602' title='bbox 2784 3832 2967 3905; x_wconf 88' lang='lat' dir='ltr'>itaque</span> <span class='ocrx_word' id='word_1_603' title='bbox 3011 3832 3227 3887; x_wconf 89' lang='lat' dir='ltr'>desinat</span> <span class='ocrx_word' id='word_1_604' title='bbox 3274 3831 3519 3904; x_wconf 90' lang='lat' dir='ltr'>gloriari,</span> 
     </span>
    </p>
   </div>
   <div class='ocr_carea' id='block_1_41' title="bbox 223 3918 3522 3995">
    <p class='ocr_par' dir='ltr' id='par_1_41' title="bbox 223 3918 3522 3995">
     <span class='ocr_line' id='line_1_42' title="bbox 223 3918 3522 3995; baseline 0.001 -24"><span class='ocrx_word' id='word_1_605' title='bbox 223 3918 460 3987; x_wconf 79' lang='lat' dir='ltr'>debeant,</span> <span class='ocrx_word' id='word_1_606' title='bbox 495 3921 547 3975; x_wconf 87' lang='lat' dir='ltr'>si</span> <span class='ocrx_word' id='word_1_607' title='bbox 584 3921 628 3974; x_wconf 88' lang='lat' dir='ltr'>is</span> <span class='ocrx_word' id='word_1_608' title='bbox 656 3922 739 3976; x_wconf 90' lang='lat' dir='ltr'>cui</span> <span class='ocrx_word' id='word_1_609' title='bbox 767 3921 1035 3992; x_wconf 89' lang='lat' dir='ltr'>loquendo</span> <span class='ocrx_word' id='word_1_610' title='bbox 1057 3921 1385 3993; x_wconf 86' lang='lat' dir='ltr'>delinquitur</span> <span class='ocrx_word' id='word_1_611' title='bbox 1413 3921 1571 3976; x_wconf 88' lang='lat' dir='ltr'>etiam</span> <span class='ocrx_word' id='word_1_612' title='bbox 1601 3920 1815 3993; x_wconf 81' lang='lat' dir='ltr'>cogita-</span> <span class='ocrx_word' id='word_1_613' title='bbox 1926 3922 2107 3977; x_wconf 88' lang='lat' dir='ltr'>audiat</span> <span class='ocrx_word' id='word_1_614' title='bbox 2136 3938 2404 3995; x_wconf 86' lang='lat' dir='ltr'>arrogans</span> <span class='ocrx_word' id='word_1_615' title='bbox 2437 3938 2449 3977; x_wconf 90' lang='lat'><strong>:</strong></span> <span class='ocrx_word' id='word_1_616' title='bbox 2476 3924 2650 3977; x_wconf 81' lang='lat' dir='ltr'>Arcus</span> <span class='ocrx_word' id='word_1_617' title='bbox 2666 3924 2903 3991; x_wconf 78' lang='lat' dir='ltr'>fortium</span> <span class='ocrx_word' id='word_1_618' title='bbox 2921 3926 3221 3994; x_wconf 81' lang='lat' dir='ltr'>superatus</span> <span class='ocrx_word' id='word_1_619' title='bbox 3239 3924 3343 3976; x_wconf 84' lang='lat' dir='ltr'>est.</span> <span class='ocrx_word' id='word_1_620' title='bbox 3368 3921 3433 3974; x_wconf 89' lang='lat' dir='ltr'>Et</span> <span class='ocrx_word' id='word_1_621' title='bbox 3463 3926 3522 3973; x_wconf 91' lang='lat' dir='ltr'>ut</span> 
     </span>
    </p>
   </div>
   <div class='ocr_carea' id='block_1_42' title="bbox 222 4007 3522 4080">
    <p class='ocr_par' dir='ltr' id='par_1_42' title="bbox 222 4007 3522 4080">
     <span class='ocr_line' id='line_1_43' title="bbox 222 4007 3522 4080; baseline 0.001 -21"><span class='ocrx_word' id='word_1_622' title='bbox 222 4007 413 4062; x_wconf 89' lang='lat' dir='ltr'>tionum</span> <span class='ocrx_word' id='word_1_623' title='bbox 445 4024 722 4065; x_wconf 81' lang='lat' dir='ltr'>excessus</span> <span class='ocrx_word' id='word_1_624' title='bbox 753 4010 819 4063; x_wconf 85' lang='lat' dir='ltr'>ad</span> <span class='ocrx_word' id='word_1_625' title='bbox 845 4009 1039 4079; x_wconf 83' lang='lat' dir='ltr'>judicii</span> <span class='ocrx_word' id='word_1_626' title='bbox 1072 4010 1154 4064; x_wconf 87' lang='lat' dir='ltr'>sui</span> <span class='ocrx_word' id='word_1_627' title='bbox 1194 4025 1428 4065; x_wconf 80' lang='lat' dir='ltr'>examen</span> <span class='ocrx_word' id='word_1_628' title='bbox 1460 4017 1664 4066; x_wconf 85' lang='lat' dir='ltr'>servat.</span> <span class='ocrx_word' id='word_1_629' title='bbox 1705 4011 1813 4064; x_wconf 84' lang='lat' dir='ltr'>Au-</span> <span class='ocrx_word' id='word_1_630' title='bbox 1923 4010 2180 4065; x_wconf 87' lang='lat' dir='ltr'>damnata</span> <span class='ocrx_word' id='word_1_631' title='bbox 2211 4010 2369 4079; x_wconf 91' lang='lat' dir='ltr'>culpa</span> <span class='ocrx_word' id='word_1_632' title='bbox 2401 4010 2669 4080; x_wconf 79' lang='lat' dir='ltr'>superbiae</span> <span class='ocrx_word' id='word_1_633' title='bbox 2695 4009 2983 4079; x_wconf 75' lang='lat' dir='ltr'>proficiant</span> <span class='ocrx_word' id='word_1_634' title='bbox 3014 4011 3066 4063; x_wconf 90' lang='lat' dir='ltr'>in</span> <span class='ocrx_word' id='word_1_635' title='bbox 3097 4009 3416 4073; x_wconf 82' lang='lat' dir='ltr'>humilitate,</span> <span class='ocrx_word' id='word_1_636' title='bbox 3437 4008 3522 4063; x_wconf 82' lang='lat' dir='ltr'>di-</span> 
     </span>
    </p>
   </div>
   <div class='ocr_carea' id='block_1_43' title="bbox 217 4095 3517 4169">
    <p class='ocr_par' dir='ltr' id='par_1_43' title="bbox 217 4095 3517 4169">
     <span class='ocr_line' id='line_1_44' title="bbox 217 4095 3517 4169; baseline 0.002 -22"><span class='ocrx_word' id='word_1_637' title='bbox 217 4095 351 4149; x_wconf 86' lang='lat' dir='ltr'>diant</span> <span class='ocrx_word' id='word_1_638' title='bbox 380 4100 517 4152; x_wconf 86' lang='lat' dir='ltr'>item</span> <span class='ocrx_word' id='word_1_639' title='bbox 552 4107 878 4169; x_wconf 83' lang='lat' dir='ltr'>arrogantes</span> <span class='ocrx_word' id='word_1_640' title='bbox 907 4098 1048 4168; x_wconf 90' lang='lat' dir='ltr'>quod</span> <span class='ocrx_word' id='word_1_641' title='bbox 1079 4100 1324 4169; x_wconf 88' lang='lat' dir='ltr'>sequitur</span> <span class='ocrx_word' id='word_1_642' title='bbox 1359 4115 1369 4152; x_wconf 93' lang='lat'>:</span> <span class='ocrx_word' id='word_1_643' title='bbox 1921 4100 2059 4155; x_wconf 90' lang='lat' dir='ltr'>citur</span> <span class='ocrx_word' id='word_1_644' title='bbox 2076 4098 2176 4153; x_wconf 89' lang='lat' dir='ltr'>sibi</span> <span class='ocrx_word' id='word_1_645' title='bbox 2198 4116 2209 4151; x_wconf 92' lang='lat'><strong>:</strong></span> <span class='ocrx_word' id='word_1_646' title='bbox 2230 4099 2451 4168; x_wconf 85' lang='lat' dir='ltr'>Inﬁrmi</span> <span class='ocrx_word' id='word_1_647' title='bbox 2471 4099 2719 4155; x_wconf 76' lang='lat' dir='ltr'>accincti</span> <span class='ocrx_word' id='word_1_648' title='bbox 2752 4100 3119 4155; x_wconf 86' lang='lat' dir='ltr'>suntrobore.</span> <span class='ocrx_word' id='word_1_649' title='bbox 3150 4099 3330 4154; x_wconf 83' lang='lat' dir='ltr'>Robur</span> <span class='ocrx_word' id='word_1_650' title='bbox 3361 4112 3517 4153; x_wconf 89' lang='lat' dir='ltr'>nam-</span> 
     </span>
    </p>
   </div>
   <div class='ocr_carea' id='block_1_44' title="bbox 277 4185 3518 4260">
    <p class='ocr_par' dir='ltr' id='par_1_44' title="bbox 277 4185 3518 4260">
     <span class='ocr_line' id='line_1_45' title="bbox 277 4185 3518 4260; baseline 0 -21"><span class='ocrx_word' id='word_1_651' title='bbox 277 4188 561 4258; x_wconf 68' lang='lat' dir='ltr'>(i’ers.4.)</span> <span class='ocrx_word' id='word_1_652' title='bbox 598 4189 775 4243; x_wconf 77' lang='lat' dir='ltr'>Arcus</span> <span class='ocrx_word' id='word_1_653' title='bbox 802 4190 1040 4259; x_wconf 78' lang='lat' dir='ltr'>fortium</span> <span class='ocrx_word' id='word_1_654' title='bbox 1071 4192 1372 4260; x_wconf 82' lang='lat' dir='ltr'>superatus</span> <span class='ocrx_word' id='word_1_655' title='bbox 1394 4191 1497 4257; x_wconf 84' lang='lat' dir='ltr'>cst,</span> <span class='ocrx_word' id='word_1_656' title='bbox 1531 4192 1585 4245; x_wconf 87' lang='lat' dir='ltr'>et</span> <span class='ocrx_word' id='word_1_657' title='bbox 1606 4188 1810 4257; x_wconf 84' lang='lat' dir='ltr'>inﬁrni</span> <span class='ocrx_word' id='word_1_658' title='bbox 1920 4204 2024 4259; x_wconf 90' lang='lat' dir='ltr'>que</span> <span class='ocrx_word' id='word_1_659' title='bbox 2072 4186 2298 4241; x_wconf 89' lang='lat' dir='ltr'>inﬁrmis</span> <span class='ocrx_word' id='word_1_660' title='bbox 2344 4186 2694 4257; x_wconf 87' lang='lat' dir='ltr'>impenditur,</span> <span class='ocrx_word' id='word_1_661' title='bbox 2741 4202 2862 4241; x_wconf 89' lang='lat' dir='ltr'>cum</span> <span class='ocrx_word' id='word_1_662' title='bbox 2912 4185 3269 4255; x_wconf 88' lang='lat' dir='ltr'>subjectionis</span> <span class='ocrx_word' id='word_1_663' title='bbox 3321 4186 3518 4240; x_wconf 89' lang='lat' dir='ltr'>merito</span> 
     </span>
    </p>
   </div>
   <div class='ocr_carea' id='block_1_45' title="bbox 214 4273 3513 4345">
    <p class='ocr_par' dir='ltr' id='par_1_45' title="bbox 214 4273 3513 4345">
     <span class='ocr_line' id='line_1_46' title="bbox 214 4273 3513 4345; baseline 0 -17"><span class='ocrx_word' id='word_1_664' title='bbox 214 4277 451 4332; x_wconf 76' lang='lat' dir='ltr'>accincti</span> <span class='ocrx_word' id='word_1_665' title='bbox 481 4285 630 4333; x_wconf 78' lang='lat' dir='ltr'>sunt</span> <span class='ocrx_word' id='word_1_666' title='bbox 661 4278 877 4333; x_wconf 85' lang='lat' dir='ltr'>robore.</span> <span class='ocrx_word' id='word_1_667' title='bbox 1918 4277 2136 4332; x_wconf 90' lang='lat' dir='ltr'>mitibus</span> <span class='ocrx_word' id='word_1_668' title='bbox 2165 4274 2467 4330; x_wconf 85' lang='lat' dir='ltr'>infunditur</span> <span class='ocrx_word' id='word_1_669' title='bbox 2496 4276 2661 4330; x_wconf 89' lang='lat' dir='ltr'>virtus</span> <span class='ocrx_word' id='word_1_670' title='bbox 2697 4290 2943 4345; x_wconf 66' lang='lat' dir='ltr'>superna:</span> <span class='ocrx_word' id='word_1_671' title='bbox 2986 4273 3279 4329; x_wconf 86' lang='lat' dir='ltr'>cliaritatis.</span> <span class='ocrx_word' id='word_1_672' title='bbox 3311 4274 3513 4328; x_wconf 78' lang='lat' dir='ltr'>Accin-</span> 
     </span>
    </p>
   </div>
   <div class='ocr_carea' id='block_1_46' title="bbox 278 4362 3513 4439">
    <p class='ocr_par' dir='ltr' id='par_1_46' title="bbox 278 4362 3513 4439">
     <span class='ocr_line' id='line_1_47' title="bbox 278 4362 3513 4439; baseline 0 -22"><span class='ocrx_word' id='word_1_673' title='bbox 278 4368 356 4421; x_wconf 81' lang='grc' dir='ltr'>Η.</span> <span class='ocrx_word' id='word_1_674' title='bbox 390 4368 518 4421; x_wconf 79' lang='lat' dir='ltr'>lam</span> <span class='ocrx_word' id='word_1_675' title='bbox 551 4366 755 4437; x_wconf 87' lang='lat' dir='ltr'>quippe</span> <span class='ocrx_word' id='word_1_676' title='bbox 784 4366 839 4419; x_wconf 86' lang='lat' dir='ltr'>ia</span> <span class='ocrx_word' id='word_1_677' title='bbox 870 4365 1168 4436; x_wconf 84' lang='lat' dir='ltr'>allegorica</span> <span class='ocrx_word' id='word_1_678' title='bbox 1197 4367 1533 4438; x_wconf 83' lang='lat' dir='ltr'>expositione</span> <span class='ocrx_word' id='word_1_679' title='bbox 1572 4366 1807 4421; x_wconf 85' lang='lat' dir='ltr'>diximus</span> <span class='ocrx_word' id='word_1_680' title='bbox 1917 4367 2096 4439; x_wconf 89' lang='lat' dir='ltr'>gimur</span> <span class='ocrx_word' id='word_1_681' title='bbox 2124 4366 2283 4419; x_wconf 87' lang='lat' dir='ltr'>etiam</span> <span class='ocrx_word' id='word_1_682' title='bbox 2311 4380 2433 4420; x_wconf 91' lang='lat' dir='ltr'>cum</span> <span class='ocrx_word' id='word_1_683' title='bbox 2464 4363 2529 4418; x_wconf 88' lang='lat' dir='ltr'>ad</span> <span class='ocrx_word' id='word_1_684' title='bbox 2557 4363 2711 4419; x_wconf 87' lang='lat' dir='ltr'>verbi</span> <span class='ocrx_word' id='word_1_685' title='bbox 2734 4362 3097 4417; x_wconf 89' lang='lat' dir='ltr'>ministerium</span> <span class='ocrx_word' id='word_1_686' title='bbox 3120 4377 3513 4434; x_wconf 66' lang='lat' dir='ltr'>praeparamur.</span> 
     </span>
    </p>
   </div>
   <div class='ocr_carea' id='block_1_47' title="bbox 216 4451 3513 4528">
    <p class='ocr_par' dir='ltr' id='par_1_47' title="bbox 216 4451 3513 4528">
     <span class='ocr_line' id='line_1_48' title="bbox 216 4451 3513 4528; baseline 0 -23"><span class='ocrx_word' id='word_1_687' title='bbox 216 4453 326 4521; x_wconf 87' lang='lat' dir='ltr'>quia</span> <span class='ocrx_word' id='word_1_688' title='bbox 354 4455 631 4509; x_wconf 89' lang='lat' dir='ltr'>immundi</span> <span class='ocrx_word' id='word_1_689' title='bbox 656 4455 876 4525; x_wconf 85' lang='lat' dir='ltr'>spiritus</span> <span class='ocrx_word' id='word_1_690' title='bbox 926 4455 1121 4511; x_wconf 88' lang='lat' dir='ltr'>horum</span> <span class='ocrx_word' id='word_1_691' title='bbox 1171 4455 1384 4512; x_wconf 85' lang='lat' dir='ltr'>fortium</span> <span class='ocrx_word' id='word_1_692' title='bbox 1436 4457 1803 4528; x_wconf 74' lang='lat' dir='ltr'>appellatione</span> <span class='ocrx_word' id='word_1_693' title='bbox 1921 4457 2063 4509; x_wconf 87' lang='lat' dir='ltr'>Bene</span> <span class='ocrx_word' id='word_1_694' title='bbox 2094 4453 2276 4525; x_wconf 90' lang='lat' dir='ltr'>itaque</span> <span class='ocrx_word' id='word_1_695' title='bbox 2306 4452 2531 4508; x_wconf 87' lang='lat' dir='ltr'>accincti</span> <span class='ocrx_word' id='word_1_696' title='bbox 2562 4453 2756 4507; x_wconf 90' lang='lat' dir='ltr'>robore</span> <span class='ocrx_word' id='word_1_697' title='bbox 2787 4451 2985 4506; x_wconf 86' lang='lat' dir='ltr'>inﬁrmi</span> <span class='ocrx_word' id='word_1_698' title='bbox 3016 4452 3069 4505; x_wconf 91' lang='lat' dir='ltr'>in</span> <span class='ocrx_word' id='word_1_699' title='bbox 3100 4452 3207 4506; x_wconf 89' lang='lat' dir='ltr'>alta</span> <span class='ocrx_word' id='word_1_700' title='bbox 3236 4451 3513 4508; x_wconf 90' lang='lat' dir='ltr'>locutione</span> 
     </span>
    </p>
   </div>
   <div class='ocr_carea' id='block_1_48' title="bbox 213 4531 3515 4616">
    <p class='ocr_par' dir='ltr' id='par_1_48' title="bbox 213 4531 3515 4616">
     <span class='ocr_line' id='line_1_49' title="bbox 213 4531 3515 4616; baseline 0 -21"><span class='ocrx_word' id='word_1_701' title='bbox 213 4541 586 4616; x_wconf 83' lang='lat' dir='ltr'>designantur.</span> <span class='ocrx_word' id='word_1_702' title='bbox 618 4543 722 4612; x_wconf 88' lang='lat' dir='ltr'>Qui</span> <span class='ocrx_word' id='word_1_703' title='bbox 752 4545 1007 4598; x_wconf 90' lang='lat' dir='ltr'>nimirum</span> <span class='ocrx_word' id='word_1_704' title='bbox 1041 4546 1166 4615; x_wconf 87' lang='lat' dir='ltr'>quia</span> <span class='ocrx_word' id='word_1_705' title='bbox 1196 4562 1224 4599; x_wconf 89' lang='lat' dir='ltr'>a</span> <span class='ocrx_word' id='word_1_706' title='bbox 1255 4545 1464 4600; x_wconf 71' lang='lat' dir='ltr'>scelesti</span> <span class='ocrx_word' id='word_1_707' title='bbox 1496 4545 1681 4616; x_wconf 89' lang='lat' dir='ltr'>gloria</span> <span class='ocrx_word' id='word_1_708' title='bbox 1709 4562 1802 4598; x_wconf 89' lang='lat' dir='ltr'>su-</span> <span class='ocrx_word' id='word_1_709' title='bbox 1833 4531 1888 4593; x_wconf 83' lang='lat' dir='ltr'>D</span> <span class='ocrx_word' id='word_1_710' title='bbox 1926 4546 2031 4613; x_wconf 83' lang='lat'>59</span> <span class='ocrx_word' id='word_1_711' title='bbox 2063 4542 2421 4616; x_wconf 72' lang='lat' dir='ltr'>gloriantibus</span> <span class='ocrx_word' id='word_1_712' title='bbox 2450 4545 2857 4614; x_wconf 61' lang='lat' dir='ltr'>praeponuntur,</span> <span class='ocrx_word' id='word_1_713' title='bbox 2884 4541 3008 4612; x_wconf 89' lang='lat' dir='ltr'>quia</span> <span class='ocrx_word' id='word_1_714' title='bbox 3024 4541 3061 4596; x_wconf 91' lang='lat' dir='ltr'>ii</span> <span class='ocrx_word' id='word_1_715' title='bbox 3082 4541 3172 4613; x_wconf 92' lang='lat' dir='ltr'>qui</span> <span class='ocrx_word' id='word_1_716' title='bbox 3196 4541 3248 4594; x_wconf 92' lang='lat' dir='ltr'>in</span> <span class='ocrx_word' id='word_1_717' title='bbox 3271 4541 3515 4596; x_wconf 87' lang='lat' dir='ltr'>ministe-</span> 
     </span>
    </p>
   </div>
   <div class='ocr_carea' id='block_1_49' title="bbox 214 4629 3513 4703">
    <p class='ocr_par' dir='ltr' id='par_1_49' title="bbox 214 4629 3513 4703">
     <span class='ocr_line' id='line_1_50' title="bbox 214 4629 3513 4703; baseline 0.001 -20"><span class='ocrx_word' id='word_1_718' title='bbox 214 4633 512 4699; x_wconf 84' lang='lat' dir='ltr'>perbiendo</span> <span class='ocrx_word' id='word_1_719' title='bbox 544 4633 883 4699; x_wconf 87' lang='lat' dir='ltr'>ceciderunt,</span> <span class='ocrx_word' id='word_1_720' title='bbox 918 4641 1042 4703; x_wconf 87' lang='lat' dir='ltr'>apte</span> <span class='ocrx_word' id='word_1_721' title='bbox 1073 4635 1221 4689; x_wconf 88' lang='lat' dir='ltr'>elatis</span> <span class='ocrx_word' id='word_1_722' title='bbox 1253 4634 1563 4689; x_wconf 89' lang='lat' dir='ltr'>doctoribus</span> <span class='ocrx_word' id='word_1_723' title='bbox 1593 4633 1659 4687; x_wconf 89' lang='lat' dir='ltr'>ad</span> <span class='ocrx_word' id='word_1_724' title='bbox 1707 4640 1809 4687; x_wconf 86' lang='lat' dir='ltr'>ter-</span> <span class='ocrx_word' id='word_1_725' title='bbox 1916 4635 2054 4688; x_wconf 88' lang='lat' dir='ltr'>rium</span> <span class='ocrx_word' id='word_1_726' title='bbox 2088 4634 2375 4687; x_wconf 87' lang='lat' dir='ltr'>mittuntur</span> <span class='ocrx_word' id='word_1_727' title='bbox 2396 4631 2633 4702; x_wconf 86' lang='lat' dir='ltr'>spiritus,</span> <span class='ocrx_word' id='word_1_728' title='bbox 2661 4638 2890 4702; x_wconf 87' lang='lat' dir='ltr'>propter</span> <span class='ocrx_word' id='word_1_729' title='bbox 2915 4647 3009 4686; x_wconf 89' lang='lat' dir='ltr'>eos</span> <span class='ocrx_word' id='word_1_730' title='bbox 3030 4629 3513 4701; x_wconf 70' lang='lat' dir='ltr'>quiliaereditatem</span> 
     </span>
    </p>
   </div>
   <div class='ocr_carea' id='block_1_50' title="bbox 216 4719 3518 4794">
    <p class='ocr_par' dir='ltr' id='par_1_50' title="bbox 216 4719 3518 4794">
     <span class='ocr_line' id='line_1_51' title="bbox 216 4719 3518 4794; baseline 0 -21"><span class='ocrx_word' id='word_1_731' title='bbox 216 4734 386 4776; x_wconf 87' lang='lat' dir='ltr'>rorem</span> <span class='ocrx_word' id='word_1_732' title='bbox 416 4731 825 4793; x_wconf 82' lang='lat' dir='ltr'>proponuntur,</span> <span class='ocrx_word' id='word_1_733' title='bbox 860 4730 916 4777; x_wconf 86' lang='lat' dir='ltr'>ut</span> <span class='ocrx_word' id='word_1_734' title='bbox 964 4723 1032 4778; x_wconf 90' lang='lat' dir='ltr'>de</span> <span class='ocrx_word' id='word_1_735' title='bbox 1087 4740 1145 4778; x_wconf 88' lang='lat' dir='ltr'>se</span> <span class='ocrx_word' id='word_1_736' title='bbox 1189 4729 1336 4780; x_wconf 87' lang='lat' dir='ltr'>tanto</span> <span class='ocrx_word' id='word_1_737' title='bbox 1379 4726 1488 4793; x_wconf 89' lang='lat' dir='ltr'>jam</span> <span class='ocrx_word' id='word_1_738' title='bbox 1535 4724 1810 4779; x_wconf 83' lang='lat' dir='ltr'>humiliter</span> <span class='ocrx_word' id='word_1_739' title='bbox 1917 4723 2139 4794; x_wconf 88' lang='lat' dir='ltr'>capiunt</span> <span class='ocrx_word' id='word_1_740' title='bbox 2168 4722 2379 4788; x_wconf 88' lang='lat' dir='ltr'>salutis,</span> <span class='ocrx_word' id='word_1_741' title='bbox 2400 4721 2722 4793; x_wconf 90' lang='lat' dir='ltr'>priusquam</span> <span class='ocrx_word' id='word_1_742' title='bbox 2752 4719 3163 4791; x_wconf 85' lang='lat' dir='ltr'>accingerentur</span> <span class='ocrx_word' id='word_1_743' title='bbox 3179 4720 3245 4774; x_wconf 88' lang='lat' dir='ltr'>ad</span> <span class='ocrx_word' id='word_1_744' title='bbox 3272 4720 3518 4775; x_wconf 89' lang='lat' dir='ltr'>ministe-</span> 
     </span>
    </p>
   </div>
   <div class='ocr_carea' id='block_1_51' title="bbox 217 4808 3516 4886">
    <p class='ocr_par' dir='ltr' id='par_1_51' title="bbox 217 4808 3516 4886">
     <span class='ocr_line' id='line_1_52' title="bbox 217 4808 3516 4886; baseline 0 -23"><span class='ocrx_word' id='word_1_745' title='bbox 217 4811 439 4865; x_wconf 85' lang='lat' dir='ltr'>sentiant</span> <span class='ocrx_word' id='word_1_746' title='bbox 470 4820 681 4883; x_wconf 90' lang='lat' dir='ltr'>quanto</span> <span class='ocrx_word' id='word_1_747' title='bbox 712 4812 874 4866; x_wconf 87' lang='lat' dir='ltr'>etiam</span> <span class='ocrx_word' id='word_1_748' title='bbox 893 4812 1162 4883; x_wconf 81' lang='lat' dir='ltr'>angelosa</span> <span class='ocrx_word' id='word_1_749' title='bbox 1184 4830 1415 4884; x_wconf 88' lang='lat' dir='ltr'>superna</span> <span class='ocrx_word' id='word_1_750' title='bbox 1436 4812 1607 4886; x_wconf 84' lang='lat' dir='ltr'>gloria</span> <span class='ocrx_word' id='word_1_751' title='bbox 1626 4814 1809 4884; x_wconf 87' lang='lat' dir='ltr'>lapsos</span> <span class='ocrx_word' id='word_1_752' title='bbox 1917 4812 2055 4866; x_wconf 89' lang='lat' dir='ltr'>rium</span> <span class='ocrx_word' id='word_1_753' title='bbox 2086 4810 2320 4865; x_wconf 90' lang='lat' dir='ltr'>humiles</span> <span class='ocrx_word' id='word_1_754' title='bbox 2347 4812 2578 4865; x_wconf 83' lang='lat' dir='ltr'>luerunt.</span> <span class='ocrx_word' id='word_1_755' title='bbox 2603 4811 2738 4864; x_wconf 83' lang='lat' dir='ltr'>Ante</span> <span class='ocrx_word' id='word_1_756' title='bbox 2760 4808 2906 4864; x_wconf 89' lang='lat' dir='ltr'>enim</span> <span class='ocrx_word' id='word_1_757' title='bbox 2931 4820 3268 4864; x_wconf 87' lang='lat' dir='ltr'>memoratur</span> <span class='ocrx_word' id='word_1_758' title='bbox 3288 4809 3516 4863; x_wconf 85' lang='lat' dir='ltr'>inﬁrmi-</span> 
     </span>
    </p>
   </div>
   <div class='ocr_carea' id='block_1_52' title="bbox 217 4896 3518 4973">
    <p class='ocr_par' dir='ltr' id='par_1_52' title="bbox 217 4896 3518 4973">
     <span class='ocr_line' id='line_1_53' title="bbox 217 4896 3518 4973; baseline -0.001 -20"><span class='ocrx_word' id='word_1_759' title='bbox 217 4914 308 4969; x_wconf 86' lang='lat' dir='ltr'>per</span> <span class='ocrx_word' id='word_1_760' title='bbox 352 4900 669 4971; x_wconf 85' lang='lat' dir='ltr'>appetitum</span> <span class='ocrx_word' id='word_1_761' title='bbox 717 4915 874 4955; x_wconf 73' lang='lat' dir='ltr'>vanae</span> <span class='ocrx_word' id='word_1_762' title='bbox 919 4901 1110 4973; x_wconf 68' lang='lat' dir='ltr'>gloriae</span> <span class='ocrx_word' id='word_1_763' title='bbox 1156 4903 1602 4973; x_wconf 90' lang='lat' dir='ltr'>contemplantur.</span> <span class='ocrx_word' id='word_1_764' title='bbox 1654 4900 1810 4971; x_wconf 91' lang='lat' dir='ltr'>Quod</span> <span class='ocrx_word' id='word_1_765' title='bbox 1920 4908 2025 4965; x_wconf 91' lang='lat' dir='ltr'>tas,</span> <span class='ocrx_word' id='word_1_766' title='bbox 2060 4906 2338 4970; x_wconf 87' lang='lat' dir='ltr'>postvero</span> <span class='ocrx_word' id='word_1_767' title='bbox 2369 4898 2633 4954; x_wconf 88' lang='lat' dir='ltr'>accinctio</span> <span class='ocrx_word' id='word_1_768' title='bbox 2656 4896 2892 4953; x_wconf 88' lang='lat' dir='ltr'>roboris.</span> <span class='ocrx_word' id='word_1_769' title='bbox 2932 4897 3044 4953; x_wconf 89' lang='lat' dir='ltr'>Hos</span> <span class='ocrx_word' id='word_1_770' title='bbox 3074 4897 3321 4969; x_wconf 87' lang='lat' dir='ltr'>profecto</span> <span class='ocrx_word' id='word_1_771' title='bbox 3359 4897 3518 4952; x_wconf 89' lang='lat' dir='ltr'>nobis</span> 
     </span>
    </p>
   </div>
   <div class='ocr_carea' id='block_1_53' title="bbox 218 4986 3515 5061">
    <p class='ocr_par' dir='ltr' id='par_1_53' title="bbox 218 4986 3515 5061">
     <span class='ocr_line' id='line_1_54' title="bbox 218 4986 3515 5061; baseline 0 -21"><span class='ocrx_word' id='word_1_772' title='bbox 218 4987 369 5041; x_wconf 89' lang='lat' dir='ltr'>etiam</span> <span class='ocrx_word' id='word_1_773' title='bbox 411 4989 845 5060; x_wconf 81' lang='lat' dir='ltr'>Redemptorem</span> <span class='ocrx_word' id='word_1_774' title='bbox 892 4998 1133 5044; x_wconf 89' lang='lat' dir='ltr'>nostrum</span> <span class='ocrx_word' id='word_1_775' title='bbox 1199 4990 1253 5044; x_wconf 92' lang='lat' dir='ltr'>in</span> <span class='ocrx_word' id='word_1_776' title='bbox 1314 4991 1466 5046; x_wconf 86' lang='lat' dir='ltr'>etatis</span> <span class='ocrx_word' id='word_1_777' title='bbox 1528 4989 1812 5061; x_wconf 89' lang='lat' dir='ltr'>discipulis</span> <span class='ocrx_word' id='word_1_778' title='bbox 1921 4989 2193 5045; x_wconf 87' lang='lat' dir='ltr'>accinctos</span> <span class='ocrx_word' id='word_1_779' title='bbox 2232 4986 2430 5042; x_wconf 91' lang='lat' dir='ltr'>Paulus</span> <span class='ocrx_word' id='word_1_780' title='bbox 2477 4986 2736 5052; x_wconf 88' lang='lat' dir='ltr'>insinuat,</span> <span class='ocrx_word' id='word_1_781' title='bbox 2779 4986 2967 5042; x_wconf 90' lang='lat' dir='ltr'>dicens</span> <span class='ocrx_word' id='word_1_782' title='bbox 3020 5001 3031 5040; x_wconf 89' lang='lat'><strong>:</strong></span> <span class='ocrx_word' id='word_1_783' title='bbox 3083 4987 3277 5043; x_wconf 84' lang='lat' dir='ltr'>Nonne</span> <span class='ocrx_word' id='word_1_784' title='bbox 3321 5003 3515 5043; x_wconf 85' lang='lat' dir='ltr'>omnes</span> 
     </span>
    </p>
   </div>
   <div class='ocr_carea' id='block_1_54' title="bbox 217 5075 3513 5149">
    <p class='ocr_par' dir='ltr' id='par_1_54' title="bbox 217 5075 3513 5149">
     <span class='ocr_line' id='line_1_55' title="bbox 217 5075 3513 5149; baseline 0.001 -22"><span class='ocrx_word' id='word_1_785' title='bbox 217 5075 386 5147; x_wconf 81' lang='lat' dir='ltr'>egisse</span> <span class='ocrx_word' id='word_1_786' title='bbox 413 5076 744 5144; x_wconf 88' lang='lat' dir='ltr'>recolimus,</span> <span class='ocrx_word' id='word_1_787' title='bbox 778 5078 868 5149; x_wconf 90' lang='lat' dir='ltr'>qui</span> <span class='ocrx_word' id='word_1_788' title='bbox 900 5094 1021 5133; x_wconf 91' lang='lat' dir='ltr'>cum</span> <span class='ocrx_word' id='word_1_789' title='bbox 1051 5094 1111 5133; x_wconf 88' lang='lat' dir='ltr'>se</span> <span class='ocrx_word' id='word_1_790' title='bbox 1139 5078 1384 5147; x_wconf 82' lang='lat' dir='ltr'>subjecta</span> <span class='ocrx_word' id='word_1_791' title='bbox 1411 5078 1682 5134; x_wconf 76' lang='lat' dir='ltr'>dzemonia</span> <span class='ocrx_word' id='word_1_792' title='bbox 1721 5080 1814 5133; x_wconf 89' lang='lat' dir='ltr'>ha—</span> <span class='ocrx_word' id='word_1_793' title='bbox 1920 5081 2055 5133; x_wconf 82' lang='lat' dir='ltr'>sunt</span> <span class='ocrx_word' id='word_1_794' title='bbox 2077 5076 2562 5133; x_wconf 80' lang='lat' dir='ltr'>administratorii</span> <span class='ocrx_word' id='word_1_795' title='bbox 2577 5076 2831 5149; x_wconf 77' lang='lat' dir='ltr'>spiritus,</span> <span class='ocrx_word' id='word_1_796' title='bbox 2853 5077 2917 5130; x_wconf 85' lang='lat' dir='ltr'>in</span> <span class='ocrx_word' id='word_1_797' title='bbox 2934 5075 3315 5131; x_wconf 75' lang='lat' dir='ltr'>ministerium</span> <span class='ocrx_word' id='word_1_798' title='bbox 3331 5076 3513 5143; x_wconf 82' lang='lat' dir='ltr'>missi,</span> 
     </span>
    </p>
   </div>
   <div class='ocr_carea' id='block_1_55' title="bbox 220 5162 3516 5240">
    <p class='ocr_par' dir='ltr' id='par_1_55' title="bbox 220 5162 3516 5240">
     <span class='ocr_line' id='line_1_56' title="bbox 220 5162 3516 5240; baseline 0 -25"><span class='ocrx_word' id='word_1_799' title='bbox 220 5162 338 5218; x_wconf 77' lang='lat' dir='ltr'>bere</span> <span class='ocrx_word' id='word_1_800' title='bbox 380 5165 688 5235; x_wconf 86' lang='lat' dir='ltr'>jactarent,</span> <span class='ocrx_word' id='word_1_801' title='bbox 720 5166 790 5220; x_wconf 90' lang='lat' dir='ltr'>ab</span> <span class='ocrx_word' id='word_1_802' title='bbox 839 5181 906 5221; x_wconf 92' lang='lat' dir='ltr'>eo</span> <span class='ocrx_word' id='word_1_803' title='bbox 947 5165 1189 5236; x_wconf 86' lang='lat' dir='ltr'>protinus</span> <span class='ocrx_word' id='word_1_804' title='bbox 1237 5167 1502 5222; x_wconf 89' lang='lat' dir='ltr'>audiere:</span> <span class='ocrx_word' id='word_1_805' title='bbox 1558 5167 1813 5225; x_wconf 82' lang='lat' dir='ltr'>Videbam</span> <span class='ocrx_word' id='word_1_806' title='bbox 1916 5170 2157 5240; x_wconf 84' lang='lat' dir='ltr'>propter</span> <span class='ocrx_word' id='word_1_807' title='bbox 2177 5181 2266 5222; x_wconf 85' lang='lat' dir='ltr'>eos</span> <span class='ocrx_word' id='word_1_808' title='bbox 2287 5162 3516 5238; x_wconf 75' lang='lat' dir='ltr'>quihaereditatemcapiuntsalutis(ltebr.i,</span> 
     </span>
    </p>
   </div>
   <div class='ocr_carea' id='block_1_56' title="bbox 220 5250 3515 5328">
    <p class='ocr_par' dir='ltr' id='par_1_56' title="bbox 220 5250 3515 5328">
     <span class='ocr_line' id='line_1_57' title="bbox 220 5250 3515 5328; baseline -0 -22"><span class='ocrx_word' id='word_1_809' title='bbox 220 5251 511 5318; x_wconf 78' lang='lat' dir='ltr'>Satanam,</span> <span class='ocrx_word' id='word_1_810' title='bbox 548 5257 709 5327; x_wconf 75' lang='lat' dir='ltr'>quasi</span> <span class='ocrx_word' id='word_1_811' title='bbox 732 5255 932 5326; x_wconf 84' lang='lat' dir='ltr'>fulgur</span> <span class='ocrx_word' id='word_1_812' title='bbox 961 5256 1028 5310; x_wconf 90' lang='lat' dir='ltr'>de</span> <span class='ocrx_word' id='word_1_813' title='bbox 1066 5256 1200 5311; x_wconf 64' lang='lat' dir='ltr'>caelo</span> <span class='ocrx_word' id='word_1_814' title='bbox 1231 5256 1527 5312; x_wconf 84' lang='lat' dir='ltr'>cadentem</span> <span class='ocrx_word' id='word_1_815' title='bbox 1567 5258 1723 5328; x_wconf 81' lang='lat' dir='ltr'>(Luc.</span> <span class='ocrx_word' id='word_1_816' title='bbox 1756 5273 1810 5324; x_wconf 86' lang='lat' dir='ltr'>x,</span> <span class='ocrx_word' id='word_1_817' title='bbox 1925 5256 2060 5326; x_wconf 69' lang='lat' dir='ltr'>it)?</span> <span class='ocrx_word' id='word_1_818' title='bbox 2092 5255 2171 5310; x_wconf 93' lang='lat' dir='ltr'>De</span> <span class='ocrx_word' id='word_1_819' title='bbox 2204 5255 2406 5328; x_wconf 90' lang='lat' dir='ltr'>quibus</span> <span class='ocrx_word' id='word_1_820' title='bbox 2433 5261 2487 5309; x_wconf 90' lang='lat' dir='ltr'>et</span> <span class='ocrx_word' id='word_1_821' title='bbox 2516 5255 2784 5325; x_wconf 83' lang='lat' dir='ltr'>prepheta</span> <span class='ocrx_word' id='word_1_822' title='bbox 2811 5253 2977 5308; x_wconf 88' lang='lat' dir='ltr'>etiam</span> <span class='ocrx_word' id='word_1_823' title='bbox 3008 5252 3259 5323; x_wconf 87' lang='lat' dir='ltr'>loquitur,</span> <span class='ocrx_word' id='word_1_824' title='bbox 3292 5250 3515 5306; x_wconf 90' lang='lat' dir='ltr'>dicens:</span> 
     </span>
    </p>
   </div>
   <div class='ocr_carea' id='block_1_57' title="bbox 225 5338 3522 5415">
    <p class='ocr_par' dir='ltr' id='par_1_57' title="bbox 225 5338 3522 5415">
     <span class='ocr_line' id='line_1_58' title="bbox 225 5338 3522 5415; baseline 0.001 -22"><span class='ocrx_word' id='word_1_825' title='bbox 225 5343 323 5409; x_wconf 74' lang='lat'>18).</span> <span class='ocrx_word' id='word_1_826' title='bbox 356 5345 539 5397; x_wconf 75' lang='lat' dir='ltr'>Arcus</span> <span class='ocrx_word' id='word_1_827' title='bbox 600 5342 783 5414; x_wconf 87' lang='lat' dir='ltr'>itaque</span> <span class='ocrx_word' id='word_1_828' title='bbox 842 5344 1056 5398; x_wconf 85' lang='lat' dir='ltr'>fortium</span> <span class='ocrx_word' id='word_1_829' title='bbox 1112 5346 1364 5414; x_wconf 88' lang='lat' dir='ltr'>superbia</span> <span class='ocrx_word' id='word_1_830' title='bbox 1409 5352 1493 5400; x_wconf 89' lang='lat' dir='ltr'>est</span> <span class='ocrx_word' id='word_1_831' title='bbox 1537 5345 1816 5415; x_wconf 90' lang='lat' dir='ltr'>spirituum</span> <span class='ocrx_word' id='word_1_832' title='bbox 1926 5345 2105 5400; x_wconf 83' lang='lat' dir='ltr'>Miltia</span> <span class='ocrx_word' id='word_1_833' title='bbox 2130 5344 2811 5400; x_wconf 79' lang='lat' dir='ltr'>miltiummiuistrabant</span> <span class='ocrx_word' id='word_1_834' title='bbox 2828 5344 2879 5398; x_wconf 88' lang='lat' dir='ltr'>ei</span> <span class='ocrx_word' id='word_1_835' title='bbox 2901 5343 3066 5411; x_wconf 86' lang='lat' dir='ltr'>(Dan.</span> <span class='ocrx_word' id='word_1_836' title='bbox 3092 5356 3184 5406; x_wconf 82' lang='lat' dir='ltr'>vn,</span> <span class='ocrx_word' id='word_1_837' title='bbox 3214 5340 3321 5410; x_wconf 78' lang='grc'>40).</span> <span class='ocrx_word' id='word_1_838' title='bbox 3348 5338 3522 5410; x_wconf 86' lang='lat' dir='ltr'>Quasi</span> 
     </span>
    </p>
   </div>
   <div class='ocr_carea' id='block_1_58' title="bbox 225 5429 3523 5505">
    <p class='ocr_par' dir='ltr' id='par_1_58' title="bbox 225 5429 3523 5505">
     <span class='ocr_line' id='line_1_59' title="bbox 225 5429 3523 5505; baseline 0.002 -24"><span class='ocrx_word' id='word_1_839' title='bbox 225 5430 615 5502; x_wconf 81' lang='lat' dir='ltr'>malignorum.</span> <span class='ocrx_word' id='word_1_840' title='bbox 646 5432 911 5488; x_wconf 89' lang='lat' dir='ltr'>Dicuntur</span> <span class='ocrx_word' id='word_1_841' title='bbox 939 5440 1129 5488; x_wconf 88' lang='lat' dir='ltr'>autem</span> <span class='ocrx_word' id='word_1_842' title='bbox 1160 5433 1349 5499; x_wconf 86' lang='lat' dir='ltr'>fortes,</span> <span class='ocrx_word' id='word_1_843' title='bbox 1385 5433 1471 5491; x_wconf 86' lang='lat' dir='ltr'>vel</span> <span class='ocrx_word' id='word_1_844' title='bbox 1501 5433 1626 5505; x_wconf 89' lang='lat' dir='ltr'>quia</span> <span class='ocrx_word' id='word_1_845' title='bbox 1651 5434 1720 5489; x_wconf 91' lang='lat' dir='ltr'>de</span> <span class='ocrx_word' id='word_1_846' title='bbox 1762 5450 1819 5488; x_wconf 90' lang='lat' dir='ltr'>se</span> <span class='ocrx_word' id='word_1_847' title='bbox 1929 5449 2061 5503; x_wconf 89' lang='lat' dir='ltr'>ergo</span> <span class='ocrx_word' id='word_1_848' title='bbox 2092 5433 2235 5489; x_wconf 90' lang='lat' dir='ltr'>dicat</span> <span class='ocrx_word' id='word_1_849' title='bbox 2268 5451 2280 5488; x_wconf 88' lang='lat'><strong>:</strong></span> <span class='ocrx_word' id='word_1_850' title='bbox 2315 5434 2472 5488; x_wconf 87' lang='lat' dir='ltr'>Prius</span> <span class='ocrx_word' id='word_1_851' title='bbox 2503 5448 2599 5488; x_wconf 90' lang='lat' dir='ltr'>vos</span> <span class='ocrx_word' id='word_1_852' title='bbox 2630 5429 2930 5503; x_wconf 86' lang='lat' dir='ltr'>agnoscite,</span> <span class='ocrx_word' id='word_1_853' title='bbox 2965 5437 3019 5483; x_wconf 91' lang='lat' dir='ltr'>et</span> <span class='ocrx_word' id='word_1_854' title='bbox 3046 5429 3125 5485; x_wconf 90' lang='lat' dir='ltr'>sic</span> <span class='ocrx_word' id='word_1_855' title='bbox 3152 5445 3255 5484; x_wconf 90' lang='lat' dir='ltr'>vos</span> <span class='ocrx_word' id='word_1_856' title='bbox 3277 5429 3345 5484; x_wconf 89' lang='lat' dir='ltr'>ad</span> <span class='ocrx_word' id='word_1_857' title='bbox 3393 5430 3523 5486; x_wconf 90' lang='lat' dir='ltr'>alio-</span> 
     </span>
    </p>
   </div>
   <div class='ocr_carea' id='block_1_59' title="bbox 228 5517 3527 5595">
    <p class='ocr_par' dir='ltr' id='par_1_59' title="bbox 228 5517 3527 5595">
     <span class='ocr_line' id='line_1_60' title="bbox 228 5517 3527 5595; baseline 0.001 -25"><span class='ocrx_word' id='word_1_858' title='bbox 228 5534 419 5590; x_wconf 83' lang='lat' dir='ltr'>magna</span> <span class='ocrx_word' id='word_1_859' title='bbox 448 5528 779 5588; x_wconf 68' lang='lat' dir='ltr'>senserunt,</span> <span class='ocrx_word' id='word_1_860' title='bbox 798 5521 885 5577; x_wconf 90' lang='lat' dir='ltr'>vel</span> <span class='ocrx_word' id='word_1_861' title='bbox 918 5522 1062 5593; x_wconf 89' lang='lat' dir='ltr'>quod</span> <span class='ocrx_word' id='word_1_862' title='bbox 1091 5522 1386 5577; x_wconf 89' lang='lat' dir='ltr'>humanum</span> <span class='ocrx_word' id='word_1_863' title='bbox 1410 5539 1583 5595; x_wconf 87' lang='lat' dir='ltr'>genus</span> <span class='ocrx_word' id='word_1_864' title='bbox 1603 5538 1821 5595; x_wconf 86' lang='lat' dir='ltr'>magna-</span> <span class='ocrx_word' id='word_1_865' title='bbox 1931 5538 2053 5577; x_wconf 92' lang='lat' dir='ltr'>rum</span> <span class='ocrx_word' id='word_1_866' title='bbox 2083 5521 2317 5577; x_wconf 85' lang='lat' dir='ltr'>salutem</span> <span class='ocrx_word' id='word_1_867' title='bbox 2348 5528 2674 5593; x_wconf 73' lang='lat' dir='ltr'>praeparate,</span> <span class='ocrx_word' id='word_1_868' title='bbox 2709 5519 2834 5589; x_wconf 89' lang='lat' dir='ltr'>quia</span> <span class='ocrx_word' id='word_1_869' title='bbox 2889 5518 3088 5574; x_wconf 90' lang='lat' dir='ltr'>bonum</span> <span class='ocrx_word' id='word_1_870' title='bbox 3124 5517 3527 5590; x_wconf 71' lang='lat' dir='ltr'>praedicationis</span> 
     </span>
    </p>
   </div>
   <div class='ocr_carea' id='block_1_60' title="bbox 232 5606 3529 5684">
    <p class='ocr_par' dir='ltr' id='par_1_60' title="bbox 232 5606 3529 5684">
     <span class='ocr_line' id='line_1_61' title="bbox 232 5606 3529 5684; baseline 0.001 -23"><span class='ocrx_word' id='word_1_871' title='bbox 232 5621 348 5661; x_wconf 85' lang='lat' dir='ltr'>ram</span> <span class='ocrx_word' id='word_1_872' title='bbox 379 5608 743 5668; x_wconf 86' lang='lat' dir='ltr'>tentationum</span> <span class='ocrx_word' id='word_1_873' title='bbox 767 5608 975 5681; x_wconf 90' lang='lat' dir='ltr'>impetu</span> <span class='ocrx_word' id='word_1_874' title='bbox 996 5611 1232 5668; x_wconf 84' lang='lat' dir='ltr'>vincant.</span> <span class='ocrx_word' id='word_1_875' title='bbox 1265 5610 1437 5681; x_wconf 87' lang='lat' dir='ltr'>Quem</span> <span class='ocrx_word' id='word_1_876' title='bbox 1468 5610 1714 5684; x_wconf 89' lang='lat' dir='ltr'>profecto</span> <span class='ocrx_word' id='word_1_877' title='bbox 1729 5626 1823 5666; x_wconf 86' lang='lat' dir='ltr'>ar-</span> <span class='ocrx_word' id='word_1_878' title='bbox 1934 5619 2062 5668; x_wconf 92' lang='lat' dir='ltr'>tunc</span> <span class='ocrx_word' id='word_1_879' title='bbox 2095 5611 2232 5668; x_wconf 89' lang='lat' dir='ltr'>bene</span> <span class='ocrx_word' id='word_1_880' title='bbox 2262 5609 2534 5682; x_wconf 88' lang='lat' dir='ltr'>impletur,</span> <span class='ocrx_word' id='word_1_881' title='bbox 2567 5622 2692 5665; x_wconf 89' lang='lat' dir='ltr'>cum</span> <span class='ocrx_word' id='word_1_882' title='bbox 2722 5607 3046 5678; x_wconf 61' lang='lat' dir='ltr'>pradicator</span> <span class='ocrx_word' id='word_1_883' title='bbox 3074 5606 3168 5681; x_wconf 91' lang='lat' dir='ltr'>qui</span> <span class='ocrx_word' id='word_1_884' title='bbox 3198 5607 3444 5664; x_wconf 89' lang='lat' dir='ltr'>sublimis</span> <span class='ocrx_word' id='word_1_885' title='bbox 3476 5615 3529 5665; x_wconf 88' lang='lat' dir='ltr'>et</span> 
     </span>
    </p>
   </div>
  </div>
