4062 6182
504 380 571 434 83
1709 368 1955 427 SANCTI
1985 368 2330 427 GREGORII
2362 372 2589 429 MAGNI
3730 369 3801 425 84

507 500 678 557 verbo
706 498 929 555 humilis
958 515 1076 554 esse
1104 497 1298 569 satagit
1330 496 1651 552 ministerio.
1682 495 1787 551 Sed
1820 496 1947 566 quia
1997 509 2092 548 sua
2122 492 2179 555 A
2199 495 2487 567 judicium.
2515 498 2626 555 sibi
2653 499 2966 556 manducat
2998 501 3052 556 et
3079 500 3234 556 bibit.
3257 499 3359 568 Qui
3384 514 3519 572 ergo
3557 496 3801 569 quotidie

507 590 711 661 perbos
740 597 791 645 et
820 597 1135 660 arrogantes
1181 588 1565 659 praedicatores
1608 584 1879 658 loquendo
1920 586 2100 641 redar-

505 678 645 750 guit,
679 678 880 743 subdit,
914 678 1100 734 dicens
1134 695 1146 730 :

579 768 759 836 (Vers.
794 768 870 837 5.)
904 768 1120 838 Repleti
1147 767 1309 838 prius
1348 781 1454 837 pro
1501 764 1742 838 panibus
1788 780 1845 821 se
1893 764 2100 820 locave-

508 860 669 923 runt,
702 860 758 911 et
787 856 1041 927 famelici
1071 855 1321 910 saturati
1351 862 1508 910 sunt.

581 946 668 999 13.
702 944 914 1015 Repleti
945 944 1096 1015 prius
1125 943 1204 998 illi
1233 951 1358 997 sunt
1382 942 1489 1014 qui,
1523 943 1651 997 dum
1683 941 1913 997 tumoris
1949 941 2101 997 cibos

511 1033 566 1087 in
596 1034 790 1087 mentis
837 1033 1136 1088 refectione
1178 1032 1496 1101 suscipiunt.
1528 1030 1752 1086 delicias
1796 1037 2100 1086 sanctarum

509 1122 785 1187 virtutum,
820 1120 964 1177 velut
993 1120 1116 1178 cibo
1141 1121 1258 1191 jam
1287 1121 1453 1192 pleni,
1486 1135 1684 1190 capere
1713 1135 1821 1173 non
1855 1125 2097 1189 possunt.

510 1210 615 1265 Sed
648 1218 827 1265 tamen
857 1226 959 1279 pro
990 1210 1221 1281 panibus
1253 1226 1312 1265 se
1342 1210 1540 1277 locant,
1572 1208 1700 1279 quia
1729 1207 1784 1262 in
1812 1207 2101 1277 Scripturis

507 1315 642 1370 quas
688 1299 995 1369 intelligunt
1036 1299 1194 1367 juxta
1242 1297 1671 1369 magnitudinem
1716 1295 1999 1367 sapientiae
2041 1311 2101 1349 se

506 1386 786 1459 percipere
835 1387 1135 1459 spiritualia
1182 1403 1403 1442 munera
1449 1386 1703 1441 virtutum
1750 1389 1957 1454 putant.
1994 1384 2099 1439 Sed

507 1476 742 1530 saturari
770 1484 1066 1547 nequeunt,
1102 1476 1230 1548 quia
1260 1475 1551 1545 repletioni
1600 1473 1923 1546 arrogantiae
1957 1473 2101 1528 dona

507 1566 679 1620 sancti
727 1565 957 1636 Spiritus
1005 1565 1204 1620 addere
1266 1579 1614 1635 nequaquam
1682 1570 1929 1633 possunt.
1978 1563 2100 1631 Ipse

505 1669 741 1722 namque
760 1656 1000 1724 spiritus
1015 1654 1333 1726 disciplinae
1349 1653 1545 1724 effugit
1563 1653 1781 1720 licium,
1798 1656 1854 1706 et
1872 1667 1988 1706 non
2005 1652 2102 1706 ha-

505 1742 650 1798 bitat
670 1742 731 1797 in
748 1758 976 1815 corpore
994 1744 1163 1814 pleno
1178 1743 1426 1815 peccat-is
1446 1742 1597 1811 (Sap.
1622 1757 1658 1804 1,
1682 1741 1755 1808 5).
1777 1740 1914 1795 Hinc
1935 1741 2096 1794 etiam

2208 584 2592 658 delinquimus,
2626 588 2863 658 quotidie
2893 589 2962 643 ad
2989 589 3321 660 pmnitentiae
3345 589 3579 643 lamenta
3604 600 3800 642 curra-

2210 692 2347 745 mus,
2382 677 2509 748 quia
2538 677 2654 748 ipsa
2687 678 2804 733 sola
2832 678 3000 734 virtus
3028 686 3080 733 et
3110 694 3237 750 quae
3284 687 3514 733 evacuat
3550 676 3691 749 quod
3742 676 3806 728 in

2209 771 2401 819 ventre
2434 766 2631 820 animae
2656 767 2813 838 culpa
2844 766 3132 822 coadunat.
3166 767 3235 821 Et
3262 774 3388 821 tunc
3406 782 3531 820 vere
3562 762 3805 819 famelici

2212 862 2543 919 saturantur,
2572 854 2701 925 quia
2731 872 2837 926 quo
2867 856 3159 910 studiosius
3187 855 3519 910 mundamur
3562 853 3803 907 lamento

2212 943 2562 1012 poenitentiae,
2596 960 2662 999 eo
2693 944 3000 1000 uberiorem
3032 943 3443 1016 divinaegratiaa
3464 942 3699 997 fructum
3717 955 3808 994 re-

2210 1031 2440 1102 cipimus
2470 1032 2524 1086 in
2551 1033 2778 1103 spiritali
2810 1032 3119 1088 refectione.
3152 1034 3288 1100 Quae
3323 1031 3573 1086 nimirum
3601 1031 3805 1086 electo-

2209 1135 2328 1174 rum
2358 1122 2632 1188 saturitas,
2667 1122 2793 1192 quia
2821 1138 2992 1193 usque
3021 1122 3077 1177 in
3107 1121 3291 1176 mundi
3338 1119 3502 1176 finem
3547 1118 3803 1175 extendi-

2210 1217 2314 1277 tur,
2346 1209 2550 1275 subliit,
2579 1219 2739 1282 atque
2770 1211 2841 1266 ait
2870 1231 2882 1267 :

2283 1300 2458 1367 (Vers.
2492 1300 2572 1371 5.)
2626 1301 2810 1357 Donec
2857 1300 3074 1356 sterilis
3132 1301 3349 1372 peperit
3406 1298 3702 1370 plurimos,
3740 1300 3801 1352 et

2208 1405 2331 1460 qua:
2360 1388 2573 1444 multos
2606 1389 2840 1445 habebat
2871 1390 3018 1458 ﬁlios
3047 1390 3343 1458 inﬁrmata
3373 1393 3478 1444 est.

2284 1481 2367 1532 15.
2403 1477 2546 1546 Quae
2577 1479 2758 1547 itaque
2790 1479 2952 1550 hujus
2983 1477 3350 1549 appellatione
3381 1475 3585 1532 sterilis
3620 1475 3807 1547 signa-

2211 1571 2311 1632 tur,
2345 1566 2452 1621 nisi
2483 1567 2552 1622 de
2618 1584 2721 1639 qua
2771 1583 2835 1622 ea
2868 1567 3063 1622 Paulus
3111 1567 3368 1637 loquitur,
3400 1564 3587 1621 dicens
3622 1580 3634 1618 :
3669 1563 3805 1630 Quae

2208 1672 2435 1711 sursum
2457 1660 2541 1711 est
2565 1655 2884 1712 Jerusalem
2923 1657 3096 1712 libera
3112 1661 3352 1729 est,qure
3388 1658 3573 1709 mater
3602 1658 3803 1707 nostra

2208 1749 2292 1800 est
2312 1746 2525 1815 (Calai.
2544 1760 2619 1810 tv,
2638 1748 2727 1812 26,
2742 1745 2832 1813 27)
2851 1746 2877 1797 ‘?
2899 1745 3051 1802 Unde
3068 1754 3121 1799 et
3138 1746 3296 1815 paulo
3314 1743 3595 1815 postlsaia:
3614 1739 3802 1796 vatici-

507 1830 769 1901 scriptum
799 1839 880 1885 est
902 1846 913 1884 ε
933 1832 1078 1887 Deus
1096 1831 1347 1901 superbis
1386 1829 1624 1894 resistit,
1654 1827 1964 1884 humilibus
1988 1845 2098 1883 au-
2126 1846 2182 1907 Β
2214 1832 2360 1887 nium
2383 1833 2430 1887 ei
2460 1834 2745 1904 coaptavit,
2766 1834 2954 1890 dicens
2981 1854 2991 1888 :
3015 1835 3301 1907 Scriptum
3323 1836 3409 1889 est
3438 1832 3591 1887 enim
3626 1850 3644 1885 :
3676 1831 3799 1885 Lce-

505 1924 619 1974 tem
636 1920 736 1975 dat
760 1923 1008 1991 gratiam
1039 1921 1085 1989 (1
1106 1922 1226 1975 Pet.
1255 1937 1307 1988 v,
1332 1921 1407 1989 ὃ).
1429 1920 1647 1973 Frustra
1687 1934 1820 1991 ergo
1855 1935 1974 1989 quae
2003 1919 2103 1973 Dei

506 2016 632 2061 sunt
652 2008 897 2079 accipere
919 2009 1175 2079 gestiunt,
1204 2007 1369 2077 quiin
1388 2023 1453 2061 eo
1476 2007 1617 2077 quod
1638 2008 1962 2076 superbiunt
1982 2007 2097 2060 lar-

501 2097 740 2171 gitorem
761 2114 1043 2153 munerum
1067 2097 1171 2150 sibi
1189 2097 1574 2151 adversantem
1597 2097 1842 2150 reddunt.
1862 2096 2099 2151 Saturari

503 2208 637 2265 ergo
668 2195 960 2259 nequeunt,
981 2187 1114 2258 quia
1146 2200 1373 2240 munera
1411 2185 1765 2256 spiritualium
1799 2186 2098 2257 gratiarum

500 2297 610 2337 non
643 2279 709 2335 ad
741 2278 1045 2349 piscuntur.
1079 2274 1183 2344 Qui
1217 2290 1348 2330 vero
1376 2274 1891 2339 suntfamelici,nisi
1913 2289 1943 2329 a
1965 2274 2100 2329 cibis

502 2371 756 2425 vitiorum
805 2366 985 2431 vacui,
1034 2380 1068 2418 a
1117 2371 1327 2417 tumere
1374 2362 1596 2434 jujuni?
1642 2362 1899 2417 Famelici
1962 2378 2098 2431 ergo

503 2457 732 2514 saturati
760 2463 906 2521 sunt,
941 2452 1067 2524 quia
1092 2453 1264 2507 sancti
1298 2452 1397 2505 viri
1428 2450 1750 2505 humilitatis
1779 2466 1903 2506 arce
1949 2468 2098 2520 prae-

502 2548 625 2614 diti,
660 2546 793 2600 dum
819 2543 888 2597 de
917 2558 976 2595 se
1007 2540 1115 2595 alta
1132 2556 1242 2595 non
1260 2540 1526 2607 sentiunt,
1552 2539 1661 2593 alta
1676 2540 1934 2593 virtutum
1957 2541 2097 2595 dona

501 2639 906 2706 promerentur.
950 2630 1095 2685 Nam
1140 2644 1238 2697 per
1284 2627 1601 2682 humilitatis
1666 2628 1888 2694 bonum,
1932 2628 2100 2683 sancti

503 2722 707 2794 Spiritu
736 2720 895 2775 sedes
924 2717 1077 2784 ﬁunt,
1111 2733 1268 2788 quem
1301 2717 1428 2771 dum
1460 2717 1516 2770 in
1545 2732 1604 2771 se
1632 2726 1943 2773 manentem
1970 2718 2101 2772 reci-

503 2811 680 2883 piunt,
712 2809 828 2878 ejus
856 2806 1013 2862 donis
1039 2805 1252 2877 plenius
1284 2805 1577 2875 replentur.
1598 2806 1748 2861 Unde
1775 2815 1827 2860 et
1852 2822 1950 2876 per
1971 2806 2100 2861 Pro-

502 2900 729 2971 phetam
754 2896 1016 2952 Dominus
1034 2894 1165 2950 dicit
1190 2910 1201 2947 :
1223 2895 1403 2966 Super
1423 2910 1585 2966 quem
1606 2897 1907 2966 requiescit
1932 2898 2103 2967 spiri-

507 2994 597 3044 tus
616 3003 796 3052 meus,
819 2987 935 3041 nisi
971 3000 1142 3056 super
1177 2984 1473 3052 humilem,
1497 2986 1554 3038 et
1583 2985 1858 3054 quietum,
1891 2988 1945 3041 et
1979 2988 2098 3040 tre-

501 3081 753 3134 mentem
782 3090 1068 3131 sermones
1096 3088 1244 3129 meos
1273 3075 1404 3144 (Isa.
1437 3089 1586 3142 vai,
1620 3076 1670 3143 2)
1693 3075 1721 3126 ‘?
1757 3074 1920 3129 Valde
1964 3090 2096 3146 ergo

503 3172 820 3220 saturantur
866 3162 1124 3229 famelici,
1176 3162 1306 3233 quia
1348 3162 1403 3216 in
1452 3162 1718 3217 donorum
1765 3162 2098 3233 plenitudine

507 3270 673 3325 super
701 3251 936 3307 humiles
964 3259 1181 3306 sanctus
1212 3250 1440 3322 Spiritus
1468 3252 1777 3322 requiescit.

581 3345 668 3398 ll.
705 3340 865 3410 Quod
895 3349 1077 3395 tamen
1110 3348 1298 3394 contra
1345 3338 1692 3410 negligentes
1735 3339 1874 3396 sacri
1923 3340 2102 3395 altaris

506 3431 792 3487 ministros
820 3437 981 3500 atque
1010 3428 1247 3484 audaces
1276 3428 1529 3483 dominici
1559 3428 1806 3500 corporis
1832 3438 2103 3499 suscepto-

507 3545 594 3584 res
639 3528 745 3582 dici
788 3543 897 3582 non
934 3523 1385 3580 incoavenienter
1448 3528 1653 3595 potest.
1705 3525 1914 3596 Repleti
1974 3541 2102 3580 vero

506 3617 657 3688 prius
684 3619 833 3681 sunt,
868 3614 1231 3684 vitiorumque
1260 3612 1382 3667 cibo
1404 3613 1644 3677 saturati,
1679 3614 1769 3684 qui
1817 3630 1914 3682 pro
1961 3630 2101 3684 pane

510 3721 571 3761 se
599 3705 799 3770 locant,
832 3703 959 3774 quia
989 3717 1191 3772 corpus
1220 3701 1285 3755 ad
1318 3702 1725 3771 susceptionem
1756 3703 2103 3758 Eucharistize

510 3801 845 3866 praeparent.
886 3790 991 3860 Qui
1022 3791 1277 3845 nimirum
1311 3791 1620 3856 comedunt,
1655 3799 1705 3847 et
1735 3791 1963 3846 saturari
1993 3808 2100 3847 non

510 3889 756 3952 possunt,
793 3881 918 3951 quia
946 3881 1047 3935 etsi
1078 3887 1475 3935 sacramentum
1502 3896 1596 3935 ore
1632 3880 1956 3951 percipiunt,
1988 3882 2102 3936 vir-

508 3978 621 4026 tute
662 3969 993 4026 sacramenti
1051 3984 1393 4040 nequaquam
1454 3970 1756 4039 replentur.
1808 3973 1851 4024 Α
1909 3971 2101 4026 virtute

507 4074 640 4129 ergo
671 4058 762 4112 illa
790 4056 1112 4112 sacramenti
1141 4056 1264 4112 ideo
1279 4056 1546 4125 jejunant,
1574 4058 1701 4128 quia
1729 4058 1885 4129 prius
1914 4058 2101 4129 repleti

508 4148 736 4203 fuerant.
788 4146 988 4201 Salutis
1035 4145 1237 4217 quippe
1271 4145 1504 4201 fructum
1542 4162 1650 4201 non
1695 4146 2002 4216 percipiunt
2042 4148 2098 4199 in

508 4236 842 4293 comestione
868 4234 1116 4289 salutaris
1148 4235 1356 4297 hostiae,
1389 4234 1479 4303 qui
1510 4251 1574 4289 ea
1602 4236 1796 4304 quibus
1825 4251 1881 4289 se
1918 4234 2103 4305 repla-

506 4334 696 4381 vcrant
720 4323 924 4395 ﬂagitia
956 4331 1173 4393 portant
1196 4322 1251 4376 in
1282 4331 1487 4377 mente.
1526 4324 1646 4378 Non
1676 4332 1976 4377 saturantur
2004 4340 2098 4378 er-

506 4430 599 4485 go,
634 4414 740 4468 nisi
780 4413 1041 4478 famelici,
1076 4412 1204 4482 quia
1250 4427 1281 4465 a
1321 4410 1469 4465 vitiis
1516 4410 1751 4481 perfecte
1792 4411 2099 4480 jejunantes

505 4503 688 4558 divina
717 4504 1063 4556 sacramenta
1092 4498 1398 4569 percipiunt
1424 4499 1476 4552 in
1507 4499 1839 4569 plenitudine
1868 4500 2090 4556 virtutis.
2118 4540 2179 4607 Β

504 4592 574 4645 Et
603 4592 728 4662 quia
755 4590 874 4643 sine
906 4593 1133 4658 peccato
1163 4587 1321 4642 electi
1351 4587 1513 4642 etiam
1544 4588 1643 4644 viri
1673 4604 1797 4644 esse
1826 4605 1934 4644 non
1962 4605 2093 4662 pos-

506 4687 651 4745 sunt,
684 4678 814 4747 quid
845 4684 1032 4741 restat,
1064 4675 1167 4729 nisi
1195 4686 1245 4729 ut
1276 4692 1307 4730 a
1339 4675 1573 4746 peccatis
1620 4677 1816 4748 quibus
1857 4694 1950 4734 eos
1996 4681 2099 4733 hu-

504 4783 665 4821 mana
692 4765 963 4838 fragilitas
993 4765 1270 4820 maculare
1301 4780 1406 4821 non
1436 4765 1640 4822 desinit
1669 4768 1919 4822 evacuari
1966 4783 2098 4837 quo-

502 4856 636 4911 tidie
690 4855 995 4910 conentur?
1042 4853 1178 4907 Nam
1238 4853 1334 4927 qui
1389 4854 1628 4926 quotidie
1683 4871 1790 4911 non
1848 4856 2101 4910 exhaurit

503 4944 652 5018 quod
710 4942 993 5012 delinquit,
1050 4942 1149 4997 etsi
1203 4942 1429 4997 minima
1485 4951 1608 4998 sunt
1680 4952 1903 5013 peccata
1976 4960 2097 5014 quae

502 5033 773 5106 congerit,
808 5030 1066 5103 paulatim
1096 5030 1277 5086 anima
1318 5032 1572 5102 repletur,
1601 5039 1759 5105 atque
1806 5031 1856 5088 ei
1904 5032 2096 5087 merito

501 5121 751 5178 auferunt
780 5121 1014 5177 fructum
1068 5119 1293 5177 interna:
1335 5120 1606 5177 saturatis.
1641 5122 1754 5177 Hac
1798 5119 2095 5192 repletioue

500 5227 601 5267 nos
618 5224 879 5267 evacuare
912 5210 1112 5264 Paulus
1141 5210 1447 5277 insinuans,
1479 5211 1552 5265 ait
1585 5224 1596 5263 :
1629 5211 1823 5266 Probet
1846 5213 2093 5281 seipsum

503 5300 682 5365 homo,
716 5304 772 5357 ct
789 5299 869 5356 sic
893 5300 959 5355 de
995 5314 1143 5371 pane
1183 5299 1285 5354 illo
1315 5298 1466 5362 edat,
1486 5303 1541 5353 et
1572 5298 1640 5353 de
1673 5300 1847 5354 calice
1880 5300 2029 5355 bibat
2049 5302 2099 5368 (ι

503 5387 626 5443 Cor.
659 5403 735 5454 ιι,
765 5389 883 5458 28).
927 5386 1072 5456 Quid
1101 5387 1247 5441 enim
1279 5394 1362 5441 est
1389 5386 1496 5441 hoc
1541 5387 1662 5442 loco
1693 5387 1801 5455 60
1833 5387 2088 5457 probare,

496 5474 618 5541 nisi,
647 5483 908 5531 evacuata
932 5482 1277 5547 peccatorum
1310 5474 1566 5546 nequitia,
1603 5490 1662 5529 se
1696 5475 1979 5546 probatum
2020 5476 2091 5530 ad

498 5561 825 5618 dominicam
854 5579 1118 5629 mensam,
1150 5572 1204 5619 et
1233 5579 1430 5635 qurum
1460 5562 1712 5618 exhibere
1732 5563 1760 5617 ?
1780 5562 1847 5618 de
1868 5564 2089 5634 repletis

492 5650 658 5709 etiam
686 5651 853 5711 sublit
884 5669 898 5709 :
936 5653 1039 5722 Qui
1058 5655 1214 5710 enim
1239 5653 1549 5711 manducet
1576 5655 1633 5710 et
1662 5650 1801 5709 bibit
1828 5653 2079 5727 indigne,

2212 1924 2586 1989 tare,stcrilis
2607 1939 2728 1993 qua:
2747 1939 2860 1977 non
2888 1925 3076 1995 paris;
3102 1938 3332 1994 erumpe
3366 1926 3423 1977 et
3451 1921 3658 1983 clama,
3678 1935 3803 1991 qua:

2208 2028 2323 2066 non
2345 2014 2620 2083 parturis,
2638 2014 2770 2082 quia
2792 2012 2963 2068 multi
2983 2012 3092 2080 ﬁlii
3114 2012 3347 2068 desertae
3364 2010 3543 2081 magis
3560 2025 3728 2080 quam
3749 2007 3803 2062 ei

2210 2116 2331 2172 quae
2359 2100 2523 2155 habet
2553 2098 2741 2155 virum
2767 2102 2892 2169 (Isa.
2926 2116 3035 2167 LIV,
3057 2104 3130 2170 1).
3152 2100 3256 2154 Sed
3276 2098 3550 2169 quomodo
3579 2098 3803 2151 Jerusa-

2210 2189 2317 2242 lem
2369 2189 2558 2253 sterili,
2591 2188 2872 2244 beatorum
2900 2188 3103 2245 scilicet
3130 2189 3457 2259 angelorum
3490 2194 3673 2240 sancta
3707 2199 3805 2239 so-

2210 2276 2403 2340 cietas,
2437 2277 2753 2349 inteligitur,
2786 2294 2909 2332 cum
2939 2279 3095 2345 juxta
3124 2276 3274 2334 vocis
3305 2292 3416 2330 suae
3433 2273 3803 2347 signiﬁcatum

2211 2365 2277 2419 de
2306 2376 2509 2420 aeterna
2540 2368 2689 2437 pacis
2719 2366 2923 2421 visione
2952 2366 3177 2435 perenni
3205 2367 3410 2436 gaudio
3440 2366 3507 2419 sit
3527 2362 3804 2418 facunda?

2209 2455 2317 2509 Sed
2347 2455 2393 2509 si
2423 2464 2593 2510 mater
2621 2463 2708 2510 est
2736 2455 3025 2511 electorum
3058 2454 3365 2520 hominum,
3400 2453 3596 2509 sterilis
3626 2451 3805 2523 profe-

2210 2552 2296 2599 cto
2328 2552 2437 2599 erat
2469 2560 2582 2615 quo
2614 2544 2685 2600 do
2716 2546 3010 2600 humanum
3041 2560 3215 2614 genus
3243 2543 3297 2598 in
3343 2543 3483 2598 alam
3530 2542 3794 2613 perierat.

2213 2634 2366 2688 Velut
2396 2634 2539 2687 enim
2570 2634 2835 2703 parturire
2866 2649 2975 2688 non
3021 2636 3210 2704 potuit,
3236 2649 3365 2689 cum
3412 2647 3536 2687 eum
3588 2631 3643 2684 in
3692 2644 3800 2701 quo

2210 2721 2555 2777 fecunditatis
2584 2739 2697 2778 sua:
2726 2723 3024 2778 extendere
3054 2722 3235 2777 sinum
3264 2722 3448 2776 debuit
3477 2720 3615 2791 lapsi
3646 2719 3803 2789 spiri-

2209 2820 2299 2866 tus
2328 2812 2665 2866 suasionibus
2695 2811 2907 2867 amittit.
2941 2812 3159 2866 Tandiu
3203 2811 3557 2883 accinguntur
3603 2806 3805 2862 inﬁrmi

2208 2902 2384 2957 donec
2413 2901 2623 2955 sterelis
2652 2902 2857 2972 pariat,
2886 2902 3011 2972 quia
3038 2900 3353 2973 angelorum
3387 2898 3670 2953 humilium
3699 2913 3803 2951 va-

2208 2991 2319 3045 lido
2345 2989 2642 3045 ministerio
2672 3006 2736 3045 eo
2766 3007 2937 3062 usque
2968 2990 3299 3060 indigemur,
3329 2989 3502 3043 donec
3540 2994 3805 3059 quotquot

2208 3079 2279 3133 ad
2304 3079 2476 3133 vitam
2508 3079 2875 3149 praadestmati
2908 3088 3032 3133 sunt
3054 3079 3121 3133 de
3146 3080 3381 3132 humano
3397 3090 3807 3148 genere,usque

2210 3167 2264 3221 in
2306 3168 2490 3223 mundi
2514 3166 2673 3221 ﬁnem
2693 3168 3040 3240 colligantur.
3067 3169 3249 3223 Μϋιεί
3266 3182 3501 3237 namque
3524 3166 3690 3222 Filios
3712 3164 3807 3220 ho-

2214 3256 2389 3312 minis
2402 3259 2625 3329 angelos
2644 3273 2793 3322 suos,
2808 3257 3142 3327 etcolligent
3160 3257 3809 3326 electossuosaquatuor

2210 3348 2396 3402 ventis
2412 3346 2635 3413 (Matth.
2662 3361 2813 3413 xxiv,
2836 3349 2894 3399 3t
2928 3360 2941 3414 ;
2966 3347 3133 3401 Marc.
3157 3362 3271 3410 xm,
3292 3348 3405 3414 27).
3425 3343 3509 3399 Ad
3530 3359 3622 3398 eos
3638 3358 3801 3397 nam-

2211 3451 2315 3505 que
2345 3435 2685 3506 colligendos
2715 3443 2839 3489 tunc
2869 3434 3116 3489 mittendi
3163 3440 3306 3499 sunt,
3337 3433 3391 3486 in
3436 3448 3668 3503 quorum
3717 3446 3804 3485 sa-

2211 3522 2323 3578 lute
2353 3524 2595 3594 quotidie
2623 3524 2922 3589 mittuntur,
2957 3522 3081 3593 quia
3109 3522 3179 3577 ad
3222 3536 3453 3594 regnum
3500 3535 3607 3575 non
3651 3518 3805 3575 colli-

2210 3621 2361 3684 gent,
2396 3613 2495 3665 nisi
2527 3612 2731 3682 quibus
2760 3628 2857 3681 per
2886 3612 3053 3667 robur
3098 3611 3453 3667 accinctionis
3496 3626 3609 3664 sua:
3654 3623 3805 3663 nunc

2211 3700 2545 3769 adjutorium
2577 3700 2842 3772 praebent.
2875 3702 3055 3771 Usque
3100 3701 3258 3756 etiam
3304 3699 3357 3753 in
3406 3699 3590 3753 mundi
3638 3694 3804 3751 tinem

2211 3788 2449 3845 famelici
2481 3798 2807 3845 saturantur.
2842 3790 2950 3846 Sed
2981 3799 3033 3844 et
3062 3790 3200 3845 bene
3241 3788 3501 3860 plurimos
3538 3788 3652 3840 haec
3684 3793 3802 3839 ste-

2213 3879 2328 3934 rilis
2371 3895 2564 3949 parere
2611 3880 2824 3945 dicitur,
2872 3896 2976 3949 qua
3024 3895 3131 3934 non
3174 3893 3366 3933 omnes
3410 3875 3671 3941 homines,
3703 3874 3802 3928 sed

2212 3968 2371 4023 electi
2418 3968 2759 4024 solummodo
2810 3969 2876 4024 ad
2922 3976 3127 4022 teterna
3169 3967 3370 4039 gaudia
3416 3965 3802 4037 perducuntur.

2210 4060 2346 4128 Apte
2396 4057 2560 4129 igitur
2603 4058 2765 4111 etiam
2815 4073 3007 4127 parere
3053 4057 3269 4124 dicitur,
3303 4054 3429 4125 quia
3477 4052 3803 4124 angelorum

2211 4146 2508 4200 ministerio
2559 4147 2788 4201 docemu
2842 4162 3075 4217 superna
3130 4154 3332 4215 petere,
3383 4152 3438 4198 ut
3475 4142 3544 4197 ad
3611 4155 3801 4195 eorum

2212 4234 2492 4289 valeamus
2518 4234 2662 4290 bona
2685 4235 2997 4304 pervenire.
3029 4234 3137 4290 Sed
3167 4250 3289 4290 cum
3321 4234 3435 4288 baic
3465 4230 3669 4286 sterilis
3700 4244 3801 4300 pa—

2207 4324 2294 4389 rit,
2330 4340 2395 4378 ea
2438 4340 2555 4393 quia
2608 4325 2807 4379 multos
2850 4323 3085 4379 habebat
3132 4321 3276 4378 ﬁlios
3320 4320 3637 4384 inﬁrmatur,
3671 4317 3802 4389 quia

2208 4428 2314 4481 quo
2333 4413 2580 4483 pleniora
2608 4414 2758 4469 lucra
2777 4413 3075 4467 electorum
3100 4428 3196 4483 per
3210 4411 3532 4483 angelorum
3549 4407 3800 4462 ministe-

2208 4502 2284 4555 ria
2316 4517 2552 4571 superna
2582 4518 2750 4573 regna
2782 4501 3107 4572 percipiunt,
3142 4500 3301 4569 hujus
3348 4496 3654 4569 Babylonia:
3703 4493 3801 4548 lilii

2212 4590 2547 4646 minuuntur.
2600 4592 2757 4646 Velut
2808 4590 2950 4645 enim
2999 4588 3212 4643 inﬁrma
3257 4591 3309 4642 in
3351 4596 3507 4658 partu
3556 4600 3654 4640 suo
3698 4589 3797 4648 est,

2213 4697 2331 4753 quae
2362 4680 2669 4736 inordinato
2701 4696 2886 4735 amore
2917 4696 3093 4733 rerum
3119 4678 3527 4741 transeuntium,
3565 4679 3622 4728 ut
3638 4671 3796 4738 solet,

2209 4769 2351 4824 ﬁlios
2379 4769 2606 4839 gignere
2638 4784 2983 4838 nequaquam
3016 4775 3210 4837 potest.
3241 4766 3451 4836 Ubique
3500 4763 3644 4818 enim
3680 4761 3801 4830 jam

2206 4859 2451 4912 ctelestia
2480 4872 2652 4928 regna
2680 4858 2999 4927 praedicant,
3030 4872 3149 4927 quae
3180 4855 3426 4926 profecto
3470 4854 3596 4908 dum
3653 4849 3798 4905 ﬁde-

2209 4945 2339 5000 lium
2383 4953 2594 5000 mentes
2634 4946 2814 5019 audita
2861 4945 3111 5017 diligunt,
3154 4942 3278 4998 dum
3324 4960 3389 4998 ca
3430 4942 3592 4997 etiam
3640 4938 3800 4993 bonis

2205 5034 2451 5088 moribus
2497 5033 2795 5103 inquirunt,
2848 5034 2968 5089 velu
3020 5034 3075 5087 in
3136 5041 3288 5103 partu
3347 5048 3446 5086 suo
3504 5028 3800 5099 Babylonia

2203 5122 2504 5193 stringitur,
2539 5123 2663 5192 quia
2687 5131 2862 5178 mater
2892 5129 3081 5176 nostra
3107 5121 3404 5175 Jerusalem
3444 5134 3538 5174 eos
3568 5134 3667 5188 per
3696 5131 3795 5171 or-

2204 5212 2324 5266 bem
2361 5213 2476 5266 Deo
2508 5211 2724 5282 paturit,
2758 5226 2900 5282 quos
2930 5209 3024 5265 illa
3072 5210 3222 5280 lapso
3268 5208 3593 5278 perditionis
3642 5213 3797 5262 utero

2202 5318 2396 5372 parere
2421 5302 2692 5371 gehennae
2721 5300 3018 5354 consuevit.
3052 5297 3298 5366 Quorum
3330 5304 3511 5351 tamen
3526 5294 3795 5352 accincto-

2201 5406 2318 5445 rum
2379 5390 2549 5444 robur
2586 5406 2694 5444 non
2743 5388 2891 5459 ipsis,
2922 5388 3015 5443 sed
3072 5387 3122 5442 ei
3184 5402 3215 5441 a
3275 5403 3380 5457 quo
3432 5385 3798 5457 accinguntur

2199 5478 2507 5534 ascribitur.
2545 5479 2679 5548 Apte
2709 5477 2890 5546 itaque
2912 5475 3157 5529 subditur
3187 5493 3198 5529 :

2270 5568 2451 5634 (Vers.
2483 5565 2564 5638 6.)
2595 5567 2864 5622 Dominus
2894 5563 3221 5632 mortiﬁcat,
3255 5568 3311 5619 et
3344 5564 3607 5633 viviﬁcat.

2266 5659 2352 5711 16.
2389 5656 2447 5709 ιιι
2475 5654 2673 5726 quibus
2701 5651 2944 5725 profecto
2973 5652 3151 5710 verbis
3180 5652 3344 5709 etiam
3365 5653 3496 5710 ordo
3512 5654 3791 5711 notandus
