4062 6182
242 326 302 379 85
1030 324 1104 379 ΙΝ
1135 322 1404 379 PRIMUM
1432 323 1733 382 REGNUM
1764 324 1800 379 Ε

1910 321 2299 379 OSITIONES.
2334 353 2405 363 —
2434 323 2561 379 LIB.
2594 323 2664 378 ΙΙ.
3439 319 3508 377 86

240 457 332 504 est.
370 448 516 503 Prius
543 448 742 520 quippe
769 448 1106 506 mortiﬁcare
1135 448 1353 516 dicitur,
1383 450 1581 506 deinde
1635 449 1807 507 viviﬁ-
1838 449 1885 512 A
1921 466 1980 506 se
2009 450 2369 522 pauperiores
2398 458 2600 516 tenent,
2624 464 2733 523 quo
2752 466 2780 504 a
2811 449 2954 505 veris
2972 465 3089 506 sese
3107 446 3307 505 divitiis
3321 446 3510 517 pulsos

239 555 361 606 care,
393 538 520 611 quia
560 539 665 592 nisi
697 540 961 594 saeculum
991 554 1185 594 amare
1214 538 1552 606 desistimus,
1584 541 1703 595 Deo
1716 555 1813 611 per

238 643 454 682 amorem
483 626 668 682 vivere
700 644 808 683 non
840 628 1109 694 valemus,
1143 630 1351 684 Joanne
1373 637 1688 695 attestante,
1714 628 1812 699 qui

237 718 295 771 ait
314 736 325 769 :
343 716 639 787 Quidiligit
652 717 952 784 mundum,
974 734 1087 773 non
1106 723 1190 773 est
1204 717 1457 774 charitas
1476 720 1662 774 Patris
1675 719 1735 773 in
1751 734 1811 773 eo

239 807 442 873 (lloan.
462 820 519 871 ιι,
554 808 663 871 l5).
708 807 860 861 Unde
892 813 947 861 et
986 807 1034 862 is
1066 808 1159 879 qui
1215 824 1275 861 se
1319 807 1707 863 mortilicatum
1762 815 1815 861 et

235 894 559 957 viviﬁcatum,
591 895 679 963 qui
712 910 770 948 se
799 903 1128 965 prostratum
1158 904 1211 951 et
1240 904 1482 951 erectum
1535 896 1810 951 memine-

235 992 320 1045 rat.
360 968 458 1032 61
497 982 840 1053 loquebatur,
875 983 1255 1039 dicenszltlihi
1284 984 1532 1039 mundus
1579 984 1810 1052 cruciﬁ-

230 1087 325 1127 xus
351 1075 431 1125 est
451 1074 508 1125 et
524 1086 625 1141 ego
638 1070 851 1128 mundo
867 1071 1075 1140 (Galat.
1102 1089 1171 1136 v1,
1199 1072 1449 1140 lt).\'ive
1477 1080 1549 1138 at,
1583 1073 1682 1127 sed
1703 1087 1810 1127 non

228 1159 393 1214 mundi
422 1160 552 1225 vita,
587 1160 719 1229 quia
748 1159 962 1213 dicebat
994 1178 1005 1213 :
1051 1164 1173 1215 Vivo
1192 1162 1344 1230 jam,
1376 1176 1489 1215 non
1520 1176 1639 1231 ego,
1674 1162 1811 1215 vivit

225 1264 337 1304 vero
362 1249 419 1302 in
447 1264 539 1301 me
575 1246 836 1302 Christus
862 1247 1120 1314 (Ibid.,u,
1143 1249 1252 1317 20‘).
1283 1250 1406 1302 Non
1436 1264 1570 1319 ergo
1591 1248 1807 1304 accinc-

224 1346 378 1392 torum
409 1336 635 1408 aliquis,
668 1336 768 1391 sed
800 1336 1067 1392 Dominus
1099 1335 1392 1392 mortificat
1421 1344 1474 1391 et
1533 1337 1798 1393 viviﬁcat.

223 1423 578 1479 Mortiﬁcatum
610 1424 816 1496 quippe
848 1434 899 1480 et
930 1424 1256 1481 viviﬁcatum
1271 1442 1391 1481 esse
1413 1433 1495 1480 est
1519 1429 1808 1495 praesentia

223 1514 347 1568 nulla
373 1512 784 1583 concupiscere,
814 1522 867 1568 et
897 1522 1099 1568 aeterna
1117 1514 1449 1570 desiderare.
1500 1514 1597 1569 Cui
1622 1515 1805 1585 itaque

222 1601 277 1657 de
304 1602 381 1655 bis
407 1602 731 1656 muneribus
764 1601 1066 1658 referendae
1094 1602 1202 1657 sint
1229 1603 1421 1675 gratiae
1452 1605 1699 1674 exponit,
1727 1604 1807 1658 di-

222 1706 365 1746 cens:
394 1691 674 1747 Dominus
699 1691 1075 1760 mortiﬁcatet
1091 1693 1358 1761 vivi/ient,
1392 1692 1545 1748 Unde
1586 1700 1638 1747 et
1658 1708 1804 1763 saepe

217 1780 311 1850 jam
332 1781 643 1833 nominatus
671 1779 919 1851 gentium
953 1781 1418 1850 praedicatordicit
1444 1798 1456 1835 :
1499 1780 1680 1852 Neque
1709 1782 1804 1853 qui
1836 1804 1886 1865 Β
1916 1793 2084 1840 tutcm
2113 1785 2519 1857 consequimur,
2560 1791 2618 1838 ut
2646 1783 2815 1855 digno

224 1871 426 1939 plantat
456 1873 544 1923 est
579 1868 821 1939 aliquid,
850 1871 1137 1939 uequequi
1154 1872 1321 1941 rigat,
1356 1870 1449 1924 sed
1470 1870 1566 1942 qui
1616 1870 1802 1925 incre-

219 1961 449 2011 mentum
479 1958 590 2012 dat
625 1956 780 2011 Deus
810 1956 865 2022 (Ι
893 1954 1013 2012 Cor.
1047 1974 1129 2023 ιιι,
1163 1962 1236 2028 7).
1287 1958 1397 2013 Sed
1446 1974 1556 2030 quo
1614 1958 1807 2013 ordine

218 2046 539 2116 omnipotens
584 2047 733 2101 Deus
763 2045 861 2099 ista
900 2044 957 2099 in
995 2045 1180 2101 electis
1236 2056 1509 2117 operetur,
1561 2046 1805 2117 exponit,

219 2135 418 2188 dicens:

273 2222 435 2291 (Vrrs.
472 2224 744 2291 6.)Ducit
776 2225 849 2280 ad
876 2226 1110 2294 inferos,
1145 2225 1196 2280 ei
1226 2226 1468 2281 reducit.

273 2314 349 2365 l7.
380 2312 444 2366 Ut
475 2311 777 2367 mortificet
809 2314 1032 2383 quippe,
1064 2312 1211 2367 ducit
1236 2313 1303 2367 ad
1350 2313 1595 2378 inferos;
1655 2319 1709 2367 et
1749 2318 1808 2366 ut

215 2398 441 2467 viriﬁcet,
474 2400 696 2456 reducit
725 2402 797 2456 ab
826 2402 1032 2456 inferis.
1066 2401 1437 2473 Omnipotenti
1469 2397 1672 2457 etenim
1693 2402 1807 2456 Deo

214 2488 267 2540 ad
286 2488 480 2543 inferos
502 2490 716 2543 ducere
748 2497 1197 2558 estpeccatorum
1246 2490 1410 2545 corda
1470 2498 1804 2545 aeternorum

211 2577 538 2632 cruciatiuum
577 2579 1021 2634 consideratione
1054 2587 1278 2634 terrere.
1312 2580 1372 2633 Ei
1404 2595 1617 2651 quoque
1648 2579 1808 2634 abin-

211 2665 321 2720 feris
347 2668 615 2723 reducere
645 2675 727 2723 est
760 2668 977 2722 territas
1006 2669 1376 2737 pmnitentium
1434 2677 1595 2739 atque
1651 2684 1807 2723 com-

210 2755 688 2826 missalugentium
723 2765 957 2821 mentes,
992 2774 1089 2828 spe
1122 2757 1615 2812 vitazindelicieutis
1637 2772 1669 2810 a
1697 2756 1805 2810 tol-

208 2843 326 2898 lere.
347 2846 493 2900 Tunc
514 2848 733 2916 quippe
790 2861 1020 2915 peccare
1076 2846 1319 2900 desimus
1366 2863 1510 2911 cum,
1571 2861 1807 2917 superna

208 2933 369 3000 gratia
405 2935 643 2988 mollitis
669 2934 946 3002 cordibus,
982 2934 1163 2987 futura
1206 2942 1474 2988 tormenta
1538 2934 1804 2988 formida-

208 3037 325 3075 mus.
358 3023 418 3076 Et
444 3024 515 3077 ab
548 3023 753 3077 inferis
788 3022 1097 3077 reducimur
1138 3039 1281 3084 cum,
1333 3025 1548 3078 interno
1606 3022 1804 3077 visitati

211 3109 401 3177 solatio,
435 3112 503 3164 ad
530 3127 702 3182 spem
737 3112 913 3165 venire
944 3111 1010 3166 de
1043 3112 1379 3182 paenitentiae
1429 3112 1664 3166 lamcuto
1711 3128 1804 3164 re-

210 3198 481 3267 spiramus.
518 3201 676 3269 Apte
709 3198 894 3270 itaque
935 3201 1196 3254 Dominus
1227 3200 1427 3254 ducere
1446 3200 1511 3253 ad
1531 3200 1733 3254 inferos
1754 3207 1807 3253 et

207 3286 436 3341 reducere
456 3288 688 3352 dicitur,
722 3290 849 3359 quia
881 3290 1116 3341 humana
1146 3289 1339 3343 duritia
1373 3290 1424 3342 in
1457 3288 1693 3342 hominis
1725 3303 1811 3342 so-

206 3371 293 3428 lius
309 3376 730 3445 praedicatione,
765 3393 870 3431 nec
895 3386 1100 3432 terrore
1129 3378 1458 3443 concutitur,
1486 3393 1584 3432 nec
1625 3392 1810 3431 amore

206 3462 524 3518 sublevatur.
558 3466 710 3518 Nam
741 3464 789 3518 si
817 3465 1102 3519 doctorum
1133 3464 1622 3520 essetmortiﬁcare
1649 3474 1807 3535 quot-

204 3562 311 3621 quot
340 3568 528 3609 eorum
566 3552 890 3624 puriﬁcatio
924 3559 1194 3625 tangeret,
1226 3570 1451 3624 peccare
1468 3554 1802 3620 desinerent;

203 3647 247 3692 et
268 3642 308 3693 si
337 3658 529 3696 eorum
576 3649 727 3696 esset
758 3641 1059 3709 viviﬁcare,
1093 3642 1452 3713 quidcunque
1482 3643 1551 3697 ab
1585 3642 1664 3697 eis
1691 3658 1806 3696 coc-

202 3726 332 3783 lestia
360 3732 649 3797 audirent,
688 3731 757 3784 ad
789 3746 854 3785 ea
871 3746 971 3785 nos
1002 3733 1250 3802 protinus
1279 3731 1424 3786 omni
1456 3738 1651 3786 conatu
1684 3746 1808 3799 per-

200 3818 430 3887 quirenda
462 3819 652 3873 intimi
686 3816 910 3873 aﬂ‘ectus
940 3820 1021 3873 sui
1053 3834 1208 3873 amor
1235 3818 1583 3875 ascenderet.
1635 3819 1801 3872 Nunc

199 3914 375 3973 autem,
405 3924 533 3962 cum
568 3923 722 3976 saepe
753 3908 1130 3976 peccatoribus
1166 3912 1372 3963 eterna
1400 3907 1673 3978 supplicia
1704 3905 1801 3959 mi-

199 4004 389 4059 nentur,
421 4012 552 4050 cum
595 4011 663 4049 ea
693 4012 813 4065 qum
841 4005 1067 4066 possunt
1097 3997 1178 4051 eis
1207 3996 1449 4052 caelestia
1482 3997 1621 4050 bona
1650 4011 1801 4065 pras-

196 4080 371 4148 dicent,
402 4095 459 4138 et
486 4100 603 4139 nec
632 4084 907 4153 supplicia
937 4092 1199 4149 metuant,
1246 4101 1347 4139 nec
1398 4084 1523 4139 laeta
1582 4098 1789 4139 concu-

195 4170 394 4239 piscaut,
428 4174 745 4228 clamemus
776 4176 945 4227 Annae
978 4174 1201 4228 vocibus
1232 4174 1286 4225 in
1319 4173 1562 4226 laudibus
1594 4173 1713 4237 Dei,
1737 4177 1793 4227 et

196 4258 235 4310 ei
260 4260 412 4314 etiam
443 4261 613 4328 illud,
648 4261 795 4331 quod
831 4277 930 4331 per
950 4277 1046 4316 eos
1065 4261 1282 4331 quidam
1308 4260 1793 4331 proficiuntimpu-

196 4351 364 4413 tantes,
394 4349 655 4404 dicamus
674 4366 687 4401 :
713 4350 986 4405 Dominus
1000 4350 1306 4417 mortiﬁcat
1324 4354 1380 4405 et
1396 4350 1660 4419 viviﬁcat.
1683 4353 1795 4405 Do-

196 4435 350 4490 minus
378 4438 573 4506 itaque
607 4436 758 4492 ducit
787 4436 854 4490 ad
900 4437 1129 4504 inferos,
1180 4446 1233 4492 et
1289 4438 1517 4504 reducit,
1554 4440 1681 4510 quia
1713 4430 1791 4493 illi

194 4533 392 4591 possunt
415 4525 606 4580 futura
631 4530 899 4579 tormenta
916 4534 1182 4592 metuere,
1208 4526 1286 4579 illi
1308 4543 1544 4597 superna
1590 4528 1787 4598 gaudia
1817 4544 1868 4606 ο

193 4610 422 4683 diligere,
463 4615 518 4668 in
542 4614 745 4683 quibus
776 4630 874 4683 per
902 4630 996 4669 cas
1025 4630 1185 4669 voces
1241 4632 1374 4684 quas
1430 4615 1560 4670 foris
1615 4619 1773 4674 homo

192 4697 401 4770 loquitur
428 4701 582 4757 intus
604 4702 703 4756 Dei
734 4703 908 4771 pietas
936 4710 1210 4773 operatur.
1247 4705 1340 4758 Est
1355 4712 1534 4758 autem
1566 4703 1617 4758 in
1663 4721 1770 4775 quo

188 4792 544 4861 sesequisque
576 4800 887 4863 cognoscat,
920 4791 967 4844 si
991 4792 1104 4860 jam
1146 4792 1215 4845 ad
1245 4792 1446 4848 inferos
1475 4793 1668 4847 ductus
1717 4798 1771 4848 et

192 4876 421 4932 reductus
461 4880 554 4943 sit,
593 4881 640 4932 si
674 4880 875 4935 mundo
904 4880 1057 4945 obiit,
1106 4880 1259 4935 coalis
1317 4880 1445 4934 vivit
1480 4898 1493 4943 ;
1553 4897 1679 4935 nam
1725 4881 1772 4936 si

189 4962 367 5020 electus
386 4976 490 5034 est,
525 4966 762 5038 proﬁcit.
788 4970 906 5023 Deo
924 4968 1120 5023 eodem
1138 4984 1269 5024 vero
1300 4970 1547 5039 profectu
1568 4970 1769 5026 subdit.

246 5053 413 5121 (Vera.
447 5059 533 5127 7.)
560 5058 831 5112 Dominus
848 5074 1154 5129 pauperem
1187 5060 1331 5128 [acit
1358 5062 1414 5114 et
1441 5059 1612 5113 ditat.

249 5145 324 5197 18.
357 5144 559 5200 Saeculi
590 5144 787 5200 divites
815 5145 1016 5200 idcirco
1042 5145 1110 5201 de
1141 5146 1294 5219 larga
1339 5146 1591 5203 facultate
1649 5147 1771 5218 glo-

193 5227 394 5296 riantur,
424 5234 563 5303 quia
592 5234 700 5288 alto
729 5242 781 5286 et
822 5232 1356 5305 incomprehensibili
1404 5235 1613 5304 judicio
1669 5235 1773 5290 Dei

192 5320 401 5374 calestia
426 5321 510 5375 eis
527 5322 673 5376 bona
702 5323 1015 5376 absrondlta
1034 5326 1181 5377 sunt.
1211 5324 1472 5380 Dominus
1490 5326 1671 5394 itaque
1696 5326 1771 5379 fa-

193 5403 251 5456 eit
265 5422 549 5479 pauperes,
572 5409 698 5481 quia
714 5411 844 5466 dum
856 5419 1058 5466 {eterna
1070 5412 1257 5468 electis
1274 5411 1416 5467 bona
1437 5413 1689 5480 insinuat,
1706 5429 1771 5468 eo

1920 542 2121 596 valent.
2163 541 2316 597 Unde
2346 547 2398 594 et
2428 556 2520 593 rex
2540 540 2629 594 ille
2651 540 2741 611 qui
2790 540 2974 595 smculi
3030 536 3373 609 possessione
3431 534 3515 588 la-

1920 630 2161 685 tissimus
2191 638 2321 696 erat,
2355 629 2478 698 quia
2507 630 2555 682 ei
2587 643 2745 683 veras
2770 627 2989 682 divitias
3020 628 3282 682 Dominus
3323 632 3516 680 osten-

1921 720 2092 787 derat,
2114 718 2386 774 clamabat
2416 718 2482 772 ad
2514 734 2657 783 eum,
2690 717 2907 773 dicens:
2932 717 3155 788 Respice
3193 717 3255 770 in
3295 729 3403 777 me,
3460 715 3518 767 et

1920 810 2193 865 miserere
2226 809 2354 871 mei,
2386 806 2521 880 quia
2543 807 3179 877 unicusetpaupersum
3201 820 3296 872 ego
3317 799 3510 869 (Psal.

1923 914 2072 964 xxiv,
2102 900 2208 968 16).
2235 897 2371 953 llinc
2401 898 2660 967 propheta
2701 894 2979 959 Jeremias,
3039 893 3193 947 electi
3228 891 3515 960 cujusque

1919 985 2366 1042 illuminationem
2397 986 2451 1038 in
2481 1001 2539 1039 se
2569 983 2900 1056 exprimens,
2934 982 3045 1037 ait:
3084 984 3187 1053 Ego
3220 982 3303 1035 vir
3323 978 3515 1033 videns

1919 1079 2317 1147 paupertatem
2346 1090 2529 1129 meam
2552 1072 2713 1142 (Thr.
2743 1089 2821 1136 ιιι,
2855 1075 2929 1141 1).
2982 1073 3284 1140 Pauperem
3333 1068 3517 1135 itaque

1920 1164 2151 1219 Domino
2181 1163 2358 1218 facere
2389 1162 2537 1218 estin
2556 1161 3013 1232 contemplatione
3034 1160 3301 1214 bonorum
3321 1171 3486 1226 peren
3501 1184 3521 1194 -

1918 1254 2064 1307 nium
2096 1253 2382 1308 electorum
2407 1258 2616 1306 mentes
2645 1251 2715 1305 ad
2746 1255 3117 1318 contemptum
3165 1261 3343 1301 rerum
3392 1260 3519 1299 om-

1917 1343 2065 1395 nium
2098 1340 2387 1395 visibilium
2420 1341 2674 1395 excitare.
2709 1339 2814 1394 Sed
2837 1338 2923 1394 cui
2942 1350 3159 1392 summa
3179 1335 3405 1399 revelat,
3428 1332 3520 1401 qui

1917 1430 2108 1484 eadem
2139 1445 2348 1484 summa
2377 1429 2557 1484 diutus
2583 1428 2787 1482 laboris
2831 1426 2999 1497 pretio
3058 1425 3166 1478 sint
3223 1420 3519 1493 quaerenda

1914 1514 2176 1586 insinuat,
2208 1518 2350 1573 dicat
2380 1519 2510 1587 quia
2540 1532 2807 1588 pauperes
2836 1514 2981 1580 facit,
3016 1514 3176 1568 etiam
3207 1512 3355 1576 ditat,
3388 1508 3518 1580 quia

1913 1608 2177 1662 niminum
2207 1607 2332 1661 dum
2351 1606 2419 1660 ab
2450 1605 2810 1675 omnipotenti
2841 1605 2954 1659 Deo
3004 1604 3274 1657 bonorum
3319 1600 3521 1654 caeles-

1913 1697 2045 1751 tium
2078 1696 2455 1768 cognitionem
2501 1693 2967 1768 percipimustab
3032 1692 3153 1762 ipso
3205 1689 3363 1743 etiam
3394 1688 3516 1743 vir-

2845 1766 2951 1834 62
3012 1795 3113 1852 pro
3198 1779 3277 1834 eis
3323 1776 3516 1831 labore

1914 1883 2207 1933 certemus.
2241 1875 2383 1929 Bene
2413 1878 2593 1929 autem
2624 1872 2873 1927 subditur
2907 1888 2921 1925 :

1985 1966 2169 2033 (Vers.
2200 1964 2280 2033 7.)
2312 1964 2589 2018 Humiliat
2618 1966 2675 2017 et
2695 1961 2966 2016 sublevat.

1991 2054 2075 2110 l9.
2105 2052 2244 2121 Quia
2273 2052 2328 2105 in
2359 2050 2815 2120 contemplatione
2846 2046 3142 2129 cmlestium
3192 2059 3350 2114 quam
3405 2042 3513 2097 ab-

1907 2142 2039 2212 jecti
2066 2149 2191 2197 sunt
2222 2140 2275 2194 in
2306 2148 2457 2194 terra.
2485 2139 2850 2209 conspiciunt,
2885 2136 2982 2190 sed
3010 2135 3062 2188 in
3094 2133 3285 2190 eadem
3323 2131 3513 2201 abjec-

1916 2232 2062 2287 tione
2094 2228 2403 2300 temporalis
2441 2227 2641 2298 inopiae
2672 2241 2772 2296 per
2802 2224 2900 2280 Dei
2926 2223 3153 2295 gratiam
3204 2221 3516 2277 meritorum

1915 2337 1972 2376 se
1990 2319 2183 2392 pennis
2213 2318 2498 2373 sublevant
2519 2316 2588 2370 ad
2608 2314 2811 2389 gaudia
2840 2313 3094 2384 perennis
3124 2312 3264 2367 vitaz.
3325 2308 3519 2363 Humi—

1913 2412 2123 2468 litatem
2159 2425 2287 2480 ergo
2320 2406 2644 2477 principiunt
2674 2405 2728 2458 in
2757 2402 3117 2458 aestimatione
3152 2397 3345 2463 exsilii,
3386 2397 3521 2451 sub-

1915 2500 2197 2554 limitatem
2230 2512 2362 2551 vero
2393 2496 2448 2550 in
2468 2493 2866 2566 praeparatione
2913 2498 3113 2546 sanctae
3167 2485 3521 2559 Operationis.

1917 2588 2175 2659 Sequitur
2199 2605 2211 2641 :

1982 2678 2163 2746 (Vers.
2191 2677 2268 2744 8.)
2294 2672 2562 2730 Suscita!
2580 2673 2645 2727 de
2672 2672 2903 2742 pulvere
2925 2684 3183 2740 egenum,
3204 2670 3259 2721 et
3293 2666 3358 2720 de
3380 2668 3523 2719 ster-

1914 2783 2039 2823 core
2059 2767 2226 2836 erigit
2254 2778 2582 2837 pauperem,
2603 2764 2665 2814 ut
2683 2759 2875 2814 sedeat
2899 2775 3028 2813 cum
3058 2755 3433 2828 principibus.

1982 2858 2076 2911 20.
2118 2853 2294 2908 Pulvis
2324 2866 2557 2919 namque
2588 2853 2672 2902 est
2702 2847 2914 2901 subtilis
2946 2844 3264 2899 deliberatio
3290 2842 3511 2914 cogita-

1917 2944 2076 2998 tionis
2104 2942 2327 3006 illicitze,
2364 2956 2484 3009 quae
2511 2953 2630 2993 eam
2665 2944 2897 2991 mentem
2929 2933 3014 2989 cui
3036 2932 3299 2987 insederit
3322 2931 3521 2985 fcedam

1913 3033 2107 3089 reddit.
2142 3031 2291 3101 Quid
2316 3045 2551 3100 namque
2574 3027 2626 3081 in
2657 3035 2893 3081 stercore
2916 3023 3017 3078 nisi
3069 3023 3215 3077 foeda
3272 3021 3351 3090 ta)
3393 3036 3526 3090 per-

1838 3162 1885 3225 C
1914 3123 2221 3221 petratique
2251 3119 2443 3192 ﬂagitii
2470 3116 2695 3225 audacie
2724 3115 3041 3225 designaltur
3066 3113 3093 3166 ?
3127 3112 3278 3210 Unde
3295 3118 3346 3225 et
3386 3127 3523 3225 pro-

1920 3214 2090 3283 pheta
2110 3210 2272 3265 vitam
2304 3208 2597 3264 carnalium
2630 3220 2787 3261 creua
2853 3203 2983 3258 fcedi
3030 3200 3220 3273 operis
3266 3201 3515 3255 obrutam

1920 3303 2162 3366 intuens,
2187 3299 2261 3353 ait
2276 3299 2761 3368 Computrueruut
2778 3294 3047 3363 jumenta
3068 3295 3127 3347 in
3146 3294 3392 3346 stercore
3409 3305 3511 3345 suo

1919 3391 2057 3459 (Joel
2077 3405 2117 3456 ι,
2153 3389 2270 3457 17).
2310 3384 2623 3457 Aptaigitur
2639 3383 2783 3437 serie
2812 3382 2957 3436 dona
2989 3380 3084 3434 Dei
3115 3379 3169 3433 in
3210 3378 3521 3449 ﬂagitioso-

1918 3495 2040 3533 rum
2072 3478 2435 3533 conversione
2464 3479 2832 3527 numerantur.
2858 3470 3005 3524 Prius
3047 3483 3279 3536 namque
3335 3465 3517 3519 susci-

1919 3575 2061 3623 tatur
2086 3567 2155 3621 de
2180 3565 2400 3636 pulvere
2430 3578 2652 3635 egemus
2683 3575 2840 3630 quam
2872 3574 3074 3628 pauper
3092 3557 3159 3611 de
3209 3561 3460 3611 stercore
3495 3574 3510 3621 ;

1918 3658 2050 3729 quia
2078 3672 2105 3710 a
2134 3654 2299 3709 corde
2328 3661 2454 3707 ante
2483 3648 2811 3706 deliberatio
2842 3646 3133 3701 immundae
3163 3643 3510 3716 cogitationis

1914 3744 2272 3809 abscinditur,
2304 3748 2356 3795 et
2384 3738 2732 3811 postmodum
2762 3736 2829 3791 ab
2871 3736 3084 3791 actione
3141 3734 3302 3805 culpa
3357 3749 3517 3787 rese-

1913 3842 2089 3889 catur.
2123 3836 2258 3902 Apte
2288 3845 2504 3902 quoque
2526 3826 2775 3883 suscitari
2805 3825 2874 3879 de
2904 3823 3128 3895 pulvere
3159 3838 3369 3893 egenus
3428 3821 3520 3875 di-

1912 3923 2066 3986 citur,
2093 3937 2298 3992 pauper
2339 3919 2405 3973 de
2464 3922 2706 3972 stercore
2749 3915 2904 3985 erigi,
2966 3912 3085 3981 quia
3142 3910 3286 3965 intus
3343 3924 3515 3981 prava

1909 4012 2220 4067 deliberans
2250 4008 2451 4063 dormit
2478 4023 2507 4061 a
2537 4002 2991 4071 contemplatione
3016 4000 3260 4069 justitiae.
3286 3999 3417 4053 foris
3440 3999 3513 4053 il-

1907 4100 2055 4155 licita
2083 4105 2401 4168 perpetrans
2426 4096 2481 4148 in
2506 4094 2789 4164 iniquitate
2827 4106 2928 4160 per
2983 4098 3164 4144 actum
3207 4090 3379 4157 jacet.
3444 4090 3515 4141 Et

1909 4189 2033 4261 quia
2057 4188 2170 4257 jam
2201 4201 2323 4241 cum
2355 4183 2586 4239 fortibus
2614 4181 2683 4236 de
2730 4179 2985 4251 malignis
3043 4178 3325 4247 spiritibus
3384 4184 3503 4229 tro-

1906 4281 2063 4349 phaea
2083 4274 2449 4346 consequitur,
2473 4271 2758 4326 suscitatus
2779 4285 2983 4341 egenus
2999 4275 3051 4322 et
3068 4273 3279 4320 erectus
3300 4279 3508 4334 pauper

1907 4366 2032 4439 quid
2065 4372 2335 4420 mereatur
2362 4361 2597 4433 exponit,
2624 4360 2844 4415 dicens:
2881 4360 2946 4415 Ut
2973 4355 3165 4412 sedeat
3194 4354 3500 4425 cumprin-

1904 4455 2147 4527 cipibus,
2171 4458 2223 4508 et
2242 4454 2448 4508 solium
2476 4450 2667 4523 glorire
2699 4449 2909 4504 teneat.

1970 4546 2066 4598 21.
2106 4541 2308 4598 Sedere
2339 4541 2537 4611 quippe
2568 4536 2948 4609 triumphantis
2978 4543 3078 4591 est.
3130 4532 3282 4591 Unde
3335 4540 3386 4587 et
3442 4532 3495 4585 in

1882 4631 2206 4704 Apocalypsi
2235 4630 2460 4685 Joannis
2492 4628 2733 4683 victoriae
2765 4631 2966 4681 nostra)
3020 4624 3337 4693 dignitatem
3386 4622 3498 4677 Do-

1882 4722 2070 4776 minus
2097 4718 2352 4788 ostendit,
2385 4718 2603 4772 dicens:
2644 4716 2747 4785 Qui
2761 4714 2975 4777 vicerit,
3003 4714 3216 4783 faciam
3233 4728 3360 4768 eum
3406 4727 3500 4764 se-

1879 4809 2010 4866 dere
2051 4809 2109 4863 in
2126 4809 2327 4863 throno
2365 4822 2507 4872 meo,
2549 4806 2696 4861 sicut
2730 4809 2788 4860 et
2828 4820 2922 4875 ego
2960 4805 3089 4873 vici,
3120 4806 3175 4858 et
3207 4802 3330 4857 sedi
3368 4814 3501 4855 eum

1881 4898 2067 4954 Patre
2099 4912 2218 4953 meo
2248 4899 2308 4952 in
2331 4897 2529 4952 throno
2561 4894 2897 4965 ejustApoc.
2923 4908 3007 4957 ιιι,
3042 4895 3153 4961 2t).
3209 4890 3365 4958 Quod
3426 4898 3479 4943 et

1880 4987 2076 5041 Paulus
2104 4988 2347 5045 intuens.
2379 4982 2763 5050 suscitationis,
2795 4986 2960 5053 atque
2983 4980 3246 5037 sessionis
3278 4987 3481 5034 nostra;

1880 5075 2090 5131 donain
2104 5074 2202 5130 Dei
2220 5073 2464 5128 laudibus
2484 5087 2792 5138 numerans,
2813 5073 2887 5126 ait
2911 5089 2924 5126 :
2968 5070 3467 5133 Conresuscitavit,

1880 5168 1937 5221 et
1969 5164 2263 5221 consedere
2296 5178 2396 5218 nos
2427 5162 2564 5232 fecit
2599 5162 2657 5217 in
2672 5162 2984 5218 cwlestibus
3011 5160 3074 5214 in
3107 5159 3324 5214 Christo
3342 5156 3477 5212 Jesu

1884 5254 2101 5325 (Ephes.
2122 5270 2177 5315 ιι,
2198 5256 2273 5319 6).
2293 5252 2428 5307 Cum
2445 5266 2510 5307 eo
2528 5251 2709 5323 itaque
2729 5250 3003 5320 principes
3025 5244 3368 5316 sedent,quia
3385 5244 3475 5314 qui

1882 5342 2003 5412 ejus
2016 5341 2210 5398 auxilio
2240 5340 2599 5413 malignorum
2628 5339 2907 5409 spirituum
2930 5336 3068 5389 vires
3084 5333 3403 5404 reprimunt,
3429 5334 3481 5389 in

1882 5445 2072 5487 eorum
2102 5430 2377 5501 triumpho
2408 5429 2729 5502 dignitatem
2760 5424 3014 5481 sessionis
3047 5424 3248 5479 habent
3280 5422 3476 5497 quibus

251 5603 322 5673 (α)
342 5604 506 5661 Guss.
540 5612 597 5661 et
623 5604 800 5664 Gilot.
835 5610 1274 5681 perpetrataque
1292 5608 1498 5683 ﬂagitii
1541 5607 1784 5666 audacia
1812 5606 2184 5682 designantur
2208 5604 2237 5659 .9
