4062 6182
512 353 582 409 87
1718 343 1970 429 SANCTI
1993 345 2339 403 GREGORII
2371 345 2611 402 MAGNI
3741 345 3805 399 es

514 489 587 531 ex
616 471 957 545 prmaidentis
979 471 1081 527 sibi
1100 472 1298 529 virtute
1326 473 1686 530 dominantur.
1715 474 1846 529 Cum
1878 488 1944 529 eo
1973 474 2102 528 item
2132 471 2185 533 A
2212 471 2416 528 relictis
2471 472 2595 529 vitae
2647 470 2925 529 saecularis
2982 471 3388 542 blandimentis,
3448 471 3591 526 forte
3645 477 3808 527 tenta-

511 562 792 635 principes
820 562 1027 631 sedent,
1061 563 1189 635 quia
1218 563 1320 618 etsi
1348 571 1491 619 stare
1521 580 1621 635 per
1665 579 1866 635 corpus
1907 563 1961 618 in
2018 565 2120 618 hac
2223 567 2405 617 menta
2434 560 2643 617 fortiter
2670 562 2920 629 tolerant,
2962 561 3243 617 dicamus:
3284 561 3482 617 Posuit
3508 576 3672 632 super
3720 574 3807 616 eos

506 652 879 709 vitaelabentis
906 668 1150 708 aerumna
1192 661 1508 719 cernuntur,
1558 655 1869 710 meritorum
1928 663 2117 707 tamen

505 743 692 798 sedem
733 757 858 797 cum
910 742 1277 813 Redemptore
1336 743 1392 796 in
1441 742 1758 797 sublimibus
1802 741 2024 810 habent,
2083 757 2116 796 a

2222 651 2429 707 orbem.
2463 651 2665 706 Orbem
2698 650 2897 722 quippe
2922 666 3090 722 super
3118 665 3215 706 eos
3248 651 3448 722 posuit,
3484 651 3596 722 qui,
3648 657 3805 704 ante-

2223 756 2384 812 quam
2416 740 2500 797 eis
2529 741 2917 811 imponeretur,
2943 741 3045 795 sub
3075 742 3159 795 eis
3178 740 3300 795 fuit.
3325 741 3465 794 Nam
3487 755 3608 793 eum
3627 738 3809 809 jamin

516 832 674 901 cujus
705 830 1089 888 conformitate
1120 832 1385 887 claritatis
1438 842 1545 886 nec
1596 831 1651 885 in
1706 830 1813 886 ista
1862 830 2121 886 fmditatis
2220 844 2389 885 onere
2417 829 3008 895 tentationumhabent,
3035 828 3122 898 qui
3152 827 3230 883 eis
3276 827 3609 882 blandiendo
3666 827 3810 881 velut

516 921 657 977 valle
683 928 1030 992 separantur.
1069 920 1245 991 Egeni
1273 935 1486 991 quoque
1515 919 1680 975 rebus
1731 927 1786 976 et
1838 935 2113 991 pauperes

519 1018 644 1065 sunt
673 1009 765 1082 qui
790 1018 1013 1081 prapter
1041 1009 1404 1081 Evangelium
1435 1025 1500 1064 ea
1530 1024 1653 1080 qua:
1681 1009 1736 1062 in
1758 1008 1964 1064 seculo
2004 1008 2108 1064 ha-

514 1099 646 1154 bere
684 1105 955 1170 poterant,
989 1105 1181 1153 cuncta
1209 1097 1498 1169 liquerunt.
1529 1097 1637 1161 Qui
1667 1105 1815 1153 certe
1873 1104 1929 1151 ut
1984 1112 2111 1153 cum

515 1186 853 1260 principibus
882 1187 1095 1259 possint
1123 1186 1337 1253 sedere,
1370 1187 1436 1241 de
1466 1187 1694 1257 pulvere
1725 1185 1973 1242 suscitari
2003 1186 2105 1241 de-

514 1277 661 1344 bent,
686 1283 740 1331 et
767 1276 836 1331 de
856 1283 1097 1330 stercore
1126 1275 1294 1347 erigi.
1324 1274 1625 1343 Quidenim
1644 1275 1864 1332 favores
1880 1274 2103 1346 linguae,

512 1365 649 1439 quid
679 1372 803 1420 sunt
832 1364 976 1419 aliud
1020 1364 1313 1419 labentium
1367 1364 1689 1435 dignitatum
1745 1363 1946 1429 infulas,
2000 1362 2104 1417 nisi

516 1454 693 1527 pulvis
728 1455 757 1510 Ἰ
785 1455 924 1509 Nam
953 1468 1074 1508 eam
1130 1468 1295 1525 quam
1344 1452 1675 1508 blandiendo
1731 1451 2015 1507 sordidant
2070 1467 2101 1505 a

511 1543 656 1601 veris
685 1542 1066 1615 splendoribus
1094 1550 1332 1598 mentem
1362 1550 1588 1598 ciecant.
1623 1542 1689 1596 Et
1717 1541 1846 1613 quid
1900 1540 2102 1596 divitiae

511 1639 822 1706 pereuntes,
874 1640 925 1688 et
971 1632 1297 1687 transitoriae
1348 1630 1647 1697 facultates,
1705 1630 1810 1685 nisi
1865 1637 2108 1686 stercora

2218 918 2498 989 subjectus
2524 918 2816 986 serviebat,
2837 934 2960 972 cum
2990 917 3045 971 in
3076 933 3143 972 eo
3174 917 3397 972 delicias
3428 923 3483 971 et
3512 917 3811 986 voluptates

2219 1008 2504 1078 sequendo
2531 1007 2939 1063 recumberent.
2978 1007 3045 1060 Et
3075 1006 3200 1077 quia
3228 1021 3462 1077 magnas
3483 1021 3549 1060 ex
3579 1020 3645 1060 eo
3686 1013 3810 1059 ten-

2215 1097 2446 1152 tationes
2467 1096 2686 1162 habent,
2707 1095 2802 1168 qui
2830 1109 3030 1167 magna
3051 1094 3215 1151 inillo
3242 1094 3647 1150 oblectamenta
3710 1094 3809 1148 ha-

2216 1186 2472 1253 buerunt,
2504 1186 2570 1240 ad
2571 1185 2592 1255 j
2603 1187 2821 1255 ungitur
2854 1202 2869 1240 :

2288 1277 2470 1343 (Vers.
2500 1275 2578 1345 9.)
2608 1274 2781 1330 Pedes
2808 1280 3141 1331 sanctorum
3170 1287 3400 1329 suorum
3430 1270 3694 1327 servabit.

2281 1367 2370 1420 25.
2404 1363 2613 1433 Quibus
2641 1364 2891 1433 profecto
2921 1362 3101 1419 verbis
3145 1362 3222 1417 sic
3277 1359 3537 1416 auxilium
3595 1358 3796 1413 divinae

2208 1453 2560 1525 protectiouis
2577 1453 3081 1525 propitiationisque
3112 1450 3432 1517 ostenditur,
3465 1457 3522 1503 ut
3562 1447 3800 1518 pericula

2211 1541 2564 1597 tentationum
2595 1542 2788 1613 gravia
2816 1542 3191 1614 designentur.
3219 1539 3387 1609 Quasi
3405 1538 3603 1593 etenim
3621 1537 3799 1592 dicat:

2215 1631 2348 1685 Tam
2379 1630 2611 1702 grandia
2640 1631 2706 1685 de
2734 1646 2800 1685 eo
2841 1631 2925 1685 cui
2975 1630 3319 1685 adhaeserant
3369 1626 3570 1682 saeculo
3625 1629 3802 1680 tenta-

513 1729 719 1777 zeterna
747 1720 1100 1793 diligentibus
1128 1727 1257 1775 sunt
1281 1721 1310 1774 ‘?
1340 1720 1594 1775 Stercora
1624 1719 1961 1791 quippesunt
1986 1733 2106 1791 quas
2134 1729 2185 1789 Β
2215 1727 2398 1774 menta
2429 1720 2719 1785 sustinent,
2740 1724 2800 1773 ut
2828 1719 2974 1774 solus
3001 1719 3070 1772 ad
3102 1716 3471 1787 adjuvandum
3504 1716 3593 1770 ille
3650 1713 3801 1769 suffi-

515 1819 720 1867 sancta:
749 1810 953 1865 animae
984 1810 1041 1863 in
1067 1816 1376 1879 contemptu
1399 1808 1721 1863 humilitatis
1752 1807 1972 1873 habent,
1995 1824 2105 1864 non

512 1900 567 1955 in
598 1900 838 1971 appetitu
870 1898 1150 1954 desiderii.
1178 1898 1332 1954 Unde
1354 1905 1405 1953 et
1435 1897 1692 1953 Salomon
1723 1898 1779 1951 in
1810 1896 2108 1953 amissione

512 1988 783 2044 bonorum
814 1987 1188 2058 temporalium
1218 1987 1589 2043 contristatum
1641 1985 1827 2042 saeculi
1882 1986 2105 2041 divitem

512 2076 746 2143 intuens,
782 2076 883 2131 ait:
902 2074 992 2132 De
1017 2080 1262 2132 stercore
1275 2077 1438 2132 boum
1470 2075 1809 2148 lapidandus
1834 2079 1921 2131 est
1945 2077 2108 2147 piger

511 2166 706 2237 (Eccli.
738 2181 872 2231 χιιι,
900 2166 978 2235 2).
1012 2163 1181 2234 Quasi
1201 2164 1345 2220 dicat
1378 2182 1390 2218 :
1426 2166 1506 2220 De
1536 2180 1602 2220 eo
1633 2164 1854 2220 verbera
1901 2164 2106 2220 doloris

508 2255 741 2311 sustinet
769 2254 911 2326 quod
940 2253 986 2308 is
1017 2254 1108 2326 qui
1139 2269 1241 2324 pro
1270 2261 1472 2309 aeterna
1502 2254 1615 2310 vita
1644 2252 1895 2309 laborare
1932 2268 2104 2323 appe-

505 2345 566 2400 tit
596 2343 742 2401 velut
765 2351 1005 2398 stercora
1031 2343 1346 2398 contemnit.
1377 2342 1514 2397 Hinc
1530 2342 1729 2396 Paulus
1752 2342 1864 2397 ait:
1906 2342 2105 2398 Omnia

510 2434 919 2491 detrimentum
929 2432 1108 2503 feciet
1123 2430 1376 2489 arbitror
1389 2435 1454 2487 ut
1467 2435 1806 2498 stercora,ut
1822 2430 2108 2487 Christum

508 2522 890 2594 lucrifaciam.
926 2522 1006 2575 De
1035 2520 1259 2591 pulvere
1287 2521 1477 2590 itaque
1498 2535 1708 2591 egenus
1725 2520 2029 2583 suscitatur,
2051 2524 2107 2574 et

507 2611 579 2668 de
599 2619 840 2667 stercore
862 2624 1072 2682 pauper
1100 2608 1355 2681 erigitur,
1391 2625 1514 2664 cum
1542 2625 1714 2675 mens,
1743 2608 1944 2664 saeculo
1999 2609 2103 2662 ab-

500 2700 841 2767 renuntians,
874 2698 1139 2771 quidquid
1158 2698 1261 2752 sibi
1290 2696 1506 2767 placere
1550 2698 1763 2754 solebat
1788 2685 1891 2748 63
1924 2699 1994 2754 de
2008 2699 2105 2753 lin-

505 2806 631 2863 guae
660 2790 911 2843 humanm
940 2786 1242 2856 favoribus,
1273 2785 1344 2841 de
1374 2787 1583 2843 honore
1612 2787 2103 2858 dignitatum,etde

505 2876 841 2933 abundantia
870 2891 1071 2943 rerum,
1105 2875 1304 2941 calcat,
1336 2876 1472 2930 dum
1501 2876 1572 2931 ad
1601 2876 1715 2932 sola
1745 2885 1953 2932 aeterna
2006 2893 2095 2933 re-

2212 1808 2318 1863 ciat
2343 1809 2431 1878 qui
2461 1808 2653 1864 deesse
2684 1807 3002 1863 fidedelibus
3031 1808 3143 1863 suis
3186 1808 3242 1860 in
3302 1804 3648 1861 tribulatione
3695 1819 3806 1859 non

2213 1904 2406 1969 potest.
2466 1898 2639 1953 Pedes
2667 1913 2898 1967 namque
2929 1908 3246 1953 sanctorum
3294 1910 3514 1951 suorum
3562 1908 3808 1958 servare,

2215 1990 2297 2041 est
2325 2002 2615 2042 concussos
2643 1986 2697 2040 in
2728 1987 3022 2042 tentatione
3085 1985 3309 2042 affectus
3366 1984 3681 2046 electorum,
3739 1997 3811 2037 ne

2214 2084 2488 2142 corruant,
2522 2093 2619 2147 per
2648 2077 2886 2149 gratiam
2917 2076 3195 2131 roborare.
3230 2074 3392 2129 Unde
3423 2080 3475 2128 et
3504 2072 3591 2142 qui
3621 2072 3688 2127 ad
3709 2086 3806 2126 ca-

2214 2182 2332 2220 sum
2364 2173 2668 2232 nutaverat,
2700 2174 2757 2222 et
2781 2172 2955 2220 tamen
2985 2181 3017 2220 a
3048 2166 3283 2220 Domino
3301 2170 3648 2219 conservatus
3671 2168 3806 2224 erat,

2213 2256 2480 2327 propheta
2497 2255 2629 2309 dixit
2648 2274 2659 2309 :
2677 2257 2777 2311 Mei
2799 2259 2991 2310 autem
3010 2271 3150 2327 pene
3162 2255 3299 2309 moti
3319 2260 3456 2308 sunt
3464 2252 3649 2324 pedes,
3666 2266 3810 2321 pene

2214 2346 2382 2415 effusi
2409 2348 2544 2399 sunt
2561 2360 2783 2415 gressus
2798 2345 2909 2399 mei
2931 2345 3104 2413 (Psal.
3127 2344 3381 2411 Lxxuﬂ).
3402 2342 3538 2396 Hinc
3567 2341 3763 2395 iterum
3795 2354 3807 2393 :

2214 2434 2558 2489 Pulsussum
2582 2452 2597 2500 ,'
2621 2435 2675 2488 et
2701 2449 2925 2489 eversus
2958 2450 3086 2489 sum
3116 2439 3181 2488 ut
3211 2432 3493 2495 caderem,
3528 2433 3583 2485 et
3623 2430 3805 2484 Domi~

2213 2538 2323 2577 nus
2344 2524 2591 2594 suscepit
2618 2538 2726 2578 me.
2753 2521 3044 2578 Fortitudo
3078 2538 3221 2588 mea,
3269 2524 3325 2576 et
3386 2520 3636 2575 laudatio
3680 2534 3809 2573 mea

2212 2612 2507 2676 Dominus,
2533 2615 2588 2666 et
2607 2614 2800 2682 factus
2814 2616 2897 2667 est
2918 2611 3061 2665 mihi
3090 2611 3153 2665 in
3171 2611 3419 2665 salutem
3440 2607 3616 2676 (Psal.
3636 2621 3807 2671 cxvu,

2215 2700 2435 2771 13,14).
2466 2698 2536 2755 Et
2554 2700 2620 2754 de
2643 2698 3203 2754 liostiuminﬁrmitate
3230 2698 3523 2767 subjuuxit,
3572 2696 3762 2752 dicens
3793 2710 3806 2748 :

2286 2790 2462 2857 (Vers.
2499 2792 2577 2859 9.)
2598 2790 2666 2843 Et
2699 2790 2865 2861 impii
2894 2789 2955 2844 in
2988 2788 3233 2844 tenebris
3255 2789 3650 2843 conticescent.

2272 2876 2369 2932 2i.
2409 2876 2550 2947 Quid
2582 2885 2662 2932 est
2688 2887 2867 2932 autem
2892 2877 3037 2947 quod
3067 2893 3185 2932 cum
3220 2891 3445 2931 servare
3494 2881 3808 2929 sanctorum

501 2966 681 3039 spicit,
714 2982 836 3038 quae
865 2964 977 3021 sola
1003 2964 1435 3021 ardenteramat.
1475 2964 1540 3020 Ei
1568 2981 1804 3038 namque
1817 2966 2095 3036 suscitari,
2125 2977 2175 3041 α
2202 2966 2375 3038 pedes
2403 2966 2665 3022 Dominus
2695 2967 2911 3031 dicitur,
2945 2966 3216 3021 silentium
3247 2972 3576 3020 memoratur
3622 2962 3815 3033 impio-

501 3062 557 3111 et
584 3055 744 3127 erigi,
776 3062 858 3111 est
886 3069 952 3110 ea
982 3070 1102 3126 quae
1131 3069 1367 3125 corpore
1394 3054 1717 3125 derelinquit
1747 3057 1946 3111 mentis
2001 3073 2098 3110 su-

502 3143 769 3199 blimitate
797 3144 1103 3214 despicere.
1154 3143 1219 3197 Et
1259 3158 1384 3198 cum
1428 3143 1762 3214 principibus
1818 3144 1869 3199 ei
1912 3143 2103 3200 sedere

505 3240 609 3302 est,
648 3248 898 3304 supernas
926 3231 1114 3303 patriae
1159 3231 1373 3288 civibus
1427 3248 1526 3303 per
1578 3232 1836 3305 gaudium
1888 3240 2105 3289 aeternae

506 3321 703 3394 quietis
718 3321 1006 3377 interesse.
1038 3319 1143 3390 Qui
1172 3328 1316 3377 certe
1346 3328 1478 3377 tunc
1505 3321 1696 3393 gloriae
1724 3321 1919 3377 solium
1932 3327 2105 3389 tenet,

503 3410 634 3483 quia
666 3409 760 3482 qui
792 3418 900 3466 tam
930 3409 1237 3466 sublimiter
1286 3409 1546 3480 praesidet
1592 3427 1625 3465 a
1672 3411 1972 3467 conditoris
2026 3411 2108 3466 sui

505 3498 759 3556 laudibus
788 3515 1068 3571 nunquam
1098 3498 1239 3554 silet.
1274 3499 1427 3555 Hauc
1451 3514 1687 3571 namque
1708 3500 1901 3571 gloria:
1921 3501 2109 3556 sedem

507 3589 800 3645 Psalmista
829 3588 1112 3644 admirans
1144 3587 1379 3644 Domino
1406 3588 1665 3658 loquitur,
1699 3589 1922 3645 dicens:
1956 3590 2116 3645 Beati

506 3679 607 3751 qui
627 3679 967 3734 habitantia
987 3677 1146 3733 domo
1164 3681 1286 3746 tua,
1304 3676 1569 3747 Domine,
1583 3679 1647 3733 in
1667 3680 1872 3735 saecula
1894 3681 2118 3735 saeculo.

507 3783 645 3823 rum
676 3765 1082 3836 laudabuntlte
1108 3766 1285 3837 (Psal.
1318 3781 1545 3833 Lxxxni,
1588 3767 1665 3839 5).
1723 3767 1876 3824 Hanc
1930 3768 2116 3823 sedem

512 3856 704 3928 gloria:
728 3855 899 3910 Isaias
927 3855 1205 3927 praedicat,
1238 3854 1428 3910 dicens
1454 3872 1466 3908 :
1496 3854 1781 3913 Gaudium
1820 3861 1877 3913 et
1910 3859 2119 3914 laetitia

511 3945 845 4002 invenietur
860 3946 923 4000 in
935 3960 1020 4009 ea,
1039 3945 1359 4016 gratiarum
1376 3945 1546 4014 actio,
1567 3949 1625 4001 et
1656 3963 1767 4002 vox
1782 3947 1970 4004 laudis
1986 3949 2115 4019 (Isa.

515 4048 586 4099 ιι,
619 4033 695 4098 3).
728 4033 879 4088 Hanc
907 4033 1035 4088 item
1065 4039 1290 4088 sanctus
1319 4032 1857 4105 Tobiasostendens,
1905 4036 2011 4091 ait:
2049 4039 2121 4093 Et

516 4124 677 4178 omni
706 4119 896 4194 lapide
924 4122 1167 4194 pretioso
1188 4125 1242 4178 et
1254 4121 1468 4178 mundo
1482 4123 1690 4194 platea:
1711 4124 1831 4193 eius
1859 4128 2120 4181 sternen-

2209 3072 2352 3123 rum,
2385 3056 2488 3109 nisi
2519 3055 2647 3125 quia
2678 3056 2746 3110 ad
2778 3056 2987 3127 peccati
3020 3055 3238 3125 lapsum
3271 3051 3819 3124 ncquaquamimpel-

2209 3144 2393 3210 limur,
2426 3144 2527 3198 nisi
2547 3160 2667 3200 cum
2690 3160 2948 3214 perversa
2972 3144 3127 3199 nobis
3139 3143 3504 3215 malignorum
3527 3141 3816 3213 spirituum

2213 3240 2543 3288 teutamenta
2588 3242 2954 3305 suggeruntur
2979 3234 3008 3286 ‘l
3058 3234 3191 3287 Cum
3223 3247 3357 3304 ergo
3387 3231 3556 3302 pedes
3603 3238 3820 3286 nostros

2213 3322 2475 3377 Dominus
2497 3331 2694 3390 servat,
2725 3323 2778 3376 in
2804 3322 3044 3377 tenebris
3067 3329 3243 3377 tacent
3273 3320 3446 3390 impii,
3504 3319 3629 3392 quia
3685 3319 3816 3373 dum

2216 3410 2393 3483 gratia
2422 3410 2614 3466 divina
2644 3411 2999 3484 protegimur,
3031 3426 3219 3466 vocem
3237 3426 3342 3480 qua
3364 3425 3461 3464 nos
3478 3408 3821 3479 prmeipitent

2219 3500 2352 3555 dare
2378 3499 2535 3555 nobis
2578 3500 2847 3555 immundi
2892 3500 3113 3571 spiritus
3157 3514 3503 3571 nequaquam
3562 3503 3813 3568 possunt.

2220 3588 2282 3643 In
2312 3587 2758 3661 tenebrisquippe
2798 3597 2994 3659 tacent,
3043 3589 3167 3661 quia
3205 3587 3503 3659 caliginosa
3550 3586 3818 3657 reprobo-

2222 3694 2342 3734 rum
2409 3679 2573 3734 corda
2630 3678 2939 3750 possident,
2996 3693 3029 3733 a
3085 3693 3314 3749 quorum
3365 3662 3561 3731 64nd
3583 3691 3821 3746 nospro-

2224 3767 2382 3841 gredi
2411 3767 2740 3823 obscuritate
2771 3783 2878 3823 non
2909 3767 3126 3823 audent.
3170 3766 3355 3835 Quare
3370 3774 3547 3821 autem
3592 3772 3819 3824 sancto-

2225 3873 2344 3912 rum
2376 3857 2544 3928 pedes
2573 3864 2758 3912 servet
2787 3856 3031 3927 exponit,
3065 3856 3252 3912 dicens
3286 3872 3300 3911 :

2300 3946 2479 4015 (Vers.
2510 3945 2597 4017 9.)
2621 3945 2760 4013 Quia
2790 3960 2905 4000 non
2937 3946 2998 4001 in
3026 3944 3374 4015 [ortitudine
3395 3961 3498 4000 sua
3545 3943 3827 4000 roborabi—

2231 4039 2327 4091 tur
2350 4036 2453 4089 vir.

2299 4126 2395 4181 25.
2436 4123 2605 4193 Quasi
2652 4123 2840 4179 dicat:
2887 4123 3095 4179 Idcirco
3138 4128 3304 4192 tenet,
3350 4123 3477 4195 quia
3533 4122 3648 4177 sine
3706 4122 3830 4192 ipso

520 4216 642 4279 tur,
675 4215 731 4267 et
757 4226 863 4283 per
889 4226 1083 4267 omnes
1114 4212 1259 4267 vicos
1316 4213 1439 4283 ejus
1485 4212 1733 4268 Alleluia
1787 4214 2118 4270 cantabitur
2147 4229 2199 4288 D
2231 4220 2376 4267 stare
2404 4227 2513 4267 non
2552 4220 2790 4283 possent.
2816 4213 2953 4268 Nam
2976 4214 3078 4268 etsi
3108 4213 3193 4268 vir
3223 4212 3441 4268 virtutis
3486 4212 3827 4284 agnoscitur,

519 4301 667 4372 (Tob.
687 4315 804 4371 xui,
839 4302 950 4370 22).
972 4298 1078 4355 Sed
1109 4314 1173 4353 ea
1205 4316 1324 4369 qua:
1353 4308 1881 4371 sequunturereptus
1906 4316 2116 4372 pauper

519 4388 768 4458 aspiciat,
798 4388 927 4458 quia
968 4388 1038 4443 ad
1099 4387 1407 4458 principum
1442 4388 1769 4455 sessionem,
1805 4388 1873 4443 ad
1922 4390 2116 4463 gloriae

521 4476 721 4534 solium
758 4491 870 4532 non
899 4476 1081 4530 statim
1112 4483 1168 4530 ut
1190 4474 1352 4530 fuerit
1379 4482 1588 4530 erectus
1615 4476 1900 4533 adducitur
1933 4496 1946 4533 :

596 4568 774 4635 (Vers.
807 4567 884 4635 8.)
906 4565 1152 4630 Domini,
1185 4562 1380 4635 inquit,
1416 4569 1555 4620 sunt
1602 4567 1867 4624 cardines
1922 4571 2112 4638 terrae,

524 4661 583 4712 et
601 4655 789 4726 posuit
803 4668 973 4724 super
1001 4668 1091 4709 eos
1107 4651 1294 4709 orbem
1308 4693 1321 4705 .

592 4746 681 4800 22.
716 4741 859 4810 Quia
888 4745 1051 4797 terra;
1080 4740 1306 4797 nomine
1346 4750 1658 4813 peccatores
1685 4744 1743 4800 in
1788 4761 1941 4803 sacro
1994 4747 2115 4803 elo-

527 4831 656 4904 quio
686 4830 1067 4901 designantur,
1101 4830 1355 4886 cardines
1386 4838 1544 4888 terrae
1584 4831 1644 4887 hi
1701 4834 1871 4906 accipi
1907 4850 2115 4893 conve-

524 4919 739 4977 nienter
764 4927 989 4990 possunt
1016 4918 1071 4973 in
1103 4919 1302 4990 quibus
1328 4936 1430 4990 per
1458 4922 1647 4993 inepta
1701 4923 1976 4979 desideria
2007 4941 2115 4980 sa:-

527 5010 706 5067 culum
734 5007 945 5074 circuit,
964 5015 1018 5063 et
1046 5008 1116 5064 de
1145 5007 1252 5064 alio
1282 5009 1351 5064 ad
1380 5009 1546 5065 alium
1568 5010 1735 5068 ducit.
1769 5013 1910 5067 Cum
1955 5013 2119 5085 igitur

524 5114 829 5158 conversos
873 5103 1193 5170 peccatores
1236 5097 1554 5170 aspicimus,
1586 5098 1642 5154 in
1672 5100 1887 5156 laudem
1947 5102 2119 5157 Crea-

525 5190 657 5247 toris
675 5189 760 5246 his
788 5190 961 5245 Annae
988 5184 1170 5243 verbis
1197 5202 1568 5258 erumpamus.
1606 5187 1773 5258 Quasi
1798 5189 1943 5245 enim
1999 5190 2119 5245 aliis

524 5278 707 5337 verbis
724 5286 849 5335 tunc
862 5275 1093 5333 dicimus
1109 5292 1123 5333 :
1141 5276 1171 5331 J
1173 5291 1259 5331 am
1279 5276 1497 5333 Domini
1516 5293 1637 5333 esse
1646 5293 1745 5349 per
1757 5277 1878 5349 ejus
1888 5278 2119 5351 gratiam

525 5373 833 5439 coeperunt,
866 5365 959 5439 qui
986 5364 1079 5421 diu
1100 5364 1157 5420 in
1186 5371 1306 5421 rota
1350 5381 1532 5421 rerum
1581 5367 1972 5422 transeuntium
2021 5384 2120 5438 per

522 5455 712 5513 mundi
740 5453 1235 5527 concupiscentiam
1263 5454 1395 5511 tenti
1423 5461 1574 5511 sunt.
1611 5455 1674 5511 Et
1704 5470 1848 5527 cum,
1873 5456 1992 5528 jam
2012 5456 2117 5514 de-

595 5634 675 5706 (a)
695 5633 854 5692 Forte
882 5631 1176 5708 legendum
1204 5638 1421 5695 statum
1449 5634 1678 5704 roboris,
1710 5640 1765 5692 ut
1785 5635 1952 5707 paulo
1980 5634 2120 5694 infra

2227 4300 2282 4355 in
2314 4300 2635 4356 fortitudine
2663 4317 2761 4355 sua
2791 4302 3038 4357 timorem
3069 4300 3260 4372 lapsus
3288 4301 3472 4365 habet,
3505 4305 3704 4355 statum
3740 4300 3828 4371 (α)

2226 4388 2397 4443 robur
2425 4403 2534 4444 non
2565 4389 2746 4454 habet,
2773 4396 2823 4444 et
2852 4390 3013 4445 toties
3033 4389 3219 4444 illicita
3248 4388 3685 4459 concupiscendo
3734 4388 3826 4443 la-

2226 4477 2385 4544 bitur,
2417 4478 2633 4549 quoties
2661 4478 2867 4533 interna
2898 4478 3019 4549 ejus
3046 4478 3276 4550 vestigia
3296 4495 3327 4533 a
3359 4477 3588 4533 Domino
3606 4485 3829 4532 tenente

2231 4567 2573 4623 deseruntur.
2607 4569 2693 4621 An
2720 4583 2852 4625 vero
2876 4583 2981 4623 non
3006 4567 3089 4622 vir
3101 4577 3214 4622 erat
3236 4568 3319 4621 cui
3334 4568 3386 4620 in
3405 4566 3826 4636 juvencularum

2225 4656 2392 4712 choro
2413 4656 2758 4723 cantabatur;
2790 4656 2937 4712 Saul
2950 4658 3230 4727 percussit
3252 4657 3428 4721 mille,
3463 4660 3517 4712 et
3539 4655 3712 4711 David
3733 4655 3829 4711 deo

2223 4762 2345 4802 cem
2372 4746 2561 4801 millia
2582 4745 2630 4816 (Ι
2654 4747 2780 4815 Reg.
2814 4761 2966 4812 xvm,
2997 4747 3052 4815 7)
3082 4746 3111 4800 ‘l
3140 4744 3244 4814 Qui
3275 4745 3526 4799 nimirum
3571 4760 3691 4800 cum
3725 4744 3823 4798 in—

2223 4842 2304 4891 ter
2331 4850 2497 4890 onera
2524 4832 2833 4889 fortitudini
2864 4850 2975 4889 sum
3003 4832 3342 4903 relinquitur,
3374 4835 3429 4888 in
3467 4834 3649 4889 carnis
3704 4849 3828 4889 suae

2225 4923 2442 4994 culpam
2471 4922 2735 4992 impulsus
2762 4922 2979 4989 corruit,
3014 4930 3177 4995 atque
3210 4922 3263 4976 in
3315 4939 3372 4978 se
3423 4930 3680 4994 expertus
3734 4930 3830 4977 est

2226 5012 2351 5083 quia
2380 5011 2463 5067 vir
2491 5012 2545 5065 in
2575 5027 2633 5066 se
2664 5027 2772 5066 non
2803 5010 2997 5065 habeat
3028 5019 3220 5066 statum
3244 5011 3467 5080 roboris,
3498 5011 3830 5082 sedlapsum

2225 5098 2576 5156 inﬁrmitatis.
2614 5100 2770 5157 Unde
2801 5110 2853 5155 et
2874 5099 3044 5154 relabi
3069 5108 3333 5165 metuens,
3366 5117 3487 5155 eum
3520 5116 3550 5154 a
3582 5116 3688 5170 quo
3732 5107 3829 5155 te-

2226 5189 2343 5245 neri
2371 5189 2439 5244 ad
2459 5195 2658 5244 statum
2689 5188 2886 5244 debeat
2917 5189 3183 5259 exposcit,
3216 5188 3404 5243 dicens
3428 5206 3439 5242 :
3462 5190 3583 5245 Non
3613 5206 3703 5245 me
3731 5188 3833 5244 de-

2229 5280 2519 5351 relinquas
2537 5294 2929 5351 usquequaque
2949 5278 3133 5347 (Psal.
3166 5296 3356 5349 cxvm,
3384 5280 3460 5350 8).
3495 5282 3670 5335 Nemo
3687 5294 3833 5351 ergo

2226 5383 2284 5423 se
2316 5366 2479 5433 fallat,
2512 5368 2666 5439 quasi
2689 5367 2744 5422 in
2775 5383 2834 5422 se
2865 5367 3033 5423 robur
3062 5367 3243 5423 standi
3274 5367 3533 5431 inveniat,
3566 5369 3693 5440 quia
3723 5368 3838 5424 etsi

2226 5472 2428 5529 magna
2455 5471 2600 5529 saepe
2629 5456 2963 5513 occultorum
2995 5457 3229 5513 hostium
3260 5457 3399 5513 bella
3420 5475 3760 5529 superamus,
3781 5457 3836 5513 si

2153 5652 2166 5694 :
2195 5651 2313 5696 non
2343 5634 2544 5695 habent
2568 5639 2788 5694 statum
2818 5636 3045 5707 roboris,
3068 5635 3165 5693 sed
3187 5638 3411 5712 lapsum
3431 5636 3829 5706 inﬁrmitatis.
