4062 6182
312 282 382 338 89
1170 285 1243 340 IN
1274 285 1540 344 PRIMUM
1570 285 1813 343 REGUM
1842 283 2384 341 EXPOSITIONES.
2419 316 2487 327 —
2506 287 2641 342 LIB.
2679 287 2751 342 ΙΙ.
3562 296 3630 348 90

316 406 485 481 digne
505 423 603 464 eos
632 408 688 464 in
716 411 835 465 suis
866 410 1215 467 suasionibus
1231 411 1573 482 reprobando
1594 411 1743 468 velut
1764 412 1815 465 in
1834 411 1913 465 fu-
1941 410 1995 471 A

314 514 444 570 gam
472 514 659 554 versos
686 499 1043 572 insequimur,
1061 516 1170 556 non
1203 516 1301 557 nos
1316 509 1445 556 tunc
1475 501 1653 574 refugi
1676 501 1915 572 spiritus,

322 586 411 641 sed
440 604 565 641 eum
596 604 757 657 quem
789 590 847 642 in
892 590 1051 645 nobis
1082 590 1356 661 aspiciunt
1401 597 1791 662 expavescunt.
1826 589 1920 644 Vel

321 684 459 731 certe
490 676 537 730 si
566 692 666 731 nos
694 677 862 732 etiam
917 679 1127 743 timent,
1175 679 1381 735 idcirco
1433 678 1676 750 profecto
1711 678 1917 747 timent,

321 766 445 835 quia
474 766 529 820 in
559 766 758 821 divinae
788 768 987 839 gratia:
1011 768 1182 825 robur
1210 776 1526 838 assumptos
1556 768 1762 825 vident.
1781 770 1921 838 Apte

322 869 448 925 ergo
491 855 613 924 subj
624 857 843 927 ungitur
876 872 888 910 :

392 944 577 1010 (νει-ε.
629 948 742 1015 1ο.)
796 946 1098 1002 Dominum
1148 945 1545 1017 formidabant
1607 946 1922 1002 adversarii

321 1034 442 1103 ejus
466 1038 527 1089 et
558 1049 729 1105 super
761 1036 910 1107 ipsos
938 1037 1001 1091 in
1030 1037 1184 1091 cretis
1217 1035 1452 1091 tonabit.

390 1122 482 1175 26.
522 1122 658 1177 Caeli
688 1139 924 1194 namque
955 1132 1085 1178 tunc
1115 1140 1324 1193 sumus,
1344 1140 1465 1178 cum
1496 1123 1552 1177 in
1578 1122 1921 1179 altitudinem

323 1208 515 1265 divina:
544 1213 746 1282 gratiae
776 1213 1114 1282 praesidentis
1155 1214 1315 1268 nobis
1343 1213 1714 1269 sublevamur.
1749 1213 1814 1266 Et
1842 1219 1922 1266 to-

322 1297 497 1353 nitrua
528 1307 723 1354 contra
753 1301 873 1369 ejus
904 1300 1247 1356 adversarios
1266 1302 1556 1367 habemus,
1578 1317 1698 1356 cum
1729 1300 1924 1357 validis

320 1396 636 1442 sanctorum
669 1388 1065 1444 desideriorum
1115 1390 1343 1445 vocibus
1390 1405 1551 1444 omne
1585 1389 1727 1459 quod
1761 1389 1924 1444 nobis

321 1475 388 1530 de
445 1491 630 1530 eorum
678 1478 1029 1548 suggestione
1094 1478 1261 1549 spirat
1306 1478 1583 1533 elidimus.
1648 1478 1922 1550 Quidquid

321 1563 462 1619 enim
492 1565 793 1619 tonitruum
834 1566 973 1634 ferit,
1026 1566 1296 1622 interficit.
1342 1567 1596 1623 Tonitrua
1637 1583 1772 1639 ergo
1804 1583 1921 1623 cm-

318 1650 493 1707 lorum
523 1661 651 1707 sunt
682 1654 929 1723 perfecta
952 1655 1226 1710 desideria
1258 1656 1574 1711 electorum.
1608 1657 1745 1710 Nam
1779 1656 1925 1711 velut

2091 410 2275 481 (Vera.
2310 412 2421 479 11.)
2447 413 2513 468 Et
2534 413 2674 469 abiit
2700 414 2948 470 Helcana
2980 415 3042 471 in
3073 416 3378 486 Ramatha,
3410 417 3474 472 in
3521 419 3623 475 do-

2028 516 2185 555 mum
2216 517 2398 559 suam.
3230 562 3233 563 ,

2106 593 2161 645 1.
2201 588 2373 658 Quem
2408 590 2649 661 profecto
2678 592 2880 655 virum,
2914 593 3132 647 humani
3161 594 3381 665 generis
3401 595 3631 649 Redem-

2029 686 2278 749 ptorem;
2333 682 2540 734 Annam
2593 696 2722 734 vero
2770 680 3080 752 conjugem,
3120 682 3239 750 ejus
3282 682 3625 750 Ecclesium;

2029 784 2256 838 puerum
2288 769 2612 837 Samuelem,
2665 770 2999 824 credentium
3048 770 3116 823 de
3151 771 3405 841 gentibus
3450 787 3630 843 popu-

2029 857 2464 924 lum;Ramatha
2485 874 2703 929 quoque
2736 858 3028 928 civitatem,
3080 858 3353 914 caelestem
3402 860 3632 932 patriam

2029 946 2323 1017 designare
2350 945 2700 1002 ostendimus.
2735 946 2876 1015 Quid
2904 962 3037 1019 ergo
3063 954 3141 1001 est
3180 948 3324 1018 quod
3355 951 3478 1018 post
3500 964 3628 1003 con-

2026 1035 2174 1106 jugis
2202 1035 2469 1090 canticum
2500 1036 2703 1090 abiisse
2733 1036 2789 1089 in
2818 1036 3141 1091 Ramatham
3170 1035 3450 1091 civitatem
3474 1052 3629 1090 suam

2033 1123 2279 1179 Helcana
2310 1124 2521 1190 dicitur,
2547 1140 2667 1180 cum
2700 1129 2826 1195 post
2857 1133 3042 1179 natum
3090 1142 3317 1195 puerum
3353 1126 3465 1180 Deo
3497 1141 3621 1180 can-

2031 1213 2200 1267 ticum
2233 1216 2385 1268 Anna
2414 1213 2633 1281 dixerit,
2653 1218 2818 1284 atque
2846 1222 2970 1268 ante
3001 1214 3069 1269 ad
3102 1215 3271 1269 coelos
3303 1215 3633 1285 Redemptor

2031 1302 2359 1369 ascenderit,
2390 1319 2555 1372 quam
2584 1303 2844 1374 gentilem
2873 1303 3130 1374 populum
3162 1312 3346 1360 sancta
3385 1303 3631 1359 Ecclesia

2031 1389 2085 1444 in
2117 1390 2221 1444 ﬁde
2252 1392 2575 1462 genuisset?
2608 1391 2762 1460 Quod
2797 1392 3041 1462 profecto
3082 1392 3150 1446 ab
3180 1392 3258 1447 eis
3290 1393 3631 1449 solummodo

2032 1479 2287 1551 quaeritur
2307 1480 2397 1550 qui
2429 1487 2632 1534 tantum
2668 1481 2881 1535 Domini
2922 1481 3087 1536 nostri
3116 1481 3462 1553 corporalem
3495 1498 3630 1553 prae-

2033 1568 2262 1624 sentiam
2292 1569 2432 1625 scire
2476 1578 2790 1625 noscuntur.
2851 1570 3106 1642 Nunquid
3152 1570 3297 1624 enim
3350 1578 3476 1626 tunc
3524 1586 3632 1626 non

2033 1675 2160 1715 eum
2194 1675 2382 1713 secum
2411 1659 2611 1713 Paulus
2641 1659 2878 1714 habebat
2900 1660 2993 1731 qui
3025 1659 3093 1714 ad
3126 1660 3339 1714 Patrem
3372 1659 3632 1714 ascende-

314 1741 622 1796 acmlorum
652 1742 932 1798 altitudine
972 1744 1285 1799 terribiliter
1333 1745 1574 1800 sonando
1623 1745 1914 1815 prodeunt,
1947 1770 2000 1829 Β
2033 1757 2137 1812 rat,
2170 1764 2292 1803 cum
2317 1749 2530 1803 dicebat
2564 1768 2575 1803 :
2610 1750 2704 1804 An
2736 1752 3203 1821 experimentum
3234 1750 3488 1821 quaeritis
3509 1750 3632 1817 eius

318 1845 439 1886 cum
469 1830 540 1885 ab
572 1846 638 1886 eo
668 1833 868 1887 mentis
896 1832 1134 1887 culmine
1167 1832 1443 1905 malignos
1461 1834 1679 1904 spiritus
1698 1835 1915 1900 feriunt,

319 1920 404 1975 cui
443 1920 794 1990 omnipotens
826 1922 971 1977 Deus
1009 1922 1087 1977 sic
1117 1922 1393 1994 praesidet,
1428 1932 1483 1978 ut
1512 1940 1697 1978 amore
1729 1923 1926 1995 praesi-

320 2008 497 2063 dentis
530 2008 692 2064 facile
722 2017 949 2079 superet
979 2027 1137 2066 omne
1184 2011 1327 2083 quod
1357 2012 1426 2067 ad
1445 2028 1685 2083 pugnam
1717 2014 1926 2068 moveri

319 2105 533 2167 poterat
567 2099 739 2152 hostis
780 2099 1000 2155 audacia
1038 2101 1183 2155 mala
1229 2102 1599 2172 suggerentis.
1640 2102 1748 2157 Sed
1780 2119 1924 2173 prae-

316 2195 567 2243 monente
579 2188 949 2260 Redemptore
968 2190 1217 2245 novimus
1236 2190 1356 2260 quia
1375 2191 1470 2263 qui
1485 2194 1925 2264 perseveraverit

314 2294 486 2349 usque
506 2278 573 2332 in
588 2277 787 2345 ﬁnem,
812 2277 904 2334 hic
924 2281 1112 2334 saluus
1134 2281 1243 2335 erit
1262 2281 1491 2351 (Matth.
1515 2297 1569 2346 x,
1594 2279 1921 2349 22).Eodem

314 2382 528 2436 quoque
576 2366 814 2421 Domino
862 2367 1222 2438 promittente,
1277 2368 1563 2422 didicimus
1608 2370 1737 2440 quia
1778 2386 1920 2441 qua-

313 2471 535 2528 cunque
552 2457 692 2513 hora
708 2462 973 2529 peccator
988 2460 1556 2527 conuertitur,salvus
1568 2461 1680 2514 erit
1700 2459 1917 2528 (Ezech,

314 2559 471 2610 xviii,
502 2546 617 2613 21).
655 2545 714 2598 In
745 2553 987 2600 extremo
1016 2545 1200 2618 itaque
1229 2546 1310 2600 sui
1339 2547 1714 2602 canticiaddat
1742 2550 1918 2611 Anna,

314 2642 365 2688 et
390 2632 537 2688 dicat
586 2634 732 2689 unde
771 2643 1085 2704 peccantem
1131 2642 1348 2697 terreat,
1381 2635 1526 2693 dicat
1571 2652 1678 2706 quo
1705 2637 1919 2709 justum

316 2722 620 2778 cautiorem
652 2722 869 2777 reddat.

384 2812 565 2880 (Vers.
590 2812 702 2879 10.)
734 2812 1027 2880 Dominus,
1052 2813 1262 2885 inquit,
1268 2814 1298 2885 j
1304 2812 1558 2870 udicabit
1569 2816 1713 2883 ﬁnes
1727 2818 1914 2870 terrm.

381 2900 479 2954 27.
508 2901 631 2955 Non
659 2900 730 2954 ait
762 2908 989 2967 terram,
1022 2903 1114 2957 sed
1146 2901 1283 2957 fines
1321 2910 1500 2958 terrae.
1534 2903 1695 2958 Fines
1717 2903 1917 2975 quippe

313 2996 476 3044 terrae
506 2996 651 3055 sunt,
685 2990 781 3060 qui
803 2990 927 3045 vitae
955 3005 1053 3045 sua
1083 2990 1270 3045 ultima
1292 3008 1411 3046 cum
1435 2991 1610 3062 culpae
1641 2999 1916 3062 perpetra-

312 3076 460 3132 tione
489 3078 819 3133 clauserunt.
853 3080 994 3134 Nam
1012 3080 1103 3152 qui
1124 3088 1333 3151 peccat,
1352 3080 1633 3152 etcorrigit
1656 3081 1796 3150 quod
1818 3082 1914 3137 de-

2038 1839 2132 1909 qui
2167 1840 2229 1893 in
2260 1855 2351 1892 me
2380 1839 2600 1893 habitat
2623 1838 2877 1894 Christus
2900 1839 2972 1907 (II
2994 1838 3317 1907 Cor.x1u,3)
3337 1839 3363 1890 ‘2
3395 1837 3630 1907 quiitem

2034 1924 2231 1980 fatetur
2258 1926 2443 1981 dicens
2479 1943 2490 1980 :
2529 1928 2687 1983 Sicut
2711 1944 2784 1983 ex
2806 1929 2935 1997 Deo,
2976 1944 3169 1983 coram
3191 1929 3300 1983 Deo
3322 1930 3377 1981 et
3412 1926 3630 1982 Christo

2037 2016 2320 2087 loquimur
2344 2016 2416 2081 (II
2433 2014 2634 2081 Cor.u,
2671 2016 2779 2085 17).
2813 2016 2952 2085 Quid
2982 2023 3065 2071 est
3095 2032 3224 2087 ergo
3257 2015 3400 2086 quod
3433 2022 3629 2069 sanctm

2032 2104 2293 2159 Ecclesiae
2323 2104 2619 2173 aliquando
2641 2104 2812 2159 adfuit
2841 2121 2938 2175 per
2971 2104 3202 2176 gratiam
3234 2104 3489 2171 muneris,
3522 2103 3628 2157 ali-

2033 2193 2253 2262 quando
2280 2193 2329 2247 ei
2359 2209 2420 2247 se
2451 2193 2710 2247 subtraxit
2737 2208 2835 2262 per
2854 2193 3310 2262 dispensationem
3345 2192 3628 2263 probatio-

2032 2281 2113 2336 nis
2132 2284 2159 2334 ?
2188 2282 2373 2337 Adfuit
2403 2299 2658 2355 namque,
2681 2289 2733 2337 ut
2763 2281 2815 2335 in
2846 2281 3209 2355 acquisitionc
3232 2282 3490 2337 Gentium
3505 2282 3627 2336 vita)

2030 2371 2197 2427 verba
2226 2371 2570 2426 abundanter
2601 2369 2928 2441 effunderet;
2963 2370 3057 2425 sed
3076 2370 3368 2442 aliquando
3399 2370 3448 2424 ei
3480 2369 3629 2425 velut

2029 2460 2227 2515 absens
2249 2476 2307 2516 se
2336 2460 2646 2528 abscondit,
2679 2468 2756 2528 ut,
2789 2460 2942 2516 verbi
2981 2476 3205 2515 munere
3246 2456 3483 2522 sublato,
3539 2474 3625 2514 co-

2028 2554 2325 2622 gnosceret
2356 2550 2471 2605 sine
2495 2551 2613 2620 ejus
2636 2551 2924 2621 praesentia
2943 2549 3118 2620 qualis
3140 2556 3302 2605 esset.
3324 2551 3446 2604 Post
3466 2549 3628 2603 ﬁnem

2027 2640 2207 2711 itaque
2264 2639 2462 2694 cantici
2521 2639 2752 2694 dicitur:
2809 2639 2971 2694 Abiit
3011 2640 3256 2694 Ilelcana
3308 2639 3369 2693 in
3401 2639 3629 2693 domum

2026 2745 2211 2796 suam,
2246 2728 2371 2799 quia
2402 2736 2589 2783 sancta
2620 2727 2870 2783 Ecclesia
2916 2744 2984 2783 ex
3033 2727 3157 2797 ejus
3206 2726 3488 2797 praesentia
3519 2727 3629 2781 alla

2026 2817 2303 2888 praedicat.
2325 2817 2417 2889 qui
2443 2833 2563 2872 cum
2590 2816 2909 2871 mortalibus
2937 2833 3035 2887 per
3077 2816 3540 2887 dispensationem
3570 2831 3628 2869 se

2024 2907 2306 2974 subtrahit,
2368 2906 2588 2960 aeternis
2633 2922 2693 2961 se
2735 2906 2947 2960 civibus
2985 2905 3199 2976 jugiter
3255 2911 3625 2974 repraesentat.

2024 2997 2232 3050 Domus
2263 3011 2500 3065 namque
2549 3011 2646 3049 sua
2674 2994 2764 3048 illa
2796 3010 3156 3064 supernorum
3204 2993 3424 3058 civium,
3458 3009 3626 3063 quam

2038 3084 2288 3151 amando,
2322 3083 2587 3153 replendo
2632 3091 2683 3136 et
2730 3083 2990 3139 sociando
3034 3082 3296 3137 Dominus
3342 3080 3627 3136 inhabitato

309 3166 521 3236 linquit,
558 3175 697 3222 terra
727 3177 806 3223 est
837 3185 931 3240 per
962 3134 1266 3240 peccatum,
1292 3134 1795 3225 e'tﬁlliste'i-rmlnon
1815 3174 1919 3239 est,
1960 3134 2008 3196 Ο
2038 3181 2239 3228 aeterna
2271 3134 2503 3230 socigtas
2532 3181 2632 3226 est.
2667 3174 2725 3225 In
2757 3187 2876 3227 eam
2906 3173 3071 3243 igitur
3102 3171 3245 3226 vadit
3266 3186 3386 3226 cum
3418 3172 3628 3224 Annam

310 3256 439 3327 quia
472 3256 841 3326 delinquendo
860 3257 1260 3329 redemptionis
1288 3275 1398 3312 suae
1421 3257 1531 3312 alta
1554 3258 1924 3330 deposuit,sed

308 3344 379 3397 ab
414 3344 523 3399 imo
554 3345 923 3415 depositionis
955 3363 1067 3402 sua:
1116 3354 1241 3402 ante
1283 3346 1555 3417 judicium
1603 3349 1924 3403 resurrexit.

309 3433 748 3504 Flevitnamque
779 3435 926 3505 quod
971 3434 1120 3505 fecit,
1171 3442 1222 3490 et
1270 3444 1554 3492 venturum
1579 3436 1822 3505 judicem
1858 3453 1924 3493 eo

306 3520 489 3575 laetius
518 3524 769 3590 sustinet,
813 3539 919 3594 quo
964 3523 1019 3578 in
1064 3524 1412 3579 damnatione
1463 3525 1782 3580 terrenitatis
1826 3542 1924 3596 per

309 3612 700 3680 paenitentiam
733 3612 851 3683 ipse
882 3612 936 3666 in
967 3629 1030 3668 se
1062 3612 1283 3685 ﬂagella
1322 3613 1542 3668 ultionis
1584 3620 1750 3669 tenet.
1786 3613 1923 3683 Quia

311 3716 450 3771 ergo
481 3698 619 3754 fines
651 3708 806 3757 terra:
850 3701 1118 3757 Dominus
1157 3702 1387 3773 judicat,
1436 3718 1730 3758 conversus
1780 3720 1922 3774 pec-

309 3798 468 3844 cator
493 3789 565 3843 ad
616 3790 909 3844 Dominum
957 3792 1157 3862 priora,
1208 3791 1320 3846 sive
1370 3792 1567 3856 media,
1612 3807 1719 3847 non
1749 3808 1924 3862 expa-

306 3882 521 3933 vescat.
583 3876 721 3947 Quia
773 3879 907 3934 item
965 3879 1102 3935 fines
1159 3888 1320 3934 terrae
1375 3880 1648 3935 Dominus
1690 3881 1921 3949 judicat,

301 3966 497 4035 justus
525 3967 787 4023 inchoata
809 3967 1037 4037 justitia,
1071 3985 1180 4023 non
1210 3977 1527 4039 prmsumat.
1561 3970 1703 4024 Nam
1724 3970 1768 4023 si
1788 3971 1928 4025 hunc

309 4057 380 4112 ab
414 4073 482 4111 ea
513 4074 618 4127 qua
649 4057 847 4112 cadere
899 4065 1077 4128 potest
1124 4058 1306 4112 adhuc
1354 4059 1615 4130 aequitate
1652 4058 1923 4114 labentem

306 4146 491 4200 subita
521 4161 676 4201 mors
716 4146 1006 4217 intercipit,
1059 4147 1185 4217 quia
1232 4147 1287 4199 in
1337 4147 1449 4200 suis
1479 4149 1740 4203 extremis
1769 4148 1927 4219 culpa

307 4234 610 4299 clauditur,
646 4234 842 4288 ﬁnium
876 4244 1031 4289 terrae
1058 4236 1180 4308 lege
1205 4234 1503 4303 iudicatur.
1538 4236 1791 4307 Sequitur
1821 4256 1832 4291 :

382 4323 573 4393 (Vers.
618 4324 728 4393 10.)
758 4326 829 4379 Et
848 4324 1005 4379 dabit
1026 4326 1330 4397 imperium
1375 4326 1494 4396 regi
1527 4342 1644 4391 suo,
1664 4329 1719 4381 et
1746 4326 1929 4382 subli-

310 4411 493 4465 mabit
522 4426 705 4467 cornu
739 4412 951 4469 Christi
980 4415 1092 4468 sui.

2032 3262 2254 3328 deserit,
2286 3262 2412 3333 quia
2444 3262 2533 3333 qui
2563 3278 2620 3316 se
2650 3262 2807 3316 nobis
2832 3262 3007 3316 adhuc
3035 3259 3457 3331 proficientibus
3489 3258 3627 3313 salu-

2032 3351 2112 3405 bri
2124 3355 2203 3405 ter
2218 3350 2503 3417 subtrahit,
2524 3351 2789 3421 perfectis
2806 3359 2968 3422 atque
2998 3351 3387 3404 consummatis
3410 3355 3630 3403 actorum

2032 3439 2223 3509 patria}
2252 3439 2465 3494 civibus
2482 3454 2545 3494 eo
2568 3456 2631 3494 se
2653 3437 3179 3509 incessanterjungit
3204 3445 3363 3507 atque
3387 3435 3625 3502 exhibet,

2032 3544 2140 3600 quo
2170 3528 2387 3599 probari
2408 3532 2520 3597 jam
2545 3529 2799 3599 probatos
2839 3529 2951 3596 ejus
2978 3527 3232 3581 absentia
3262 3525 3488 3579 ulterius
3519 3541 3628 3579 non

2032 3624 2266 3687 oportet.
2300 3621 2436 3688 Apte
2474 3618 2659 3688 itaque
2704 3624 2825 3688 post
2872 3619 3041 3670 Anna:
3090 3615 3358 3670 canticum
3389 3613 3584 3667 dicitur
3616 3630 3627 3665 :

2032 3706 2181 3762 Abiit
2213 3708 2459 3763 llelcana
2480 3709 2541 3763 in
2569 3707 2796 3763 domum
2818 3704 3131 3774 suam,quia
3156 3711 3344 3759 sancta
3366 3701 3627 3768 Ecclesia,

2033 3812 2152 3864 quae
2185 3804 2294 3849 tam
2326 3796 2581 3851 sublimia
2623 3797 2825 3851 electos
2864 3795 3072 3861 edocet,
3116 3793 3251 3849 sicut
3300 3792 3391 3862 pia
3419 3806 3633 3861 semper

2034 3885 2251 3939 Domini
2281 3885 2689 3955 dispensatione
2733 3884 3024 3949 deseritur,
3074 3883 3150 3938 ita
3194 3890 3248 3937 et
3290 3881 3479 3936 eadem
3528 3880 3634 3934 alta.

2034 3990 2155 4044 quae
2179 3973 2373 4028 doceat
2403 3990 2511 4027 non
2543 3990 2754 4044 semper
2788 3973 2976 4027 habet.
3031 3972 3139 4027 Sed
3189 3970 3431 4043 plerique
3460 3968 3634 4025 verba

2035 4061 2276 4128 audiunt,
2310 4061 2640 4131 praeteritam
2672 4061 2935 4115 malitiam
2975 4060 3327 4127 detestantur,
3361 4066 3412 4112 et
3442 4074 3629 4115 corre-

2033 4149 2227 4205 ctionis
2257 4151 2381 4206 vitae
2422 4166 2587 4220 opera
2642 4151 2988 4221 proponunt;
3035 4148 3132 4202 sed
3172 4163 3293 4201 cum
3328 4148 3518 4201 audire
3541 4146 3633 4200 de-

2043 4239 2251 4306 sierint,
2286 4255 2349 4296 ac
2379 4239 2422 4294 si
2454 4253 2735 4311 nunquam
2770 4237 2960 4292 eadem
2994 4235 3115 4291 vitae
3144 4234 3311 4291 verba
3332 4234 3634 4298 audissent,

2038 4330 2104 4384 ad
2150 4329 2486 4399 iniquitatem
2544 4328 2790 4383 redeunt.
2850 4326 3083 4381 Auditor
3122 4332 3321 4379 sanctae
3368 4321 3632 4379 Ecclesiae

2037 4418 2259 4490 gentilis
2288 4418 2517 4489 populus
2559 4418 2789 4471 devotus
2839 4416 2903 4469 ad
2954 4413 3283 4469 audiendum
3329 4412 3447 4479 fuit,
3481 4419 3534 4468 et
3563 4410 3632 4467 ad

381 4500 478 4553 '28.
507 4500 622 4555 Hoc
652 4500 897 4571 profecto
930 4502 1202 4573 superius,
1237 4503 1362 4575 quia
1411 4503 1477 4557 ad
1508 4502 1924 4578 Redemptorem
1956 4496 2008 4556 D
2040 4507 2381 4577 cperandum
2413 4515 2713 4578 promptus.
2746 4508 2881 4576 Apte
2912 4505 3091 4577 itaque
3122 4502 3372 4558 subditur
3404 4519 3418 4556 :

323 4588 637 4656 retulimus,
672 4588 726 4643 in
754 4590 914 4659 hujus
943 4606 1155 4660 quoque
1186 4591 1577 4663 explanationis
1606 4592 1799 4646 ordine
1821 4576 1928 4642 65

318 4693 440 4732 non
474 4686 768 4733 mutamus.
803 4680 928 4749 Ipse
959 4696 1193 4752 namque
1224 4688 1306 4736 est
1326 4696 1430 4751 pax
1452 4689 1654 4749 nostra,
1689 4679 1783 4750 qui
1808 4680 1931 4735 fecit

319 4777 561 4839 utraque
590 4783 768 4821 unum
796 4768 1097 4839 (Ephes.u,
1122 4770 1237 4839 14).
1275 4772 1398 4841 Ipse
1429 4785 1646 4841 quoque
1682 4777 1760 4823 est
1790 4769 1929 4840 lapis

308 4856 600 4927 angularia
659 4859 837 4927 (Petr.
864 4873 919 4922 ιι,
956 4858 1006 4925 4,
1039 4860 1091 4924 5,
1125 4858 1202 4929 6),
1234 4858 1289 4912 in
1320 4873 1428 4927 quo
1457 4859 1589 4913 dum
1626 4859 1925 4913 electorum

308 4944 505 5015 paries
536 4953 766 5015 uterque
793 4946 1095 5017 copulatur,
1127 4954 1348 5002 aeternae
1369 4947 1613 5003 civitatis
1644 4953 1925 5002 structura

313 5032 652 5104 disponitur.
702 5034 904 5088 Teneat
974 5034 1155 5104 itaque
1226 5052 1430 5091 morem
1503 5052 1659 5090 suum
1720 5035 1924 5090 locutio

313 5130 537 5191 nostra,
567 5130 625 5178 ut
656 5122 869 5193 prolato
891 5123 1005 5191 jam
1036 5123 1178 5180 sacri
1209 5124 1404 5181 cantici
1435 5132 1488 5180 et
1528 5125 1720 5181 morali
1756 5131 1809 5179 et
1838 5124 1922 5179 al-

313 5210 562 5283 legorico
595 5210 892 5277 intellectu,
947 5211 1004 5267 in
1048 5228 1116 5268 eo
1164 5220 1392 5285 uterque
1443 5214 1731 5271 conveniat
1759 5228 1922 5286 quem

313 5298 428 5355 fide
457 5299 754 5369 credimus,
787 5300 1032 5357 moribus
1060 5317 1490 5374 promereamur.

963 5446 1185 5502 CAPUT
1214 5446 1282 5500 ΙΙ.

391 5565 655 5642 Sequitur
682 5568 830 5626 enim
863 5568 1080 5625 divinus
1110 5585 1305 5639 sermo,
1340 5575 1392 5626 et
1422 5567 1548 5624 dicit
1580 5586 1593 5622 :

2112 4598 2291 4665 (Vers.
2328 4596 2438 4667 11.)
2472 4599 2618 4651 Puer
2646 4600 2839 4651 autem
2872 4595 3248 4651 Samuelerat
3279 4592 3544 4648 minister
3573 4593 3637 4646 in

2038 4689 2341 4758 conspectu
2373 4685 2617 4749 Domini,
2650 4688 2785 4740 ante
2813 4685 3024 4752 faciem
3051 4684 3170 4739 Heli
3198 4681 3524 4738 sacerdotis.

2108 4776 2167 4828 ΕΞ.
2198 4778 2276 4830 Ac
2300 4775 2344 4829 si
2390 4781 2578 4845 aperte
2625 4773 2938 4828 diceretur:
2974 4773 3053 4826 Ex
3102 4786 3167 4826 eo
3215 4771 3358 4840 quod
3402 4768 3632 4834 audivit,

2036 4863 2395 4934 omnipotenti
2418 4865 2532 4918 Deo
2562 4861 2780 4933 placere
2811 4862 3034 4916 studuit.
3069 4858 3174 4929 Qui
3221 4866 3345 4930 apte
3381 4875 3517 4929 puer
3546 4857 3633 4912 di-

2036 4948 2191 5014 citur,
2224 4948 2349 5018 quia
2379 4946 2477 5002 etsi
2499 4947 2733 5019 grandia
2774 4961 2874 5017 pro
2918 4945 3240 5000 defensione
3277 4943 3403 4998 ﬁdei
3433 4950 3634 4997 nostra:

2035 5037 2250 5109 agenda
2279 5044 2610 5108 susceperat,
2645 5043 2824 5091 tamen
2845 5036 2897 5089 in
2917 5035 3112 5091 eadem
3135 5034 3259 5089 fidei
3281 5030 3634 5105 generatione

2032 5127 2208 5182 adhuc
2245 5141 2422 5181 novus
2470 5133 2607 5184 erat.
2658 5126 2721 5180 Et
2768 5124 2893 5197 quia
2950 5123 3224 5195 placidum
3279 5118 3632 5188 omnipotenti

2034 5216 2149 5271 Deo
2207 5214 2566 5270 ministerium
2620 5214 2875 5285 praebuit,
2926 5212 3166 5266 minister
3220 5210 3274 5264 in
3333 5214 3632 5279 conspectu

2032 5304 2327 5360 conditoris
2361 5304 2475 5359 fuit.
2528 5305 2589 5358 In
2644 5309 2938 5375 conspectu
2982 5308 3033 5356 et
3081 5298 3224 5353 enim
3273 5296 3494 5353 Domini
3525 5305 3628 5375 est,

2030 5411 2193 5466 quem
2215 5394 2270 5449 in
2300 5393 2572 5449 oblatione
2598 5371 2983 5463 obsequiorum
3014 5388 3201 5444 divina
3237 5385 3484 5459 dignatio
3515 5371 3625 5439 66

2030 5483 2261 5539 libenter
2292 5483 2509 5552 aSpicit.
2542 5482 2586 5535 A
2616 5495 2723 5550 quo
2770 5477 3027 5532 nimirum
3069 5477 3290 5533 Domini
3336 5484 3629 5547 conspectu

2029 5572 2228 5645 expelli
2258 5571 2417 5629 valde
2448 5576 2695 5627 metuens
2726 5568 2868 5643 quis,
2903 5574 3042 5636 orat,
3083 5567 3270 5625 dicens
3304 5585 3316 5623 :
3349 5567 3426 5624 Ne
3453 5565 3629 5640 proji-
