4062 6182
403 326 467 380 91
1616 305 1865 363 SANCTl
1896 298 2248 358 GREGORII
2280 300 2530 355 MAGNI.
3645 293 3712 343 92

402 451 519 507 cias
550 463 636 503 me
665 463 703 501 α
730 445 878 517 facie
910 447 1009 499 tua
1041 441 1214 511 (Psal.
1241 456 1296 507 ι,
1322 437 1429 509 13).
1455 440 1514 492 In
1547 451 1654 507 quo
1674 434 1802 489 item
1827 427 1997 499 recipi
2033 431 2081 486 A
2110 427 2344 496 accepit.
2385 425 2563 494 Quare
2594 434 2645 480 et
2680 424 2915 480 ofﬁcium
2956 419 3302 479 sacerdotum
3345 416 3414 472 ad
3446 415 3708 487 populum

400 539 753 595 vehementer
799 533 1045 605 cupiens,
1086 529 1358 585 dilationis
1407 544 1522 583 suae
1569 541 1776 581 moram
1807 539 1997 578 secum

402 634 633 698 reputat,
667 624 888 680 dicens:
924 620 1152 690 Quando
1189 619 1435 682 veniam,
1470 621 1525 672 et
1552 615 1829 687 apparebo
1864 616 2000 667 ante

402 717 609 788 faciem
641 714 738 769 Dei
763 713 940 782 (Psal.
970 727 1077 772 xm,
1111 709 1208 778 ‘3)?
1250 709 1384 762 lIinc
1429 706 1574 760 Elias
1614 704 1913 777 gloriatur;
1948 709 2000 756 et

405 806 478 863 ait
519 823 529 859 :
577 804 715 859 Vivit
734 801 1024 863 Dominus,
1044 800 1106 853 in
1129 798 1289 868 cujus
1305 800 1609 867 conspectu
1630 799 1719 849 sto
1745 790 1854 861 (III
1872 794 1997 862 Reg.

403 911 536 960 xm,
573 896 645 963 l).
679 889 919 945 Minister
947 888 1126 958 itaque
1170 891 1289 942 erat
1336 885 1551 941 Samuel
1598 885 1652 938 in
1707 890 2000 952 conspectu

408 982 646 1051 Domini,
680 979 799 1050 quia
833 981 887 1034 in
928 995 1083 1034 novae
1130 975 1412 1049 religionis
1458 972 1730 1045 obsequiis
1758 970 2003 1040 omnipo-

409 1072 539 1126 tenti
568 1073 681 1126 Deo
712 1071 927 1143 gentilis
957 1069 1185 1141 populus
1216 1067 1371 1122 valde
1413 1071 1669 1132 acceptus
1718 1061 1841 1115 fuit.
1882 1058 2002 1128 Quo

409 1160 658 1215 nimirum
691 1161 855 1216 verbo
884 1161 1084 1215 Iudaeae
1114 1172 1328 1230 quoque
1377 1154 1617 1225 reputa-io
1658 1153 1885 1206 latenter
1912 1149 1999 1203 in-

409 1249 613 1314 nuitur,
646 1248 773 1304 dum
805 1249 954 1305 solus
998 1246 1236 1314 Samuel,
1287 1246 1340 1298 in
1389 1259 1495 1315 quo
1542 1240 1783 1314 gentium
1831 1237 2004 1292 ﬁdelis

408 1337 636 1408 populus
666 1338 997 1408 exprimitur,
1044 1346 1167 1390 ante
1198 1333 1484 1389 Dominum
1530 1330 1835 1385 ministrare
1869 1342 2002 1398 per-

409 1426 646 1481 hibetur.
687 1427 844 1482 Solus
893 1427 1074 1498 itaque
1105 1425 1157 1478 in
1190 1424 1306 1492 ejus
1361 1427 1659 1491 conspectu
1704 1427 1836 1483 erat,
1877 1416 2003 1488 quia

409 1515 647 1586 profecto
678 1516 729 1569 ei
760 1515 1015 1571 Iudaicus
1036 1514 1269 1585 p0pulus
1299 1513 1513 1583 placere
1557 1508 1811 1565 desierat.
1845 1506 2002 1576 Quod

406 1612 693 1675 utrumque
720 1621 816 1674 per
846 1605 1162 1659 Malachiam
1195 1602 1456 1657 Dominus
1486 1602 1736 1671 loquitur.
1754 1599 1892 1652 Nam
1915 1597 2003 1650 Ju-

410 1692 542 1747 daraa
571 1694 937 1762 repulsionem
970 1692 1277 1759 insinuans,
1310 1691 1383 1745 ait
1414 1708 1427 1743 :
1478 1691 1599 1746 Non
1630 1693 1715 1745 est
1748 1687 1886 1743 mihi
1918 1702 2004 1742 vo-

2105 516 2318 571 nesciit.
2373 514 2617 569 Officium
2672 512 3011 568 sacerdotale
3067 509 3267 580 quippe
3318 507 3703 577 cognosceret.

2106 605 2148 658 si
2180 605 2247 659 ad
2280 603 2710 673 redemptionem
2746 600 2968 655 humani
2998 597 3220 671 generis
3249 610 3373 651 eum
3404 595 3494 663 qui
3525 609 3553 647 a
3586 592 3708 664 lege

2108 703 2160 748 et
2190 694 2473 763 prophetis
2507 692 2680 746 fuerat
2711 691 3008 761 promissus
3038 687 3156 756 jam
3188 684 3406 740 venisse
3435 681 3698 753 praedica-

2109 783 2285 837 ret.ln
2316 797 2477 853 quem
2516 782 2763 852 profecto
2794 778 2922 850 quia
2966 792 3074 831 non
3106 775 3279 831 solum
3322 787 3433 826 non
3460 771 3665 827 credidi
3698 776 3718 824 t

2110 872 2205 926 sed
2238 871 2394 926 etiam
2435 869 2818 941 persequendo
2860 864 3136 931 insanivit,
3186 870 3240 917 et
3289 860 3577 915 Dominum
3610 873 3710 913 ne-

2110 961 2250 1028 sciit,
2284 968 2335 1014 et
2357 959 2424 1014 ad
2455 959 2710 1030 p0pulum
2759 957 2993 1012 ofﬁcium
3038 951 3400 1009 sacerdotum.
3449 949 3608 1016 Cujus
3636 954 3713 1001 ta-

2109 1067 2237 1104 men
2270 1047 2471 1103 malitia
2503 1048 2677 1102 minor
2706 1051 2871 1112 esset,
2903 1045 2948 1098 si
2980 1044 3069 1114 qui
3113 1040 3370 1112 prodesse
3401 1035 3705 1093 minoribus

2112 1137 2487 1208 Redemptoris
2544 1137 2834 1191 adventum
2870 1130 3224 1205 praedicando
3274 1127 3472 1193 noluit,
3513 1140 3711 1182 nocere

2110 1228 2401 1283 timuisset.
2444 1225 2701 1297 Sequitur
2728 1239 2883 1296 ergo,
2919 1232 2969 1277 et
2994 1221 3122 1277 dicit
3152 1239 3166 1274 :

2202 1328 2307 1395 67
2343 1342 2519 1412 (Vers.
2557 1343 2649 1409 13,
2688 1338 2799 1410 14.)
2834 1339 2948 1394 Sed
2997 1338 3315 1411 quicunque
3354 1333 3707 1389 immolasset

2111 1431 2684 1497 victimam,vcniebat
2703 1445 2843 1500 puer
2854 1425 3320 1489 sacerdotis,dum
3334 1439 3428 1495 σοι)
3439 1436 3604 1477 uereri
3619 1424 3713 1475 tur

2110 1538 2332 1590 carnes,
2365 1525 2420 1576 et
2462 1520 2695 1576 habebat
2718 1518 3075 1589 fuscinulam
3110 1514 3419 1569 tridentem
3440 1511 3503 1564 in
3533 1525 3712 1564 manu

2111 1629 2237 1677 sua,
2270 1616 2326 1667 et
2355 1610 2615 1666 mittebat
2646 1609 2709 1662 in
2741 1606 2993 1671 lebetcm,
3026 1606 3112 1659 vel
3142 1600 3487 1664 caldarium,
3513 1602 3615 1653 aut
3646 1598 3707 1652 in

2112 1702 2306 1765 ollam,
2338 1702 2452 1755 sive
2470 1699 2530 1753 in
2549 1696 2836 1760 cacabum,
2860 1698 2913 1749 et
2936 1708 3099 1748 omne
3121 1690 3263 1763 quod
3286 1687 3507 1745 levabat
3523 1687 3703 1758 fusci-

412 1782 606 1837 luntas
619 1781 681 1837 in
701 1782 1279 1851 vobis,etsacriﬁcium
1295 1797 1404 1836 non
1423 1780 1729 1851 suscipiam
1748 1778 1813 1832 de
1831 1793 2006 1831 manu
2039 1786 2089 1844 Β
2122 1792 2285 1855 ητιιαἱ
2322 1788 2550 1844 tollebat
2581 1783 2981 1840 sacerdotibus,

410 1875 596 1925 vestra
618 1871 888 1939 (Malach.
914 1889 949 1939 1,
986 1874 1095 1939 10).
1130 1870 1235 1924 Sel
1269 1869 1357 1940 qui
1392 1885 1423 1922 a
1452 1868 1592 1924 facie
1609 1885 1700 1922 sua
1724 1866 2013 1921 Iudaicam

409 1956 693 2029 perﬁdiam
726 1959 949 2028 expulit,
982 1975 1140 2029 quem
1172 1958 1403 2013 libenter
1432 1958 1733 2022 intueatur,
1769 1954 2011 2024 subjun-

410 2063 568 2120 gens,
605 2047 678 2100 ait
712 2065 725 2100 :
763 2050 835 2104 Ab
857 2053 979 2105 ortu
1000 2048 1134 2103 solis
1152 2064 1321 2118 usque
1343 2047 1415 2102 ad
1434 2062 1715 2110 occasum,
1737 2061 2011 2115 magnum

410 2139 713 2192 estnomen
732 2153 918 2193 meum
933 2138 993 2192 in
1013 2138 1290 2209 gentibus,
1312 2137 1445 2191 etin
1465 2137 1621 2193 omni
1640 2136 1753 2190 loco
1772 2134 2012 2204 offertur

412 2227 771 2283 nominimeo
792 2225 998 2282 oblatio
1022 2226 1237 2282 munda
1260 2226 1440 2294 (Ibid.,
1467 2226 1572 2297 11).
1601 2224 1707 2279 Sed
1748 2224 2012 2277 subtiliter

413 2320 497 2367 est
528 2313 818 2368 vivendum
843 2315 985 2384 quod
1007 2314 1236 2369 dicitur:
1259 2316 1398 2369 Ante
1411 2316 1618 2385 faciem
1642 2312 1908 2368 IIeliSam
1920 2313 2008 2367 uel

410 2402 645 2458 Domino
665 2404 1039 2471 ministravit,
1073 2404 1203 2475 quia
1234 2402 1649 2473 praedicatorum
1673 2410 1874 2457 sanctae
1896 2402 2005 2457 Ec-

411 2488 599 2544 clesiae
642 2490 1001 2544 ministerium
1058 2490 1278 2562 gentilis
1333 2490 1517 2560 p0puli
1566 2490 2002 2557 conversionem,

416 2592 661 2632 amorem
690 2586 743 2631 et
800 2579 1165 2634 reverentiam
1206 2578 1353 2635 circa
1403 2578 1779 2649 Redemptoris
1837 2578 2003 2634 obse-

413 2665 616 2737 quium,
654 2675 901 2722 veterum
929 2667 1061 2722 ordo
1081 2666 1362 2723 doctorum
1395 2668 1559 2739 longe
1608 2676 1730 2722 ante
1770 2667 2004 2723 videndo

411 2755 686 2826 cognovit,
723 2764 773 2811 et
802 2756 1180 2827 prophetando
1211 2756 1550 2827 praedicavit.
1583 2758 1737 2811 Hunc
1767 2773 2005 2828 namque

408 2859 639 2915 pronum
669 2844 724 2898 in
759 2845 979 2900 Domini
1000 2845 1293 2902 ministerio
1335 2855 1579 2912 noverat,
1618 2845 1707 2916 qui
1737 2846 1952 2901 dicebat
1986 2865 1997 2900 :

408 2933 446 2987 Α
458 2932 735 2989 dorabunt
753 2950 879 2990 eum
900 2950 1096 2990 omnes
1113 2952 1268 3005 reges
1286 2940 1670 2997 terranomnes
1684 2940 1876 3005 gentes
1890 2952 2001 2991 ser-

408 3021 564 3077 vient
581 3022 633 3077 ei
648 3023 822 3092 (Psal.
848 3026 1114 3091 Lxx1,ll).
1133 3025 1268 3079 Hinc
1282 3028 1517 3097 Aggzeus
1534 3025 1997 3095 loquitur,dicens:

2194 1891 2252 1943 4.
2292 1884 2433 1955 Quid
2464 1883 2603 1939 enim
2636 1890 2721 1936 est
2764 1880 3045 1934 immolare
3095 1874 3392 1943 victimam,
3425 1872 3528 1927 nisi
3572 1887 3721 1927 verae

2124 1976 2246 2032 ﬁdei
2279 1972 2639 2044 omnipotenti
2671 1972 2785 2025 Deo
2814 1967 3005 2024 offerre
3035 1962 3480 2021 confessionem?
3510 1958 3721 2031 thuid

2123 2082 2253 2123 vasa
2268 2065 2319 2119 in
2353 2063 2548 2135 quibus
2583 2057 2912 2114 immolando
2961 2071 3089 2111 caro
3136 2053 3402 2123 coquitur,
3439 2049 3541 2104 nisi
3575 2048 3715 2103 ﬁde-

2120 2156 2249 2210 lium
2285 2159 2499 2208 mentes
2538 2150 2708 2205 sunt?
2755 2146 2890 2216 Quae
2948 2146 3077 2199 dum
3136 2142 3490 2198 Mediatorem
3531 2137 3628 2193 Dei
3660 2144 3715 2192 et

2119 2244 2399 2300 hominum
2451 2239 2724 2295 hominem
2784 2236 3065 2291 Christum
3125 2233 3303 2287 Iesum
3353 2244 3470 2284 esse
3525 2242 3715 2283 verum

2117 2333 2311 2388 summi
2344 2330 2512 2385 Patris
2559 2326 2899 2398 Unigenitum
2958 2320 3203 2385 credunt,
3250 2318 3503 2373 nimirum
3556 2316 3611 2369 in
3638 2315 3725 2368 his

2117 2437 2244 2478 caro
2283 2419 2533 2490 coquitur
2562 2432 2682 2488 quae
2712 2415 2826 2469 Deo
2856 2429 2954 2482 per
2983 2408 3286 2466 devotionis
3313 2406 3513 2460 intimae
3545 2405 3717 2461 obse-

2116 2512 2302 2583 quium
2342 2506 2675 2562 immoletur.
2734 2502 2870 2572 Quis
2915 2516 3051 2572 puer
3089 2495 3383 2553 sacerdotis
3441 2500 3524 2548 est
3579 2492 3721 2546 alius

2115 2582 2277 2673 quam
2308 2595 2530 2669 perﬁdis
2561 2596 2871 2664 Synagogae
2914 2588 3221 2660 pastoribus
3269 2600 3367 2656 per
3395 2582 3720 2653 obsequium

2114 2671 2392 2757 subjectus
2421 2683 2697 2756 populus?
2728 2680 2829 2749 Qui
2862 2686 2985 2749 apte
3016 2693 3150 2747 puer
3177 2674 3388 2741 dicitur,
3424 2671 3553 2744 quia
3586 2671 3720 2724 dum

2112 2777 2320 2832 inﬁrma
2349 2774 2487 2847 legis
2532 2772 2601 2828 ad
2646 2771 2884 2826 litteram
2935 2776 3119 2822 tenere
3163 2763 3373 2828 maluit,
3422 2761 3478 2814 in
3535 2759 3709 2815 virum

2111 2866 2406 2937 perfectum
2440 2877 2690 2919 crescere
2727 2875 2823 2929 per
2848 2855 3212 2927 Evangelium
3251 2848 3535 2907 recusavit.
3573 2847 3717 2917 Quid

2109 2936 2240 3011 vero
2269 2963 2351 3010 est
2382 2952 2524 3024 quod
2564 2951 2632 3006 ad
2664 2947 2980 3003 inferendos
3026 2944 3283 2999 ciborum
3326 2947 3514 3009 raptus
3546 2936 3722 2992 desti-

2109 3046 2306 3100 natur?
2341 3043 2481 3110 Quid
2513 3047 2591 3095 est
2627 3039 2818 3092 iterum
2871 3034 3015 3107 quod
3046 3032 3099 3086 in
3149 3031 3292 3085 illata
3343 3026 3599 3083 violentia
3630 3033 3720 3080 te-

414 3111 605 3167 I’eniet
627 3110 980 3168 desideratus
1027 3115 1252 3169 cunctis
1279 3116 1561 3184 gentibus,
1603 3122 1657 3171 et
1690 3117 1999 3188 replebitur

2122 3151 2259 3191 nere
2289 3134 2574 3189 tridentem
2607 3124 2927 3183 fuscinulam
2956 3122 3189 3178 dicitur?
3220 3117 3328 3174 Sed
3350 3117 3504 3173 cibus
3534 3115 3725 3171 electae

408 3199 591 3270 gloria
613 3200 810 3256 domus
828 3201 1051 3257 Domini
1066 3204 1289 3272 (Aggcei.
1307 3218 1366 3268 ιι,
1388 3205 1462 3274 8).
1488 3204 1625 3260 Hinc
1647 3206 1815 3260 Isaias
1832 3207 1995 3263 dicit:

409 3288 533 3343 Erit
558 3288 730 3344 radix
750 3291 919 3356 Iesse,
942 3291 1037 3362 qui
1057 3296 1328 3364 exsurget
1352 3308 1539 3363 regere
1559 3299 1794 3365 gentes;
1817 3298 1877 3351 in
1912 3298 2002 3368 ip-

408 3393 537 3432 sum
556 3382 750 3449 gentes
788 3381 1097 3449 sperabunt
1134 3381 1271 3442 (lsa.
1320 3398 1395 3449 x1,
1435 3383 1534 3446 10;
1572 3383 1736 3439 Hom.
1773 3402 1861 3449 xv,
1892 3386 1999 3455 12).

409 3465 544 3521 Hinc
569 3466 852 3521 l’salmista
881 3467 951 3522 ait
986 3486 996 3521 :
1031 3468 1299 3536 Laudate,
1333 3485 1525 3527 omnes
1572 3478 1787 3543 gentes,
1824 3474 2005 3529 Domi-

408 3570 547 3609 num
564 3559 618 3610 et
631 3556 948 3612 collaudale
966 3574 1114 3621 eum,
1131 3574 1322 3614 omnes
1344 3561 1537 3631 populi
1559 3561 1729 3630 (Psat.
1756 3578 1900 3630 cxn,
1928 3562 1997 3631 et).

405 3641 544 3698 Hinc
574 3643 885 3712 patriarcha
928 3646 1093 3701 Jacob
1137 3647 1256 3701 ait:
1305 3649 1421 3721 Ipse
1478 3650 1589 3704 erit
1644 3654 2001 3722 exspectatio

404 3731 661 3804 gentium
691 3731 855 3802 (Gen.
896 3749 1003 3802 LIX,
1041 3734 1153 3804 10).
1195 3737 1328 3790 Ante
1359 3736 1551 3791 faciem
1580 3754 1710 3809 ergo
1741 3738 1860 3792 Heli
1898 3739 2003 3793 mi-

407 3821 580 3874 nister
598 3821 817 3875 Domini
849 3821 1065 3878 Samuel
1097 3840 1232 3894 puer
1262 3825 1379 3892 fuit,
1431 3826 1557 3896 quia
1607 3827 1749 3898 quod
1781 3827 2005 3899 dignum

405 3908 520 3964 Deo
550 3909 896 3981 postmodum
927 3912 1144 3985 gentilis
1189 3912 1429 3983 p0pulus
1475 3915 1675 3983 habuit,
1718 3916 1998 3971 doctorum

406 3997 539 4053 ordo
570 4007 808 4054 veterum
840 4017 938 4070 per
977 4002 1284 4072 prOphetive
1325 4002 1571 4075 spiritum
1620 4005 1888 4075 prthidil.
1931 4007 1998 4061 Et

406 4086 585 4141 statim
616 4087 682 4143 de
714 4090 964 4159 projectis
992 4091 1244 4145 subditur
1273 4109 1285 4146 :

477 4176 889 4247 (Vers.12,l3.)
917 4181 1087 4235 Porro
1131 4181 1242 4250 ﬁlii
1280 4182 1401 4237 lleli
1447 4183 1761 4238 nescientes
1807 4184 1994 4238 Domi-

404 4281 565 4334 num,
598 4271 653 4323 et
682 4269 931 4339 officium
955 4271 1260 4326 sacerdotis
1289 4272 1359 4325 ad
1386 4273 1677 4343 populum.

474 4373 528 4427 3.
567 4374 841 4430 Subaudis
872 4380 1061 4430 erant.
1096 4374 1198 4444 Qui
1229 4392 1461 4444 namque
1484 4376 1573 4429 ﬁlii
1606 4376 1868 4432 Helisunt
1889 4377 2001 4443 alii,

2114 3226 2311 3282 animae
2341 3235 2572 3293 persona
2596 3226 2675 3271 est
2730 3211 3133 3283 Redemptoris.
3166 3207 3269 3278 Qui
3300 3205 3542 3277 profecto
3569 3203 3723 3259 cibus

2114 3317 2166 3370 in
2226 3311 2393 3367 sacris
2441 3308 2582 3364 vasis
2629 3306 2895 3377 coquitur,
2946 3302 3079 3356 dum
3118 3315 3217 3370 per
3264 3296 3501 3353 calorem
3550 3292 3723 3348 sancti

2114 3402 2351 3474 Spiritus
2380 3399 2447 3453 ad
2477 3396 2801 3451 suavitatem
2834 3389 3143 3446 refectionis
3192 3386 3247 3440 in
3299 3384 3483 3439 electis
3516 3380 3722 3437 menti-

2114 3471 2213 3547 bus
2273 3493 2639 3559 praeparatur.
2695 3483 2833 3538 Caro
2874 3478 3077 3535 etenim
3124 3474 3394 3547 coquitur,
3444 3471 3587 3527 dum.
3626 3486 3726 3540 per

2114 3580 2344 3652 Spiritus
2379 3578 2549 3632 sancti
2599 3571 2832 3646 gratiam
2883 3567 3269 3623 humanitatem
3304 3561 3637 3618 Dominicam
3671 3559 3727 3613 in

2123 3648 2421 3725 divinitatis
2465 3672 2705 3718 naturam
2738 3667 3100 3727 assumptam,
3160 3661 3214 3709 et
3269 3651 3492 3705 ﬁrmiter
3542 3648 3725 3705 credi-

2116 3775 2252 3822 mus,
2284 3764 2335 3811 et
2366 3753 2655 3809 efﬁcaciter
2703 3747 3047 3804 conﬁtemur.
3096 3743 3252 3800 Unde
3295 3749 3348 3795 et
3379 3756 3476 3810 per
3504 3740 3722 3809 Moysen

2115 3847 2255 3917 Agni
2283 3841 2552 3915 paschalis
2574 3856 2764 3895 carnes
2794 3833 3159 3892 comedendas
3201 3832 3460 3891 insinuat,
3484 3827 3669 3882 dicens
3706 3843 3720 3880 :

2117 3938 2239 3992 Non
2258 3932 2558 3991 comedetis
2585 3946 2659 3985 ex
2688 3944 2750 3984 eo
2781 3925 3020 3982 crudum
3035 3922 3294 3993 quid,aut
3325 3922 3547 3975 coctum
3575 3933 3722 3988 aqua

2117 4022 2319 4094 (Exod.
2344 4036 2445 4085 xu,
2481 4022 2562 4090 9).
2591 4017 2823 4072 Crudum
2851 4013 3054 4086 quippe
3087 4028 3153 4065 ex
3169 4025 3235 4064 eo
3257 4008 3587 4061 manducare
3613 4012 3717 4071 est,

2119 4120 2318 4183 praeter
2351 4108 2579 4179 Spiritus
2621 4104 2794 4159 sancti
2842 4102 3100 4175 gratiam,
3148 4099 3568 4167 Redemptorem
3614 4109 3719 4148 no-

2120 4208 2287 4254 strum
2322 4213 2514 4267 purum
2547 4194 2829 4249 hominem
2860 4190 3102 4246 credere.
3139 4191 3288 4256 Aqua
3316 4201 3448 4240 vero
3478 4183 3723 4253 coquitur

2119 4305 2239 4345 cum
2279 4282 2654 4353 Redemptoris
2679 4281 2917 4337 essentia
2948 4296 3047 4350 per
3076 4280 3364 4332 humanam
3388 4273 3713 4344 sapientiam

2117 4376 2425 4433 ventilatur.
2486 4373 2723 4429 Crudum
2797 4385 2931 4442 ergo
2988 4367 3158 4423 Judaei
3214 4363 3522 4424 comedunt,
3574 4377 3718 4433 aqua

404 4461 507 4514 nisi
538 4462 794 4519 Israelitze
822 4464 1115 4553 secundum
1150 4480 1387 4531 carnem,
1422 4466 1514 4534 qui
1547 4464 1877 4537 Scripturam
1910 4483 1997 4520 sa-
2029 4493 2081 4553 D
2113 4475 2322 4522 coctum
2351 4462 2608 4527 haeretici,
2659 4460 2786 4531 quia
2815 4459 2892 4512 illi
2942 4458 3061 4527 ejus
3109 4453 3444 4510 divinitatem
3489 4457 3714 4521 negant,

404 4563 557 4604 cram
605 4559 864 4605 noverant
910 4566 942 4604 a
981 4550 1223 4621 patribus
1271 4552 1493 4618 editam,
1529 4562 1581 4608 et
1629 4563 1803 4609 tamen
1837 4571 1998 4626 quem

401 4636 676 4708 Scriptura
731 4639 1055 4707 promiserat
1076 4640 1385 4695 nesciebant
1409 4643 1436 4693 ξ)
1464 4642 1613 4711 Quos
1633 4644 1885 4698 nimirum
1902 4660 1998 4714 per

402 4727 750 4797 semelipsam
787 4728 993 4783 Veritas
1025 4729 1077 4782 in
1127 4730 1425 4801 Evangelio
1465 4731 1723 4802 increpat,
1755 4733 1943 4788 dicens
1976 4753 1987 4787 :

403 4816 680 4872 Abraham
705 4817 1019 4873 exsultavit
1036 4823 1095 4873 ut
1119 4818 1331 4874 videret
1346 4819 1492 4875 diem
1516 4837 1702 4876 meum
1728 4842 1746 4888 ;
1772 4823 1993 4889 vidit,et

398 4907 656 4979 gravisus
685 4911 769 4961 est
802 4907 983 4969 (Joan.
1007 4923 1125 4971 vm,
1148 4911 1258 4976 56).
1310 4908 1373 4962 Et
1400 4908 1545 4963 idem
1575 4925 1586 4964 :
1621 4910 1679 4965 Si
1700 4912 1924 4967 credere
1948 4912 1997 4965 is

399 4994 586 5069 Moysi,
612 4995 917 5051 crederetis
936 4997 1128 5068 utique
1144 5007 1198 5053 et
1216 4998 1447 5063 mihi,de
1464 5015 1551 5054 me
1564 5000 1716 5054 enim
1738 5001 1835 5055 ille
1853 5001 1995 5055 scri-

396 5088 514 5157 psit
535 5085 689 5155 (Ibid.
735 5101 784 5151 v,
819 5085 936 5155 46).
1002 5086 1325 5142 Nescierunt
1372 5103 1503 5158 ergo
1558 5088 1873 5154 Dominum,
1904 5088 1997 5159 qui

400 5175 706 5230 venientem
738 5174 789 5228 in
819 5189 982 5229 carne
1012 5183 1192 5229 nostra
1212 5176 1626 5245 Redemptorem
1645 5185 1990 5244 spreverunt.

396 5263 550 5318 Unde
580 5280 677 5333 per
697 5264 886 5318 Isaiam
918 5263 1179 5335 queritur,
1214 5262 1397 5319 dicens
1431 5278 1443 5317 :
1472 5264 1739 5335 Cognovit
1762 5265 1854 5319 bos
1870 5279 1995 5337 pos-

390 5361 661 5402 sessorem
678 5364 863 5411 suum,
886 5350 1150 5404 etasinus
1165 5363 1413 5420 praesepe
1430 5348 1655 5404 Domini
1672 5350 1763 5403 sui
1778 5368 1795 5412 ;
1819 5349 1996 5405 Israel

383 5437 577 5490 autem
598 5451 686 5490 me
709 5450 822 5490 non
843 5439 1098 5506 cognovit
1121 5437 1271 5506 (lsai.
1308 5455 1345 5503 ι,
1371 5440 1446 5506 3).
1477 5435 1649 5505 Quasi
1681 5435 1823 5492 dicat
1873 5454 1886 5490 :
1926 5436 1991 5490 Et

394 5521 789 5578 incarnationis
823 5539 959 5578 meae
990 5524 1107 5579 vias
1135 5525 1186 5580 ei
1223 5525 1386 5596 longe
1416 5532 1540 5579 ante
1569 5540 1665 5594 per
1702 5527 1998 5595 prophetas

393 5610 598 5683 aperui,
630 5617 683 5667 et
712 5617 892 5667 tamen
924 5611 979 5666 id
1003 5613 1147 5685 quod
1180 5613 1533 5685 promiseram
1552 5612 1855 5669 exhibitum
1889 5624 1995 5669 non

2115 4554 2201 4609 isti
2235 4570 2331 4624 per
2364 4554 2650 4606 humanam
2681 4547 3002 4617 sapientiam
3034 4561 3091 4600 er
3108 4541 3402 4598 divinitatis
3431 4548 3485 4594 et
3511 4541 3709 4593 huma-

2112 4642 2296 4697 nitatis
2348 4641 2469 4711 ejus
2506 4646 2840 4693 sacramenta
2885 4641 3168 4690 evacuant.
3218 4633 3355 4685 Puer
3393 4629 3571 4699 itaque
3620 4642 3715 4681 sa-

2104 4732 2344 4789 cerdotis
2372 4730 2440 4783 ad
2475 4728 2782 4783 tollendum
2832 4724 3073 4780 ﬁdelium
3120 4722 3271 4777 cibos
3316 4719 3557 4784 mittitur,
3588 4716 3713 4789 quia

2103 4822 2420 4877 Iudaeorum
2484 4816 2736 4888 populus,
2798 4830 2831 4869 a
2880 4813 2985 4867 ﬁde
3027 4809 3407 4880 Redemptoris
3436 4806 3711 4878 expulsus,

2105 4925 2348 4966 amorem
2380 4906 2501 4960 ﬁdei
2551 4905 2669 4975 ejus
2698 4921 2730 4959 a
2772 4902 2935 4959 corde
2987 4899 3227 4956 ﬁdelium
3281 4898 3495 4952 auferre
3540 4894 3709 4950 vehe-

2104 5006 2317 5053 menter
2366 4994 2589 5049 studuit.
2628 4992 2730 5061 Qui
2789 4999 2913 5061 apte
2957 4989 3275 5045 fuscinulam
3315 4987 3608 5041 tridentem
3654 4983 3711 5037 in

2104 5101 2268 5141 manu
2328 5082 2579 5139 habuisse
2620 5079 2949 5152 perhibetur,
2998 5078 3199 5150 quibus
3259 5076 3441 5131 carnis
3497 5081 3706 5144 partem

2105 5189 2265 5245 quam
2324 5179 2513 5241 posset
2575 5168 2798 5240 inﬁgere
2867 5168 3111 5223 eductam
3163 5163 3321 5236 coqui
3366 5162 3699 5232 prohiberet.

2118 5259 2401 5316 Fuscinula
2433 5258 2630 5330 quippe
2662 5258 2714 5312 in
2746 5273 2905 5311 manu
2936 5254 3089 5325 pueri
3112 5254 3259 5309 illata
3281 5258 3481 5307 sancta:
3511 5249 3709 5305 Eccle-

2112 5350 2209 5405 sia:
2236 5347 2444 5403 Iudaici
2477 5346 2657 5417 populi
2704 5345 3001 5417 persecutio
3049 5351 3152 5398 est.
3206 5342 3275 5397 Et
3317 5340 3447 5410 quia
3494 5338 3718 5394 blandi-

2103 5436 2327 5505 mentis,
2358 5436 2536 5506 pmnis
2565 5443 2727 5508 atque
2758 5434 3047 5493 terroribus
3077 5447 3277 5487 nocere
3310 5428 3561 5483 ﬁdelibus
3580 5435 3706 5483 ten-

2104 5526 2258 5596 tavit,
2293 5534 2396 5580 tres
2424 5525 2611 5595 utique
2640 5524 2906 5580 fuscinula
2930 5523 3118 5578 dentes
3161 5518 3380 5576 habuit.
3420 5519 3565 5574 Bene
3591 5532 3696 5573 au-

2104 5622 2217 5673 tem
2272 5613 2469 5672 dicitur
2535 5614 2662 5686 quia
2711 5611 2855 5685 quod
2912 5608 3129 5668 levabat
3183 5608 3431 5666 uscinula
3488 5606 3709 5663 tollebat
