4062 6182
340 339 413 394 93
1196 336 1271 392 IN
1305 336 1578 392 PRIMUM
1624 335 1871 392 REGUM
1901 330 2438 392 EXPOSITIONES.
2472 365 2541 375 —
2563 335 2692 389 LIB.
2724 336 2796 391 II.
3581 334 3648 390 94

342 476 482 532 puer
512 457 907 530 sacerdotibus,
938 461 1064 531 quia
1122 476 1324 532 magna
1370 459 1606 530 epulatio
1638 460 1945 532 iniquorum
1974 463 2030 523 A
2061 476 2260 517 vovare
2290 476 2389 530 per
2416 460 2743 516 desiderium
2776 459 3015 531 cupiunt,
3035 459 3330 515 divinitatis
3346 460 3525 517 cibum
3558 476 3650 515 re-

341 548 697 620 prelatorum
730 557 861 616 erat,
889 550 934 602 si
980 566 1104 604 eum
1147 549 1541 605 blandientium
1574 549 1695 605 sive
1752 549 1943 603 furen-

346 638 478 692 tium
525 636 816 691 satellitum
868 638 1030 693 turba
1081 638 1440 706 subverteret,
1492 655 1654 708 quem
1716 638 1767 693 in
1819 637 1946 693 ﬁdei

346 730 549 780 nostrae
577 724 910 781 sublimitate
938 735 1087 782 stare
1143 743 1244 799 per
1294 726 1701 783 confessionem
1732 742 1944 799 cogno-

346 813 582 869 vissent.
628 813 887 884 Sequitur
912 829 926 869 :

412 902 589 972 (Vers.
644 904 730 970 H,
781 904 903 971 15.)
956 904 1045 961 Sic
1092 905 1379 975 faciebant
1425 906 1688 961 universo
1745 906 1943 961 lsi-acti

346 993 602 1048 venienti
612 993 674 1047 in
699 991 840 1059 Silo,
863 994 1041 1048 etiam
1064 997 1367 1065 antequam
1390 994 1937 1067 adolerentadipem.

416 1085 470 1135 5.
510 1080 702 1151 Adeps
732 1080 950 1152 quidem
982 1081 1195 1139 interna
1224 1082 1499 1155 pinguedo
1530 1090 1630 1149 est,
1650 1082 1703 1137 in
1729 1098 1837 1155 qua
1859 1082 1939 1137 ni-

344 1168 546 1223 mirum
578 1167 674 1222 illa
704 1168 924 1223 devotio
954 1172 1153 1225 mentis
1199 1170 1536 1239 exprimitur,
1570 1187 1677 1242 qua
1732 1171 1942 1226 electo-

343 1273 461 1312 rum
491 1265 707 1312 mentes
765 1257 1031 1312 conditori
1074 1274 1170 1313 suo
1228 1258 1282 1312 in
1328 1259 1637 1329 perfectiori
1683 1259 1943 1314 charitate

342 1347 686 1416 copulantur.
719 1344 821 1415 Qui
855 1355 1000 1401 recte
1037 1345 1155 1416 jam
1215 1355 1367 1403 cocta
1418 1362 1581 1403 carne
1636 1347 1939 1413 immolant,

343 1433 467 1507 quia
493 1450 793 1506 assurgere
819 1436 943 1505 quis
987 1436 1055 1491 ad
1108 1436 1492 1491 sublimitatem
1523 1437 1802 1493 charitatis
1835 1452 1944 1491 non

339 1523 560 1594 poterit,
595 1523 695 1577 nisi
727 1524 883 1594 prius
914 1540 1034 1594 quae
1077 1525 1253 1580 credit
1276 1534 1417 1581 amet
1473 1526 1725 1596 mysteria
1757 1526 1940 1580 incar-

338 1619 480 1667 natae
508 1610 836 1666 divinitatis.
877 1612 1281 1669 Humanitatem
1341 1614 1541 1684 quippe
1572 1614 1784 1669 Domini
1815 1615 1940 1668 Iesu

338 1701 391 1755 in
439 1701 784 1756 divinitatem
833 1711 1170 1771 assumptum
1230 1720 1329 1774 per
1384 1712 1629 1758 sanctum
1673 1703 1936 1773 Spiritum

2055 549 2349 617 immittat,
2378 549 2569 605 dicens
2603 566 2614 602 :
2663 548 2816 603 Prius
2870 548 3029 618 coqui
3081 548 3239 604 sinite
3295 549 3436 620 quod
3464 548 3531 603 ad
3557 564 3651 603 re-

2054 639 2344 694 fectionem
2365 638 2487 693 vitae
2508 637 2766 693 habeatis
2787 637 2842 690 in
2865 637 3065 707 Spiritu
3083 646 3268 693 sancto
3292 638 3646 695 intellectum.

2053 730 2139 781 An
2166 743 2271 781 non
2298 734 2427 781 tunc
2458 743 2591 797 puer
2621 726 2921 781 sacerdotis
2946 726 3171 781 crudam
3220 742 3442 781 carnem
3474 726 3646 797 petiit,

2052 832 2174 871 cum
2196 814 2492 870 illuminato
2514 831 2545 869 a
2567 816 2643 885 (a)
2669 814 2902 869 Domino
2938 813 2987 868 ei
3027 814 3119 885 qui
3151 829 3328 869 caecus
3349 815 3650 869 tueratna—

2052 912 2136 959 tus
2164 904 2465 959 diceretur:
2503 904 2587 959 Da
2616 905 2857 973 gloriam
2878 904 3020 967 Deo;
3058 919 3159 957 nos
3189 903 3398 958 scimus
3412 905 3545 974 quia
3558 902 3649 958 hic

2053 994 2215 1049 homo
2237 996 2496 1065 peccator
2518 997 2601 1047 est
2622 994 2808 1061 (Joan.
2831 1008 2910 1056 ιχ,
2933 991 3058 1060 24)?
3087 990 3229 1059 Quid
3259 1000 3339 1045 est
3360 990 3560 1055 dicere,
3576 991 3650 1046 da

2053 1082 2289 1151 gloriam
2323 1083 2453 1147 Deo,
2479 1080 2580 1134 nisi
2612 1096 2721 1134 non
2752 1080 2875 1135 huic
2893 1079 3188 1134 curationis
3213 1089 3313 1134 tute
3341 1079 3528 1133 laudes
3546 1079 3648 1132 tri-

2048 1168 2206 1236 buas,
2239 1169 2366 1241 quia
2392 1170 2537 1224 Deus
2561 1185 2673 1224 non
2701 1168 3089 1239 est?(b)etqui
3106 1176 3355 1238 peccator
3368 1167 3646 1232 asseritur,

2049 1274 2158 1312 non
2190 1259 2364 1313 solum
2398 1259 2539 1313 Deus
2563 1274 2683 1313 esse
2703 1265 2954 1329 negatur,
2976 1258 3071 1311 sed
3096 1258 3256 1311 etiam
3279 1256 3646 1326 homojustus.

2051 1347 2147 1401 Cui
2178 1346 2419 1417 profecto
2451 1347 2675 1402 erudam
2709 1362 2870 1416 quam
2916 1344 3131 1416 petebat
3161 1361 3373 1400 carnem
3403 1346 3649 1416 prmbere

2051 1436 2240 1501 noluit,
2266 1443 2474 1490 coctam
2506 1435 2716 1499 obtulit,
2750 1434 2875 1504 quia
2906 1450 3063 1505 quem
3098 1434 3286 1488 salutis
3318 1450 3431 1489 sua:
3457 1441 3647 1489 aucto-

2048 1540 2163 1578 rem
2189 1524 2453 1578 instanter
2482 1524 2735 1580 asseruit.
2765 1524 2836 1592 (c)
2867 1539 2935 1577 ex
2961 1522 3193 1577 ostendo
3222 1530 3381 1578 tantae
3406 1523 3648 1577 admira-

2047 1613 2212 1668 tionis
2236 1614 2419 1685 signo,
2456 1628 2561 1667 non
2592 1612 2767 1667 solum
2803 1612 3080 1667 hominem
3123 1619 3391 1678 sanctum,
3423 1612 3520 1667 sed
3544 1628 3645 1667 ve-

2048 1718 2168 1755 rum
2190 1703 2363 1756 Deum
2386 1717 2508 1756 esse
2535 1701 2878 1755 monstravit.
2912 1699 3017 1769 Qui
3037 1708 3217 1755 autem
3241 1700 3399 1771 sequi
3416 1700 3642 1769 bestias,

337 1788 583 1855 credere,
618 1806 740 1859 quae
763 1790 1076 1845 immoletur
1121 1792 1237 1846 Deo
1293 1808 1517 1848 carnem
1568 1807 1805 1864 coquere
1836 1800 1933 1846 est.
1967 1818 2018 1876 Β
2048 1790 2252 1844 amissa
2276 1791 2501 1858 ratione,
2530 1791 2761 1860 populus
2779 1798 3035 1860 coeperat,
3056 1789 3278 1844 crudam
3297 1788 3401 1843 sibi
3421 1804 3643 1845 carnem

333 1879 478 1933 Ante
508 1878 676 1950 igitur
700 1894 857 1949 quam
886 1877 1200 1935 adoleretur
1246 1880 1439 1952 adeps,
1492 1881 1600 1949 68
1644 1897 1785 1951 puer
1813 1896 1935 1936 car-

333 1983 454 2022 nem
487 1968 786 2038 praeripere
815 1966 1019 2023 studuit
1047 1969 1102 2023 in
1129 1969 1377 2025 universo
1423 1970 1641 2035 Israele,
1674 1969 1799 2039 quia
1830 1985 1934 2040 ap-

332 2057 607 2127 paritores
638 2057 954 2129 Synagogee
984 2072 1157 2113 novos
1186 2058 1384 2113 Christi
1406 2058 1744 2113 confessorcs
1772 2066 1932 2129 puta-

333 2151 530 2199 verunt
559 2152 810 2199 evertere
840 2144 991 2215 prius
1046 2161 1208 2215 quam
1267 2162 1365 2200 eos
1421 2146 1777 2218 omnipotenti
1818 2149 1934 2202 Deo

330 2234 572 2288 charitas
600 2231 842 2303 perfecta
871 2234 1127 2289 sociarat.
1162 2233 1317 2303 Quod
1350 2235 1593 2304 apertius
1622 2235 1735 2305 ipsa
1766 2251 1934 2290 sacra:

327 2320 571 2375 historiae
604 2321 770 2376 verba
801 2322 1063 2387 indicant,
1098 2323 1300 2395 quibus
1326 2323 1546 2378 dicitur:
1582 2326 1725 2379 Dum
1745 2340 1936 2398 coque-

332 2415 541 2465 rentur
569 2426 791 2465 carnes.
815 2411 916 2465 Per
931 2427 1051 2481 quae
1072 2412 1328 2466 nimirum
1346 2413 1512 2467 verba
1536 2428 1644 2468 non
1660 2413 1932 2482 perfectio

329 2498 617 2566 coctionis,
650 2499 747 2553 sed
776 2508 1063 2570 apparatus
1103 2501 1357 2555 innuitur.
1389 2501 1499 2557 Sed
1545 2502 1679 2557 ordo
1707 2501 1933 2557 nefaria»

329 2585 492 2655 hujus
519 2587 831 2642 exactionis
856 2588 1159 2644 ostenditur
1213 2605 1307 2660 per
1332 2605 1394 2645 ea
1440 2605 1558 2661 quae
1592 2600 1887 2660 sequuntur
1914 2609 1929 2648 :

402 2675 585 2743 (Vers.
622 2676 747 2738 15.)
786 2677 1047 2732 Veniebat
1076 2694 1229 2751 puer
1262 2679 1571 2735 sacerdotis
1613 2684 1668 2735 et
1707 2679 1931 2736 dicebat

326 2764 697 2819 immolanti:
719 2765 801 2819 Da
828 2764 973 2820 mihi
994 2781 1245 2831 carnem,
1265 2774 1330 2822 ut
1350 2783 1583 2839 coquam
1613 2769 1927 2837 sacerdoti;

328 2867 447 2907 non
462 2853 618 2907 enim
639 2853 920 2924 accipiam
939 2871 973 2909 a
991 2858 1049 2910 te
1060 2871 1291 2911 carnem
1313 2861 1655 2924 coctam,sed
1669 2858 1926 2913 crudam.

398 2943 453 2998 6.
483 2942 717 2996 Carnem
747 2943 968 2997 crudam
1002 2960 1169 3014 puero
1195 2945 1369 3011 daret,
1398 2946 1492 3014 qui
1528 2961 1713 3001 coram
1743 2962 1929 3016 perse-

326 3030 606 3087 cntoribus
635 3029 1031 3086 humanitatem
1062 3033 1260 3088 Christi
1309 3050 1499 3103 puram
1556 3043 1842 3100 assereret,
1876 3044 1930 3090 et

324 3133 449 3174 eam
479 3134 613 3188 puer
635 3119 903 3174 sacerdoti
935 3128 1214 3191 coqueret,
1244 3121 1372 3192 quia
1398 3122 1680 3194 per-ignem
1709 3124 1927 3179 malitiae

321 3206 582 3261 Iudaicus
606 3207 839 3278 populus
868 3209 973 3263 hoc
1002 3216 1240 3279 putaret,
1298 3210 1442 3279 quod
1494 3212 1615 3280 ejus
1641 3213 1848 3281 praelati
1874 3213 1926 3266 in

322 3297 526 3350 mentis
558 3312 672 3351 suae
702 3295 1000 3352 refectione
1021 3297 1251 3353 libenter
1265 3301 1601 3370 exciperent.
1624 3301 1779 3356 Venit
1800 3318 1932 3373 ergo

325 3399 469 3455 puer
507 3383 830 3452 sacerdotis,
875 3392 930 3440 et
969 3386 1194 3441 crudam
1238 3402 1454 3443 carnem
1495 3388 1663 3458 petiit,
1714 3390 1932 3461 quando

321 3471 586 3527 Iudaicus
618 3473 849 3543 populus
876 3472 1070 3529 litterae
1099 3474 1237 3546 legis
1296 3476 1564 3540 serviens,
1592 3477 1929 3534 divinitatem

325 3561 723 3631 Redemptoris
746 3578 952 3633 negare
975 3562 1223 3618 ﬁdelibus
1244 3566 1776 3636 suggessit.Veniens
1800 3584 1932 3639 ergo

323 3648 494 3706 dicit:
517 3651 638 3705 Non
661 3652 948 3724 accipiam
967 3656 1066 3707 ate
1081 3668 1313 3708 carnem
1331 3658 1550 3710 coctam
1562 3653 1658 3711 sed
1672 3656 1927 3711 crudam.

327 3736 473 3807 Quia
489 3754 656 3810 quem
683 3756 875 3810 purum
892 3741 1169 3796 hominem
1197 3740 1376 3797 ﬁdelis
1391 3743 1650 3814 compulit
1667 3744 1927 3808 conﬁteri,

323 3843 452 3883 esse
480 3828 663 3882 Deum
692 3843 793 3884 nec
821 3828 1007 3884 audire
1039 3829 1225 3885 voluit.
1273 3831 1434 3898 Cujus
1477 3831 1717 3903 profecto
1748 3834 1930 3903 populi

321 3915 712 3985 importunitas
745 3918 1071 3986 ostenditur,
1101 3935 1220 3974 cum
1248 3920 1418 3976 verba
1449 3921 1720 3992 sacrilega
1749 3922 1802 3975 in
1829 3938 1928 3976 ne-

318 4002 466 4057 faria
523 4006 811 4060 exactione
864 4007 1239 4079 geminantur.
1292 4009 1434 4063 Nam
1477 4012 1761 4081 sequitur:
1808 4011 1927 4066 Non

317 4094 475 4147 enim
498 4094 780 4164 accipiam
798 4112 832 4150 a
850 4101 904 4151 te
922 4112 1150 4152 carnem
1167 4098 1504 4163 coctam,sed
1515 4100 1771 4154 crudam.
1790 4098 1929 4167 Quia

313 4180 509 4235 Iesum
531 4181 827 4237 Dominum
858 4186 924 4238 ad
948 4183 1368 4255 Redemptorem
1388 4195 1651 4253 nostrum,
1675 4204 1785 4243 non
1811 4189 1928 4244 Do-

315 4270 532 4323 minum
566 4277 621 4325 et
663 4270 959 4337 hominem,
1009 4273 1104 4327 sed
1150 4290 1342 4343 purum
1403 4283 1605 4330 tantum
1651 4276 1926 4332 hominem

315 4356 515 4412 audire
542 4357 702 4413 valde
719 4359 1070 4415 desideravit.
1099 4362 1208 4417 Sed
1235 4378 1369 4432 quos
1398 4364 1553 4435 quasi
1578 4364 1926 4436 imperfectos

313 4444 370 4497 in
402 4460 569 4499 carne
606 4447 848 4513 tentavit,
878 4450 1149 4519 perfectos
1182 4451 1401 4521 reperit.
1452 4452 1591 4506 Nam
1611 4455 1699 4524 qui
1722 4453 1923 4508 divini-

1958 3167 2006 3231 C

2047 1879 2291 1935 exhiberi
2322 1880 2628 1948 importune
2656 1879 2982 1949 postulabat.
3023 1879 3159 1932 Nam
3185 1878 3426 1946 sequitur
3458 1894 3471 1930 :

2116 1970 2299 2036 (Vers.
2342 1968 2453 2035 16.)
2484 1969 2645 2024 Nunc
2686 1967 2867 2033 dabis,
2906 1968 3160 2040 alioquin
3194 1967 3389 2022 tollam
3422 1965 3524 2020 tibi
3554 1965 3633 2021 vi.

2116 2055 2377 2128 Sequitur
2409 2073 2423 2110 :

2116 2146 2291 2213 (Vers.
2326 2143 2438 2213 1'7.)
2469 2144 2607 2199 Erat
2635 2145 2789 2199 enim
2821 2148 3116 2216 peccatum
3131 2159 3443 2217 puerorum
3468 2160 3638 2215 gran-

2043 2234 2109 2289 de
2139 2234 2314 2288 nimis
2344 2248 2536 2289 raram
2566 2234 2823 2289 Domino.

2114 2323 2177 2376 Et
2207 2338 2425 2378 causam
2465 2338 2568 2393 qua
2611 2322 2823 2393 grande
2856 2320 2972 2376 fore
3036 2323 3142 2377 hoc
3193 2329 3477 2393 peccatum
3527 2321 3632 2377 de-

2041 2419 2437 2466 monstraretur
2469 2411 2743 2482 adjungit,
2776 2410 2994 2466 dicens:

2113 2500 2287 2569 (Vers.
2325 2502 2439 2571 17.)
2472 2500 2680 2567 Quiade
2724 2500 3024 2556 trahebant
3068 2498 3148 2571 (d)
3182 2499 3435 2556 homines
3476 2517 3510 2556 a
3541 2516 3638 2556 sa-

2040 2589 2256 2658 criﬁcio
2278 2589 2522 2645 Domini.

2114 2679 2221 2746 69
2256 2682 2305 2732 8.
2338 2676 2557 2732 Grande
2589 2677 2749 2731 nimis
2792 2684 3074 2747 peccatum
3107 2693 3230 2732 esse
3260 2677 3634 2751 cognoscitur,

2041 2766 2186 2835 quod
2215 2766 2543 2837 paenitentiae
2568 2766 2818 2837 lacrymis
2848 2781 2954 2820 non
2986 2766 3219 2821 deletur.
3259 2767 3373 2822 Hoc
3402 2782 3637 2839 namque

2040 2854 2201 2907 nimis
2228 2854 2439 2925 grande
2468 2862 2748 2924 peccatum
2776 2854 3086 2926 Synagoga:
3102 2854 3370 2925 pt-Opheta
3399 2854 3632 2913 intuens.

2040 2942 2145 2997 ait:
2178 2944 2483 2999 Peccatum
2523 2942 2687 2998 Juda:
2715 2945 2998 3014 scriptum
3038 2948 3121 2997 est
3154 2946 3297 3015 stylo
3334 2946 3540 3014 ferreo,
3573 2945 3636 2999 in

2039 3047 2225 3102 ungue
2255 3032 2626 3087 adamantina
2649 3032 2873 3101 (Jerem.
2894 3048 3028 3097 xvn,
3066 3032 3144 3101 1).
3186 3031 3278 3087 Vel
3297 3040 3443 3087 certe
3463 3047 3635 3104 gran-

2038 3120 2109 3174 de
2135 3120 2298 3173 nimis
2325 3135 2509 3175 coram
2539 3120 2773 3174 Domino
2791 3128 3076 3190 peccatum
3099 3128 3235 3185 erat,
3268 3121 3395 3191 quia
3419 3121 3488 3175 ad
3514 3135 3636 3191 pec-

2039 3209 2276 3263 candum
2302 3209 2435 3264 alios
2458 3208 2820 3279 pertrahebat.
2877 3207 3060 3277 Quare
3091 3214 3147 3264 et
3175 3210 3456 3265 subditur:
3492 3210 3635 3279 Quia

2039 3298 2412 3353 detrahebant
2438 3297 2691 3353 homines
2723 3315 2755 3352 a
2776 3298 3057 3367 sacrificio
3093 3299 3339 3353 Domini.
3366 3299 3635 3354 Detrahe-

2040 3384 2172 3439 bant
2202 3385 2405 3455 quippe
2432 3401 2459 3439 a
2493 3384 2761 3441 sacriﬁcio
2793 3384 3063 3451 homines,
3095 3386 3218 3457 quia
3242 3386 3313 3439 ad
3343 3385 3637 3441 confessio-

2038 3489 2164 3528 nem
2189 3482 2347 3528 rectae
2379 3472 2503 3527 ﬁdei
2532 3473 2785 3546 progredi
2815 3472 3153 3528 infirmorum
3178 3475 3342 3529 corda
3372 3475 3635 3545 prohibe-

2039 3561 2186 3615 bant.
2216 3561 2284 3615 Et
2313 3562 2611 3617 notandum
2646 3563 2773 3631 quia
2811 3562 2900 3631 Qui
2929 3562 3279 3617 detrahuntur
3309 3579 3340 3617 a
3369 3562 3633 3618 sacriﬁcio

2040 3649 2287 3705 homines
2319 3651 2589 3715 dicuntur,
2622 3651 2747 3720 quia
2772 3651 3025 3706 nimirum
3082 3652 3127 3706 si
3176 3651 3228 3705 in
3278 3650 3403 3706 ﬁdei
3433 3659 3633 3707 nostrae

2042 3753 2166 3793 vera
2194 3739 2545 3795 confessione
2576 3739 2946 3809 persisterent,
2979 3741 3078 3795 hos
3103 3740 3323 3795 divinus
3354 3756 3531 3795 sermo
3564 3739 3630 3794 ﬁ-

2037 3827 2229 3882 liorum
2259 3827 2357 3883 Dei
2384 3828 2726 3898 appelatione
2752 3827 3010 3899 signaret.
3038 3829 3245 3897 Quibus
3267 3830 3514 3900 profecto
3532 3844 3632 3898 per

2040 3915 2376 3970 Psalmistam
2430 3916 2694 3971 Dominus
2731 3916 2863 3972 dicit
2896 3934 2907 3970 :
2961 3919 3066 3989 Ego
3105 3918 3233 3974 dixi
3268 3918 3350 3974 dii
3383 3918 3545 3984 estis,
3572 3919 3629 3973 et

2035 4004 2155 4075 ﬁlii
2183 4005 2395 4059 excelsi
2419 4021 2635 4071 omnes,
2668 4021 2758 4060 vos
2809 4008 3003 4061 autem
3048 4008 3195 4061 sicut
3224 4007 3481 4063 homines
3504 4022 3628 4063 mo-

2036 4093 2271 4148 riemini
2302 4094 2476 4162 (Psal.
2509 4108 2696 4159 Lxxxt,
2724 4095 2777 4163 6,
2806 4095 2887 4163 7).
2928 4093 3182 4164 Sequitur
3211 4103 3390 4150 autem
3418 4113 3430 4149 :

2106 4181 2282 4252 (Vers.
2315 4180 2428 4252 18.)
2463 4182 2693 4237 Samuel
2732 4187 2927 4237 autem
2958 4187 3082 4237 erat
3112 4185 3376 4238 minister
3403 4185 3467 4239 in
3501 4200 3632 4240 con-

2034 4275 2232 4343 spectu
2263 4271 2505 4335 Domini,
2528 4286 2672 4342 puer
2712 4273 3006 4327 accinctus
3034 4270 3209 4343 ephod
3244 4272 3412 4327 lineo.

2107 4364 2158 4415 9.
2188 4359 2450 4415 Subtilior
2479 4374 2643 4431 quam
2703 4359 2857 4414 lanea
2887 4359 3049 4415 vestis
3091 4359 3230 4414 linea
3260 4376 3383 4414 esse
3415 4375 3627 4432 cogno-

2033 4449 2218 4505 scitur.
2245 4451 2381 4520 Apte
2412 4457 2591 4503 autem
2624 4448 2846 4503 Samuel
2871 4447 3015 4504 lineo
3034 4448 3441 4519 ephodindutus
3470 4465 3629 4505 asse-

313 4539 485 4587 tatem
517 4534 902 4605 Redemptoris
927 4553 1133 4608 negare
1151 4538 1418 4609 compulsi
1444 4550 1589 4605 sunt,
1620 4522 1725 4595 non
1749 4541 1923 4595 solum
1951 4522 2001 4582 D
2033 4538 2189 4603 ritur,
2220 4554 2321 4609 per
2350 4554 2506 4609 quem
2537 4537 2879 4592 sacerdotum
2905 4538 3040 4593 ordo
3062 4537 3263 4592 electus
3283 4554 3351 4592 ex
3371 4540 3632 4611 gentibus

312 4621 747 4691 Redemptorem
795 4624 1084 4680 noluerunt
1128 4643 1355 4699 negare,
1400 4629 1494 4682 sed
1552 4630 1927 4700 compulsores

210 4788 213 4791 _
305 4724 447 4763 suos
478 4710 746 4765 curabant
772 4713 839 4766 ad
873 4713 1034 4767 vitam
1079 4715 1324 4770 trahere.
1374 4716 1529 4770 Unde
1556 4724 1611 4769 et
1639 4718 1921 4788 sequitur;

384 4796 571 4869 (Vers.
607 4801 734 4870 16.)
764 4801 1097 4874 Dicebatque
1138 4804 1229 4858 illi
1270 4804 1606 4860 immolans:
1646 4806 1923 4861 lncenda-

306 4890 412 4940 tur
432 4888 686 4957 primum
709 4893 889 4961 juxta
920 4907 1134 4946 morem
1159 4891 1320 4947 hodie
1350 4893 1543 4964 adeps,
1564 4898 1620 4949 et
1651 4893 1787 4951 tolle
1817 4893 1925 4951 tibi

304 4979 601 5046 quantum
633 4977 922 5033 desiderat
956 4982 1155 5035 anima
1196 4984 1316 5036 tua.

380 5065 439 5117 7.
467 5067 511 5118 Δ
541 5064 759 5119 bestiali
787 5066 1054 5136 siquidem
1081 5070 1324 5139 appetitu
1357 5069 1528 5125 cmda
1553 5071 1918 5141 postulantem

304 5157 562 5206 avertere
612 5152 820 5222 nititur,
876 5156 967 5227 qui
998 5157 1048 5211 ei
1074 5158 1140 5212 ad
1175 5156 1387 5213 libitum
1414 5168 1565 5214 cocta
1612 5160 1916 5230 pollicetur.

304 5238 480 5307 Quasi
502 5240 649 5296 male
674 5242 1075 5300 essurientibus
1100 5245 1303 5301 Iudaeis
1327 5256 1528 5304 sancte
1563 5248 1808 5317 Ecclesia
1833 5265 1918 5304 re-

304 5344 572 5399 sponsum
598 5331 867 5403 prmbeat,
900 5339 954 5387 et
980 5348 1080 5405 pro
1108 5335 1453 5392 humanitate
1483 5336 1732 5408 simplici,
1754 5351 1916 5408 quam

307 5494 664 5623 πέᾶεϐὶιοι.
697 5507 751 5554 et
782 5500 977 5569 Vatic.,
1009 5503 1247 5561 Domino
1301 5521 1363 5563 eo
1389 5505 1485 5578 qui
1514 5520 1696 5563 cacus
1723 5508 1917 5578 [uerat

381 5637 466 5708 (ὁ)
494 5636 693 5709 Iidem,
711 5645 769 5697 et
796 5642 950 5716 quia.

2034 4627 2385 4698 designatur.
2424 4626 2564 4680 Nam
2595 4626 2649 4679 in
2678 4626 3082 4696 comparatione
3113 4626 3302 4698 legalis
3332 4628 3457 4683 vitae
3488 4643 3631 4683 nova

2035 4713 2320 4786 Evangelii
2350 4713 2688 4769 conversatio
2720 4713 2818 4767 lini
2865 4713 3131 4768 subtilitas
3187 4723 3286 4769 est.
3351 4716 3431 4770 lbi
3484 4717 3629 4771 enim

2034 4804 2240 4874 aliquid
2258 4802 2494 4856 animale
2522 4810 2850 4871 praeceptum
2873 4809 2975 4867 est,
2997 4802 3071 4856 ibi
3094 4803 3271 4858 omnis
3288 4804 3631 4860 maledicitur

2035 4909 2066 4947 a
2096 4908 2202 4963 quo
2231 4890 2442 4946 semina
2472 4890 2790 4962 pmpaginis
2819 4891 2872 4944 in
2900 4890 3036 4945 Sion
3055 4892 3197 4946 nulla
3229 4893 3628 4963 relinquuntur.

2033 4984 2096 5035 In
2124 4980 2287 5035 Novo
2318 4987 2501 5033 autem
2519 4980 2880 5048 Testamento,
2907 4980 3032 5051 quia
3062 4980 3351 5037 subtiliora
3370 4990 3496 5036 sunt
3516 4999 3631 5037 om-

2033 5070 2143 5135 nia,
2168 5069 2417 5141 quisquis
2445 5067 2567 5139 ejus
2607 5069 2895 5139 praeceptis
2942 5070 3128 5131 utitur.
3158 5070 3300 5125 velut
3329 5070 3628 5126 delicatiori

2028 5159 2123 5214 lini
2153 5167 2304 5214 veste
2331 5157 2655 5213 decoratur:
2690 5157 2767 5211 ibi
2798 5158 2998 5229 quippe
3024 5158 3283 5213 connubii
3305 5157 3629 5214 abstinentia

2026 5248 2340 5316 damnatur,
2368 5246 2456 5302 hic
2484 5246 2638 5301 miris
2653 5246 2903 5301 laudibus
2933 5246 3154 5310 colitur;
3180 5245 3290 5302 illic
3318 5246 3628 5304 sacerdotes

2026 5336 2313 5394 carnaliter
2342 5343 2640 5407 generant,
2675 5333 2763 5389 hic
2783 5333 3014 5389 fructum
3037 5334 3291 5405 spiritalis
3310 5336 3631 5409 propaginis

2099 5506 2171 5575 (c)
2198 5504 2390 5578 Guss.,
2423 5521 2497 5561 ea:
2527 5502 2960 5578 oﬂenso_tantw
3001 5504 3405 5563 admirationis
3434 5507 3619 5578 signa.

2095 5569 2172 5649 (ά)
2203 5580 2266 5633 In
2292 5569 2477 5647 Vulg,
2513 5569 2901 5629 retrahebant.
