4062 6182
471 313 544 371 95
1675 318 1930 374 SANCTI
1958 315 2298 374 GREGORII
2328 317 2558 374 MAGNI
3699 318 3768 376 96

476 446 622 495 tanto
652 439 922 512 copiosius
949 441 1200 510 afferunt,
1222 450 1424 518 quanto
1445 443 1613 500 etiam
1648 459 1742 514 per
1773 441 2066 516 conjugale
2100 443 2151 502 A

473 528 676 583 bonum
706 531 976 600 pudicitiae
1023 533 1346 589 detrimenta
1389 533 1591 588 sentire
1649 548 1758 587 non
1805 540 2053 604 possunt.

475 617 618 672 Bene
649 627 828 674 autem
860 621 984 675 dum
1027 622 1293 678 Samuelis
1349 623 1520 677 vestis
1577 621 1864 692 exponitur
1919 621 2067 676 linea

475 705 649 762 fuisse
679 709 1010 780 perhibetur,
1045 720 1102 766 ut
1131 711 1257 766 novi
1279 710 1576 766 sacerdotii
1605 711 1847 782 gloriam
1882 719 2066 780 aperte

475 795 807 863 ostenderet,
842 801 986 868 quod
1015 816 1170 856 novre
1201 799 1474 871 pudicitia;
1508 799 1775 855 nitoribus
1807 798 2066 869 splende-

474 891 577 938 ret.
614 885 719 939 Sed
751 885 877 940 dum
908 887 964 942 in
1019 897 1312 958 conspectu
1368 888 1584 944 Domini
1635 903 1762 943 esse
1815 887 2068 941 minister

475 971 693 1028 Samuel
725 975 942 1042 dicitur,
987 979 1166 1047 epbod
1215 978 1358 1033 lineo
1409 977 1683 1032 accinctus
1714 984 2064 1043 memoratur,

475 1061 602 1134 quia
631 1063 814 1118 divina
844 1065 1105 1136 obsequia
1155 1074 1282 1121 tunc
1339 1067 1482 1122 bene
1539 1063 1886 1130 exhibentur,
1945 1080 2064 1120 cum

475 1149 780 1206 exhibentis
809 1169 1041 1224 persona
1081 1156 1316 1210 carnalis
1356 1155 1645 1226 voluptatis
1675 1153 1930 1208 sordibus
1959 1169 2066 1208 non

475 1237 741 1310 fcedatur;
777 1249 827 1296 et
857 1251 1147 1314 acceptum
1181 1245 1293 1299 Deo
1328 1251 1452 1300 tunc
1483 1251 1562 1298 est
1591 1259 1786 1297 munus
1815 1242 2070 1297 ministe—

475 1327 561 1394 rii,
594 1343 715 1384 cum
750 1346 850 1403 per
877 1339 1082 1388 sanctae
1134 1333 1558 1388 conversationis
1605 1331 1921 1386 munditiam
1953 1332 2067 1386 Deo

475 1415 674 1486 placita
702 1425 782 1473 est
809 1435 1040 1489 persona
1072 1420 1322 1475 ministri.
1345 1422 1414 1474 Et
1444 1421 1574 1490 quia
1604 1421 1743 1474 inter
1773 1419 2068 1490 primordia

474 1504 734 1560 novitatis
765 1523 878 1563 suae
907 1508 1246 1578 proﬁciebat,
1277 1510 1450 1564 adhuc
1477 1511 1721 1580 sequitur
1754 1525 1766 1562 :

547 1595 725 1664 (Vers.
760 1598 874 1668 19.)
893 1600 961 1654 Et
993 1601 1251 1655 tunicam
1277 1616 1511 1671 parvam
1531 1599 1774 1670 faciebat
1804 1599 1856 1654 ei
1883 1601 2069 1653 mater

474 1698 600 1752 sua,
629 1701 803 1754 quam
833 1688 1106 1758 afferebat
1133 1689 1208 1754 ei,
1241 1704 1366 1743 cum
1412 1688 1749 1743 ascendebat
1791 1703 1921 1743 cum
1951 1688 2067 1743 viro

475 1787 594 1838 suo,
626 1777 693 1829 ut
722 1775 1048 1831 immolaret
1081 1779 1316 1834 Domino
1353 1778 1597 1832 hostium
1627 1779 1954 1832 solemnem.

548 1861 639 1916 10.
679 1862 890 1919 Sanctm
919 1865 1189 1920 Ecclesiae
1245 1865 1470 1920 bestiam
1525 1865 1811 1920 immolare
1863 1873 1940 1919 est
1971 1880 2068 1935 per

472 1948 692 2021 eloquia
732 1953 1141 2022 praedicationis
1189 1953 1492 2008 auditorum
1539 1970 1759 2008 suorum
1803 1954 1965 2008 corda
2011 1953 2067 2007 in

475 2052 722 2093 amorem
753 2041 1052 2096 conditoris
1081 2043 1406 2098 accendere.
1434 2043 1582 2098 Tunc
1612 2041 1790 2114 itaque
1822 2043 2066 2098 Samueli

475 2142 644 2196 parva
672 2128 839 2185 vestis
869 2130 1046 2186 delata
1077 2131 1409 2202 perhibetur,
1456 2131 1582 2204 quia
1608 2131 1735 2185 dum
1768 2131 1943 2186 adhuc
1971 2147 2068 2202 per

474 2215 734 2272 novitatis
765 2235 880 2274 suae
936 2221 1274 2276 incrementa
1327 2219 1636 2292 proficeret,
1697 2223 1764 2274 ab
1820 2221 2066 2276 Ecclesia

475 2312 600 2376 apta
632 2322 742 2361 sum
773 2309 1022 2378 parvitati
1052 2311 1264 2380 accepit
1312 2317 1658 2366 monumenta
1686 2309 1930 2380 justitize,
1965 2325 2064 2365 cu-

467 2393 561 2463 jus
592 2397 881 2466 splendore
921 2398 1174 2453 radiaret.
1206 2399 1491 2470 Sequitur:

545 2484 722 2552 (Vers.
757 2486 884 2556 20.)
917 2487 982 2540 Et
1012 2487 1306 2544 benedixit
1326 2487 1460 2542 Heli
1478 2487 1770 2552 Helcanre,
1806 2492 1862 2543 et
1891 2490 2066 2544 uxori

473 2588 608 2638 suae,
639 2574 832 2630 dicens
855 2593 873 2626 :
915 2575 1122 2631 Reddat
1166 2574 1272 2631 tibi
1311 2577 1584 2633 Dominus
1611 2592 1800 2633 semen
1833 2577 1899 2632 de
1931 2593 2061 2632 mu-

477 2660 614 2716 liere
645 2663 769 2730 hac,
802 2679 902 2734 pro
928 2667 1141 2735 femore
1169 2665 1312 2738 quod
1355 2666 1764 2722 commendasti
1793 2667 2054 2722 Domino.

547 2752 638 2804 11.
674 2749 811 2820 Quia
843 2752 895 2806 in
925 2769 1154 2823 persona
1210 2753 1330 2810 Heli
1385 2755 1681 2810 sacerdotis
1738 2757 1906 2810 etiam
1935 2755 2062 2810 boni

473 2837 724 2894 doctores
775 2841 963 2912 populi
1018 2843 1216 2896 veteris
1269 2843 1644 2914 designantur,
1706 2843 1954 2898 Helcanze
2012 2851 2064 2898 et

472 2927 630 2981 uxori
661 2927 779 2998 ejus
809 2929 1154 2986 benedixisse
1201 2932 1570 3003 cognoscitur,
1631 2933 1756 3002 quia
1813 2932 2061 2986 nimirum

473 3017 782 3072 eorumdem
814 3026 1055 3074 veterum
1077 3019 1360 3076 doctorum
1395 3021 1526 3076 ordo
1564 3021 1760 3076 Christi
1789 3029 1841 3075 et
1862 3029 2064 3076 sanctze

471 3104 734 3161 Ecclesiae
763 3107 1061 3178 spiritalem
1085 3110 1334 3180 cepulam
1359 3111 1629 3179 praevidit,
1663 3119 1716 3165 et
1745 3126 1932 3166 eorum
1955 3112 2060 3166 ele-

2253 442 2336 497 13.
2370 444 2431 496 In
2462 441 2636 498 tribus
2667 440 2789 496 ﬁliis
2817 442 3171 514 perfectiores
3199 443 3403 515 quique
3431 450 3637 500 sancta:
3666 443 3770 499 Ec-

2173 533 2350 587 clesia:
2379 532 2654 603 designati
2683 539 2825 596 sunt,
2868 532 2957 604 qui
3016 547 3112 604 pro
3171 531 3276 587 ﬁde
3307 531 3577 586 Trinitatis
3608 533 3765 589 fortia

2175 637 2392 690 semper
2421 621 2599 692 egisse
2631 631 3055 693 cognoscuntur.
3089 621 3195 676 Sed
3227 620 3270 674 si
3317 621 3463 676 solos
3492 621 3768 690 perfectos

2176 717 2364 764 sancta
2387 709 2628 764 Ecclesia
2645 709 2916 780 gigneret,
2937 717 3114 764 nostra
3149 707 3440 764 infirmitas
3460 709 3528 763 ad
3551 717 3766 766 aeterna

2175 798 2298 855 vitm
2328 799 2552 868 praemia
2583 798 2862 868 pervenire
2890 814 2994 853 non
3017 805 3218 868 posset.
3253 799 3442 853 Robur
3471 813 3603 870 ergo
3631 798 3766 854 ﬁlio-

2174 903 2292 942 rum
2324 887 2551 942 duarum
2584 887 2812 941 filiarum
2835 886 3101 960 fragilitas
3132 887 3400 958 sequitur,
3421 888 3552 959 quia
3581 896 3768 943 sancta

2135 1029 2142 1037 .
2175 976 2417 1032 Ecclesia
2449 976 2548 1031 etsi
2603 985 2791 1032 contra
2848 975 3257 1047 superbientem
3305 977 3514 1031 hostem
3550 977 3767 1030 humani

2175 1065 2400 1137 generis
2447 1065 2614 1120 fortes
2662 1065 2904 1134 protulit,
2955 1070 3134 1119 tamen
3183 1065 3252 1119 ad
3307 1073 3522 1120 aeterna:
3580 1064 3766 1135 patriae

2175 1154 2372 1227 gaudia
2397 1155 2558 1209 etiam
2581 1152 2794 1209 infirma
2815 1153 2933 1224 ejus
2963 1154 3204 1209 membra
3234 1170 3332 1223 per
3361 1153 3468 1208 duo
3490 1153 3769 1209 cbaritatis

2176 1251 2452 1314 praecepta
2481 1243 2882 1313 perducuntur.
2928 1244 2987 1297 Et
3030 1243 3154 1312 quia
3181 1243 3233 1296 in
3265 1241 3624 1297 inchoationis
3659 1257 3770 1296 suae

2177 1331 2344 1385 initiis
2376 1347 2486 1386 non
2514 1349 2728 1400 semper
2756 1333 2954 1386 mansit
2986 1331 3234 1404 quisquis
3263 1347 3328 1386 eo
3360 1338 3611 1401 tempore
3641 1347 3769 1385 eru-

2176 1420 2278 1474 diri
2304 1421 2372 1475 ad
2400 1421 2735 1476 sacerdotale
2767 1420 3127 1475 ministerium
3169 1424 3433 1490 carperat,
3479 1419 3722 1490 sequitur
3752 1437 3764 1472 :

2252 1511 2428 1578 (Vers.
2456 1510 2570 1580 21.)
2601 1511 2670 1564 Et
2700 1510 3100 1582 magniﬁcatus
3149 1513 3234 1565 est
3280 1525 3424 1581 puer
3448 1509 3676 1564 Samuel
3705 1509 3768 1564 in

2177 1603 2484 1670 conspectu
2517 1600 2758 1654 Domini.

2251 1690 2337 1742 14.
2372 1686 2491 1756 Quo
2527 1687 2579 1741 in
2625 1687 2744 1742 loco
2787 1687 2943 1742 valde
2987 1687 3286 1742 notandum
3334 1694 3414 1742 est
3460 1687 3601 1758 quod
3632 1702 3769 1757 puer

2094 1800 2148 1862 Β
2179 1777 2403 1830 Samuel
2433 1777 2624 1832 dicitur
2653 1781 2706 1832 et
2737 1776 3126 1850 magnificatus.
3163 1775 3268 1832 Sed
3292 1785 3339 1830 et
3370 1792 3492 1831 cum
3515 1775 3766 1847 magniti-

2177 1874 2325 1921 catus
2355 1865 2636 1930 asseritur,
2668 1865 2775 1921 hoc
2806 1865 3014 1922 virtutis
3049 1882 3159 1920 suae
3215 1865 3544 1936 praeconium
3576 1880 3683 1919 non
3714 1865 3770 1918 in

2174 1958 2472 2020 conspectu
2503 1950 2803 2018 hominum,
2828 1949 2924 2004 sed
2941 1949 2992 2002 in
3017 1957 3313 2019 c0uspectu
3337 1949 3550 2003 Domini
3568 1949 3770 2004 habere

2175 2037 2517 2108 perhibetur.
2554 2039 2659 2092 Cur
2688 2052 2819 2108 ergo
2849 2053 3000 2108 puer,
3027 2038 3101 2107 (a)
3135 2037 3237 2092 nisi
3271 2036 3400 2108 quia
3447 2037 3513 2091 ad
3543 2035 3766 2108 perfec-

2175 2126 2334 2180 tionis
2363 2135 2476 2182 erat
2518 2125 2898 2182 celsitudinem
2929 2126 3293 2180 sublimatus?
3326 2127 3467 2180 Puer
3496 2127 3680 2196 itaque
3709 2133 3766 2180 et

2175 2213 2548 2286 magniﬁcatus
2580 2216 2632 2269 in
2677 2224 2970 2286 conspectu
3017 2215 3238 2270 Domini
3292 2214 3518 2270 Samuel
3572 2215 3770 2270 dicitur

2175 2307 2302 2376 quia
2329 2321 2502 2359 novus
2532 2305 2668 2359 ordo
2699 2305 3133 2375 praedicatorum,
3157 2305 3257 2359 etsi
3289 2304 3354 2358 ad
3388 2320 3605 2376 magna:
3635 2319 3769 2359 con-

2171 2394 2494 2449 versationis
2523 2394 2904 2449 celsitudinem
2964 2393 3226 2464 pervenit,
3287 2393 3602 2447 humilitatis
3648 2410 3770 2448 suae

2170 2483 2423 2539 virtutem
2451 2499 2559 2539 non
2589 2483 2838 2555 perdidit.
2858 2483 3188 2554 Magmﬁcari
3220 2482 3418 2554 quippe
3448 2491 3570 2538 ante
3593 2483 3768 2538 Deum

2173 2589 2280 2628 non
2319 2573 2621 2642 prodesset,
2671 2573 2715 2626 si
2745 2588 2880 2643 puer
2907 2589 3026 2627 esse
3071 2571 3374 2638 desisteret,
3411 2572 3535 2644 quia
3568 2571 3767 2625 amissa

2173 2662 2498 2727 humilitate,
2541 2663 2755 2732 placere
2808 2661 3173 2729 omnipotenti
3205 2661 3318 2716 Deo
3359 2661 3424 2716 de
3455 2675 3766 2715 conversa-

2171 2751 2336 2806 tionis
2357 2751 2636 2805 altitudine
2661 2766 2764 2805 non
2790 2751 3015 2805 valeret.
3034 2749 3280 2820 Denique
3311 2748 3765 2819 magnificatijam

2172 2841 2400 2907 fuerant,
2434 2840 2523 2908 qui
2556 2840 2607 2893 in
2640 2839 2856 2894 nomine
2899 2841 3026 2894 Jesu
3083 2839 3151 2893 ab
3205 2839 3442 2893 obsessis
3499 2838 3767 2893 daemonia

2170 2929 2458 2998 ejiciebant
2477 2947 2491 2994 ;
2510 2928 2602 2982 sed
2625 2929 2748 2999 quia
2766 2928 3010 2998 pueritia)
3026 2944 3138 2981 suae
3161 2927 3363 2981 bonum
3385 2927 3762 2998 perdiderant,

2171 3020 2271 3072 hos
2305 3018 2506 3072 veritas
2533 3017 2731 3088 arguit,
2757 3018 2970 3072 dicens:
3014 3017 3264 3072 Videbam
3285 3017 3578 3083 Satanam,
3603 3019 3766 3089 quasi

2173 3107 2374 3177 fulgur
2403 3109 2468 3162 de
2499 3108 2632 3162 ca’lo
2663 3107 2958 3162 cadentem
2983 3107 3138 3175 (Luc.
3164 3123 3218 3171 Χ,
3258 3106 3362 3175 18).
3397 3106 3534 3160 Hinc
3564 3105 3762 3159 iterum

536 3159 573 3160 η
617 3159 627 3160 κ
696 3159 727 3161 η
773 3159 1629 3180 Tim—ﬂ-----r--m--,--“.-w--,
1667 3159 1715 3165 --
1749 3159 2035 3166 --η----η
2987 3159 3023 3175 π
3208 3159 3218 3171 ι
3298 3159 3336 3175 κ,
3522 3159 3525 3160 ν

472 3199 678 3249 ctorum
709 3195 918 3265 prolem
949 3196 1338 3264 futttramfcmlo
1359 3198 1742 3270 dignam,cum
1775 3201 2064 3254 devotione
2094 3159 2142 3220 Ο
2171 3195 2510 3263 denuntians,
2545 3196 2654 3251 ait:
2687 3197 2806 3250 Nisi
2835 3197 3091 3252 conversi
3128 3197 3310 3263 eritis,
3343 3198 3398 3249 et
3429 3195 3764 3266 eﬁiciamini

471 3282 804 3352 praedicavit.
840 3283 996 3352 Quod
1035 3287 1280 3358 quamvis
1311 3287 1473 3356 longe
1512 3291 1638 3342 ante
1667 3293 1848 3342 actum
1881 3289 2060 3355 fuerit,

470 3375 654 3426 tamen
676 3361 809 3429 tunc
838 3390 896 3428 se
926 3375 1004 3429 eis
1033 3376 1111 3430 sic
1141 3375 1489 3431 benedixisse
1520 3375 1772 3446 innotuit,
1805 3394 1946 3444 cum,
1980 3394 2063 3433 re-

470 3459 772 3530 velatajam
805 3471 1000 3520 nostra:
1028 3465 1416 3535 redemptionis
1437 3465 1628 3537 gratia,
1653 3466 1874 3520 credere
1907 3483 2062 3521 unus-

470 3549 700 3621 quisque
749 3549 923 3606 fidelis
973 3561 1204 3622 poterat,
1255 3553 1376 3624 quia
1429 3561 1506 3608 tot
1549 3553 1692 3609 bona
1731 3557 1839 3624 70
1880 3563 2062 3624 patres

470 3635 644 3693 nostri
675 3646 890 3696 veteres
920 3640 989 3696 de
1038 3642 1140 3696 hac
1170 3643 1517 3698 renovatione
1571 3643 1956 3713 praecinebant.
1989 3646 2061 3700 Et

471 3733 527 3781 ut
555 3727 690 3783 ordo
721 3744 831 3800 quo
863 3728 1022 3785 ﬁebat
1047 3739 1394 3801 agnoscatur,
1427 3731 1769 3800 subjunctum
1799 3740 1878 3788 est
1908 3751 1920 3787 :

542 3817 722 3886 (Vers.
755 3818 872 3882 20.)
904 3820 970 3874 Et
999 3819 1266 3876 abierunt
1308 3821 1371 3875 in
1406 3821 1588 3876 locum
1618 3838 1806 3876 suum.

538 3908 626 3962 12.
661 3907 719 3960 In
745 3905 924 3962 locum
956 3924 1112 3962 suum
1142 3925 1265 3964 cum
1295 3910 1413 3964 viro
1444 3925 1542 3964 suo
1572 3918 1770 3966 sanctae
1800 3911 2056 3969 Ecclesiae

468 3992 642 4062 abire,
675 4003 759 4050 est
786 3995 909 4051 vita
935 3997 1125 4052 activae
1157 3997 1434 4053 molestias
1464 3999 1730 4054 interdum
1763 3999 1970 4072 fugere,
2005 4010 2058 4056 et

465 4097 716 4152 superna:
746 4084 871 4141 vitae
900 4086 1119 4158 gaudiis
1158 4103 1257 4157 per
1296 4086 1811 4158 contemplationem
1841 4106 2051 4145 vacare.

465 4171 695 4227 Puerum
728 4174 928 4246 quippe
957 4174 1024 4230 ad
1057 4178 1244 4231 horam
1275 4177 1571 4248 reliquerat
1601 4187 1770 4232 mater
1797 4177 1905 4243 illa,
1936 4195 2056 4248 quae

467 4257 684 4316 dicebat
709 4279 720 4316 :
758 4263 930 4335 Cupio
951 4262 1177 4320 dissolvi
1197 4270 1250 4319 et
1271 4280 1388 4320 esse
1410 4281 1539 4320 cum
1572 4266 1789 4320 Christo
1810 4265 2044 4336 (Philip.

465 4363 502 4414 ι,
531 4349 641 4421 23).
664 4350 720 4406 Si
741 4367 862 4406 cum
885 4368 1058 4422 puero
1081 4361 1212 4419 erat,
1238 4353 1456 4423 quando
1486 4353 1738 4407 eumdem
1769 4355 2054 4425 egregium

463 4437 746 4493 doctorem
777 4455 948 4508 usque
976 4439 1044 4493 ad
1088 4440 1297 4494 tertium
1328 4441 1527 4495 coelum
1558 4440 1641 4494 vis
1660 4445 1866 4496 amoris
1895 4449 2052 4497 extu-

2171 3287 2322 3340 sirut
2365 3286 2610 3356 parvuli,
2644 3301 2759 3340 non
2791 3285 3083 3340 intrabitis
3123 3284 3186 3338 in
3225 3299 3463 3353 regnum
3491 3285 3763 3339 arctorum

2173 3373 2390 3442 (.llatih.
2427 3389 2582 3440 XVIII,
2616 3375 2690 3436 3).
2725 3373 2864 3442 Quia
2895 3389 3024 3445 ergo
3054 3388 3320 3428 novorum
3350 3373 3764 3442 przedicatorum

2172 3462 2278 3516 vita
2309 3471 2362 3516 et
2391 3463 2639 3516 sublimis
2663 3471 2740 3516 est
2764 3463 2973 3528 merito,
2994 3469 3046 3516 et
3067 3461 3233 3532 plana
3255 3477 3352 3532 per
3380 3461 3758 3528 humilitatem,

2169 3549 2383 3605 Samuel
2417 3561 2540 3620 apte
2578 3549 2952 3622 magnificatus
2983 3558 3034 3604 et
3063 3566 3196 3620 puer
3225 3550 3500 3604 asseritur.
3538 3551 3604 3604 Et
3635 3549 3762 3620 quia

2168 3655 2231 3694 ex
2263 3647 2486 3709 utroque
2519 3640 2674 3694 valde
2705 3639 2907 3710 accepti
2937 3639 3050 3693 Deo
3072 3647 3216 3704 sunt,
3245 3637 3626 3711 magniﬁcatus
3649 3649 3761 3694 nOn

2167 3727 2501 3797 simpliciter,
2533 3729 2630 3783 sed
2686 3729 2740 3782 in
2780 3735 3072 3800 conspectu
3128 3727 3343 3784 Domini
3373 3727 3540 3783 fuisse
3568 3727 3758 3799 perhi-

2165 3818 2347 3872 betur.
2388 3819 2640 3890 Sequitur
2671 3835 2683 3872 :

2233 3907 2414 3978 (Vers.
2449 3909 2561 3974 22.)
2593 3907 2724 3964 Heli
2755 3913 2948 3963 autem
2996 3909 3119 3962 erat
3151 3922 3328 3962 senex
3359 3905 3536 3972 valde,
3569 3909 3624 3962 et
3654 3923 3759 3961 au-

2165 3998 2304 4053 divit
2333 3999 2524 4054 omnia
2563 4015 2684 4068 quae
2727 3997 3011 4066 faciebant
3054 3995 3170 4064 filii
3227 3997 3318 4050 sui
3374 3997 3434 4050 in
3493 3995 3756 4050 universo

2165 4085 2367 4153 Israel,
2401 4091 2456 4141 et
2507 4085 2773 4157 quomodo
2829 4085 3184 4140 dormiebant
3239 4099 3363 4139 cum
3420 4084 3755 4140 mulieribus

2163 4191 2285 4247 qua:
2313 4174 2680 4228 observabant
2712 4174 2784 4229 ad
2815 4174 3028 4229 ostium
3061 4173 3447 4228 tabernaculi.

2237 4265 2324 4318 15,
2356 4265 2415 4316 Ιιι
2449 4278 2605 4332 perso
2637 4279 2666 4316 a
2698 4262 2816 4316 lleli
2849 4278 2953 4316 non
2981 4261 3159 4316 solum
3183 4271 3337 4316 vetus
3366 4261 3748 4326 sacerdotium,

2161 4351 2258 4406 sed
2275 4351 2432 4406 etiam
2452 4352 2791 4423 antiquorum
2811 4359 3020 4422 patrum
3040 4350 3299 4406 doctrinas
3319 4348 3690 4422 ﬁgurantur,7
3714 4357 3746 4417 1

2163 4440 2281 4510 quia
2314 4457 2378 4494 ex
2411 4443 2514 4495 hoc
2543 4441 2689 4512 quod
2706 4441 2932 4512 spiritali
2953 4439 3218 4511 dignitate
3242 4439 3476 4509 praefuit,
3509 4440 3610 4494 hoc
3638 4455 3754 4492 sus-

465 4524 601 4579 lerat
629 4525 707 4592 (II
735 4525 854 4582 Cor.
889 4543 983 4592 xu,
1016 4527 1135 4597 2-4)
1159 4527 1186 4580 ‘2
1237 4527 1293 4582 Si
1351 4535 1480 4583 tunc
1544 4537 1662 4583 erat
1709 4545 1830 4584 cum
1862 4546 2047 4600 puero,
2078 4513 2133 4574 D
2165 4529 2306 4599 cepit
2335 4528 2516 4596 oﬂicii,
2550 4537 2604 4583 ut
2636 4529 2856 4583 salutari
2911 4527 3289 4598 praedicatione
3337 4526 3628 4582 instrueret
3657 4543 3753 4597 pro

463 4611 680 4682 quando
709 4613 761 4666 in
796 4613 1050 4684 paradiso
1080 4619 1364 4685 exceptus,
1416 4617 1587 4671 verba
1641 4633 1760 4686 quas
1787 4634 1896 4673 non
1927 4619 2056 4676 licet

464 4699 670 4754 homini
696 4701 845 4773 loqui
873 4701 1145 4770 audiebat,
1169 4713 1221 4758 et
1247 4705 1300 4758 in
1324 4705 1503 4759 locum
1535 4722 1690 4760 suum
1723 4708 2049 4777 rapiebatur,

465 4787 588 4856 quia
617 4789 873 4858 ostendit,
905 4790 1130 4846 dicens:
1161 4793 1281 4848 Non
1313 4792 1577 4850 habemus
1606 4793 1696 4850 hic
1723 4801 2053 4852 manentem

465 4877 776 4946 ciuitatem,
809 4879 904 4936 sed
924 4882 1184 4950 futuram
1211 4882 1554 4954 inquirimus
1574 4883 1765 4953 (Hebr.
1784 4901 1899 4951 xui,
1925 4887 2052 4955 14)?

465 4966 575 5022 Sed
603 4983 722 5039 quae
750 4982 873 5024 cum
898 4968 1017 5024 viro
1066 4969 1248 5024 abibat
1277 4971 1333 5024 in
1383 4971 1565 5026 locum
1621 4989 1796 5040 suum,
1853 4975 2053 5029 reverti

461 5056 603 5114 hanc
631 5065 878 5112 materna
905 5057 1118 5112 viscera
1145 5059 1418 5128 cogebant
1447 5060 1514 5115 ad
1564 5060 1752 5118 filium.
1779 5062 1918 5117 Nam
1966 5063 2050 5118 lo-

466 5145 736 5216 quebatur
761 5154 815 5202 et
855 5145 1106 5202 dicebat:
1159 5147 1220 5202 In
1267 5164 1440 5205 carne
1491 5167 1722 5206 manere
1782 5155 1868 5207 est
1910 5152 2054 5208 mihi

465 5237 848 5294 necessarium
875 5239 1106 5309 propter
1131 5251 1223 5291 vos
1260 5237 1499 5310 (Philip.
1539 5255 1576 5306 ι,
1606 5239 1724 5308 24).
1765 5239 2048 5309 Sequitur:

533 5323 720 5393 (Vers.
758 5326 886 5395 21.)
925 5325 1174 5381 Visitavit
1206 5339 1331 5396 ergo
1373 5325 1652 5382 Dominus
1705 5329 1948 5397 Annam,
1995 5332 2053 5386 et

465 5415 740 5484 concepit,
773 5419 830 5470 et
853 5416 1076 5486 peperit
1107 5417 1221 5470 tres
1257 5415 1407 5485 ﬁlios
1441 5420 1495 5472 et
1525 5415 1668 5472 duas
1695 5417 1868 5486 ﬁlias.

465 5631 478 5643 .
534 5561 613 5632 (a)
644 5561 802 5643 Iiorte
833 5561 1144 5643 addendum
1185 5569 1245 5622 et
1287 5566 1726 5643 magniﬁcatus;
1761 5568 2054 5643 quae_enim

463 5633 519 5689 in
547 5633 910 5706 explicatione
937 5634 1302 5706 subjiciuntur
1317 5633 1494 5710 potius
1523 5638 1589 5694 ad
1618 5640 1721 5695 hoc
1749 5633 2055 5697 membrum

2162 4618 2357 4690 quibus
2387 4617 2684 4688 placabiles
2714 4618 2918 4672 hostias
2949 4616 3178 4670 Domino
3225 4614 3465 4670 offerret.
3498 4615 3640 4685 Quid
3673 4619 3754 4670 est

2163 4723 2294 4776 ergo
2327 4707 2471 4776 quod
2504 4706 2622 4762 lleli
2653 4723 2824 4760 senex
2854 4705 3130 4773 asseritur,
3189 4704 3291 4758 nisi
3322 4706 3448 4776 quia
3478 4704 3530 4758 in
3560 4720 3754 4775 repro-

2162 4797 2350 4850 borum
2376 4795 2686 4850 Iudaeorum
2717 4794 2972 4850 cordibus
3003 4793 3084 4850 vis
3125 4793 3424 4848 infirmatur
3453 4793 3754 4848 cmlestium

2161 4885 2546 4938 mandatorum
2563 4885 2590 4936 ‘?
2612 4883 2836 4938 Juvenis
2853 4881 3072 4954 quidem
3095 4881 3193 4936 fuit
3235 4881 3355 4936 Heli
3387 4881 3625 4954 quandiu
3656 4895 3753 4936 sa—

2161 4989 2252 5029 cra
2274 4973 2553 5043 Scriptura
2570 4973 2623 5026 in
2638 4972 2824 5027 electis
2837 4973 3142 5043 Synagogte
3160 4970 3264 5025 vim
3284 4985 3503 5042 magna:
3523 4971 3755 5026 auctori-

2161 5061 2283 5116 tatis
2302 5061 2552 5125 obtinuit,
2579 5061 2706 5131 quia
2727 5059 2987 5115 videlicet
3005 5059 3390 5131 promissiones
3422 5059 3632 5114 venturi
3653 5059 3756 5114 Re-

2163 5151 2464 5222 demptoris
2493 5157 2792 5220 acceperat,
2812 5156 2865 5204 et
2894 5165 3016 5204 eum
3062 5165 3186 5204 cum
3233 5163 3432 5220 magno
3479 5146 3756 5202 desiderio

2165 5239 2530 5310 exspectabat.
2551 5240 2702 5294 Tunc
2731 5254 2866 5310 ergo
2895 5237 3013 5293 Heli
3062 5237 3262 5305 senuit,
3321 5236 3538 5308 quando
3567 5236 3755 5292 Iudaea

2163 5327 2507 5384 devotionem
2538 5326 2894 5382 observandae
2913 5326 3285 5396 promissionis
3309 5325 3506 5394 amisit,
3539 5324 3754 5382 utdesi-

2163 5417 2412 5473 deratum
2451 5432 2482 5472 a
2540 5417 2780 5488 patribus
2836 5416 2949 5470 suis
3005 5416 3423 5486 Redemptorem
3477 5429 3664 5470 coram
3695 5431 3755 5470 se

2165 5568 2442 5640 pertinent
2472 5585 2634 5640 quam
2667 5568 2735 5624 ad
2765 5567 2934 5636 aliud,
2965 5584 3129 5641 puer.
