4062 6182
342 229 411 283 97
1211 224 1281 281 IN
1314 220 1584 282 parum!
1616 221 1858 277 REGUM
1895 214 2444 279 EXPOSITIONES.
2477 252 2543 262 —
2576 221 2701 277 LIB.
2732 222 2797 277 [ι.
3582 235 3654 291 98

348 350 633 408 miraculis
662 366 723 407 se
753 351 1074 422 probantem
1107 360 1379 417 cerneret,
1411 358 1464 405 et
1492 348 1716 404 omnino
1737 361 1883 401 caeca
1903 346 1958 400 in
1985 349 2041 408 A
2071 357 2228 405 nocte
2254 349 2451 413 obruti,
2483 365 2583 419 per
2612 349 2812 403 Heliam
2846 358 3026 409 tamen
3058 364 3180 411 sum
3208 357 3262 412 in
3308 357 3415 415 ﬁne
3461 360 3653 416 mundi

350 448 504 495 tanta
554 441 675 510 ejus
725 439 847 495 luce
894 440 962 494 de
1010 440 1254 495 veritatis
1304 437 1595 511 praesentia
1657 435 1949 490 dubitaret.

350 528 526 585 Valde
559 530 721 583 etiam
756 529 928 584 fuisse
959 545 1128 584 senex
1161 528 1379 595 dicitur,
1413 534 1470 581 ut
1498 527 1743 598 profecto
1782 522 1959 579 omnis

348 620 435 674 vis
468 617 597 673 fidei
627 618 683 671 in
716 617 1014 691 Synagoga
1033 618 1365 674 emarcuisse
1387 617 1670 672 doceatur.
1696 613 1835 668 Vere
1858 628 1960 667 au—

350 718 461 764 tem
494 708 730 763 dicimus
762 708 895 778 quia
927 708 972 761 si
1003 708 1162 763 valde
1192 723 1359 762 senex
1404 713 1520 761 erat
1567 703 1704 769 Heli,
1738 702 1961 758 omnino

349 798 553 852 debilis
582 796 827 851 vivebat.
860 795 1002 865 Quid
1035 798 1177 850 enim
1212 804 1336 850 tunc
1368 802 1482 849 erat
1511 793 1627 848 seni
1670 791 1961 860 Scripturae

351 887 562 953 vivere,
597 886 703 940 nisi
733 885 967 940 debilem
990 885 1149 939 valde
1181 885 1564 954 aspirationem
1615 880 1738 935 ﬁdei
1786 880 1961 950 Syna-

345 992 517 1048 gogze
538 975 851 1029 ministrare
872 975 900 1026 ‘?
924 974 1103 1029 Senex
1125 973 1348 1044 quidem
1373 972 1529 1026 valde
1552 986 1671 1025 esse
1700 976 1753 1024 et
1780 969 1963 1023 vivere

352 1072 597 1135 poterat,
622 1080 749 1119 cum
773 1062 1087 1118 Judmorum
1117 1062 1282 1117 corda
1313 1061 1571 1115 nutabant
1591 1068 1648 1112 ut
1668 1058 1961 1112 Dominum

358 1155 549 1207 Jesum
581 1169 684 1207 nec
714 1152 1134 1222 Redemptorem
1163 1167 1352 1208 verum
1385 1165 1507 1204 esse
1537 1148 1837 1212 crederent,
1864 1161 1965 1200 nec

360 1243 523 1314 quasi
556 1241 942 1311 blasphemum
975 1248 1160 1311 aperte
1179 1240 1524 1294 damnarent.
1544 1236 1715 1305 Hujus
1731 1249 1963 1303 namque

358 1331 657 1386 senectutis
682 1329 1014 1384 debilitatem
1048 1328 1379 1400 evangelista
1425 1328 1661 1382 Joannes
1708 1322 1961 1388 ostendit,

360 1421 589 1475 dicens:
619 1420 732 1473 Alii
759 1417 1042 1486 dicebant,
1062 1418 1191 1489 quia
1210 1417 1385 1471 bonus
1404 1421 1508 1483 est,
1528 1415 1633 1469 alii
1656 1429 1800 1477 vero,
1824 1427 1959 1475 non,

359 1511 458 1565 sed
477 1509 698 1564 seducit
724 1507 919 1562 turbas
942 1510 1119 1576 (Joan.
1142 1509 1361 1575 vu,12).
1380 1505 1515 1559 llinc
1535 1502 1708 1558 Judaei
1734 1501 1835 1572 ipsi
1857 1500 1967 1553 cal-

362 1597 594 1652 liditatis
618 1614 732 1651 sure
753 1597 1051 1651 versutiam
1070 1594 1431 1665 proferentes,
1446 1593 1626 1646 dicunt
1651 1609 1663 1644 ε
1686 1593 1965 1661 Usquequo

363 1690 594 1743 animos
614 1684 1257 1742 nostrastollis?situes
1284 1682 1661 1746 Christus,dic
1692 1679 1847 1735 nobis
1867 1694 1965 1749 pa-
1990 1713 2043 1772 B

364 1778 481 1832 tam
508 1777 668 1843 (Ibid.
684 1790 743 1840 Χ,
759 1776 871 1843 24).
894 1774 1033 1829 Hinc
1052 1773 1180 1828 item
1202 1773 1417 1827 dicunt:
1440 1772 1697 1842 Magister
1711 1770 1966 1825 volumus

360 1884 393 1921 a
428 1871 485 1921 te
514 1866 747 1935 signum
780 1864 964 1919 videre
994 1863 1210 1931 (Matth.
1237 1876 1333 1929 xu,
1367 1859 1481 1925 38).

438 1958 525 2008 16.
557 1954 668 2008 Sed
698 1953 820 2006 Heli
850 1953 1009 2009 valde
1037 1968 1199 2006 senex
1232 1950 1436 2004 audivit
1456 1948 1638 2004 omnia
1660 1965 1780 2021 quae
1802 1948 1965 2003 facie-

366 2044 498 2098 bant
528 2042 623 2096 ﬁlii
646 2041 730 2096 sui
759 2042 1016 2095 universo
1042 2039 1248 2094 Israeli.
1276 2039 1493 2093 Audivit
1515 2047 1659 2093 certe
1696 2040 1815 2104 hac,
1840 2038 1965 2109 quia

362 2133 533 2188 novit.
556 2131 721 2200 Quod
740 2138 916 2185 autem
941 2131 1019 2201 (a)
1041 2130 1414 2201 cognovimus,
1436 2128 1573 2181 intra
1594 2127 1740 2181 aulas
1760 2141 1967 2181 memo-

365 2222 457 2277 riae
489 2221 741 2277 clausum
774 2228 1043 2274 tenemus.
1080 2217 1332 2272 (lonsulta
1364 2232 1496 2272 vero
1526 2231 1690 2271 sacra
1728 2215 1962 2284 eloquia,

362 2311 507 2364 intra
538 2326 599 2363 se
632 2324 849 2363 omnem
880 2306 1197 2361 Judaeorum
1230 2305 1514 2375 perﬁdiam
1547 2306 1801 2374 scriptam
1834 2303 1968 2357 foris

361 2399 673 2469 proferunt,
706 2405 761 2451 et
789 2396 932 2451 velut
964 2396 1057 2449 diu
1105 2406 1376 2449 servatam
1422 2393 1738 2448 memoriter
1779 2401 1964 2446 osten-

360 2488 520 2541 dunt.
561 2487 739 2555 Hujus
764 2486 1011 2556 profecto
1041 2483 1255 2538 auditus
1294 2483 1567 2537 notitiam.
1605 2485 1786 2549 Amos,
1821 2480 1966 2535 velut

361 2578 481 2631 Heli
499 2576 802 2639 ascribens,
820 2575 929 2628 ait:
952 2574 1070 2629 Non
1086 2573 1469 2644 facietDomin
1480 2589 1542 2627 us
1560 2572 1784 2626 verbum
1797 2585 1967 2642 super

366 2672 604 2727 terram,
630 2665 774 2737 quod
796 2680 909 2719 non
938 2664 1268 2718 revolaverit
1308 2664 1485 2717 servis
1519 2662 1638 2716 suis
1678 2660 1964 2732 prophetis

358 2757 569 2822 (Amos,
589 2769 673 2821 tu,
691 2754 769 2822 ’1).
805 2753 946 2807 Hinc
979 2751 1236 2806 Habacuc
1267 2752 1379 2805 Deo
1410 2750 1694 2822 unigenito
1735 2747 1967 2804 conﬁte-

352 2844 664 2909 tur,dicens
691 2861 703 2895 :
730 2841 1187 2906 Domine,audivi
1208 2841 1471 2895 auditum
1498 2843 1746 2904 tuum,et
1769 2838 1969 2906 timui;

349 2932 707 2988 considerari
731 2947 901 3001 opera
929 2934 1119 2997 tua,et
1156 2930 1389 3000 expavi;
1428 2930 1487 2983 in
1519 2928 1702 2983 medio
1728 2928 1969 2983 duorum

347 3019 1311 3088 animaliuminnotescerisUIabau
1330 3019 1459 3083 Lex
1482 3015 1969 3089 interpret.LXX)-
2000 3061 2048 3122 Ο

352 3108 874 3180 \‘eteribusquippe
912 3108 1227 3179 Synagogte
1268 3106 1583 3162 doctoribus
1625 3104 1864 3171 filiorum
1892 3103 1966 3174 (b)

347 3201 557 3255 scelera
579 3198 793 3261 audire,
819 3211 1270 3268 prmeognoscere
1291 3204 1391 3251 est.
1412 3194 1518 3250 Sed
1544 3194 1631 3265 qui
1649 3209 1968 3265 prmcogno-

349 3291 514 3358 verit,
534 3288 778 3359 exponit,
806 3286 932 3355 quia
955 3286 1084 3341 dicit
1111 3304 1122 3340 :
1146 3287 1367 3350 Omnia,
1394 3301 1514 3356 qua:
1549 3283 1837 3354 faciebant
1857 3282 1967 3350 lilii

348 3382 438 3435 sui
452 3380 719 3433 universo
743 3376 958 3439 lsraeli,
976 3379 1031 3431 et
1047 3375 1315 3447 quomodo
1334 3374 1684 3429 dormiebant
1698 3387 1824 3426 cum
1842 3387 1963 3426 mu-

355 3467 617 3535 lieribus,
644 3483 770 3538 qua:
809 3464 1181 3521 observabant
1214 3463 1284 3518 ad
1326 3464 1532 3518 ostium
1575 3462 1954 3517 tabernaculi.

355 3558 491 3611 Cum
516 3555 837 3609 mulieribus
861 3554 1063 3623 quippe
1086 3552 1286 3607 Judaeis
1307 3551 1554 3605 dormire
1576 3557 1658 3605 est
1674 3550 1837 3605 variis
1860 3551 1965 3605 has-

356 3647 581 3700 resibus
599 3644 789 3714 pollui.
820 3643 961 3695 Bene
997 3648 1171 3695 autem
1206 3641 1339 3710 ipsae
1368 3639 1622 3693 mulieres
1663 3640 1731 3693 ad
1768 3638 1963 3693 ostium

356 3732 701 3789 tabernaculi
750 3732 1044 3786 observare
1091 3728 1423 3784 referuntur.
1486 3727 1626 3795 Quid
1677 3726 1821 3781 enim
1886 3733 1966 3782 est

362 3823 562 3877 ostium
594 3818 959 3889 tabernaculi,
983 3818 1089 3872 nisi
1114 3817 1444 3887 litteralegis
1467 3816 1728 3887 spiritalis
1748 3814 1774 3869 ε)
1794 3813 1968 3869 Judzni

360 3920 541 3965 autem
573 3910 702 3963 dum
735 3923 950 3963 sacram
986 3908 1329 3977 Scripturam
1344 3905 1504 3978 juxta
1535 3905 1766 3959 litteram
1791 3904 1962 3958 solam

358 3999 693 4069 intelligunt,
721 3996 798 4050 ibi
822 3997 1060 4052 haereses
1090 3998 1414 4061 statuerunt,
1435 3994 1578 4049 unde
1598 3994 1665 4048 ad
1696 4001 1963 4048 secretum

355 4105 501 4143 verae
533 4086 657 4142 ﬁdei
690 4088 885 4141 intrare
916 4094 1162 4156 potuere.
1193 4085 1334 4139 Nam
1365 4085 1500 4139 sicut
1528 4100 1625 4154 per
1652 4082 1852 4137 ostium
1892 4080 1963 4136 ad

360 4177 620 4232 interiora
644 4174 998 4240 tabernaculi,
1020 4173 1092 4228 ita
1109 4190 1208 4245 per
1229 4173 1467 4229 litteram
1488 4188 1652 4228 sacrae
1668 4171 1963 4241 Scriptum

362 4266 429 4318 ad
476 4264 775 4335 spiritalem
824 4263 1059 4317 intratur
1117 4261 1482 4334 cognitionem
1549 4260 1951 4331 Redemptoris.

365 4352 504 4421 Quia
536 4368 666 4425 ergo
697 4368 797 4424 per
826 4351 1230 4406 observantiam
1258 4351 1447 4405 litterae
1461 4349 1649 4405 Judaea
1665 4349 1958 4420 decipitur,

365 4442 625 4496 mulieres
654 4442 721 4496 ad
745 4441 962 4509 ostium,
996 4456 1107 4495 non
1130 4440 1272 4494 intra
1322 4439 1752 4507 tabernaculum,
1776 4437 1961 4492 obser-
1991 4420 2044 4481 D

366 4546 496 4584 vare
530 4532 859 4585 referuntur.
890 4531 961 4584 Et
992 4529 1117 4601 quia
1135 4529 1188 4582 in
1210 4528 1460 4584 omnibus
1480 4528 1770 4598 Scripturis
1789 4526 1964 4581 Judaei

366 4619 721 4690 Redemptori
771 4626 956 4673 nostro
1005 4618 1403 4684 contradicunt,
1447 4634 1555 4672 non
1608 4633 1714 4671 una
1772 4615 1966 4670 mulier

367 4707 537 4763 fuisse
567 4707 780 4771 dicitur,
818 4706 915 4761 sed
945 4705 1149 4777 plures.
1182 4707 1311 4763 Haec
1343 4707 1560 4777 quidem
1582 4706 1684 4761 sibi
1706 4704 1798 4759 ﬁlii
1846 4703 1965 4759 Heli

368 4797 594 4863 faciunt,
627 4795 755 4866 quia
779 4796 934 4865 juxta
975 4796 1253 4865 prophetae
1296 4810 1485 4851 vocem
1520 4813 1533 4849 :
1567 4796 1772 4849 Anima
1820 4811 1961 4864 quat,

364 4887 707 4957 peccaverit,
730 4886 852 4955 ipsa
872 4884 1151 4939 morietur
1183 4885 1404 4949 (Ezech.
1431 4899 1584 4949 xvm,
1616 4884 1670 4950 4,
1702 4883 1793 4952 20)
1819 4898 1831 4952 ;
1866 4883 1965 4938 sed

365 4976 619 5030 universo
652 4973 833 5028 lsraeli
859 4988 926 5028 ea
950 4972 1128 5028 facere
1149 4974 1421 5039 dicuntur,
1447 4973 1577 5043 quia
1600 4970 1725 5025 dum
1746 4970 1800 5025 in
1824 4988 1965 5027 erro-

363 5063 439 5119 ris
468 5064 551 5117 sui
600 5071 759 5118 nocte
778 5062 987 5133 prrelati
1010 5061 1297 5131 intereunt,
1321 5060 1569 5133 caliginis
1591 5076 1704 5115 suae
1726 5061 1964 5116 minores

364 5153 612 5208 caecitate
634 5150 1002 5207 involvuntur.
1038 5152 1166 5205 Cum
1200 5150 1511 5205 mulieribus
1541 5165 1675 5221 ergo
1708 5152 1814 5218 72
1866 5148 1963 5203 ﬁlii

363 5242 482 5297 Heli
516 5240 828 5306 dormiunt,
864 5239 988 5309 quia
1017 5240 1239 5308 reprobi
1264 5238 1723 5294 Judmihzeresum
1741 5254 1965 5295 suarum

361 5330 690 5385 admistione
729 5344 903 5399 usque
947 5327 1003 5381 in
1033 5329 1217 5383 mundi
1248 5328 1411 5384 tinem
1457 5328 1787 5399 polluuntur.
1822 5329 1965 5384 Dor-

358 5420 534 5474 miunt
560 5417 751 5485 etiam,
782 5414 914 5487 quia
959 5416 1062 5472 etsi
1104 5416 1431 5490 gravissima
1472 5424 1598 5473 sunt
1640 5417 1839 5475 erroris
1883 5417 1966 5473 sui

427 5542 516 5613 (a)
544 5541 669 5610 AL,
700 5540 1106 5611 cognoscimus.

2071 438 2139 492 ad
2188 438 2352 494 ﬁdem
2395 437 2768 509 Redemptoris
2810 441 3077 497 excitandi
3121 447 3340 514 (Matth.
3372 451 3643 520 xvu,11).

2069 528 2320 598 Sequitur
2349 546 2361 581 :

2142 618 2321 687 (Vers.
2343 619 2458 685 23.)
2476 617 2541 671 Et
2564 619 2645 673 ait
2668 619 2741 675 ad
2758 635 2848 676 eos
2866 641 2883 676 :
2908 622 3087 689 Quare
3105 626 3301 693 facitis
3326 643 3414 683 res
3450 628 3652 701 hujus-

2068 707 2238 773 modi,
2263 723 2399 779 quas
2424 723 2517 778 ego
2535 709 2703 793 audio
2721 726 2809 765 res
2824 712 3097 781 pessimas
3113 713 3180 767 ab
3220 718 3379 770 omni
3404 720 3606 789 popqu
3628 721 3657 773 Σ)

2142 796 2228 849 17.
2286 797 2419 850 Ecce
2459 812 2628 851 senex
2677 807 2790 852 erat
2838 800 2974 865 Heli,
3016 809 3068 855 et
3116 811 3271 857 acuta
3314 805 3655 878 loquebatur,

2070 883 2198 954 quia
2229 883 2398 937 virtus
2427 886 2569 940 sacri
2600 886 2804 956 eloquii
2843 888 2943 942 etsi
2996 889 3048 942 in
3099 892 3452 961 reproborum
3492 897 3658 953 corde

2071 972 2270 1039 deﬁcit,
2291 981 2471 1028 tamen
2495 989 2677 1029 coram
2702 984 2848 1031 recte
2882 977 3328 1050 intelligentibus,
3350 984 3659 1041 Iudaeorum

2071 1062 2257 1130 culpas
2279 1062 2550 1115 subtiliter
2568 1064 2823 1132 exquirit.
2858 1065 3117 1121 Districte
3148 1068 3291 1122 enim
3340 1071 3654 1141 discutiens,

2072 1150 2197 1204 dicit
2225 1167 2236 1203 :
2261 1150 2441 1217 Quare
2452 1152 2648 1221 facitis
2666 1168 2751 1207 res
2774 1154 3183 1225 hujuscemodi,
3209 1175 3345 1230 quas
3375 1177 3469 1233 ego
3496 1165 3659 1219 audis

2072 1255 2161 1293 res
2179 1240 2447 1309 pessimus
2464 1241 2530 1295 ab
2552 1243 2929 1313 omnipopulo
2948 1247 2969 1298 .9
2988 1244 3095 1299 Sed
3127 1246 3217 1316 qui
3245 1249 3536 1319 exquirens
3570 1254 3658 1307 iu-

2073 1335 2311 1399 terrogat
2337 1330 2516 1396 Quare
2532 1331 2725 1399 facitis
2747 1330 2773 1383 .9
2796 1331 3037 1400 profecto
3067 1335 3307 1389 ostendit
3338 1353 3429 1393 eos
3456 1339 3659 1412 impin-

2074 1432 2204 1485 gere
2234 1425 2445 1471 noctem
2478 1418 2698 1472 haeresis
2729 1418 2846 1473 sine
2877 1420 3202 1478 discretione
3233 1426 3479 1483 rationis.
3505 1431 3660 1501 Ipsos

2074 1514 2251 1558 autem
2285 1504 2481 1559 fecisse
2513 1522 2603 1559 res
2635 1507 2923 1576 pessimus,
2948 1526 3080 1577 quas
3122 1512 3395 1582 audiebat,
3426 1517 3576 1584 dicit,
3609 1529 3663 1576 et

2074 1593 2223 1664 ipsas
2252 1610 2339 1647 res
2370 1595 2631 1664 pessimas
2653 1596 2719 1649 ab
2750 1598 2895 1650 omni
2927 1599 3127 1669 p0pulo
3149 1617 3269 1656 esse
3286 1606 3496 1660 asserit.
3520 1607 3663 1677 Quid

2076 1690 2155 1735 est
2188 1683 2309 1750 hoc,
2334 1683 2436 1736 nisi
2456 1684 2580 1754 quia
2600 1685 2920 1739 universitas
2939 1688 3147 1743 Judaici
3164 1692 3354 1760 populi
3390 1694 3444 1748 in
3477 1697 3660 1754 haere-

2075 1788 2193 1824 sum
2214 1772 2481 1842 profunda
2506 1782 2778 1828 corruerat
2800 1775 2828 1827 ἱ)
2849 1774 2956 1829 Sed
2988 1776 3155 1847 ipsius
3180 1782 3351 1836 ruina":
3380 1797 3540 1839 causa
3570 1803 3659 1843 re-

2073 1860 2230 1929 probi
2258 1862 2569 1915 sacerdotes
2593 1870 2770 1917 erant.
2803 1864 2958 1919 L'nde
2990 1874 3039 1919 et
3087 1865 3258 1921 Oseas
3303 1873 3657 1943 prophetans,

2070 1948 2168 2003 ait:
2190 1950 2367 2004 Causa
2390 1952 2781 2021 ruina’pOpuli
2797 1953 3111 2009 sacerdotes
3126 1958 3267 2011 mali
3289 1959 3469 2027 (Osee.
3490 1978 3544 2031 v,
3571 1965 3651 2034 1).

2070 2039 2206 2091 Nam
2256 2039 2377 2092 ideo
2429 2037 2706 2108 subjectus
2748 2042 2976 2110 pepulus
3022 2045 3238 2110 cecidit,
3273 2048 3400 2117 quia
3446 2062 3662 2108 ruentes

2071 2125 2325 2196 praelatos
2358 2126 2563 2181 studuit
2596 2128 2819 2183 imitari.
2852 2130 2983 2183 Cum
3015 2148 3149 2203 ergo
3191 2133 3317 2189 dicit
3353 2156 3363 2191 :
3398 2156 3534 2210 quas
3564 2158 3662 2214 ego

2072 2215 2238 2271 audio
2258 2232 2345 2270 res
2355 2217 2632 2287 pessimas
2650 2218 2716 2272 ab
2732 2220 2887 2273 omni
2905 2222 3127 2290 populo,
3149 2220 3283 2291 ipsae
3302 2240 3389 2279 res
3409 2242 3439 2280 a
3460 2232 3661 2300 populo

2072 2305 2160 2376 agi
2193 2305 2393 2359 debent
2424 2304 2675 2376 intelligi,
2702 2322 2807 2361 non
2834 2308 3049 2362 referri.
3080 2308 3238 2377 Quod
3267 2313 3368 2369 tale
3395 2324 3491 2382 est,
3524 2334 3586 2373 ac
3616 2322 3661 2375 si

2074 2393 2216 2448 dicat
2254 2409 2264 2446 :
2300 2394 2405 2448 Res
2434 2393 2727 2463 pessimas,
2761 2410 2899 2467 quas
2929 2394 3043 2451 ﬁeri
3073 2398 3141 2452 ab
3170 2400 3315 2455 omni
3340 2406 3542 2474 populo
3572 2423 3663 2464 au-

2069 2481 2182 2549 dio,
2214 2498 2376 2552 quare
2408 2481 2633 2537 facitis?
2665 2484 2819 2539 Unde
2849 2492 2900 2540 et
2932 2487 3111 2541 statim
3138 2489 3267 2558 quid
3283 2489 3479 2548 dixerit
3495 2509 3662 2568 aper-

2070 2570 2174 2625 tius
2204 2570 2506 2640 insinuans,
2535 2570 2610 2627 ait
2636 2588 2650 2626 :

2144 2661 2323 2730 (Vers.
2350 2661 2463 2729 illi.)
2488 2663 2692 2729 Nolite,
2724 2661 2861 2732 ﬁlii;
2896 2679 3010 2719 non
3041 2669 3125 2721 est
3142 2667 3664 2748 bona/ama,quam

2074 2765 2167 2819 ego
2189 2750 2358 2805 audio
2380 2750 2447 2806 de
2476 2749 2646 2821 vobis,
2680 2757 2744 2806 ut
2767 2755 3088 2825 transgredi
3114 2760 3347 2820 faciatis
3393 2768 3664 2835 populum

2075 2840 2323 2893 Domini.

2150 2928 2242 2981 18.
2283 2929 2341 2982 In
2373 2945 2479 3000 quo
2509 2937 2685 2984 autem
2716 2931 2948 3002 pepulus
2978 2933 3195 2989 Domini
3223 2939 3469 2996 mandata
3490 2948 3668 3001 trans-

2075 3017 2421 3087 grederetur,
2458 3018 2503 3072 si
2535 3019 2633 3089 ipsi
2664 3018 2966 3075 dormirent
2995 3039 3116 3076 cum
3164 3026 3479 3085 mulieribus
3500 3032 3528 3084 ‘l
3556 3034 3667 3090 Sed

2078 3107 2203 3177 quia
2236 3107 2340 3161 hoc
2366 3106 2419 3160 in
2468 3105 2645 3179 ﬁgura
2688 3109 3041 3181 contingebat
3086 3111 3211 3182 illis,
3244 3115 3350 3170 hoc
3397 3121 3663 3191 profecto,

2079 3193 2222 3263 quod
2252 3194 2537 3250 dominicae
2588 3198 2978 3253 Inearnationis
3020 3206 3264 3272 tempore
3305 3204 3503 3261 debeat
3548 3208 3669 3265 ﬁeri

2075 3282 2463 3353 praesignabat.
2489 3285 2625 3339 Nam
2646 3287 2859 3357 quando
2881 3288 3193 3345 sacerdotes
3217 3308 3336 3348 cum
3350 3296 3670 3353 mulieribus

2077 3371 2347 3427 dormiunt
2378 3374 2578 3429 subditi
2606 3375 2865 3430 mandata
2910 3377 3125 3431 Domini
3175 3384 3664 3455 transgrediuntur,

2077 3460 2201 3530 quia
2218 3461 2343 3514 dum
2368 3462 2573 3531 praelati
2598 3465 2859 3518 lueresum
2878 3465 3201 3522 admistione
3222 3471 3577 3542 maculantur,
3593 3491 3669 3531 re-

2076 3550 2245 3619 proba
2263 3549 2522 3619 subjecta}
2546 3552 2850 3624 Synagogae
2868 3552 3150 3611 multitudo
3166 3556 3224 3610 in
3252 3558 3455 3615 eisdem
3477 3561 3666 3619 fetori-

2075 3636 2175 3691 bus
2193 3639 2469 3709 mergitur.
2495 3641 2581 3693 Ait
2605 3657 2735 3711 ergo
2758 3658 2769 3694 :
2798 3642 2979 3708 Quare
2994 3645 3195 3713 facitis
3214 3663 3302 3702 res
3318 3649 3662 3721 hujusmodi,

2075 3744 2212 3799 quas
2229 3744 2321 3799 ego
2341 3729 2527 3795 audio,
2548 3745 2636 3784 res
2662 3732 2937 3801 pessimos
2963 3733 3029 3787 ab
3058 3736 3214 3789 omni
3238 3740 3442 3807 populo
3460 3742 3489 3795 ?
3507 3740 3665 3810 Quod

2076 3816 2178 3871 tale
2211 3825 2288 3871 est
2319 3833 2380 3872 ac
2412 3818 2457 3871 si
2486 3817 2668 3872 dicat:
2694 3819 2864 3873 Tanto
2885 3821 3107 3891 gravius
3124 3822 3666 3901 delinquitis,quanto

2075 3903 2271 3959 fmdius
2294 3906 2605 3961 universum
2628 3908 2889 3977 populum
2917 3917 3101 3965 vestro
3119 3911 3343 3969 crimine
3358 3920 3661 3976 maculatis.

2075 3992 2267 4047 Simile
2297 3994 2459 4047 etiam
2488 3994 2692 4064 aliquid
2721 4010 2821 4064 per
2849 3997 3171 4066 prOphetam
3193 4000 3391 4057 dicitur
3419 4022 3431 4057 :
3455 4008 3496 4061 A
3519 4009 3663 4079 Dan,

2072 4080 2264 4152 inquit,
2280 4082 2511 4137 auditus
2524 4084 2886 4153 est/remitus
2898 4100 3171 4143 curruum
3191 4093 3248 4143 et
3263 4106 3530 4161 equorum
3543 4099 3663 4167 ejus

2073 4172 2303 4240 (Jerem.
2327 4186 2441 4239 vni,
2464 4172 2571 4241 16).
2596 4173 2656 4224 In
2690 4187 2796 4242 quo
2826 4172 3083 4227 nimirum
3104 4174 3225 4231 loco
3245 4193 3355 4233 non
3375 4189 3454 4235 est
3470 4182 3666 4240 intelli-

2071 4260 2310 4331 gendum
2344 4261 2487 4331 quod
2518 4275 2550 4315 a
2594 4261 2713 4315 Dan
2760 4260 2998 4317 auditum
3043 4263 3283 4320 sonitum
3312 4267 3535 4341 referat,
3566 4275 3666 4331 sed

2074 4348 2217 4417 quod
2249 4349 2367 4419 ipse
2399 4349 2649 4405 curribus
2680 4357 2732 4405 et
2762 4350 2916 4421 equis
2945 4352 3205 4423 saeviens,
3238 4358 3488 4415 eumdem
3518 4364 3666 4418 soni-

2080 4444 2188 4490 tum
2222 4437 2313 4508 qui
2338 4437 2585 4492 audiatur
2613 4446 2755 4509 agat.
2788 4438 2907 4506 Quo
2933 4439 2987 4493 in
3018 4440 3138 4497 loco
3167 4444 3269 4500 hoc
3297 4447 3457 4503 etiam
3478 4460 3667 4509 notan-

2076 4525 2205 4579 dum
2238 4534 2340 4595 est,
2376 4526 2500 4598 quia
2532 4527 2621 4598 qui
2650 4543 2743 4582 res
2772 4530 3040 4598 pessimas
3071 4530 3137 4585 ab
3167 4536 3314 4589 omni
3362 4542 3563 4610 populo
3608 4560 3668 4599 se

2075 4614 2292 4670 audisse
2323 4615 2518 4682 retulit,
2543 4624 2845 4671 mansuetae
2865 4616 3161 4674 affectionis
3185 4624 3353 4679 verba
3370 4628 3662 4703 subjunxit,

2076 4704 2265 4759 dicens
2290 4722 2299 4757 :
2321 4705 2523 4772 Nolite,
2542 4706 2651 4774 ﬁlii
2669 4726 2686 4773 ;
2704 4721 2820 4760 non
2842 4710 2926 4761 est
2947 4708 3087 4763 bona
3109 4711 3271 4779 fama
3300 4730 3467 4785 quam
3501 4721 3666 4778 audio

2074 4794 2141 4848 de
2160 4793 2323 4860 vobis,
2354 4797 2417 4848 ut
2444 4795 2761 4866 transgredi
2782 4796 3013 4865 faciatis
3043 4800 3316 4869 populum
3346 4804 3669 4864 Domini.Et

2075 4889 2231 4936 acute
2263 4881 2481 4953 quidem
2511 4884 2865 4953 reprehendit
2897 4882 3045 4953 Heli,
3080 4894 3129 4941 et
3160 4900 3441 4948 mansuete
3470 4896 3667 4951 admo-

2073 4970 2207 5036 nuit,
2244 4970 2370 5043 quia
2420 4971 2693 5041 Scriptura
2749 4980 2963 5042 patrum
3018 4983 3263 5031 veterum
3320 4987 3372 5033 et
3427 4997 3669 5039 errorem

2074 5059 2287 5115 Judaici
2317 5060 2503 5131 pOpuIi
2532 5060 2873 5131 denuntians,
2901 5061 3165 5133 increpat,
3200 5074 3250 5120 et
3304 5068 3373 5121 ab
3420 5070 3667 5138 ejusdem

2075 5148 2279 5204 erroris
2306 5149 2389 5203 sui
2421 5157 2598 5216 nocte,
2623 5151 2861 5222 benigno
2883 5149 3099 5218 affectu,
3122 5153 3189 5206 ad
3212 5170 3354 5209 verae
3376 5154 3500 5212 fidei
3522 5159 3667 5217 diem

2074 5248 2252 5297 vocat.
2286 5238 2453 5294 Filios
2482 5239 2699 5310 quidem
2731 5255 2822 5293 eos
2851 5237 3110 5309 appellat,
3145 5246 3203 5294 ut
3230 5258 3289 5297 se
3309 5244 3509 5304 debere
3552 5265 3667 5307 esse

2076 5329 2321 5385 haeredes
2348 5336 2593 5400 paternae
2630 5326 3008 5399 promissionis
3054 5342 3389 5404 agnoscant;
3422 5344 3473 5393 et
3519 5346 3668 5396 tanto

2076 5416 2324 5475 devotius
2354 5416 2542 5472 mundi
2588 5416 2921 5471 Salvatorem
2966 5416 3255 5491 recipiant,
3287 5434 3486 5496 quanto
3532 5445 3667 5500 pro-

2150 5541 2224 5614 (b)
2255 5540 2531 5597 Omittitur
2557 5539 2771 5596 scelera
2796 5536 2853 5594 in
2884 5537 3049 5598 Guss.
