4062 6182
378 318 445 369 99
932 292 937 307 ‘
1539 299 1784 359 SANCTI
1816 300 2161 360 GREGORII
2195 301 2417 359 MAGNI

3573 308 3674 364 100

371 438 681 494 missionem
703 433 822 503 ejus
846 431 1014 487 fuisse
1042 427 1245 486 factam
1278 427 1527 499 patribus
1550 444 1658 483 non
1694 427 1965 501 ignaram.
1995 428 2056 490 Α
2085 431 2356 485 asseritur
2381 429 2508 486 dum
2534 445 2563 486 a
2583 432 2853 504 PrOpheta
2868 432 3144 506 ﬂagitetur
3165 452 3178 490 :
3199 433 3456 502 Domine,
3479 433 3669 507 inquit,-

375 526 485 582 Sed
515 534 565 580 et
611 526 680 580 de
725 522 931 596 peccati
979 521 1213 577 audacia
1253 533 1347 574 eos
1393 532 1657 573 revocare
1705 516 1997 598 gestiens,

372 616 636 671 rationem
670 611 972 684 subjungit,
1007 610 1234 666 dicens:

445 705 625 775 (Vers.
657 704 771 773 25.)
809 702 869 759 Si
891 700 1209 773 peccaverit
1239 699 1325 753 vir
1365 694 1426 752 in
1458 698 1665 763 virum,
1698 695 1899 769 pacari
1919 696 1973 750 ei

370 799 554 868 potest
586 794 760 862 Deus;
794 788 848 847 si
899 794 1096 845 autem
1139 789 1202 844 in
1254 788 1431 843 Deum
1474 787 1813 859 peccaverit,
1848 784 1972 857 quis

372 885 556 941 orabit
582 898 686 955 pro
717 897 805 939 eo.

444 973 537 1028 19.
576 972 674 1027 Vir
703 971 757 1025 in
784 969 969 1023 virum
997 981 1230 1039 peccare
1260 972 1344 1020 est
1378 966 1543 1019 homo
1590 962 1643 1018 in
1692 962 1970 1019 hominem

372 1077 627 1134 perversa
658 1074 843 1131 agere.
882 1055 1027 1126 Quid
1058 1063 1137 1110 est
1169 1070 1302 1123 ergo
1336 1053 1480 1124 quod
1512 1051 1639 1108 dicit
1660 1071 1673 1107 :
1697 1052 1903 1107 Pacari
1920 1051 1975 1106 ei

373 1156 420 1220 '7
438 1155 482 1217 3
505 1153 684 1223 potest
706 1149 865 1217 Deus,
892 1145 997 1200 nisi
1019 1144 1145 1214 quia
1166 1143 1292 1198 talia
1316 1149 1536 1213 peccata
1556 1140 1701 1195 levia
1736 1148 1893 1195 erant
1919 1139 1974 1192 in

372 1240 588 1295 illorum
620 1235 1026 1307 comparatione
1052 1249 1173 1305 qua:
1198 1231 1369 1286 Judaei
1400 1231 1740 1285 committere
1769 1230 1822 1284 in
1872 1231 1974 1286 Dei

377 1330 574 1384 Filium
597 1325 912 1398 cogitabant
932 1324 961 1377 ‘2
979 1323 1034 1376 In
1057 1322 1229 1376 Deum
1255 1319 1490 1392 quipppe
1511 1319 1835 1389 peccabant,
1851 1320 1972 1392 quia

376 1434 502 1475 eum
539 1432 695 1487 quem
728 1413 1092 1468 moliebantur
1120 1410 1370 1465 occidere
1399 1409 1573 1463 Deum
1603 1424 1660 1462 se
1677 1424 1795 1462 esse
1816 1425 1974 1479 aper-

375 1508 582 1563 tissima
604 1504 985 1559 miraculorum
1019 1500 1137 1556 luce
1166 1505 1578 1553 monstraverat.
1612 1497 1728 1553 Hoc
1774 1497 1973 1569 quippe

372 1614 474 1669 per
502 1593 857 1665 semetipsum
881 1589 1144 1645 Dominus
1164 1587 1419 1655 ostendit,
1443 1586 1633 1641 dicens
1656 1603 1669 1640 :
1697 1587 1757 1642 Si
1801 1604 1973 1655 opera

373 1704 489 1744 non
513 1688 772 1756 fecissem
790 1682 853 1736 in
870 1681 970 1748 eis,
991 1694 1111 1748 qua:
1130 1692 1295 1732 nemo
1312 1675 1467 1730 alius
1489 1676 1648 1746 fecit,
1671 1691 1837 1747 pecca
1848 1679 1971 1731 tum

2080 518 2255 574 libera
2273 521 2530 576 animam
2546 536 2730 577 meam
2742 563 2755 588 ,
2770 523 3091 578 misericors
3106 528 3162 579 et
3178 525 3199 591 ἱ
3205 528 3363 581 ustus
3379 524 3524 579 Deus
3544 539 3671 579 nos-

2080 611 2167 663 ter
2182 608 2355 677 (Psal.
2370 624 2515 679 cx1v,
2529 610 2605 680 5).
2620 610 2722 664 Per
2734 610 3165 667 misericordiam
3181 627 3315 668 vero
3327 626 3436 666 non
3452 626 3673 667 conver-

2078 696 2290 751 sionem
2314 704 2664 768 peccatorum
2683 707 2988 770 exspectat;
3014 717 3109 771 per
3127 700 3387 772 justitiam
3410 715 3518 755 non
3541 715 3673 756 con-

2078 801 2267 842 versos
2296 786 2535 842 damnat.
2561 788 2664 843 Per
2690 788 3120 844 misericordiam
3150 789 3397 846 converti
3417 788 3676 860 vultpec-

2080 882 2290 931 catores
2321 878 2374 930 et
2402 877 2604 945 vivere,
2637 877 2732 933 sed
2766 895 2864 949 per
2885 878 3152 949 justitiam
3180 894 3274 935 eos
3299 878 3389 949 qui
3437 877 3677 934 converti

2080 964 2367 1019 noluerunt
2396 964 2512 1020 vult
2539 964 2764 1036 punire,
2796 967 3223 1023 misericorditer
3252 983 3359 1023 non
3377 967 3554 1022 salvat
3572 964 3677 1020 nisi

2083 1052 2293 1120 volens,
2324 1069 2428 1125 per
2451 1054 2713 1123 justitiam
2747 1056 2937 1111 nolens
2956 1060 3191 1112 damnat.
3216 1057 3354 1111 Dum
3377 1070 3514 1129 ergo
3534 1054 3677 1110 occi-

2085 1143 2216 1198 dere
2246 1143 2386 1197 velle
2415 1143 2628 1211 dicitur,
2663 1152 3005 1216 peccatorum
3040 1145 3295 1216 impietas
3340 1144 3582 1199 maxima
3624 1150 3678 1199 et

2084 1231 2496 1286 inemendabilis
2527 1233 2846 1300 ostenditur,
2880 1250 3002 1306 quae
3027 1233 3328 1289 voluntarie
3374 1232 3677 1301 divinmju-

2081 1320 2239 1376 stitia:
2269 1322 2622 1376 exsecutione
2651 1323 2926 1392 puniatur.
2960 1322 3049 1377 Sic
3075 1322 3259 1394 utique
3306 1329 3359 1377 et
3403 1320 3678 1393 piissimos

2082 1408 2406 1465 secularium
2439 1411 2782 1481 negotiorum
2823 1411 3036 1479 judices
3075 1426 3242 1483 agere
3283 1410 3554 1476 videmus,
3589 1407 3680 1481 qui

2083 1498 2289 1553 vellent
2317 1506 2373 1552 ut
2401 1514 2563 1554 nemo
2587 1499 2943 1571 delinqueret,
2977 1506 3034 1554 ut
3064 1499 3165 1570 ipsi
3195 1498 3382 1569 punire
3403 1498 3678 1553 neminem

2082 1587 2349 1642 deberent
2374 1606 2389 1656 ;
2423 1588 2519 1642 sed
2548 1588 2677 1642 dum
2709 1588 2777 1642 ab
2806 1587 3008 1660 iniquis
3029 1588 3287 1643 audacter
3307 1587 3510 1655 scelera
3530 1602 3680 1643 com-

2082 1676 2384 1743 mittuntur,
2437 1676 2745 1732 voluntarie
2813 1693 2908 1733 eos
2953 1677 3205 1748 puniunt,
3240 1692 3375 1748 quos
3422 1675 3682 1733 libentius

369 1792 485 1833 non
507 1774 778 1830 haberent
795 1771 979 1841 (Joan.
1004 1781 1101 1833 xv,
1123 1764 1234 1834 24).
1257 1764 1328 1818 Et
1345 1770 1402 1818 ut
1424 1762 1734 1819 ostenderet
1768 1763 1968 1834 impla-
2000 1779 2054 1841 Β
2087 1780 2196 1821 non
2213 1765 2549 1821 commisisse
2565 1766 2837 1836 punienda
2862 1765 3177 1821 voluerunt.
3203 1764 3323 1834 Quo
3346 1773 3532 1821 contra
3548 1764 3683 1819 illud

373 1862 706 1920 cabilitatem
730 1859 826 1915 Dei
850 1856 1049 1921 Patris,
1068 1851 1570 1925 subjungitdicens:
1596 1853 1759 1907 Nunc
1780 1857 1973 1908 autem

371 1952 801 2011 excusationem
817 1963 930 2002 non
949 1943 1158 1999 habent
1181 1942 1246 1997 de
1268 1945 1497 2014 peccato
1526 1956 1643 2008 suo,
1665 1941 1796 2012 quia
1818 1942 1973 1998 vide-

374 2045 514 2099 runt
532 2044 588 2097 et
605 2039 848 2095 oderunt
862 2050 970 2101 me,
991 2036 1044 2089 et
1065 2034 1291 2088 Patrem
1307 2045 1496 2085 meum
1509 2028 1715 2099 (Ibid)
1742 2030 1872 2085 Tale
1892 2038 1973 2086 est

378 2146 533 2204 ergo,
552 2145 615 2184 ac
632 2128 675 2182 si
693 2126 834 2181 dicat
854 2140 866 2179 :
889 2122 1052 2193 Cujus
1074 2136 1233 2192 prece
1254 2118 1388 2173 illud
1413 2126 1693 2188 peccatum
1719 2117 1972 2191 indulge-

371 2229 477 2286 tur,
493 2217 639 2292 quod
662 2216 715 2270 in
738 2214 914 2285 ipsum
938 2210 1268 2265 indultorem
1303 2206 1659 2263 committitur
1682 2224 1695 2261 :
1717 2207 1839 2276 quis
1872 2222 1970 2276 pro

367 2325 433 2368 eo
448 2307 872 2378 omnipotentem
891 2302 1101 2355 Patrem
1120 2296 1487 2366 obsecrat,qui
1501 2303 1833 2351 coaeternum
1854 2294 1958 2351 Uni

371 2398 615 2472 genitum
646 2394 700 2449 in
750 2398 986 2447 mortem
1035 2387 1307 2442 damnat?
1334 2384 1486 2439 Nihil
1531 2384 1680 2439 enim
1729 2385 1972 2454 apertius

372 2489 603 2556 diceret,
637 2483 683 2538 si
714 2482 989 2545 fateretur,
1024 2475 1210 2531 dicens
1243 2488 1256 2527 :
1287 2473 1406 2541 Hic,
1428 2489 1589 2543 quem
1606 2473 1751 2527 velut
1770 2488 1968 2544 purum

369 2575 650 2633 hominem
672 2564 1082 2640 persequimini,
1097 2563 1257 2619 etiam
1280 2562 1425 2616 Deus
1443 2568 1544 2617 est.
1569 2561 1810 2616 Rationis
1836 2577 1967 2634 ergo

370 2667 460 2721 lex
479 2661 647 2733 exigit
664 2666 720 2712 ut
739 2656 830 2729 qui
843 2653 1177 2711 conditorem
1204 2650 1542 2722 persequitur
1563 2650 1720 2705 venia
1737 2650 1807 2705 de
1829 2649 1969 2705 {rau-

371 2754 548 2810 detur.
574 2748 680 2804 Sed
711 2748 789 2818 (a)
820 2743 965 2800 ducit
994 2741 1176 2796 divina
1196 2740 1367 2811 pietas
1387 2738 1781 2794 districtionem
1800 2738 1967 2793 ratio-

368 2842 486 2904 nis;
522 2837 661 2911 legis
690 2835 840 2891 enim
871 2830 1184 2903 (equitatem
1215 2827 1471 2896 ostendit,
1506 2827 1610 2883 sed
1626 2828 1859 2899 prolata)
1875 2844 1965 2882 as-

370 2927 623 2987 sertionis
648 2924 719 2994 (b)
750 2923 1003 2995 vigorem
1036 2919 1089 2973 in
1108 2916 1440 2989 promulgati
1458 2916 1599 2986 juris
1619 2916 1970 2972 exsecutione

366 3035 476 3075 non
504 3015 690 3072 tenuit.
723 3009 1006 3083 Equitatis
1036 3007 1178 3063 enim
1220 3006 1402 3077 rigore
1451 3006 1734 3061 decretum
1779 3013 1863 3060 est
1904 3012 1966 3060 ut

2087 1856 2193 1911 hoc
2220 1854 2273 1908 in
2305 1855 2425 1911 loco
2455 1855 2716 1922 cernitur,
2749 1855 2871 1927 quia
2902 1871 3009 1910 non
3040 1854 3172 1911 dicit
3205 1897 3217 1910 .
3240 1854 3380 1923 Quia
3399 1854 3683 1926 corrigen-

2086 1943 2157 1997 tis
2204 1944 2374 2013 patris
2425 1958 2608 1999 vocem
2659 1944 2846 1999 audire
2877 1945 2986 2012 74
3024 1944 3338 2010 noluerunt,
3372 1942 3469 1998 sed
3503 1962 3515 1997 :
3561 1944 3682 1998 Non

2088 2031 2328 2099 audiere,
2364 2032 2485 2102 quia
2516 2032 2685 2088 voluit
2716 2048 2811 2088 eos
2842 2033 3104 2087 Dominus
3150 2032 3418 2088 occidere.
3453 2030 3561 2087 Sed
3591 2030 3683 2104 qui

2088 2120 2256 2177 divini
2286 2121 2558 2176 examinis
2585 2121 2889 2191 aequitatem
2910 2129 3057 2176 recte
3079 2120 3683 2189 considerat,interesse

2087 2209 2220 2264 nihil
2248 2219 2402 2281 putat
2428 2226 2496 2265 an
2529 2210 2815 2266 occidatur
2844 2209 3064 2281 aliquis,
3096 2224 3165 2264 an
3194 2209 3285 2265 illo
3307 2210 3361 2264 in
3379 2210 3586 2264 scelere
3602 2208 3683 2263 di-

2089 2298 2326 2354 mittatur
2354 2299 2406 2353 in
2436 2315 2541 2370 quo
2570 2307 2771 2354 aeterna
2800 2298 3184 2369 reprobatione
3213 2298 3529 2369 perimatur.
3550 2296 3683 2354 Tale

2087 2396 2171 2444 est
2198 2403 2262 2444 ac
2292 2387 2336 2441 si
2368 2388 2516 2444 dicat
2549 2404 2563 2441 :
2595 2388 2767 2442 Tanta
2800 2387 2897 2443 fuit
2932 2387 3252 2461 magnitudo
3300 2387 3492 2458 culpae,
3524 2394 3582 2441 ut
3628 2393 3683 2442 et

2088 2476 2461 2533 conversionis
2508 2484 2859 2532 monumenta
2905 2477 3267 2547 susciperent,
3313 2484 3366 2532 et
3412 2491 3444 2531 a
3491 2475 3679 2531 mortis

2086 2580 2194 2622 suae
2225 2566 2381 2621 fovea
2410 2581 2643 2638 surgere
2672 2581 3023 2638 nequaquam
3056 2572 3317 2637 possent;
3349 2571 3403 2620 et
3447 2564 3538 2636 qui
3586 2564 3679 2618 ine

2089 2654 2186 2710 Dei
2215 2655 2441 2726 pelagus
2469 2655 2743 2723 biberant,
2775 2654 2831 2709 in
2860 2654 3219 2710 damnationis
3249 2669 3360 2710 suae
3404 2652 3674 2709 cumulum

2084 2743 2352 2798 haberent
2382 2759 2487 2798 non
2521 2744 2695 2799 solum
2725 2759 2943 2815 prauam
2972 2743 3255 2799 commissi
3299 2741 3540 2811 sceleris,
3580 2741 3676 2796 sed

2084 2832 2245 2887 etiam
2274 2832 2512 2887 additam
2543 2832 2838 2888 vindictam
2883 2839 3206 2903 contemptae
3253 2831 3674 2902 praedicationis.

2083 2921 2190 2977 Sed
2219 2938 2313 2977 cur
2339 2922 2443 2977 hoc
2472 2921 2538 2976 de
2568 2921 2841 2992 praeterito
2866 2921 3151 2985 miramur,
3173 2920 3319 2991 quod
3342 2935 3488 2975 nunc
3507 2935 3673 2991 usque

2081 3009 2197 3066 ﬁeri
2229 3010 2505 3066 cernimus
2540 3029 2551 3065 :
2585 3011 2703 3065 Heli
2735 3009 2986 3065 videlicet
3014 3017 3322 3065 monentem
3353 3007 3494 3063 ﬁlios
3541 3023 3673 3063 con-

367 3109 440 3166 ad
460 3101 809 3176 indulgentiae
823 3099 1101 3155 obtentum
1124 3096 1271 3150 nulla
1286 3109 1447 3204 piece
1468 3094 1840 3204 pertinger‘et;
1866 3095 1963 3150 sed
1993 3139 2044 3204 Ο
2082 3106 2405 3166 temncntes,
2438 3099 2730 3154 Dominum
2751 3099 3002 3154 occidere
3024 3097 3292 3153 volentem
3318 3098 3345 3150 ‘t
3363 3096 3504 3165 Quid
3526 3096 3669 3150 enim

372 3196 568 3270 quibus
596 3189 771 3248 oratio
800 3186 1035 3244 hominis
1063 3186 1210 3240 nulla
1239 3183 1466 3252 suffecit,
1500 3182 1677 3254 pietas
1721 3183 1965 3238 Redem-

371 3283 542 3358 ptoris
570 3296 679 3336 non
709 3277 902 3334 defuit.
934 3273 1126 3331 Omnis
1153 3274 1316 3328 homo
1346 3272 1550 3343 quipro
1572 3272 1968 3343 transgressio-

366 3374 532 3430 nibus
561 3376 679 3427 oret
708 3366 952 3432 tollitur;
986 3362 1085 3418 sed
1117 3361 1313 3433 quibus
1352 3362 1517 3416 homo
1548 3358 1820 3416 sufﬁciens
1850 3369 1967 3416 erat

366 3462 568 3528 nullus,
601 3458 719 3531 ipse
750 3456 896 3510 Deus
921 3453 1087 3507 homo
1112 3450 1286 3505 factus
1320 3457 1404 3505 est
1452 3449 1782 3504 intercessor
1809 3450 1956 3521 pius.

368 3554 508 3608 Nam
538 3549 594 3603 in
623 3560 784 3602 cruce
813 3556 1112 3613 suspensus
1159 3538 1354 3608 oravit,
1385 3538 1573 3594 dicens
1607 3556 1619 3591 :
1657 3539 1844 3605 Pater,
1877 3539 1967 3595 di-

368 3642 537 3696 mitte
557 3638 698 3699 illis,
713 3634 843 3704 quia
857 3630 1124 3687 nesciunt
1138 3628 1277 3698 quid
1296 3627 1522 3698 faciunt
1536 3628 1687 3697 (Luc.
1703 3643 1834 3695 xxu,
1849 3630 1961 3695 34).

367 3731 602 3785 Pacatus
628 3731 715 3780 est
744 3736 876 3793 ergo
899 3720 1045 3773 Deus
1075 3717 1140 3771 iis
1170 3716 1260 3788 qui
1290 3714 1345 3769 in
1374 3716 1549 3770 Deum
1579 3723 1961 3787 peccaverunt,

366 3833 479 3873 non
508 3815 689 3869 aliena
719 3824 902 3882 prece,
934 3806 1029 3861 sed
1062 3821 1179 3860 sua.
1206 3805 1313 3859 Sed
1345 3811 1569 3875 pacatus
1599 3813 1679 3860 est
1696 3806 1838 3860 Deus
1854 3821 1963 3861 non

366 3904 641 3970 omnibus,
675 3899 772 3954 sed
801 3895 1142 3968 quibusdam.
1178 3892 1409 3961 Quidam
1440 3910 1675 3965 namque
1707 3910 1963 3965 persecu-

365 4004 512 4051 tores
540 3986 762 4045 Domini
789 3983 1214 4058 praedicantibus
1243 3981 1506 4054 apostolis
1535 3983 1788 4038 conversi
1818 3990 1958 4051 sunt,

366 4080 551 4140 caeteri
581 4092 710 4136 vero
741 4073 977 4147 periere.
1006 4072 1084 4126 De
1134 4070 1250 4125 istis
1293 4070 1436 4125 enim
1482 4070 1653 4126 Lucas
1695 4071 1959 4139 meminit,

363 4172 589 4229 dicens:
619 4168 824 4221 Factus
854 4166 940 4219 est
965 4176 1241 4216 numerus
1272 4175 1467 4216 eorum
1496 4158 1743 4233 quinque
1775 4161 1961 4217 millia

360 4262 508 4332 (Act.
540 4273 616 4325 1v,
650 4256 727 4326 4).
760 4255 839 4308 De
867 4248 1116 4322 reprobis
1147 4264 1277 4305 vero
1308 4248 1650 4320 subjungitur
1682 4264 1694 4301 :

434 4350 614 4417 (Vers.
645 4342 762 4410 25.)
792 4344 860 4397 Et
886 4356 1001 4397 non
1033 4339 1342 4394 audierunt
1390 4352 1578 4393 vocem
1612 4337 1799 4408 patris
1844 4338 1955 4406 sui,

359 4440 491 4514 quia
513 4436 691 4493 voluit
715 4430 987 4487 Dominus
1012 4426 1264 4483 occidere
1290 4440 1400 4481 eos.

426 4527 517 4583 20.
553 4524 652 4578 Per
679 4520 998 4592 prophetam
1030 4514 1294 4569 Dominus
1316 4512 1656 4580 denuntians,
1683 4512 1754 4568 ait
1778 4532 1789 4569 :
1816 4514 1950 4570 Nolo

357 4620 598 4672 mortem
639 4606 970 4682 peccatoris,
1012 4602 1107 4658 sed
1144 4605 1211 4657 ut
1255 4606 1623 4657 convertatur
1680 4605 1737 4658 et
1808 4603 1959 4659 vivat

356 4701 580 4777 (Ezech.
596 4699 759 4762 Xvui,
773 4698 871 4758 23;
892 4696 948 4748 et
960 4704 1160 4756 χχχιιι,
1178 4692 1203 4743 1
1215 4691 1234 4744 1
1248 4690 1288 4759 ).
1304 4688 1590 4758 Quomodo
1603 4706 1737 4763 ergo
1750 4691 1799 4746 ei
1815 4707 1962 4748 com-

356 4792 491 4865 petit
514 4787 651 4845 velle
668 4783 917 4840 occidere
933 4785 1311 4851 peccatorem,
1336 4782 1390 4834 et
1410 4786 1637 4835 mortem
1659 4782 1956 4850 peccatoris

352 4879 500 4938 nolle
521 4877 549 4929 ε)
579 4874 687 4930 Sed
717 4872 771 4926 in
794 4868 1020 4943 praefato
1045 4867 1358 4923 testimonio
1383 4868 1630 4938 sequitur
1651 4869 1795 4925 unde
1816 4871 1956 4925 veri-

356 4978 442 5025 tas
473 4969 830 5038 agnoscatur;
863 4958 939 5012 ait
967 4956 1145 5011 enim:
1180 4957 1284 5011 Sed
1306 4961 1371 5011 ut
1402 4961 1772 5013 convertatur
1805 4963 1861 5015 et
1881 4961 1950 5015 vi-

354 5061 470 5116 vat.
504 5052 608 5124 Qui
639 5050 780 5106 enim
800 5053 1148 5119 peccatorem
1166 5044 1279 5101 vult
1299 5045 1489 5100 vivere
1507 5049 1564 5101 ut
1578 5054 1946 5116 convertatur,

351 5148 395 5204 si
424 5149 568 5202 hunc
614 5133 1087 5197 inconvertibilem
1130 5132 1311 5189 divina
1358 5135 1703 5204 praescientia
1745 5136 1941 5204 noscit,

354 5234 573 5292 occidit.
601 5230 724 5287 Vult
752 5240 889 5298 ergo
918 5222 1185 5278 Dominus
1230 5221 1498 5291 occidere,
1531 5224 1629 5278 sed
1672 5239 1770 5279 eos
1812 5238 1947 5295 quos

351 5320 645 5397 pmnoscit
670 5312 939 5375 convertit
967 5310 1136 5367 nolle.
1175 5309 1477 5366 Misericors
1507 5312 1652 5368 enim
1683 5319 1738 5368 et
1760 5313 1942 5383 justus

420 5475 499 5544 (a)
529 5472 688 5544 Forte
710 5466 1016 5544 legendum
1040 5463 1267 5544 devicit,
1287 5462 1379 5520 vel
1408 5465 1563 5533 vicit,
1584 5463 1711 5522 licet
1738 5464 1795 5520 in
1824 5481 1942 5522 om-

348 5535 510 5603 nibus
540 5542 712 5598 Editis
739 5535 952 5611 légatnr
980 5535 1168 5611 ducit.

421 5616 495 5690 (b)
512 5614 676 5672 Gilot.
691 5618 743 5668 et
758 5606 928 5669 vatio.
938 5649 955 5679 ,
966 5606 1153 5676 vigore
1167 5606 1233 5663 in
1246 5607 1596 5681 promulgati
1598 5607 1757 5681 juris
1768 5624 1939 5668 exse-

1976 4483 2032 4547 D

2075 3204 2229 3244 sacra
2250 3187 2524 3259 Scriptura
2548 3187 2787 3260 quotidie
2807 3187 3011 3242 Iudaeis
3031 3186 3176 3241 aliud
3199 3200 3359 3258 quam
3380 3184 3667 3257 caliginem

2074 3281 2156 3337 sui
2185 3281 2382 3337 erroris
2410 3281 2700 3335 insinuat?
2723 3281 2843 3336 Non
2876 3280 3128 3351 equidem
3161 3278 3239 3333 sic
3256 3295 3356 3349 per
3370 3279 3600 3334 latentes
3619 3284 3671 3334 et

2075 3370 2346 3443 spiritales
2378 3370 2684 3425 intellectus
2712 3368 3136 3441 Redemptorem
3167 3367 3445 3439 praedicat,
3468 3375 3525 3422 ut
3551 3368 3671 3437 ejus

2075 3459 2526 3525 incarnationem,
2574 3457 2932 3523 nativitatem,
2982 3457 3320 3527 passionem,
3384 3472 3668 3513 resurrec-

2075 3550 2297 3615 tionem,
2330 3555 2382 3602 et
2411 3547 2479 3602 ad
2509 3546 2676 3602 caelos
2717 3545 3085 3602 ascensionem
3134 3561 3242 3601 non
3291 3553 3537 3616 patenter
3585 3561 3671 3601 os-

2072 3637 2276 3693 tendat.
2308 3636 2424 3691 Nec
2452 3635 2557 3707 ipsi
2589 3643 2693 3690 tam
2726 3635 3121 3690 irrationabiles
3152 3642 3296 3702 sunt,
3328 3643 3385 3690 ut
3412 3642 3519 3689 tam
3565 3650 3668 3689 cx-

2072 3725 2329 3782 cellentia
2359 3725 2504 3780 bona
2532 3724 2885 3796 Redemptori
2914 3723 3207 3781 convenire
3252 3739 3362 3779 non
3412 3724 3667 3792 videant;

2071 3814 2165 3870 sed
2198 3822 2374 3869 tamen
2404 3813 2536 3870 caeci
2568 3821 2710 3879 sunt,
2747 3821 2801 3868 ut
2828 3812 3095 3884 promissa
3115 3812 3357 3884 patribus
3376 3812 3487 3867 suis
3507 3812 3667 3884 signa

2070 3904 2124 3958 in
2157 3903 2582 3974 Redemptorem
2617 3901 2884 3957 effulsisse
2911 3901 3152 3968 audiant,
3185 3909 3235 3957 et
3265 3916 3374 3956 non
3420 3902 3662 3958 credant.

2069 3993 2213 4049 Caeci
2244 4007 2379 4065 ergo
2410 4000 2526 4046 sunt
2560 3992 2632 4065 (ε)
2664 4007 2770 4047 non
2800 3991 2963 4046 modo
2995 3989 3228 4046 videndo
3259 3990 3548 4061 promissa,
3568 3989 3665 4045 sed

2068 4098 2178 4138 non
2212 4081 2488 4138 credendo
2511 4081 2769 4136 exhibita.
2793 4080 2900 4134 Cur
2920 4095 3111 4134 vocem
3134 4078 3427 4149 Scriptura;
3447 4095 3667 4135 monen-

2066 4171 2138 4226 tis
2166 4186 2273 4226 non
2304 4169 2550 4236 audiunt,
2570 4168 2671 4223 nisi
2690 4168 2819 4242 quia
2835 4184 2931 4223 eos
2951 4167 3211 4223 Dominus
3231 4166 3485 4224 occidere
3503 4168 3661 4223 vult?

2066 4260 2180 4314 Nec
2226 4258 2425 4313 mirum
2475 4265 2677 4323 tamen,
2711 4257 2757 4311 si
2806 4256 2929 4326 ejus
2969 4256 3178 4327 judicio
3225 4264 3474 4327 pereunt,
3509 4256 3663 4325 cujus

2065 4346 2418 4418 Unigenitum
2451 4344 2727 4401 occidere.
2766 4344 2974 4400 Intimaa
3004 4343 3146 4400 enim
3164 4344 3434 4416 aequitatis
3451 4344 3664 4400 distric-

2062 4435 2211 4491 tione
2238 4451 2358 4491 cum
2388 4434 2696 4490 Iudaeorum
2727 4434 2928 4505 populo
2959 4433 3160 4505 agitur,
3192 4440 3249 4488 ut
3287 4433 3487 4488 monita
3534 4433 3660 4489 vita:

2065 4522 2327 4595 quotidie,
2387 4521 2675 4594 Scripturis
2730 4521 3095 4594 loquentibus,
3151 4521 3372 4576 audiant
3427 4528 3477 4576 et
3553 4521 3659 4593 ipsi

2065 4611 2359 4683 Scripturis
2393 4610 2743 4666 monentibus
2773 4625 3117 4682 nequaquam
3148 4609 3538 4679 credant.8ed,
3561 4625 3654 4665 re-

2061 4701 2217 4773 pulsa
2246 4700 2549 4756 Iudaeorum
2580 4697 2830 4771 perfidia,
2854 4698 3047 4769 quibus
3070 4698 3419 4754 successibus
3440 4706 3657 4755 sancto-

2060 4807 2180 4846 rum
2209 4789 2623 4862 praedicatorum
2643 4787 2781 4844 ordo
2798 4786 3036 4859 potiatur
3055 4786 3111 4842 in
3132 4786 3387 4860 gentibus
3405 4787 3650 4860 exponit,

2059 4879 2251 4936 dicens
2285 4898 2296 4933 :

2132 5016 2310 5085 (Vers.
2337 5017 2454 5083 26.)
2475 5017 2624 5070 Puer
2651 5016 2847 5069 autem
2867 5012 3096 5069 Samuel
3122 5013 3450 5086 proﬁciebat
3479 5016 3648 5086 atque

2055 5106 2357 5173 crescebat,
2386 5108 2442 5161 et
2471 5104 2730 5177 placebat
2758 5107 2876 5159 tam
2905 5103 3014 5159 Deo
3039 5119 3207 5173 quam
3233 5101 3573 5159 hominibus.

2123 5229 2213 5286 21.
2246 5224 2575 5283 Proﬁciebat
2606 5224 2823 5296 quidem
2854 5223 3003 5280 lucro
3033 5222 3455 5295 praedicationis,
3487 5238 3642 5280 cres-

2050 5317 2206 5374 cebat
2235 5331 2469 5372 numero
2519 5314 2908 5371 ministrorum.
2942 5314 3085 5369 Nam
3121 5314 3189 5370 de
3226 5314 3473 5387 profectu
3525 5315 3641 5384 ejus

2051 5468 2278 5523 cutione
2304 5480 2422 5522 non
2455 5467 2666 5522 tenuit.

2120 5537 2196 5609 (ο)
2224 5536 2498 5622 ⁹Εοιιιιιιιςιθ
2542 5534 2839 5608 legendum
2882 5551 3000 5595 non
3036 5535 3198 5595 modo
3238 5552 3357 5595 non
3397 5534 3640 5594 videndo

2047 5624 2349 5683 promum.
