4062 6182
365 246 466 300 101

1215 244 1286 298 ΙΝ
1326 240 1601 299 PRIMUM
1642 242 1883 299 REGUM
1926 244 2460 303 EXPOSlTlONES.
2492 278 2562 288 -—
2601 249 2728 305 LIB.
2766 250 2831 306 ll.

3582 254 3685 311 102

363 370 669 442 Apostolus
693 371 771 442 (a)
802 368 1090 443 gloriatur,
1125 368 1351 427 dicens:
1377 368 1428 423 A
1465 369 1783 425 Jerusalem
1812 386 1987 441 usque
2016 372 2069 431 A
2099 373 2296 440 iudicii
2325 374 2587 430 districtio
2635 391 2801 445 quam
2850 377 2987 432 mira
3033 377 3301 448 aequitatis
3349 379 3683 451 disposition

366 462 416 516 ll
424 462 673 533 lyricum
704 459 922 531 repleri
943 458 1307 529 Evangelium
1333 456 1547 513 Christi
1562 460 1737 527 (Rom.
1758 474 1850 525 xv,
1868 460 1975 529 19).

357 556 663 613 Crescendi
701 571 913 625 quoque
943 555 1166 610 modum
1212 555 1387 609 Lucas
1438 554 1706 623 meminit,
1739 553 1927 610 dicens
1963 570 1975 610 :

367 649 677 703 Crescente
689 661 927 700 numero
939 645 1368 716 discipulorum,
1384 645 1605 714 factum
1621 648 1702 699 est
1718 660 1980 700 murmur

360 736 695 792 Graecorum
716 735 987 791 adversus
1008 734 1276 802 Hebraaos,
1296 750 1356 790 eo
1377 734 1519 805 quod
1548 733 1979 805 despicerentur

366 827 434 880 in
464 826 796 881 ministerio
828 823 1012 879 vidua:
1055 839 1246 879 eorum
1292 825 1437 894 (Act.
1472 840 1547 889 γι,
1584 822 1655 890 1).
1706 822 1770 876 Εῑ
1816 822 1977 892 paulo

368 922 499 984 post
535 928 548 967 :
581 915 908 984 Elegerunt,
930 911 1125 984 inquit,
1148 911 1498 983 Stephanum
1516 912 1753 982 plenum
1781 910 1891 979 ﬁde
1920 915 1977 967 et

356 1004 589 1074 Spiritu
620 1006 841 1069 sancto,
861 1006 917 1057 et
947 1002 1275 1067 Procerum,
1310 1006 1365 1057 et
1400 1000 1649 1072 reliquos
1681 1000 1861 1070 (Ibid,
1896 1001 1972 1071 5).

356 1092 467 1146 Hos
522 1094 781 1145 statuere
838 1094 975 1145 ante
1024 1095 1389 1161 conspectum
1446 1090 1861 1160 apostolorum,
1917 1093 1973 1144 et

357 1185 605 1237 orantes
649 1180 1050 1251 imposuerunt
1093 1181 1174 1234 eis
1204 1195 1429 1234 manus.
1464 1181 1596 1233 Item
1630 1178 1697 1233 de
1730 1180 1975 1250 profectu

361 1269 471 1322 isto
502 1283 771 1323 novorum
804 1267 1216 1337 praedicatorum
1240 1268 1499 1338 scriptum
1519 1274 1602 1322 est
1621 1283 1633 1319 ε
1652 1267 1718 1322 In
1751 1284 1973 1324 omnem

355 1361 576 1412 terram
600 1359 785 1412 exivit
820 1372 994 1412 sonus
1027 1372 1238 1422 eorum,
1262 1361 1315 1412 et
1346 1359 1407 1412 in
1440 1358 1583 1425 ﬁnes
1613 1357 1757 1413 orbis
1806 1363 1975 1412 terra:

350 1447 526 1502 verba
556 1462 753 1503 eorum
793 1447 967 1511 (Psal.
998 1461 1151 1512 xvnt,
1182 1447 1260 1515 5).

424 1540 517 1591 22.
555 1535 667 1590 Sed
715 1534 989 1589 subtiliter
1037 1542 1120 1589 est
1169 1535 1484 1590 intuendum
1536 1534 1679 1605 quod
1726 1534 1969 1590 dicitur:

348 1623 622 1679 Placebat
652 1628 773 1677 tam
792 1623 902 1678 Deo
921 1638 1089 1693 quam
1111 1623 1444 1679 hominibus.
1462 1622 1781 1676 Hominibus
1799 1622 1973 1693 placet

2090 460 2235 516 illata
2266 463 2342 517 sit
2366 464 2794 520 demonstratur.
2821 463 2969 520 Prius
2998 468 3142 522 enim
3163 468 3364 523 collata
3391 468 3511 523 Heli
3541 470 3687 526 dona.

2088 558 2461 623 numerantur,
2485 561 2544 608 ut
2563 553 2691 608 dum
2725 562 2831 609 tam
2865 554 3131 628 benignus
3161 558 3317 612 dator
3335 558 3683 629 omnipotens

2087 639 2240 694 Deus
2271 642 2592 709 ostenditur,
2618 651 3048 714 contemptorem
3072 662 3224 700 suum
3250 663 3410 718 quam
3436 647 3584 717 juste
3604 648 3678 706 fe-

2088 728 2189 782 riat
2219 738 2610 801 cognoscatur.
2644 733 2961 789 Revelatum
3006 751 3064 790 se
3113 734 3299 791 domui
3338 739 3512 807 patris
3561 739 3682 809 ejus

2088 818 2349 885 asseruit,
2401 828 2458 874 ut
2504 820 2826 891 ignorantiae
2872 823 3275 878 excusationem
3323 825 3524 882 habere
3570 843 3678 884 non

2085 906 2278 976 possit.
2311 908 2582 963 Eamdem
2618 927 2749 966 vero
2791 928 2902 966 suae
2944 912 3294 968 revelationis
3318 915 3683 987 cognitionem

2086 1011 2142 1049 se
2173 996 2221 1049 ei
2254 996 2307 1050 in
2338 998 2567 1068 Egypto
2598 1000 2906 1056 exhibuisse
2939 1002 3150 1069 edocet,
3183 1011 3240 1056 ut
3265 1020 3321 1058 se
3352 1004 3402 1058 ei
3430 1004 3542 1059 suis
3571 1021 3684 1060 me-

2086 1082 2206 1137 ritis
2237 1085 2354 1139 Heli
2388 1087 2688 1142 obtinuisse
2718 1105 3060 1162 nequaquam
3092 1098 3257 1162 putet.
3300 1090 3467 1160 Quasi
3497 1101 3678 1165 aperte

2087 1172 2231 1227 dicat
2264 1193 2273 1228 :
2310 1174 2427 1230 lllic
2472 1192 2558 1230 me
2589 1177 2638 1231 ei
2670 1179 3113 1249 cognoscendum
3164 1180 3392 1251 praebui,
3439 1182 3529 1237 ubi
3572 1183 3680 1239 mei

2076 1261 2332 1341 'oblivisci
2362 1270 2592 1334 poterat,
2619 1266 2892 1321 reminisci
2924 1267 3219 1323 nesciebat.
3255 1270 3317 1323 Et
3348 1287 3434 1325 me
3466 1270 3681 1343 ipseco-

2084 1350 2343 1420 gnitionis
2374 1352 2573 1408 divinae
2604 1354 2743 1409 dona
2777 1357 3013 1426 reprobo
3058 1374 3226 1428 parva
3268 1358 3491 1415 fortasse
3521 1360 3675 1416 vide-

2082 1446 2287 1503 rentur,
2322 1440 2391 1495 de
2421 1444 2633 1496 caeteris
2665 1443 2912 1497 tribubus
2943 1445 3105 1500 Israel
3136 1446 3201 1500 ad
3232 1448 3444 1502 culmen
3491 1465 3677 1505 sacer-

2083 1526 2216 1582 dotii
2245 1543 2304 1582 as
2335 1538 2581 1600 sumptus
2630 1534 2915 1590 asseritur.
2965 1533 3128 1602 Quasi
3172 1535 3313 1592 dicat
3362 1556 3374 1591 :
3423 1538 3518 1593 Eis
3548 1554 3672 1594 eum

2080 1616 2313 1686 praetuli,
2348 1618 2542 1689 quibus
2570 1635 2680 1676 non
2710 1622 2973 1692 superior,
3004 1624 3098 1678 sed
3128 1625 3352 1695 aequalis
3381 1625 3498 1683 fuit.

357 1712 555 1767 doctor
583 1726 710 1767 cum
742 1728 803 1767 se
832 1711 1067 1765 subditis
1087 1710 1453 1767 venerabilem
1476 1720 1528 1765 et
1548 1711 1707 1766 bonis
1728 1711 1968 1767 m01ibus
1997 1734 2051 1793 B
2150 1714 2238 1768 25.
2271 1715 2581 1771 Notandum
2612 1735 2742 1774 vero
2768 1728 2853 1775 est
2883 1722 3028 1791 quod
3074 1723 3128 1776 in
3179 1723 3355 1779 ofﬁcio
3384 1725 3550 1797 ipsius
3577 1745 3670 1784 sa-

358 1809 619 1856 ornatum
649 1799 858 1871 praebet
891 1818 903 1853 :
936 1801 1054 1855 Deo
1096 1808 1275 1855 autem
1325 1800 1500 1869 placet
1539 1817 1661 1854 cum
1714 1800 1782 1855 de
1826 1800 1971 1855 bona

354 1890 779 1946 conversatione
818 1889 1052 1943 inaniter
1080 1889 1301 1961 gloriari
1332 1888 1553 1959 refugit.
1588 1896 1641 1943 et
1671 1889 1840 1943 solius
1870 1888 1969 1943 Dei

350 1978 571 2036 laudem
608 1978 918 2048 promereri
949 1976 1299 2046 concupiscit.
1328 1977 1473 2033 Dicit
1501 1993 1672 2049 ergo:
1702 1979 1967 2034 Placebat

353 2070 473 2122 tam
492 2068 606 2123 Deo
636 2084 808 2139 quam
825 2066 1164 2131 hominibus,
1185 2066 1307 2136 quia
1326 2066 1570 2121 nonnulli
1586 2067 1966 2136 praedicatores

359 2163 693 2225 praetextum
726 2155 1034 2210 sanctitatis
1062 2154 1380 2226 praeferunt,
1414 2171 1573 2225 quam
1606 2171 1716 2210 non
1747 2156 1964 2210 habent.

355 2245 422 2298 Hi
453 2260 620 2315 ergo,
646 2244 777 2315 quia
808 2244 909 2298 etsi
932 2243 1243 2298 hominibus
1265 2244 1499 2314 placent,
1522 2245 1634 2299 Deo
1654 2244 1961 2314 displicent,

356 2333 414 2387 in
438 2340 573 2404 typo
604 2332 736 2388 novi
767 2340 820 2387 et
848 2333 1007 2388 electi
1035 2332 1405 2404 praedicatoris
1437 2331 1505 2387 de
1536 2332 1792 2388 Samuele
1822 2349 1966 2389 nunc

348 2421 549 2477 dicitur
574 2436 588 2476 :
616 2421 887 2477 Placebat
914 2426 1033 2476 tam
1054 2423 1163 2477 Deo
1184 2437 1349 2493 quam
1374 2420 1714 2477 hominibus.
1731 2422 1964 2477 Venera-

341 2510 499 2566 biles
529 2510 754 2581 quidem
799 2527 857 2564 se
906 2508 1165 2565 exhibent
1209 2509 1458 2578 subditis,
1490 2515 1544 2565 et
1574 2511 1688 2565 Deo
1735 2509 1967 2564 otTerunt

339 2601 651 2671 puritatem
708 2598 1053 2653 intentionis.
1110 2598 1433 2654 Hominibus
1476 2598 1693 2669 quidem
1743 2599 1961 2669 placere

346 2689 654 2756 studuerat,
679 2687 772 2757 qui
801 2687 1017 2744 dicebat
1043 2702 1056 2741 :
1082 2687 1289 2743 Christi
1318 2688 1492 2743 bonus
1519 2688 1655 2744 odor
1672 2703 1866 2743 sumas
1894 2689 1958 2743 in

341 2779 510 2833 omni
543 2777 763 2847 loco(Il
783 2778 906 2833 Cor.
931 2791 990 2842 ll,
1028 2777 1136 2846 15),
1162 2776 1228 2830 Et
1257 2776 1388 2830 item
1421 2794 1434 2830 :
1470 2776 1669 2832 Omnia
1699 2775 1958 2832 omnibus

329 2870 537 2937 factus
565 2882 719 2926 sum,
740 2869 806 2921 ut
829 2869 874 2934 7
891 2870 934 2932 5
958 2882 1154 2920 omnes
1174 2868 1425 2935 facerem
1453 2864 1641 2921 salvos
1658 2866 1705 2928 (Ι
1727 2864 1847 2920 Cor.
1876 2879 1953 2933 ιχ,

332 2958 452 3023 22).
476 2954 807 3008 Hominibus
825 2954 989 3008 etiam
1013 2952 1231 3024 placere
1253 2954 1527 3008 auditores
1548 2969 1679 3008 suos
1702 2953 1949 3021 docebat,

2079 1803 2302 1857 cerdotii
2336 1805 2437 1859 tria
2475 1805 2819 1862 deuotantur.
2880 1811 2945 1866 Ut
2991 1811 3343 1880 ascenderet,
3374 1813 3566 1888 inquit,
3600 1821 3677 1874 ad

2079 1892 2262 1946 altare
2282 1909 2488 1960 meum,
2506 1897 2560 1950 et
2582 1896 2835 1953 adoleret
2850 1897 2993 1954 mihi
3010 1900 3327 1967 incensum,
3349 1907 3672 1975 etportarct

2079 1980 2256 2049 ephod
2285 1997 2473 2036 coram
2507 1999 2615 2038 me.
2648 1983 2790 2052 Quid
2821 2002 2948 2043 vero
2991 1988 3049 2041 in
3092 1989 3197 2045 hoc
3226 1990 3400 2058 altari,
3437 1992 3539 2047 nisi
3579 1994 3670 2051 ille

2076 2066 2212 2137 lapis
2239 2069 2566 2137 ostenditur,
2599 2089 2756 2142 quem
2808 2075 3114 2143 patriarcha
3159 2079 3325 2134 Jacob
3368 2081 3421 2134 iu
3458 2082 3670 2138 titulum

2076 2156 2246 2210 erexit
2272 2156 2436 2226 (Gen.
2466 2174 2659 2226 xxvm,
2701 2164 2787 2229 18)
2806 2168 2832 2215 γ
2859 2163 2926 2216 Et
2955 2165 3075 2235 quis
3102 2166 3236 2235 lapis
3264 2167 3362 2223 iste
3392 2169 3527 2225 alius
3564 2171 3669 2228 nisi

2074 2242 2169 2299 ille
2197 2244 2521 2313 exprimitur
2551 2263 2709 2316 quem
2743 2249 2936 2305 Paulus
2964 2252 3019 2305 in
3048 2251 3208 2308 laude
3251 2254 3491 2312 fidelium
3522 2275 3667 2329 prae-

2072 2330 2236 2400 dicat,
2261 2334 2449 2388 dicens
2470 2350 2482 2389 :
2503 2336 2784 2406 Aidiﬁcati
2801 2355 2965 2410 super
2982 2342 3424 2411 fundamentum
3445 2352 3667 2418 aposto-

2074 2421 2254 2509 lorum
2279 2426 2334 2477 et
2347 2423 2780 2495 pr0phetarum,
2806 2429 2923 2499 ipso
2949 2445 3165 2487 summo
3185 2435 3455 2503 angulari
3477 2436 3662 2509 lapide

2074 2508 2293 2568 Christo
2308 2513 2438 2568 Iesu
2456 2513 2748 2585 (Ephes.u,
2776 2517 2909 2586 20)?
2953 2519 3110 2574 Pater
3138 2535 3267 2592 ergo
3298 2522 3418 2578 Heli
3447 2508 3572 2580 ideo
3602 2526 3662 2581 in

2068 2600 2427 2655 sacerdotium
2460 2602 2659 2658 electus
2681 2619 2710 2658 a
2737 2604 2969 2662 Domino
3001 2615 3098 2674 est,
3141 2617 3196 2663 ut
3243 2610 3311 2665 ad
3363 2611 3537 2669 altare
3568 2631 3661 2671 as-

2067 2687 2342 2752 cenderet,
2379 2689 2503 2761 quia
2533 2692 2666 2747 ordo
2696 2693 2973 2749 doctorum
3007 2705 3243 2753 veterum
3288 2700 3358 2756 ad
3400 2703 3502 2758 hoc
3528 2704 3662 2759 sub-

2058 2774 2206 2863 jecto
2238 2777 2341 2832 sibi
2372 2781 2573 2850 pepulo
2601 2782 2836 2852 praefuit,
2860 2793 2915 2839 ut
2945 2786 3164 2841 humani
3193 2790 3412 2860 generis
3440 2807 3661 2863 repara-

2063 2862 2264 2918 tionem
2296 2864 2351 2918 in
2382 2867 2756 2938 Redemptoris
2784 2870 3018 2927 adventu
3048 2873 3283 2929 futuram
3305 2862 3650 2947 praedicaret.

2060 2951 2129 3005 Et
2157 2952 2435 3008 incensum
2481 2956 2738 3023 adolevit,
2780 2958 2907 3028 quia
2956 2960 3004 3014 ei
3051 2978 3211 3033 quem
3262 2964 3499 3022 futurum
3542 2969 3654 3024 Re-

334 3043 524 3151 diceus
604 3043 737 3098 Sine
766 3042 1077 3151 oﬂensione
1123 3047 1299 3144 estote
1341 3043 1550 3151 Iudaeis
1581 3047 1636 3098 et
1665 3042 1949 3113 gentibus,
1982 3089 2031 3151 Ο
2060 3040 2407 3151 demptorem
2473 3044 2730 3151 prmciicat
2752 3086 2785 3151 ,ἱ
2808 3062 2908 3116 per
2950 3047 3282 3107 desiderium
3346 3056 3653 3113 auditorum

335 3134 492 3187 sicut
514 3135 571 3185 et
600 3148 695 3200 ego
716 3130 974 3187 omnibus
990 3147 1095 3203 per
1113 3132 1305 3187 omnia
1318 3133 1534 3203 placeo,
1558 3148 1671 3188 non
1695 3147 1952 3203 qua’rens

335 3220 484 3292 quod
510 3219 655 3274 mihi
686 3219 831 3274 utile
854 3225 961 3284 est,
993 3219 1090 3274 sed
1115 3220 1257 3291 quod
1286 3221 1486 3275 multis
1528 3219 1617 3290 (II
1634 3221 1757 3276 Cor.
1781 3236 1837 3287 x,
1861 3222 1948 3285 32,

342 3309 462 3376 33).
503 3308 615 3364 Sed
644 3308 739 3379 qui
780 3324 840 3363 se
873 3307 1186 3363 hominibus
1234 3306 1511 3378 placuisse
1557 3308 1950 3373 insinuaverat,

336 3398 636 3468 puritatem
668 3396 861 3452 cordis
890 3396 1258 3463 commendat,
1293 3396 1512 3452 dicens:
1537 3395 1733 3452 Gloria
1754 3401 1955 3452 nostra

338 3487 458 3541 hac
479 3490 584 3551 est,
627 3487 1024 3541 testimonium
1052 3486 1417 3541 conscientite
1448 3491 1659 3542 nostrae
1677 3486 1752 3555 (lI
1770 3487 1890 3542 Cor.
1912 3500 1949 3551 ι,

337 3576 450 3641 12).
488 3574 777 3628 Ρωιεεωτ
810 3577 927 3628 tam
953 3574 1057 3628 Deo
1083 3590 1251 3644 quam
1282 3572 1620 3630 hominibus.
1646 3574 1749 3642 Qui
1779 3590 1953 3629 novus

338 3661 477 3717 ordo
508 3661 935 3731 praedicatorum
968 3660 1334 3715 venerabilem
1365 3677 1426 3716 se
1456 3661 1571 3716 suis
1619 3662 1953 3718 auditoribus

341 3750 409 3804 ad
439 3749 802 3804 imitationem
835 3748 970 3804 foris
1002 3749 1250 3820 praebuit,
1277 3758 1329 3805 et
1353 3750 1496 3804 intus
1518 3758 1805 3820 acceptum
1834 3751 1949 3807 Deo

338 3855 444 3909 per
467 3838 838 3893 innocentiam
868 3838 1184 3892 voluntatis.
1220 3838 1475 3909 Sequitur
1507 3855 1519 3893 :

405 3928 589 3996 (Vera.
621 3926 741 3996 27.)
781 3927 940 3981 Venit
969 3927 1056 3982 vir
1090 3927 1185 3982 Dei
1216 3927 1289 3982 ad
1321 3928 1465 3983 Heli.

410 4019 503 4071 i3.
551 4014 701 4083 Quid
743 4030 841 4085 per
882 4016 1029 4070 hunc
1074 4015 1247 4071 virum
1301 4016 1426 4082 Dei,
1475 4015 1587 4070 nisi
1635 4024 1945 4072 sanctorum

340 4104 712 4175 apostolorum
756 4102 847 4157 ille
877 4111 1049 4157 cmtus
1079 4103 1419 4159 venerandus
1447 4103 1765 4175 exprimitur
1784 4107 1812 4158 ἱ)
1842 4104 1946 4174 Qui

341 4202 485 4248 certe
510 4192 595 4249 vir
624 4191 724 4247 Dei
752 4191 967 4261 dicitur,
997 4207 1097 4263 pro
1120 4192 1447 4247 excellentia
1478 4193 1797 4259 sanctitatis,
1823 4193 1946 4265 quia

347 4281 561 4336 culmen
619 4278 851 4346 ordinis,
884 4279 1029 4351 quod
1074 4280 1131 4334 in
1177 4280 1422 4337 universi
1451 4280 1603 4336 orbis
1630 4281 1947 4352 praelatioue

344 4368 758 4435 conscenderat,
778 4384 934 4438 aequa
954 4368 1341 4424 insublimitate
1364 4369 1571 4425 virtutis
1602 4369 1944 4441 disponebat.

2061 3128 2221 3184 corda
2253 3130 2556 3200 conjunxit.
2597 3133 2785 3204 Ephod
2827 3150 3043 3208 quoque
3074 3141 3325 3209 portavit,
3358 3144 3483 3215 quia
3510 3146 3657 3202 desi-

2062 3216 2214 3273 derio
2243 3225 2402 3274 tanta:
2433 3221 2849 3291 exspectationis
2877 3224 3058 3296 dignae
3089 3232 3519 3288 conversationis
3560 3252 3655 3291 or-

2060 3313 2244 3360 natum
2277 3307 2524 3376 praebuit.
2567 3310 2828 3366 Adoleret
2854 3314 3037 3386 utique
3066 3316 3369 3391 incensum,
3403 3330 3451 3376 et
3473 3325 3655 3394 ephod

2060 3409 2168 3449 non
2203 3403 2459 3465 portaret,
2480 3396 2523 3451 si
2554 3398 2861 3455 auditorum
2891 3403 3061 3458 corda
3089 3404 3147 3459 in
3179 3405 3501 3464 desiderium
3536 3428 3657 3467 ven-

2060 3483 2175 3535 turi
2205 3484 2581 3554 Redemptoris
2608 3488 2952 3558 accenderet,
2985 3507 3017 3546 a
3048 3509 3156 3563 quo
3182 3494 3299 3565 ipse
3328 3495 3487 3554 foedae
3514 3516 3654 3556 con-

2059 3572 2387 3627 versationis
2417 3573 2785 3646 inaequalitate
2806 3577 3064 3635 differret.
3085 3583 3290 3652 thuia
3308 3587 3654 3658 omnipotens

2059 3660 2202 3715 Deus
2232 3662 2507 3718 veritatem
2542 3665 2843 3737 religionis,
2875 3676 2929 3723 et
2957 3685 3063 3724 non
3092 3680 3409 3740 prastextum
3441 3694 3656 3749 quaere-

2058 3747 2147 3803 bat
2178 3763 2365 3804 coram
2399 3767 2479 3818 se,
2508 3759 2559 3806 et
2589 3768 2697 3808 non
2740 3770 2921 3811 coram
2969 3760 3191 3829 p0pulo,
3226 3764 3334 3831 76
3368 3747 3549 3836 ephod
3593 3785 3652 3825 se

2057 3838 2106 3891 ei
2137 3843 2356 3906 portare
2385 3841 2616 3912 precepi
2645 3858 2706 3898 se
2726 3844 3021 3912 perhibuit.
3055 3848 3250 3905 Coram
3271 3852 3506 3910 Domino
3537 3854 3652 3925 qui-

2055 3926 2180 3980 dem
2211 3928 2391 3997 ephod
2423 3938 2644 3999 portare
2674 3940 2757 3986 est
2786 3932 2852 3988 de
2877 3933 3000 3990 vitae
3029 3936 3332 3995 innocentia
3363 3941 3529 3997 solius
3560 3944 3650 3998 di-

2053 4013 2195 4070 vinae
2224 4015 2479 4071 bonitatis
2511 4018 2913 4076 retributionem
2945 4041 3210 4094 quaerere.
3234 4028 3442 4100 Aperte
3463 4040 3647 4087 autem

2052 4101 2153 4157 ista
2182 4111 2368 4159 contra
2399 4105 2515 4159 Heli
2545 4121 2645 4175 per
2674 4106 3065 4180 imprOperium
3087 4114 3358 4172 dicuntur.
3377 4118 3458 4172 Ad
3478 4120 3646 4177 altare

2055 4192 2257 4263 quippe
2306 4209 2417 4248 non
2456 4194 2698 4249 ascendit
2744 4196 2833 4267 qui
2882 4200 3248 4256 sacerdotium
3296 4203 3449 4275 illud,
3502 4208 3647 4278 quod

2052 4281 2410 4338 manifestans
2458 4282 2697 4339 veritatis
2753 4292 2993 4357 tempore
3032 4287 3340 4364 Synagogae
3403 4295 3640 4365 praefuit,

2054 4385 2179 4423 cum
2235 4370 2325 4441 qui
2369 4378 2519 4426 tanta
2559 4372 2841 4443 signorum
2892 4378 3267 4449 magnitudine
3314 4382 3646 4456 Redemptor

350 4455 453 4522 Qui
484 4456 729 4526 profecto
759 4455 831 4545 ad
856 4456 975 4511 Heli
1004 4463 1132 4513 tunc
1160 4457 1328 4525 venit,
1379 4457 1595 4527 quando
1623 4458 1693 4512 ad
1723 4474 1935 4513 aunun-
1970 4446 2025 4508 D
2047 4458 2273 4512 humani
2316 4459 2537 4530 generis
2585 4461 2792 4527 claruit,
2838 4446 3101 4534 subjectis
3134 4467 3385 4539 plebibus
3427 4446 3642 4545 nequa-

348 4545 585 4600 tiandam
631 4543 1003 4615 repulsiouem
1053 4545 1361 4618 Synagogae
1420 4546 1542 4615 ejus
1592 4546 1940 4616 pontiﬁcibus

344 4634 598 4688 accessit.
634 4632 891 4702 Sequitur
924 4651 938 4687 :

410 4722 589 4790 (Vera.
640 4724 733 4788 27,
778 4721 893 4791 28.)
948 4721 1017 4775 Et
1058 4722 1144 4776 ait
1189 4722 1262 4777 ad
1300 4738 1427 4778 eum
1461 4742 1478 4779 :
1510 4723 1781 4796 Nunquid
1825 4740 1937 4782 non

340 4812 535 4879 aperte
571 4808 859 4864 revelatus
896 4823 1023 4863 sum
1053 4809 1246 4865 damni
1282 4813 1467 4881 patris
1499 4814 1604 4880 tui,
1638 4828 1765 4868 cum
1796 4817 1942 4869 esset

342 4898 405 4951 in
448 4897 687 4968 Algypto
733 4897 797 4950 in
853 4896 1015 4952 domo
1053 4898 1388 4965 Pharaonis,
1439 4903 1495 4954 et
1538 4901 1676 4971 elegi
1706 4916 1835 4957 eum
1864 4917 1938 4957 ea:

344 4986 608 5040 omnibus
659 4984 913 5041 tribubus
967 4985 1142 5041 Israel
1214 4986 1360 5041 mihi
1415 4987 1800 5052 sacerdotem,
1870 4994 1937 5044 ut

338 5073 669 5129 ascenderet
716 5072 788 5129 ad
840 5074 1027 5129 altare
1082 5089 1273 5129 meum
1304 5117 1318 5140 ,
1369 5079 1427 5130 et
1468 5075 1723 5131 adoleret
1796 5077 1939 5133 mihi

338 5162 657 5227 incensum,
693 5166 753 5217 et
784 5165 1046 5234 portaret
1094 5162 1269 5234 ephod
1324 5176 1509 5218 coram
1554 5180 1666 5231 me,
1715 5168 1774 5220 et
1810 5164 1940 5221 dedi

338 5250 529 5307 damni
539 5252 727 5324 patris
744 5251 830 5306 tui
846 5254 1056 5306 cuncta
1076 5249 1143 5305 de
1154 5251 1451 5319 sacriﬁciis
1465 5251 1713 5321 ﬁliorum
1729 5252 1940 5310 Israel?

403 5342 496 5397 2-1.
526 5339 671 5410 Quia
714 5339 910 5395 divino
953 5336 1159 5407 judicio
1201 5338 1392 5396 Iudaea
1436 5340 1735 5412 repellitur,
1768 5340 1939 5414 ipsius

401 5508 485 5583 (α)
512 5509 746 5568 Additur
776 5507 1011 5567 Paulus
1034 5507 1095 5566 in
1121 5503 1291 5568 Gilot.
1324 5514 1380 5568 et
1409 5507 1595 5568 Vatia.

2049 4561 2214 4619 quam
2243 4547 2580 4616 przedicavit.
2631 4550 2696 4604 Et
2742 4550 3027 4610 incensum
3070 4556 3185 4613 Deo
3235 4575 3341 4615 non
3380 4560 3638 4633 adolevit,

2049 4634 2180 4705 quia
2210 4633 2264 4688 in
2293 4636 2729 4706 persecutionem
2756 4640 2876 4710 ejus
2895 4644 3174 4713 p0pulum,
3200 4655 3380 4703 etnon
3409 4649 3465 4703 in
3495 4665 3641 4707 amo-

2046 4739 2162 4777 rem
2194 4723 2508 4780 concitavit.
2539 4725 2730 4795 Ephod
2764 4729 2925 4783 etiam
2954 4746 3136 4786 coram
3165 4733 3400 4793 Domino
3428 4747 3644 4808 portare

2046 4813 2390 4883 contempsit,
2425 4817 2546 4882 quia
2569 4815 2716 4869 nulla
2739 4816 3022 4888 religionis
3044 4821 3267 4879 veritate
3283 4825 3636 4894 respleuduit.

2046 4901 2184 4955 Nam
2230 4902 2329 4956 etsi
2368 4902 2625 4957 nonnulla
2672 4905 2979 4962 honestatis
3040 4908 3274 4983 insignia
3310 4915 3642 4985 praeferebat

2047 4997 2262 5045 ornatus
2303 4990 2394 5046 ille
2424 4991 2566 5057 vitae,
2601 5008 2666 5047 ex
2696 5002 2956 5064 praetextu
3001 4997 3230 5056 fallaciae
3273 5010 3404 5068 erat,
3439 5020 3547 5059 non
3572 5021 3639 5060 ex

2045 5077 2345 5134 intentione
2375 5080 2672 5136 charitatis.
2722 5083 2877 5139 Unde
2906 5092 2957 5140 et
2987 5086 3091 5143 hoc
3120 5088 3298 5158 ipsum
3327 5090 3385 5142 in
3417 5092 3496 5144 eis
3524 5093 3642 5148 Do-

2046 5167 2229 5221 minus
2275 5170 2651 5239 reprehendit,
2699 5170 2893 5227 diceus
2946 5188 2959 5227 :
3009 5176 3090 5231 Vw
3119 5176 3289 5245 vobis,
3322 5176 3537 5235 Scriba:
3581 5184 3641 5236 et

2049 5256 2345 5324 Pharisaei,
2369 5258 2500 5329 quia
2516 5259 2731 5315 similes
2751 5262 2887 5315 estis
2908 5263 3178 5333 sepulcris
3204 5263 3497 5337 dealbatis,
3517 5285 3641 5342 quae

2044 5345 2189 5415 foris
2202 5345 2466 5403 videntur
2483 5346 2799 5405 hominibus
2808 5349 3082 5421 speciosa;
3094 5351 3255 5410 intus
3263 5359 3459 5413 autem
3466 5358 3641 5432 plena
