  <div class='ocr_page' id='page_1' title='image "/cluster/home/n/w/nwhite01/storage/ocr_20150623/79/hvd.32044054758834/057.png"; bbox 0 0 4062 6182; ppageno 0'>
   <div class='ocr_carea' id='block_1_1' title="bbox 452 318 552 372">
    <p class='ocr_par' dir='ltr' id='par_1_1' title="bbox 452 318 552 372">
     <span class='ocr_line' id='line_1_1' title="bbox 452 318 552 372; baseline 0.01 -1"><span class='ocrx_word' id='word_1_1' title='bbox 452 318 552 372; x_wconf 81' lang='grc'><strong>103</strong></span> 
     </span>
    </p>
   </div>
   <div class='ocr_carea' id='block_1_2' title="bbox 1645 294 2551 356">
    <p class='ocr_par' dir='ltr' id='par_1_2' title="bbox 1645 294 2551 356">
     <span class='ocr_line' id='line_1_2' title="bbox 1645 294 2551 356; baseline 0 0"><span class='ocrx_word' id='word_1_2' title='bbox 1645 296 1900 356; x_wconf 81' lang='lat' dir='ltr'><strong>SANCTI</strong></span> <span class='ocrx_word' id='word_1_3' title='bbox 1941 294 2286 355; x_wconf 80' lang='lat' dir='ltr'><strong>GREGORII</strong></span> <span class='ocrx_word' id='word_1_4' title='bbox 2327 297 2551 356; x_wconf 78' lang='lat' dir='ltr'><strong>MAGNI</strong></span> 
     </span>
    </p>
   </div>
   <div class='ocr_carea' id='block_1_3' title="bbox 3651 304 3751 361">
    <p class='ocr_par' dir='ltr' id='par_1_3' title="bbox 3651 304 3751 361">
     <span class='ocr_line' id='line_1_3' title="bbox 3651 304 3751 361; baseline 0 0"><span class='ocrx_word' id='word_1_5' title='bbox 3651 304 3751 361; x_wconf 78' lang='grc'><strong>104</strong></span> 
     </span>
    </p>
   </div>
   <div class='ocr_carea' id='block_1_4' title="bbox 446 423 3753 501">
    <p class='ocr_par' dir='ltr' id='par_1_4' title="bbox 446 423 3753 501">
     <span class='ocr_line' id='line_1_4' title="bbox 446 423 3753 501; baseline -0.005 -1"><span class='ocrx_word' id='word_1_6' title='bbox 446 447 587 501; x_wconf 87' lang='lat' dir='ltr'><strong>sunt</strong></span> <span class='ocrx_word' id='word_1_7' title='bbox 618 437 827 496; x_wconf 86' lang='lat' dir='ltr'><strong>ossibus</strong></span> <span class='ocrx_word' id='word_1_8' title='bbox 858 436 1211 489; x_wconf 86' lang='lat' dir='ltr'><strong>mortuorum</strong></span> <span class='ocrx_word' id='word_1_9' title='bbox 1239 425 1460 499; x_wconf 80' lang='lat' dir='ltr'><strong>(Matth.</strong></span> <span class='ocrx_word' id='word_1_10' title='bbox 1484 440 1651 492; x_wconf 82' lang='lat' dir='ltr'><strong>xxnt,</strong></span> <span class='ocrx_word' id='word_1_11' title='bbox 1673 426 1781 492; x_wconf 74' lang='lat'><strong>2&#39;7).</strong></span> <span class='ocrx_word' id='word_1_12' title='bbox 1818 424 1927 480; x_wconf 86' lang='lat' dir='ltr'><strong>Sed</strong></span> <span class='ocrx_word' id='word_1_13' title='bbox 1955 423 2041 478; x_wconf 91' lang='lat' dir='ltr'><strong>cui</strong></span> <span class='ocrx_word' id='word_1_14' title='bbox 2072 427 2129 488; x_wconf 86' lang='grc' dir='ltr'><strong>Α</strong></span> <span class='ocrx_word' id='word_1_15' title='bbox 2229 424 2318 479; x_wconf 77' lang='lat'><strong>28.</strong></span> <span class='ocrx_word' id='word_1_16' title='bbox 2354 423 2563 493; x_wconf 84' lang='lat' dir='ltr'><strong>Quibus</strong></span> <span class='ocrx_word' id='word_1_17' title='bbox 2588 426 2842 481; x_wconf 84' lang='lat' dir='ltr'><strong>nimirum</strong></span> <span class='ocrx_word' id='word_1_18' title='bbox 2862 426 3042 483; x_wconf 87' lang='lat' dir='ltr'><strong>verbis</strong></span> <span class='ocrx_word' id='word_1_19' title='bbox 3063 442 3295 500; x_wconf 82' lang='lat' dir='ltr'><strong>arguere</strong></span> <span class='ocrx_word' id='word_1_20' title='bbox 3310 427 3572 497; x_wconf 84' lang='lat' dir='ltr'><strong>majorem</strong></span> <span class='ocrx_word' id='word_1_21' title='bbox 3595 430 3753 485; x_wconf 91' lang='lat' dir='ltr'><strong>ordi-</strong></span> 
     </span>
    </p>
   </div>
   <div class='ocr_carea' id='block_1_5' title="bbox 449 511 2044 593">
    <p class='ocr_par' dir='ltr' id='par_1_5' title="bbox 449 511 2044 593">
     <span class='ocr_line' id='line_1_5' title="bbox 449 511 2044 593; baseline -0.013 -6"><span class='ocrx_word' id='word_1_22' title='bbox 449 544 559 588; x_wconf 87' lang='lat' dir='ltr'><strong>tam</strong></span> <span class='ocrx_word' id='word_1_23' title='bbox 588 528 758 582; x_wconf 88' lang='lat' dir='ltr'><strong>multa</strong></span> <span class='ocrx_word' id='word_1_24' title='bbox 805 532 855 579; x_wconf 93' lang='lat' dir='ltr'><strong>et</strong></span> <span class='ocrx_word' id='word_1_25' title='bbox 899 518 1159 593; x_wconf 79' lang='lat' dir='ltr'><strong>spiritalia</strong></span> <span class='ocrx_word' id='word_1_26' title='bbox 1205 516 1466 588; x_wconf 65' lang='lat' dir='ltr'><strong>prmbuit,</strong></span> <span class='ocrx_word' id='word_1_27' title='bbox 1522 514 1701 569; x_wconf 88' lang='lat' dir='ltr'><strong>minus</strong></span> <span class='ocrx_word' id='word_1_28' title='bbox 1746 511 2044 569; x_wconf 76' lang='lat' dir='ltr'><strong>contulisse</strong></span> 
     </span>
    </p>
   </div>
   <div class='ocr_carea' id='block_1_6' title="bbox 449 601 2045 682">
    <p class='ocr_par' dir='ltr' id='par_1_6' title="bbox 449 601 2045 682">
     <span class='ocr_line' id='line_1_6' title="bbox 449 601 2045 682; baseline -0.014 -6"><span class='ocrx_word' id='word_1_29' title='bbox 449 621 741 682; x_wconf 79' lang='lat' dir='ltr'><strong>videretur,</strong></span> <span class='ocrx_word' id='word_1_30' title='bbox 769 614 869 668; x_wconf 85' lang='lat' dir='ltr'><strong>nisi</strong></span> <span class='ocrx_word' id='word_1_31' title='bbox 901 611 1061 666; x_wconf 90' lang='lat' dir='ltr'><strong>etiam</strong></span> <span class='ocrx_word' id='word_1_32' title='bbox 1093 605 1408 677; x_wconf 82' lang='lat' dir='ltr'><strong>temporalia</strong></span> <span class='ocrx_word' id='word_1_33' title='bbox 1448 604 1748 659; x_wconf 86' lang='lat' dir='ltr'><strong>exhiberet.</strong></span> <span class='ocrx_word' id='word_1_34' title='bbox 1790 601 1945 658; x_wconf 87' lang='lat' dir='ltr'><strong>Unde</strong></span> <span class='ocrx_word' id='word_1_35' title='bbox 1992 608 2045 655; x_wconf 90' lang='lat' dir='ltr'><strong>et</strong></span> 
     </span>
    </p>
   </div>
   <div class='ocr_carea' id='block_1_7' title="bbox 450 690 2047 768">
    <p class='ocr_par' dir='ltr' id='par_1_7' title="bbox 450 690 2047 768">
     <span class='ocr_line' id='line_1_7' title="bbox 450 690 2047 768; baseline -0.013 -3"><span class='ocrx_word' id='word_1_36' title='bbox 450 709 696 766; x_wconf 76' lang='lat' dir='ltr'><strong>subditur</strong></span> <span class='ocrx_word' id='word_1_37' title='bbox 721 722 732 760; x_wconf 92' lang='lat'><strong>:</strong></span> <span class='ocrx_word' id='word_1_38' title='bbox 760 706 825 758; x_wconf 87' lang='lat' dir='ltr'><strong>Et</strong></span> <span class='ocrx_word' id='word_1_39' title='bbox 847 701 972 757; x_wconf 85' lang='lat' dir='ltr'><strong>dedi</strong></span> <span class='ocrx_word' id='word_1_40' title='bbox 993 698 1182 753; x_wconf 87' lang='lat' dir='ltr'><strong>domui</strong></span> <span class='ocrx_word' id='word_1_41' title='bbox 1196 695 1380 768; x_wconf 83' lang='lat' dir='ltr'><strong>patris</strong></span> <span class='ocrx_word' id='word_1_42' title='bbox 1398 696 1485 749; x_wconf 85' lang='lat' dir='ltr'><strong>tui</strong></span> <span class='ocrx_word' id='word_1_43' title='bbox 1506 697 1714 749; x_wconf 78' lang='lat' dir='ltr'><strong>cuncta</strong></span> <span class='ocrx_word' id='word_1_44' title='bbox 1737 692 1804 746; x_wconf 86' lang='lat' dir='ltr'><strong>de</strong></span> <span class='ocrx_word' id='word_1_45' title='bbox 1825 690 2047 758; x_wconf 72' lang='lat' dir='ltr'><strong>sacriﬁ-</strong></span> 
     </span>
    </p>
   </div>
   <div class='ocr_carea' id='block_1_8' title="bbox 450 780 2049 867">
    <p class='ocr_par' dir='ltr' id='par_1_8' title="bbox 450 780 2049 867">
     <span class='ocr_line' id='line_1_8' title="bbox 450 780 2049 867; baseline -0.016 -9"><span class='ocrx_word' id='word_1_46' title='bbox 450 803 553 858; x_wconf 88' lang='lat' dir='ltr'><strong>ciis</strong></span> <span class='ocrx_word' id='word_1_47' title='bbox 575 798 823 867; x_wconf 83' lang='lat' dir='ltr'><strong>ﬁliorum</strong></span> <span class='ocrx_word' id='word_1_48' title='bbox 853 790 1050 846; x_wconf 86' lang='lat' dir='ltr'><strong>Israel.</strong></span> <span class='ocrx_word' id='word_1_49' title='bbox 1077 785 1249 855; x_wconf 86' lang='lat' dir='ltr'><strong>Quasi</strong></span> <span class='ocrx_word' id='word_1_50' title='bbox 1277 785 1325 839; x_wconf 91' lang='lat' dir='ltr'><strong>ei</strong></span> <span class='ocrx_word' id='word_1_51' title='bbox 1357 790 1542 854; x_wconf 89' lang='lat' dir='ltr'><strong>aperta</strong></span> <span class='ocrx_word' id='word_1_52' title='bbox 1565 780 1868 851; x_wconf 84' lang='lat' dir='ltr'><strong>objectione</strong></span> <span class='ocrx_word' id='word_1_53' title='bbox 1893 795 2049 849; x_wconf 89' lang='lat' dir='ltr'><strong>repu-</strong></span> 
     </span>
    </p>
   </div>
   <div class='ocr_carea' id='block_1_9' title="bbox 449 867 2053 960">
    <p class='ocr_par' dir='ltr' id='par_1_9' title="bbox 449 867 2053 960">
     <span class='ocr_line' id='line_1_9' title="bbox 449 867 2053 960; baseline -0.016 -15"><span class='ocrx_word' id='word_1_54' title='bbox 449 898 524 945; x_wconf 85' lang='lat' dir='ltr'><strong>tet</strong></span> <span class='ocrx_word' id='word_1_55' title='bbox 568 888 753 960; x_wconf 77' lang='lat' dir='ltr'><strong>[Forte</strong></span> <span class='ocrx_word' id='word_1_56' title='bbox 784 878 1037 952; x_wconf 86' lang='lat' dir='ltr'><strong>repetat],</strong></span> <span class='ocrx_word' id='word_1_57' title='bbox 1069 875 1253 930; x_wconf 88' lang='lat' dir='ltr'><strong>dicens</strong></span> <span class='ocrx_word' id='word_1_58' title='bbox 1284 893 1295 927; x_wconf 88' lang='lat'><strong>:</strong></span> <span class='ocrx_word' id='word_1_59' title='bbox 1330 873 1391 927; x_wconf 92' lang='lat' dir='ltr'><strong>In</strong></span> <span class='ocrx_word' id='word_1_60' title='bbox 1420 871 1566 926; x_wconf 90' lang='lat' dir='ltr'><strong>nullo</strong></span> <span class='ocrx_word' id='word_1_61' title='bbox 1597 870 1647 925; x_wconf 88' lang='lat' dir='ltr'><strong>ei</strong></span> <span class='ocrx_word' id='word_1_62' title='bbox 1672 868 1859 960; x_wconf 58' lang='lat' dir='ltr'><strong>defui;</strong></span> <span class='ocrx_word' id='word_1_63' title='bbox 1892 867 2053 960; x_wconf 30' lang='lat' dir='ltr'><strong>spirit</strong></span> 
     </span>
    </p>
   </div>
   <div class='ocr_carea' id='block_1_10' title="bbox 447 957 2049 1040">
    <p class='ocr_par' dir='ltr' id='par_1_10' title="bbox 447 957 2049 1040">
     <span class='ocr_line' id='line_1_10' title="bbox 447 957 2049 1040; baseline -0.016 -5"><span class='ocrx_word' id='word_1_64' title='bbox 447 957 606 1035; x_wconf 79' lang='lat' dir='ltr'><strong>tualis</strong></span> <span class='ocrx_word' id='word_1_65' title='bbox 650 971 873 1029; x_wconf 82' lang='lat' dir='ltr'><strong>honoris</strong></span> <span class='ocrx_word' id='word_1_66' title='bbox 916 964 1307 1040; x_wconf 89' lang='lat' dir='ltr'><strong>potestatisque</strong></span> <span class='ocrx_word' id='word_1_67' title='bbox 1354 960 1587 1016; x_wconf 90' lang='lat' dir='ltr'><strong>culmina</strong></span> <span class='ocrx_word' id='word_1_68' title='bbox 1637 958 1864 1029; x_wconf 65' lang='lat' dir='ltr'><strong>prmbui,</strong></span> <span class='ocrx_word' id='word_1_69' title='bbox 1900 964 1950 1012; x_wconf 90' lang='lat' dir='ltr'><strong>et</strong></span> <span class='ocrx_word' id='word_1_70' title='bbox 1981 957 2049 1011; x_wconf 91' lang='lat' dir='ltr'><strong>ad</strong></span> 
     </span>
    </p>
   </div>
   <div class='ocr_carea' id='block_1_11' title="bbox 447 1045 2047 1138">
    <p class='ocr_par' dir='ltr' id='par_1_11' title="bbox 447 1045 2047 1138">
     <span class='ocr_line' id='line_1_11' title="bbox 447 1045 2047 1138; baseline -0.017 -13"><span class='ocrx_word' id='word_1_71' title='bbox 447 1064 774 1138; x_wconf 85' lang='lat' dir='ltr'><strong>temporales</strong></span> <span class='ocrx_word' id='word_1_72' title='bbox 802 1075 934 1115; x_wconf 89' lang='lat' dir='ltr'><strong>usus</strong></span> <span class='ocrx_word' id='word_1_73' title='bbox 964 1065 1191 1111; x_wconf 69' lang='lat' dir='ltr'><strong>terrenae</strong></span> <span class='ocrx_word' id='word_1_74' title='bbox 1221 1048 1827 1138; x_wconf 64' lang='lat' dir='ltr'><strong>abundantite__c0piam</strong></span> <span class='ocrx_word' id='word_1_75' title='bbox 1878 1045 2047 1100; x_wconf 90' lang='lat' dir='ltr'><strong>mini-</strong></span> 
     </span>
    </p>
   </div>
   <div class='ocr_carea' id='block_1_12' title="bbox 449 1132 2050 1214">
    <p class='ocr_par' dir='ltr' id='par_1_12' title="bbox 449 1132 2050 1214">
     <span class='ocr_line' id='line_1_12' title="bbox 449 1132 2050 1214; baseline -0.017 -3"><span class='ocrx_word' id='word_1_76' title='bbox 449 1132 646 1211; x_wconf 49' lang='lat' dir='ltr'><strong>stra-vi.</strong></span> <span class='ocrx_word' id='word_1_77' title='bbox 686 1146 794 1203; x_wconf 87' lang='lat' dir='ltr'><strong>Sed</strong></span> <span class='ocrx_word' id='word_1_78' title='bbox 825 1144 915 1214; x_wconf 87' lang='lat' dir='ltr'><strong>qui</strong></span> <span class='ocrx_word' id='word_1_79' title='bbox 948 1150 1054 1195; x_wconf 90' lang='lat' dir='ltr'><strong>tam</strong></span> <span class='ocrx_word' id='word_1_80' title='bbox 1085 1135 1487 1193; x_wconf 87' lang='lat' dir='ltr'><strong>rationabiliter</strong></span> <span class='ocrx_word' id='word_1_81' title='bbox 1515 1133 1709 1189; x_wconf 91' lang='lat' dir='ltr'><strong>collata</strong></span> <span class='ocrx_word' id='word_1_82' title='bbox 1737 1132 1879 1186; x_wconf 92' lang='lat' dir='ltr'><strong>dona</strong></span> <span class='ocrx_word' id='word_1_83' title='bbox 1909 1146 2050 1185; x_wconf 89' lang='lat' dir='ltr'><strong>enu-</strong></span> 
     </span>
    </p>
   </div>
   <div class='ocr_carea' id='block_1_13' title="bbox 450 1218 2051 1306">
    <p class='ocr_par' dir='ltr' id='par_1_13' title="bbox 450 1218 2051 1306">
     <span class='ocr_line' id='line_1_13' title="bbox 450 1218 2051 1306; baseline -0.017 -8"><span class='ocrx_word' id='word_1_84' title='bbox 450 1247 641 1306; x_wconf 90' lang='lat' dir='ltr'><strong>merat,</strong></span> <span class='ocrx_word' id='word_1_85' title='bbox 688 1233 972 1291; x_wconf 85' lang='lat' dir='ltr'><strong>audiamus</strong></span> <span class='ocrx_word' id='word_1_86' title='bbox 996 1230 1106 1298; x_wconf 91' lang='lat' dir='ltr'><strong>jam</strong></span> <span class='ocrx_word' id='word_1_87' title='bbox 1142 1222 1596 1296; x_wconf 85' lang='lat' dir='ltr'><strong>transgressionis</strong></span> <span class='ocrx_word' id='word_1_88' title='bbox 1627 1222 1741 1290; x_wconf 84' lang='lat' dir='ltr'><strong>ejus</strong></span> <span class='ocrx_word' id='word_1_89' title='bbox 1771 1218 2051 1274; x_wconf 84' lang='lat' dir='ltr'><strong>audaciam</strong></span> 
     </span>
    </p>
   </div>
   <div class='ocr_carea' id='block_1_14' title="bbox 452 1309 2050 1404">
    <p class='ocr_par' dir='ltr' id='par_1_14' title="bbox 452 1309 2050 1404">
     <span class='ocr_line' id='line_1_14' title="bbox 452 1309 2050 1404; baseline -0.016 -18"><span class='ocrx_word' id='word_1_90' title='bbox 452 1347 557 1404; x_wconf 87' lang='lat' dir='ltr'><strong>qua</strong></span> <span class='ocrx_word' id='word_1_91' title='bbox 586 1323 842 1382; x_wconf 82' lang='lat' dir='ltr'><strong>instantia</strong></span> <span class='ocrx_word' id='word_1_92' title='bbox 872 1315 1230 1374; x_wconf 87' lang='lat' dir='ltr'><strong>discussionis</strong></span> <span class='ocrx_word' id='word_1_93' title='bbox 1260 1314 1533 1384; x_wconf 85' lang='lat' dir='ltr'><strong>exquirat.</strong></span> <span class='ocrx_word' id='word_1_94' title='bbox 1581 1312 1718 1365; x_wconf 91' lang='lat' dir='ltr'><strong>Nam</strong></span> <span class='ocrx_word' id='word_1_95' title='bbox 1761 1309 2002 1380; x_wconf 84' lang='lat' dir='ltr'><strong>sequitur</strong></span> <span class='ocrx_word' id='word_1_96' title='bbox 2034 1336 2050 1378; x_wconf 63' lang='grc' dir='ltr'>ε</span> 
     </span>
    </p>
   </div>
   <div class='ocr_carea' id='block_1_15' title="bbox 521 1400 2054 1490">
    <p class='ocr_par' dir='ltr' id='par_1_15' title="bbox 521 1400 2054 1490">
     <span class='ocr_line' id='line_1_15' title="bbox 521 1400 2054 1490; baseline -0.015 -16"><span class='ocrx_word' id='word_1_97' title='bbox 521 1419 694 1490; x_wconf 86' lang='lat' dir='ltr'><strong>(Vers.</strong></span> <span class='ocrx_word' id='word_1_98' title='bbox 709 1414 823 1482; x_wconf 71' lang='lat'><strong>29.)</strong></span> <span class='ocrx_word' id='word_1_99' title='bbox 841 1410 1022 1478; x_wconf 86' lang='lat' dir='ltr'><strong>Quare</strong></span> <span class='ocrx_word' id='word_1_100' title='bbox 1034 1407 1184 1461; x_wconf 82' lang='lat' dir='ltr'><strong>calce</strong></span> <span class='ocrx_word' id='word_1_101' title='bbox 1198 1403 1443 1474; x_wconf 86' lang='lat' dir='ltr'><strong>abjicitis</strong></span> <span class='ocrx_word' id='word_1_102' title='bbox 1456 1401 1746 1456; x_wconf 87' lang='lat' dir='ltr'><strong>victimam</strong></span> <span class='ocrx_word' id='word_1_103' title='bbox 1764 1400 2054 1490; x_wconf 11' lang='lat' dir='ltr'><strong>meam,get</strong></span> 
     </span>
    </p>
   </div>
   <div class='ocr_carea' id='block_1_16' title="bbox 450 1487 2055 1571">
    <p class='ocr_par' dir='ltr' id='par_1_16' title="bbox 450 1487 2055 1571">
     <span class='ocr_line' id='line_1_16' title="bbox 450 1487 2055 1571; baseline -0.016 -5"><span class='ocrx_word' id='word_1_104' title='bbox 450 1487 693 1565; x_wconf 82' lang='lat' dir='ltr'><strong>munera</strong></span> <span class='ocrx_word' id='word_1_105' title='bbox 719 1518 861 1567; x_wconf 87' lang='lat' dir='ltr'><strong>mea,</strong></span> <span class='ocrx_word' id='word_1_106' title='bbox 882 1495 1255 1571; x_wconf 74' lang='lat' dir='ltr'><strong>quazprrecepi</strong></span> <span class='ocrx_word' id='word_1_107' title='bbox 1276 1495 1341 1549; x_wconf 86' lang='lat' dir='ltr'><strong>ut</strong></span> <span class='ocrx_word' id='word_1_108' title='bbox 1356 1491 1701 1561; x_wconf 76' lang='lat' dir='ltr'><strong>offerrentur</strong></span> <span class='ocrx_word' id='word_1_109' title='bbox 1722 1490 1783 1544; x_wconf 90' lang='lat' dir='ltr'><strong>in</strong></span> <span class='ocrx_word' id='word_1_110' title='bbox 1809 1487 2055 1557; x_wconf 82' lang='lat' dir='ltr'><strong>templo?</strong></span> 
     </span>
    </p>
   </div>
   <div class='ocr_carea' id='block_1_17' title="bbox 526 1577 2054 1661">
    <p class='ocr_par' dir='ltr' id='par_1_17' title="bbox 526 1577 2054 1661">
     <span class='ocr_line' id='line_1_17' title="bbox 526 1577 2054 1661; baseline -0.018 -5"><span class='ocrx_word' id='word_1_111' title='bbox 526 1600 618 1657; x_wconf 82' lang='lat'><strong>‘726.</strong></span> <span class='ocrx_word' id='word_1_112' title='bbox 653 1594 833 1661; x_wconf 86' lang='lat' dir='ltr'><strong>Quare</strong></span> <span class='ocrx_word' id='word_1_113' title='bbox 858 1589 1001 1643; x_wconf 90' lang='lat' dir='ltr'><strong>enim</strong></span> <span class='ocrx_word' id='word_1_114' title='bbox 1030 1599 1137 1639; x_wconf 90' lang='lat' dir='ltr'><strong>non</strong></span> <span class='ocrx_word' id='word_1_115' title='bbox 1167 1582 1292 1637; x_wconf 90' lang='lat' dir='ltr'><strong>dicit</strong></span> <span class='ocrx_word' id='word_1_116' title='bbox 1312 1581 1508 1650; x_wconf 85' lang='lat' dir='ltr'><strong>judex,</strong></span> <span class='ocrx_word' id='word_1_117' title='bbox 1537 1579 1644 1632; x_wconf 89' lang='lat' dir='ltr'><strong>nisi</strong></span> <span class='ocrx_word' id='word_1_118' title='bbox 1676 1578 1766 1648; x_wconf 90' lang='lat' dir='ltr'><strong>qui</strong></span> <span class='ocrx_word' id='word_1_119' title='bbox 1792 1577 2054 1630; x_wconf 80' lang='lat' dir='ltr'><strong>instanter</strong></span> 
     </span>
    </p>
   </div>
   <div class='ocr_carea' id='block_1_18' title="bbox 450 1665 2057 1749">
    <p class='ocr_par' dir='ltr' id='par_1_18' title="bbox 450 1665 2057 1749">
     <span class='ocr_line' id='line_1_18' title="bbox 450 1665 2057 1749; baseline -0.018 -4"><span class='ocrx_word' id='word_1_120' title='bbox 450 1686 683 1744; x_wconf 85' lang='lat' dir='ltr'><strong>discutit.</strong></span> <span class='ocrx_word' id='word_1_121' title='bbox 716 1683 783 1738; x_wconf 91' lang='lat' dir='ltr'><strong>Et</strong></span> <span class='ocrx_word' id='word_1_122' title='bbox 812 1677 903 1749; x_wconf 87' lang='lat' dir='ltr'><strong>qui</strong></span> <span class='ocrx_word' id='word_1_123' title='bbox 932 1674 1079 1731; x_wconf 82' lang='lat' dir='ltr'><strong>calce</strong></span> <span class='ocrx_word' id='word_1_124' title='bbox 1111 1670 1395 1742; x_wconf 90' lang='lat' dir='ltr'><strong>repudisse</strong></span> <span class='ocrx_word' id='word_1_125' title='bbox 1428 1667 1702 1723; x_wconf 84' lang='lat' dir='ltr'><strong>victimam</strong></span> <span class='ocrx_word' id='word_1_126' title='bbox 1736 1665 1835 1720; x_wconf 89' lang='lat' dir='ltr'><strong>Dei</strong></span> <span class='ocrx_word' id='word_1_127' title='bbox 1866 1672 1919 1719; x_wconf 91' lang='lat' dir='ltr'><strong>et</strong></span> <span class='ocrx_word' id='word_1_128' title='bbox 1948 1680 2057 1718; x_wconf 82' lang='lat' dir='ltr'><strong>mu-</strong></span> 
     </span>
    </p>
   </div>
   <div class='ocr_carea' id='block_1_19' title="bbox 449 1753 2133 1844">
    <p class='ocr_par' dir='ltr' id='par_1_19' title="bbox 449 1753 2133 1844">
     <span class='ocr_line' id='line_1_19' title="bbox 449 1753 2133 1844; baseline -0.018 -10"><span class='ocrx_word' id='word_1_129' title='bbox 449 1793 585 1834; x_wconf 87' lang='lat' dir='ltr'><strong>nera</strong></span> <span class='ocrx_word' id='word_1_130' title='bbox 612 1766 1050 1843; x_wconf 80' lang='lat' dir='ltr'><strong>reprehenditur,</strong></span> <span class='ocrx_word' id='word_1_131' title='bbox 1075 1762 1126 1817; x_wconf 90' lang='lat' dir='ltr'><strong>ei</strong></span> <span class='ocrx_word' id='word_1_132' title='bbox 1154 1759 1404 1830; x_wconf 88' lang='lat' dir='ltr'><strong>injuriam</strong></span> <span class='ocrx_word' id='word_1_133' title='bbox 1435 1757 1548 1811; x_wconf 85' lang='lat' dir='ltr'><strong>sive</strong></span> <span class='ocrx_word' id='word_1_134' title='bbox 1569 1754 1798 1810; x_wconf 90' lang='lat' dir='ltr'><strong>consilio</strong></span> <span class='ocrx_word' id='word_1_135' title='bbox 1819 1753 2048 1844; x_wconf 83' lang='lat' dir='ltr'><strong>rationis</strong></span> <span class='ocrx_word' id='word_1_136' title='bbox 2079 1786 2133 1844; x_wconf 86' lang='lat' dir='ltr'>B</span> 
     </span>
    </p>
   </div>
   <div class='ocr_carea' id='block_1_20' title="bbox 451 1840 2050 1931">
    <p class='ocr_par' dir='ltr' id='par_1_20' title="bbox 451 1840 2050 1931">
     <span class='ocr_line' id='line_1_20' title="bbox 451 1840 2050 1931; baseline -0.019 -7"><span class='ocrx_word' id='word_1_137' title='bbox 451 1866 647 1923; x_wconf 78' lang='lat' dir='ltr'><strong>iecisse</strong></span> <span class='ocrx_word' id='word_1_138' title='bbox 676 1840 1059 1931; x_wconf 13' lang='lat' dir='ltr'><strong>tar)judicatur.</strong></span> <span class='ocrx_word' id='word_1_139' title='bbox 1088 1847 1399 1903; x_wconf 85' lang='lat' dir='ltr'><strong>Notandum</strong></span> <span class='ocrx_word' id='word_1_140' title='bbox 1429 1860 1559 1900; x_wconf 90' lang='lat' dir='ltr'><strong>vero</strong></span> <span class='ocrx_word' id='word_1_141' title='bbox 1587 1851 1671 1899; x_wconf 88' lang='lat' dir='ltr'><strong>est</strong></span> <span class='ocrx_word' id='word_1_142' title='bbox 1699 1842 1827 1914; x_wconf 85' lang='lat' dir='ltr'><strong>quia</strong></span> <span class='ocrx_word' id='word_1_143' title='bbox 1857 1840 2050 1912; x_wconf 87' lang='lat' dir='ltr'><strong>plurali</strong></span> 
     </span>
    </p>
   </div>
   <div class='ocr_carea' id='block_1_21' title="bbox 451 1935 2051 2012">
    <p class='ocr_par' dir='ltr' id='par_1_21' title="bbox 451 1935 2051 2012">
     <span class='ocr_line' id='line_1_21' title="bbox 451 1935 2051 2012; baseline -0.017 -1"><span class='ocrx_word' id='word_1_144' title='bbox 451 1967 676 2012; x_wconf 90' lang='lat' dir='ltr'><strong>numero</strong></span> <span class='ocrx_word' id='word_1_145' title='bbox 690 1947 817 2002; x_wconf 88' lang='lat' dir='ltr'><strong>dicit</strong></span> <span class='ocrx_word' id='word_1_146' title='bbox 843 1965 854 2000; x_wconf 87' lang='lat'>:</span> <span class='ocrx_word' id='word_1_147' title='bbox 879 1944 1060 2011; x_wconf 85' lang='lat' dir='ltr'><strong>Quare</strong></span> <span class='ocrx_word' id='word_1_148' title='bbox 1072 1940 1227 1994; x_wconf 81' lang='lat' dir='ltr'><strong>calce</strong></span> <span class='ocrx_word' id='word_1_149' title='bbox 1243 1936 1523 2007; x_wconf 85' lang='lat' dir='ltr'><strong>abjecistis</strong></span> <span class='ocrx_word' id='word_1_150' title='bbox 1541 1935 1829 1988; x_wconf 80' lang='lat' dir='ltr'><strong>victimam</strong></span> <span class='ocrx_word' id='word_1_151' title='bbox 1843 1947 2051 1996; x_wconf 87' lang='lat' dir='ltr'><strong>meam,</strong></span> 
     </span>
    </p>
   </div>
   <div class='ocr_carea' id='block_1_22' title="bbox 452 2021 2053 2099">
    <p class='ocr_par' dir='ltr' id='par_1_22' title="bbox 452 2021 2053 2099">
     <span class='ocr_line' id='line_1_22' title="bbox 452 2021 2053 2099; baseline -0.018 1"><span class='ocrx_word' id='word_1_152' title='bbox 452 2053 508 2099; x_wconf 89' lang='lat' dir='ltr'><strong>ut</strong></span> <span class='ocrx_word' id='word_1_153' title='bbox 538 2057 646 2097; x_wconf 90' lang='lat' dir='ltr'><strong>non</strong></span> <span class='ocrx_word' id='word_1_154' title='bbox 679 2043 886 2094; x_wconf 89' lang='lat' dir='ltr'><strong>tantum</strong></span> <span class='ocrx_word' id='word_1_155' title='bbox 918 2032 983 2086; x_wconf 90' lang='lat' dir='ltr'><strong>ad</strong></span> <span class='ocrx_word' id='word_1_156' title='bbox 1006 2028 1146 2098; x_wconf 87' lang='lat' dir='ltr'><strong>Ileli,</strong></span> <span class='ocrx_word' id='word_1_157' title='bbox 1174 2026 1270 2081; x_wconf 90' lang='lat' dir='ltr'><strong>sed</strong></span> <span class='ocrx_word' id='word_1_158' title='bbox 1301 2026 1369 2079; x_wconf 91' lang='lat' dir='ltr'><strong>ad</strong></span> <span class='ocrx_word' id='word_1_159' title='bbox 1389 2023 1528 2078; x_wconf 85' lang='lat' dir='ltr'><strong>ﬁlios</strong></span> <span class='ocrx_word' id='word_1_160' title='bbox 1551 2021 1694 2093; x_wconf 91' lang='lat' dir='ltr'><strong>quod</strong></span> <span class='ocrx_word' id='word_1_161' title='bbox 1723 2021 1913 2076; x_wconf 90' lang='lat' dir='ltr'><strong>dicitur</strong></span> <span class='ocrx_word' id='word_1_162' title='bbox 1931 2035 2053 2090; x_wconf 90' lang='lat' dir='ltr'><strong>per-</strong></span> 
     </span>
    </p>
   </div>
   <div class='ocr_carea' id='block_1_23' title="bbox 453 2108 2053 2190">
    <p class='ocr_par' dir='ltr' id='par_1_23' title="bbox 453 2108 2053 2190">
     <span class='ocr_line' id='line_1_23' title="bbox 453 2108 2053 2190; baseline -0.018 -1"><span class='ocrx_word' id='word_1_163' title='bbox 453 2135 628 2190; x_wconf 89' lang='lat' dir='ltr'><strong>tinere</strong></span> <span class='ocrx_word' id='word_1_164' title='bbox 675 2127 939 2185; x_wconf 88' lang='lat' dir='ltr'><strong>videatur.</strong></span> <span class='ocrx_word' id='word_1_165' title='bbox 982 2120 1125 2174; x_wconf 89' lang='lat' dir='ltr'><strong>Fera</strong></span> <span class='ocrx_word' id='word_1_166' title='bbox 1169 2115 1370 2187; x_wconf 89' lang='lat' dir='ltr'><strong>quippe</strong></span> <span class='ocrx_word' id='word_1_167' title='bbox 1419 2112 1672 2167; x_wconf 85' lang='lat' dir='ltr'><strong>animalia</strong></span> <span class='ocrx_word' id='word_1_168' title='bbox 1725 2110 1900 2165; x_wconf 90' lang='lat' dir='ltr'><strong>solent</strong></span> <span class='ocrx_word' id='word_1_169' title='bbox 1948 2108 2053 2163; x_wconf 90' lang='lat' dir='ltr'><strong>sibi</strong></span> 
     </span>
    </p>
   </div>
   <div class='ocr_carea' id='block_1_24' title="bbox 460 2197 2051 2279">
    <p class='ocr_par' dir='ltr' id='par_1_24' title="bbox 460 2197 2051 2279">
     <span class='ocr_line' id='line_1_24' title="bbox 460 2197 2051 2279; baseline -0.018 0"><span class='ocrx_word' id='word_1_170' title='bbox 460 2216 796 2279; x_wconf 85' lang='lat' dir='ltr'><strong>adhaerentia</strong></span> <span class='ocrx_word' id='word_1_171' title='bbox 824 2212 971 2268; x_wconf 88' lang='lat' dir='ltr'><strong>calca</strong></span> <span class='ocrx_word' id='word_1_172' title='bbox 994 2206 1277 2278; x_wconf 87' lang='lat' dir='ltr'><strong>repellere.</strong></span> <span class='ocrx_word' id='word_1_173' title='bbox 1304 2203 1438 2270; x_wconf 74' lang='lat' dir='ltr'><strong>Quae</strong></span> <span class='ocrx_word' id='word_1_174' title='bbox 1458 2201 1599 2256; x_wconf 90' lang='lat' dir='ltr'><strong>enim</strong></span> <span class='ocrx_word' id='word_1_175' title='bbox 1623 2199 1871 2254; x_wconf 84' lang='lat' dir='ltr'><strong>ﬁdelibus</strong></span> <span class='ocrx_word' id='word_1_176' title='bbox 1891 2197 2051 2253; x_wconf 90' lang='lat' dir='ltr'><strong>victi-</strong></span> 
     </span>
    </p>
   </div>
   <div class='ocr_carea' id='block_1_25' title="bbox 456 2287 2053 2369">
    <p class='ocr_par' dir='ltr' id='par_1_25' title="bbox 456 2287 2053 2369">
     <span class='ocr_line' id='line_1_25' title="bbox 456 2287 2053 2369; baseline -0.019 -1"><span class='ocrx_word' id='word_1_177' title='bbox 456 2328 562 2368; x_wconf 73' lang='lat' dir='ltr'><strong>mae</strong></span> <span class='ocrx_word' id='word_1_178' title='bbox 591 2308 708 2363; x_wconf 70' lang='lat' dir='ltr'><strong>aliae</strong></span> <span class='ocrx_word' id='word_1_179' title='bbox 740 2304 973 2365; x_wconf 85' lang='lat' dir='ltr'><strong>fuerunt,</strong></span> <span class='ocrx_word' id='word_1_180' title='bbox 999 2312 1159 2369; x_wconf 89' lang='lat' dir='ltr'><strong>quam</strong></span> <span class='ocrx_word' id='word_1_181' title='bbox 1183 2290 1566 2361; x_wconf 83' lang='lat' dir='ltr'><strong>Redemptoris</strong></span> <span class='ocrx_word' id='word_1_182' title='bbox 1596 2289 1675 2344; x_wconf 90' lang='lat' dir='ltr'><strong>sui</strong></span> <span class='ocrx_word' id='word_1_183' title='bbox 1705 2287 2053 2342; x_wconf 90' lang='lat' dir='ltr'><strong>laudibusin—</strong></span> 
     </span>
    </p>
   </div>
   <div class='ocr_carea' id='block_1_26' title="bbox 460 2378 2049 2465">
    <p class='ocr_par' dir='ltr' id='par_1_26' title="bbox 460 2378 2049 2465">
     <span class='ocr_line' id='line_1_26' title="bbox 460 2378 2049 2465; baseline -0.018 -8"><span class='ocrx_word' id='word_1_184' title='bbox 460 2401 672 2465; x_wconf 87' lang='lat' dir='ltr'><strong>sistere,</strong></span> <span class='ocrx_word' id='word_1_185' title='bbox 693 2392 962 2451; x_wconf 87' lang='lat' dir='ltr'><strong>Christum</strong></span> <span class='ocrx_word' id='word_1_186' title='bbox 983 2388 1167 2440; x_wconf 87' lang='lat' dir='ltr'><strong>Jesum</strong></span> <span class='ocrx_word' id='word_1_187' title='bbox 1198 2398 1299 2453; x_wconf 91' lang='lat' dir='ltr'><strong>pro</strong></span> <span class='ocrx_word' id='word_1_188' title='bbox 1331 2381 1500 2435; x_wconf 85' lang='lat' dir='ltr'><strong>salute</strong></span> <span class='ocrx_word' id='word_1_189' title='bbox 1524 2378 1714 2432; x_wconf 91' lang='lat' dir='ltr'><strong>mundi</strong></span> <span class='ocrx_word' id='word_1_190' title='bbox 1745 2378 1798 2431; x_wconf 90' lang='lat' dir='ltr'><strong>in</strong></span> <span class='ocrx_word' id='word_1_191' title='bbox 1821 2383 2049 2430; x_wconf 91' lang='lat' dir='ltr'><strong>mortem</strong></span> 
     </span>
    </p>
   </div>
   <div class='ocr_carea' id='block_1_27' title="bbox 461 2463 2050 2551">
    <p class='ocr_par' dir='ltr' id='par_1_27' title="bbox 461 2463 2050 2551">
     <span class='ocr_line' id='line_1_27' title="bbox 461 2463 2050 2551; baseline -0.018 -5"><span class='ocrx_word' id='word_1_192' title='bbox 461 2463 774 2546; x_wconf 85' lang='lat' dir='ltr'><strong>occubuisse</strong></span> <span class='ocrx_word' id='word_1_193' title='bbox 796 2477 1119 2551; x_wconf 74' lang='lat' dir='ltr'><strong>praedicare,</strong></span> <span class='ocrx_word' id='word_1_194' title='bbox 1144 2479 1196 2526; x_wconf 92' lang='lat' dir='ltr'><strong>et</strong></span> <span class='ocrx_word' id='word_1_195' title='bbox 1215 2468 1548 2541; x_wconf 87' lang='lat' dir='ltr'><strong>resurgendo</strong></span> <span class='ocrx_word' id='word_1_196' title='bbox 1581 2466 1803 2521; x_wconf 82' lang='lat' dir='ltr'><strong>humani</strong></span> <span class='ocrx_word' id='word_1_197' title='bbox 1833 2463 2050 2536; x_wconf 82' lang='lat' dir='ltr'><strong>generis</strong></span> 
     </span>
    </p>
   </div>
   <div class='ocr_carea' id='block_1_28' title="bbox 455 2558 2047 2643">
    <p class='ocr_par' dir='ltr' id='par_1_28' title="bbox 455 2558 2047 2643">
     <span class='ocr_line' id='line_1_28' title="bbox 455 2558 2047 2643; baseline -0.018 -9"><span class='ocrx_word' id='word_1_198' title='bbox 455 2580 623 2636; x_wconf 87' lang='lat' dir='ltr'><strong>vitam</strong></span> <span class='ocrx_word' id='word_1_199' title='bbox 652 2566 970 2643; x_wconf 76' lang='lat' dir='ltr'><strong>reparasse?</strong></span> <span class='ocrx_word' id='word_1_200' title='bbox 1020 2563 1086 2616; x_wconf 88' lang='lat' dir='ltr'><strong>Et</strong></span> <span class='ocrx_word' id='word_1_201' title='bbox 1115 2576 1237 2632; x_wconf 67' lang='lat' dir='ltr'><strong>qua:</strong></span> <span class='ocrx_word' id='word_1_202' title='bbox 1267 2558 1374 2613; x_wconf 91' lang='lat' dir='ltr'><strong>alia</strong></span> <span class='ocrx_word' id='word_1_203' title='bbox 1403 2572 1593 2612; x_wconf 91' lang='lat' dir='ltr'><strong>eorum</strong></span> <span class='ocrx_word' id='word_1_204' title='bbox 1622 2569 1848 2609; x_wconf 88' lang='lat' dir='ltr'><strong>numera</strong></span> <span class='ocrx_word' id='word_1_205' title='bbox 1877 2558 2047 2621; x_wconf 90' lang='lat' dir='ltr'><strong>erant,</strong></span> 
     </span>
    </p>
   </div>
   <div class='ocr_carea' id='block_1_29' title="bbox 453 2644 2052 2735">
    <p class='ocr_par' dir='ltr' id='par_1_29' title="bbox 453 2644 2052 2735">
     <span class='ocr_line' id='line_1_29' title="bbox 453 2644 2052 2735; baseline -0.016 -13"><span class='ocrx_word' id='word_1_206' title='bbox 453 2666 563 2722; x_wconf 87' lang='lat' dir='ltr'><strong>nisi</strong></span> <span class='ocrx_word' id='word_1_207' title='bbox 592 2677 692 2735; x_wconf 89' lang='lat' dir='ltr'><strong>pro</strong></span> <span class='ocrx_word' id='word_1_208' title='bbox 722 2657 888 2713; x_wconf 89' lang='lat' dir='ltr'><strong>tantis</strong></span> <span class='ocrx_word' id='word_1_209' title='bbox 918 2652 1023 2708; x_wconf 89' lang='lat' dir='ltr'><strong>sibi</strong></span> <span class='ocrx_word' id='word_1_210' title='bbox 1048 2648 1256 2706; x_wconf 84' lang='lat' dir='ltr'><strong>collatis</strong></span> <span class='ocrx_word' id='word_1_211' title='bbox 1286 2645 1565 2702; x_wconf 85' lang='lat' dir='ltr'><strong>beneﬁciis</strong></span> <span class='ocrx_word' id='word_1_212' title='bbox 1612 2644 1913 2716; x_wconf 77' lang='lat' dir='ltr'><strong>gratiarum</strong></span> <span class='ocrx_word' id='word_1_213' title='bbox 1928 2657 2052 2735; x_wconf 32' lang='lat' dir='ltr'><strong>‘ac—</strong></span> 
     </span>
    </p>
   </div>
   <div class='ocr_carea' id='block_1_30' title="bbox 455 2729 2050 2816">
    <p class='ocr_par' dir='ltr' id='par_1_30' title="bbox 455 2729 2050 2816">
     <span class='ocr_line' id='line_1_30' title="bbox 455 2729 2050 2816; baseline -0.017 -4"><span class='ocrx_word' id='word_1_214' title='bbox 455 2729 634 2812; x_wconf 73' lang='lat' dir='ltr'><strong>tioncs</strong></span> <span class='ocrx_word' id='word_1_215' title='bbox 682 2741 1039 2816; x_wconf 89' lang='lat' dir='ltr'><strong>omnipotenti</strong></span> <span class='ocrx_word' id='word_1_216' title='bbox 1099 2740 1215 2794; x_wconf 92' lang='lat' dir='ltr'><strong>Deo</strong></span> <span class='ocrx_word' id='word_1_217' title='bbox 1280 2736 1607 2791; x_wconf 88' lang='lat' dir='ltr'><strong>incessanter</strong></span> <span class='ocrx_word' id='word_1_218' title='bbox 1643 2731 1879 2788; x_wconf 74' lang='lat' dir='ltr'><strong>offerre?</strong></span> <span class='ocrx_word' id='word_1_219' title='bbox 1918 2729 2050 2799; x_wconf 62' lang='lat' dir='ltr'><strong>Quae</strong></span> 
     </span>
    </p>
   </div>
   <div class='ocr_carea' id='block_1_31' title="bbox 454 2820 2051 2918">
    <p class='ocr_par' dir='ltr' id='par_1_31' title="bbox 454 2820 2051 2918">
     <span class='ocr_line' id='line_1_31' title="bbox 454 2820 2051 2918; baseline -0.016 -18"><span class='ocrx_word' id='word_1_220' title='bbox 454 2843 705 2918; x_wconf 82' lang='lat' dir='ltr'><strong>proiecto</strong></span> <span class='ocrx_word' id='word_1_221' title='bbox 727 2835 846 2892; x_wconf 84' lang='lat' dir='ltr'><strong>Heli</strong></span> <span class='ocrx_word' id='word_1_222' title='bbox 868 2832 962 2886; x_wconf 85' lang='lat' dir='ltr'><strong>ﬁlii</strong></span> <span class='ocrx_word' id='word_1_223' title='bbox 991 2829 1138 2885; x_wconf 89' lang='lat' dir='ltr'><strong>calce</strong></span> <span class='ocrx_word' id='word_1_224' title='bbox 1158 2825 1495 2918; x_wconf 75' lang='lat' dir='ltr'><strong>repulerunt,</strong></span> <span class='ocrx_word' id='word_1_225' title='bbox 1520 2823 1641 2918; x_wconf 84' lang='lat' dir='ltr'><strong>quia</strong></span> <span class='ocrx_word' id='word_1_226' title='bbox 1662 2822 1719 2918; x_wconf 81' lang='lat' dir='ltr'><strong>in</strong></span> <span class='ocrx_word' id='word_1_227' title='bbox 1737 2820 2051 2890; x_wconf 90' lang='lat' dir='ltr'><strong>repulsione</strong></span> 
     </span>
    </p>
   </div>
   <div class='ocr_carea' id='block_1_32' title="bbox 458 2912 2052 3001">
    <p class='ocr_par' dir='ltr' id='par_1_32' title="bbox 458 2912 2052 3001">
     <span class='ocr_line' id='line_1_32' title="bbox 458 2912 2052 3001; baseline -0.018 -10"><span class='ocrx_word' id='word_1_228' title='bbox 458 2912 614 2991; x_wconf 66' lang='lat' dir='ltr'><strong>novae</strong></span> <span class='ocrx_word' id='word_1_229' title='bbox 638 2920 1063 3001; x_wconf 84' lang='lat' dir='ltr'><strong>praedicationis,</strong></span> <span class='ocrx_word' id='word_1_230' title='bbox 1084 2933 1193 2972; x_wconf 91' lang='lat' dir='ltr'><strong>non</strong></span> <span class='ocrx_word' id='word_1_231' title='bbox 1221 2914 1504 2972; x_wconf 90' lang='lat' dir='ltr'><strong>consilium</strong></span> <span class='ocrx_word' id='word_1_232' title='bbox 1526 2912 1754 2967; x_wconf 87' lang='lat' dir='ltr'><strong>rationis</strong></span> <span class='ocrx_word' id='word_1_233' title='bbox 1776 2926 1874 3001; x_wconf 78' lang='lat' dir='ltr'><strong>per</strong></span> <span class='ocrx_word' id='word_1_234' title='bbox 1894 2922 2052 3001; x_wconf 83' lang='lat' dir='ltr'><strong>sacra</strong></span> 
     </span>
    </p>
   </div>
   <div class='ocr_carea' id='block_1_33' title="bbox 460 2998 2051 3093">
    <p class='ocr_par' dir='ltr' id='par_1_33' title="bbox 460 2998 2051 3093">
     <span class='ocr_line' id='line_1_33' title="bbox 460 2998 2051 3093; baseline -0.018 -14"><span class='ocrx_word' id='word_1_235' title='bbox 460 2998 673 3093; x_wconf 80' lang='lat' dir='ltr'><strong>eloquia</strong></span> <span class='ocrx_word' id='word_1_236' title='bbox 702 3013 871 3072; x_wconf 88' lang='lat' dir='ltr'><strong>secuti</strong></span> <span class='ocrx_word' id='word_1_237' title='bbox 904 3016 1047 3076; x_wconf 90' lang='lat' dir='ltr'><strong>sunt,</strong></span> <span class='ocrx_word' id='word_1_238' title='bbox 1081 3006 1175 3060; x_wconf 88' lang='lat' dir='ltr'><strong>sed</strong></span> <span class='ocrx_word' id='word_1_239' title='bbox 1206 3006 1469 3075; x_wconf 89' lang='lat' dir='ltr'><strong>impetum</strong></span> <span class='ocrx_word' id='word_1_240' title='bbox 1501 3000 1745 3093; x_wconf 73' lang='lat' dir='ltr'><strong>feritatis.</strong></span> <span class='ocrx_word' id='word_1_241' title='bbox 1913 2998 2051 3093; x_wconf 88' lang='lat' dir='ltr'><strong>irra-</strong></span> 
     </span>
    </p>
   </div>
   <div class='ocr_carea' id='block_1_34' title="bbox 458 3086 2053 3170">
    <p class='ocr_par' dir='ltr' id='par_1_34' title="bbox 458 3086 2053 3170">
     <span class='ocr_line' id='line_1_34' title="bbox 458 3086 2053 3170; baseline -0.018 -3"><span class='ocrx_word' id='word_1_242' title='bbox 458 3086 698 3167; x_wconf 79' lang='lat' dir='ltr'><strong>tionabili</strong></span> <span class='ocrx_word' id='word_1_243' title='bbox 733 3115 967 3170; x_wconf 86' lang='lat' dir='ltr'><strong>namque</strong></span> <span class='ocrx_word' id='word_1_244' title='bbox 996 3095 1206 3152; x_wconf 67' lang='lat' dir='ltr'><strong>saevitia</strong></span> <span class='ocrx_word' id='word_1_245' title='bbox 1234 3093 1303 3148; x_wconf 90' lang='lat' dir='ltr'><strong>ad</strong></span> <span class='ocrx_word' id='word_1_246' title='bbox 1331 3090 1618 3146; x_wconf 87' lang='lat' dir='ltr'><strong>rationalis</strong></span> <span class='ocrx_word' id='word_1_247' title='bbox 1638 3086 1851 3144; x_wconf 90' lang='lat' dir='ltr'><strong>consilii</strong></span> <span class='ocrx_word' id='word_1_248' title='bbox 1880 3087 2053 3141; x_wconf 90' lang='lat' dir='ltr'><strong>inten-</strong></span> 
     </span>
    </p>
   </div>
   <div class='ocr_carea' id='block_1_35' title="bbox 457 3176 2051 3257">
    <p class='ocr_par' dir='ltr' id='par_1_35' title="bbox 457 3176 2051 3257">
     <span class='ocr_line' id='line_1_35' title="bbox 457 3176 2051 3257; baseline -0.017 0"><span class='ocrx_word' id='word_1_249' title='bbox 457 3202 660 3257; x_wconf 89' lang='lat' dir='ltr'><strong>tionem</strong></span> <span class='ocrx_word' id='word_1_250' title='bbox 692 3209 785 3249; x_wconf 88' lang='lat' dir='ltr'><strong>eos</strong></span> <span class='ocrx_word' id='word_1_251' title='bbox 814 3187 1024 3245; x_wconf 83' lang='lat' dir='ltr'><strong>Veritas</strong></span> <span class='ocrx_word' id='word_1_252' title='bbox 1054 3198 1311 3240; x_wconf 89' lang='lat' dir='ltr'><strong>revocare</strong></span> <span class='ocrx_word' id='word_1_253' title='bbox 1342 3180 1609 3251; x_wconf 84' lang='lat' dir='ltr'><strong>capiebat,</strong></span> <span class='ocrx_word' id='word_1_254' title='bbox 1634 3177 1861 3233; x_wconf 91' lang='lat' dir='ltr'><strong>dicens:</strong></span> <span class='ocrx_word' id='word_1_255' title='bbox 1885 3176 2051 3231; x_wconf 86' lang='lat' dir='ltr'><strong>Scru-</strong></span> 
     </span>
    </p>
   </div>
   <div class='ocr_carea' id='block_1_36' title="bbox 461 3265 2050 3350">
    <p class='ocr_par' dir='ltr' id='par_1_36' title="bbox 461 3265 2050 3350">
     <span class='ocr_line' id='line_1_36' title="bbox 461 3265 2050 3350; baseline -0.016 -5"><span class='ocrx_word' id='word_1_256' title='bbox 461 3287 669 3346; x_wconf 86' lang='lat' dir='ltr'><strong>tamini</strong></span> <span class='ocrx_word' id='word_1_257' title='bbox 707 3281 1056 3350; x_wconf 84' lang='lat' dir='ltr'><strong>Scripturas,</strong></span> <span class='ocrx_word' id='word_1_258' title='bbox 1089 3273 1220 3346; x_wconf 86' lang='lat' dir='ltr'><strong>quia</strong></span> <span class='ocrx_word' id='word_1_259' title='bbox 1243 3287 1335 3327; x_wconf 81' lang='lat' dir='ltr'><strong>vos</strong></span> <span class='ocrx_word' id='word_1_260' title='bbox 1365 3271 1428 3324; x_wconf 89' lang='lat' dir='ltr'><strong>in</strong></span> <span class='ocrx_word' id='word_1_261' title='bbox 1457 3270 1595 3340; x_wconf 87' lang='lat' dir='ltr'><strong>ipsis</strong></span> <span class='ocrx_word' id='word_1_262' title='bbox 1621 3269 1842 3331; x_wconf 78' lang='lat' dir='ltr'><strong>putatis</strong></span> <span class='ocrx_word' id='word_1_263' title='bbox 1872 3265 2050 3320; x_wconf 87' lang='lat' dir='ltr'><strong>vitam</strong></span> 
     </span>
    </p>
   </div>
   <div class='ocr_carea' id='block_1_37' title="bbox 457 3353 2051 3435">
    <p class='ocr_par' dir='ltr' id='par_1_37' title="bbox 457 3353 2051 3435">
     <span class='ocr_line' id='line_1_37' title="bbox 457 3353 2051 3435; baseline -0.017 -1"><span class='ocrx_word' id='word_1_264' title='bbox 457 3382 735 3435; x_wconf 79' lang='lat' dir='ltr'><strong>aeternam</strong></span> <span class='ocrx_word' id='word_1_265' title='bbox 766 3369 991 3435; x_wconf 85' lang='lat' dir='ltr'><strong>habere;</strong></span> <span class='ocrx_word' id='word_1_266' title='bbox 1025 3369 1080 3420; x_wconf 88' lang='lat' dir='ltr'><strong>et</strong></span> <span class='ocrx_word' id='word_1_267' title='bbox 1111 3363 1228 3419; x_wconf 72' lang='lat' dir='ltr'><strong>illa:</strong></span> <span class='ocrx_word' id='word_1_268' title='bbox 1250 3360 1642 3416; x_wconf 86' lang='lat' dir='ltr'><strong>testimonium</strong></span> <span class='ocrx_word' id='word_1_269' title='bbox 1670 3354 1968 3427; x_wconf 78' lang='lat' dir='ltr'><strong>perhibent</strong></span> <span class='ocrx_word' id='word_1_270' title='bbox 1984 3353 2051 3409; x_wconf 89' lang='lat' dir='ltr'><strong>de</strong></span> 
     </span>
    </p>
   </div>
   <div class='ocr_carea' id='block_1_38' title="bbox 457 3443 2052 3535">
    <p class='ocr_par' dir='ltr' id='par_1_38' title="bbox 457 3443 2052 3535">
     <span class='ocr_line' id='line_1_38' title="bbox 457 3443 2052 3535; baseline -0.018 -10"><span class='ocrx_word' id='word_1_271' title='bbox 457 3483 548 3524; x_wconf 87' lang='lat' dir='ltr'><strong>me</strong></span> <span class='ocrx_word' id='word_1_272' title='bbox 568 3466 749 3535; x_wconf 82' lang='lat' dir='ltr'><strong>(Joan.</strong></span> <span class='ocrx_word' id='word_1_273' title='bbox 780 3475 832 3523; x_wconf 88' lang='lat' dir='ltr'><strong>v,</strong></span> <span class='ocrx_word' id='word_1_274' title='bbox 868 3456 978 3525; x_wconf 89' lang='lat'><strong>39).</strong></span> <span class='ocrx_word' id='word_1_275' title='bbox 1010 3452 1165 3509; x_wconf 88' lang='lat' dir='ltr'><strong>Unde</strong></span> <span class='ocrx_word' id='word_1_276' title='bbox 1195 3458 1246 3505; x_wconf 90' lang='lat' dir='ltr'><strong>et</strong></span> <span class='ocrx_word' id='word_1_277' title='bbox 1276 3448 1361 3503; x_wconf 89' lang='lat' dir='ltr'><strong>hic</strong></span> <span class='ocrx_word' id='word_1_278' title='bbox 1384 3462 1600 3518; x_wconf 86' lang='lat' dir='ltr'><strong>quoque</strong></span> <span class='ocrx_word' id='word_1_279' title='bbox 1626 3445 1834 3535; x_wconf 84' lang='lat' dir='ltr'><strong>dicitur</strong></span> <span class='ocrx_word' id='word_1_280' title='bbox 1870 3461 1883 3497; x_wconf 91' lang='lat'><strong>:</strong></span> <span class='ocrx_word' id='word_1_281' title='bbox 1923 3443 2052 3510; x_wconf 69' lang='lat' dir='ltr'><strong>Quae</strong></span> 
     </span>
    </p>
   </div>
   <div class='ocr_carea' id='block_1_39' title="bbox 464 3534 2048 3630">
    <p class='ocr_par' dir='ltr' id='par_1_39' title="bbox 464 3534 2048 3630">
     <span class='ocr_line' id='line_1_39' title="bbox 464 3534 2048 3630; baseline -0.018 -18"><span class='ocrx_word' id='word_1_282' title='bbox 464 3552 706 3630; x_wconf 72' lang='lat' dir='ltr'><strong>prwcepi</strong></span> <span class='ocrx_word' id='word_1_283' title='bbox 726 3552 789 3604; x_wconf 90' lang='lat' dir='ltr'><strong>ut</strong></span> <span class='ocrx_word' id='word_1_284' title='bbox 815 3545 1132 3616; x_wconf 71' lang='lat' dir='ltr'><strong>afferentur</strong></span> <span class='ocrx_word' id='word_1_285' title='bbox 1159 3540 1224 3630; x_wconf 83' lang='lat' dir='ltr'><strong>in</strong></span> <span class='ocrx_word' id='word_1_286' title='bbox 1254 3538 1483 3630; x_wconf 81' lang='lat' dir='ltr'><strong>templo.</strong></span> <span class='ocrx_word' id='word_1_287' title='bbox 1516 3537 1578 3589; x_wconf 92' lang='lat' dir='ltr'><strong>In</strong></span> <span class='ocrx_word' id='word_1_288' title='bbox 1624 3534 1745 3630; x_wconf 80' lang='lat' dir='ltr'><strong>lege</strong></span> <span class='ocrx_word' id='word_1_289' title='bbox 1795 3546 2048 3601; x_wconf 86' lang='lat' dir='ltr'><strong>namque,</strong></span> 
     </span>
    </p>
   </div>
   <div class='ocr_carea' id='block_1_40' title="bbox 456 3621 2053 3717">
    <p class='ocr_par' dir='ltr' id='par_1_40' title="bbox 456 3621 2053 3717">
     <span class='ocr_line' id='line_1_40' title="bbox 456 3621 2053 3717; baseline -0.017 -18"><span class='ocrx_word' id='word_1_290' title='bbox 456 3621 703 3717; x_wconf 75' lang='lat' dir='ltr'><strong>psalmis,</strong></span> <span class='ocrx_word' id='word_1_291' title='bbox 736 3644 788 3691; x_wconf 86' lang='lat' dir='ltr'><strong>et</strong></span> <span class='ocrx_word' id='word_1_292' title='bbox 818 3630 1096 3706; x_wconf 86' lang='lat' dir='ltr'><strong>prophetis</strong></span> <span class='ocrx_word' id='word_1_293' title='bbox 1125 3628 1385 3698; x_wconf 89' lang='lat' dir='ltr'><strong>scriptum</strong></span> <span class='ocrx_word' id='word_1_294' title='bbox 1417 3625 1485 3679; x_wconf 91' lang='lat' dir='ltr'><strong>de</strong></span> <span class='ocrx_word' id='word_1_295' title='bbox 1514 3621 1782 3693; x_wconf 88' lang='lat' dir='ltr'><strong>passione,</strong></span> <span class='ocrx_word' id='word_1_296' title='bbox 1808 3635 2053 3674; x_wconf 87' lang='lat' dir='ltr'><strong>resurre-</strong></span> 
     </span>
    </p>
   </div>
   <div class='ocr_carea' id='block_1_41' title="bbox 456 3709 2041 3790">
    <p class='ocr_par' dir='ltr' id='par_1_41' title="bbox 456 3709 2041 3790">
     <span class='ocr_line' id='line_1_41' title="bbox 456 3709 2041 3790; baseline -0.018 0"><span class='ocrx_word' id='word_1_297' title='bbox 456 3709 632 3790; x_wconf 74' lang='lat' dir='ltr'><strong>ctione</strong></span> <span class='ocrx_word' id='word_1_298' title='bbox 662 3723 901 3788; x_wconf 90' lang='lat' dir='ltr'><strong>Domini,</strong></span> <span class='ocrx_word' id='word_1_299' title='bbox 935 3728 987 3776; x_wconf 89' lang='lat' dir='ltr'><strong>et</strong></span> <span class='ocrx_word' id='word_1_300' title='bbox 1014 3714 1337 3773; x_wconf 88' lang='lat' dir='ltr'><strong>universalis</strong></span> <span class='ocrx_word' id='word_1_301' title='bbox 1365 3712 1625 3768; x_wconf 70' lang='lat' dir='ltr'><strong>Ecclesiae</strong></span> <span class='ocrx_word' id='word_1_302' title='bbox 1655 3717 1796 3765; x_wconf 89' lang='lat' dir='ltr'><strong>statu</strong></span> <span class='ocrx_word' id='word_1_303' title='bbox 1843 3709 2041 3764; x_wconf 83' lang='lat' dir='ltr'><strong>fuerat.</strong></span> 
     </span>
    </p>
   </div>
   <div class='ocr_carea' id='block_1_42' title="bbox 457 3800 2052 3885">
    <p class='ocr_par' dir='ltr' id='par_1_42' title="bbox 457 3800 2052 3885">
     <span class='ocr_line' id='line_1_42' title="bbox 457 3800 2052 3885; baseline -0.016 -7"><span class='ocrx_word' id='word_1_304' title='bbox 457 3821 620 3879; x_wconf 90' lang='lat' dir='ltr'><strong>Calce</strong></span> <span class='ocrx_word' id='word_1_305' title='bbox 652 3830 783 3885; x_wconf 85' lang='lat' dir='ltr'><strong>ergo</strong></span> <span class='ocrx_word' id='word_1_306' title='bbox 807 3813 1118 3881; x_wconf 70' lang='lat' dir='ltr'><strong>Synagogte</strong></span> <span class='ocrx_word' id='word_1_307' title='bbox 1148 3802 1422 3876; x_wconf 71' lang='lat' dir='ltr'><strong>praepositi</strong></span> <span class='ocrx_word' id='word_1_308' title='bbox 1444 3800 1716 3855; x_wconf 83' lang='lat' dir='ltr'><strong>victimam</strong></span> <span class='ocrx_word' id='word_1_309' title='bbox 1746 3805 1797 3853; x_wconf 90' lang='lat' dir='ltr'><strong>et</strong></span> <span class='ocrx_word' id='word_1_310' title='bbox 1828 3811 2052 3853; x_wconf 88' lang='lat' dir='ltr'><strong>munera</strong></span> 
     </span>
    </p>
   </div>
   <div class='ocr_carea' id='block_1_43' title="bbox 457 3887 2048 3970">
    <p class='ocr_par' dir='ltr' id='par_1_43' title="bbox 457 3887 2048 3970">
     <span class='ocr_line' id='line_1_43' title="bbox 457 3887 2048 3970; baseline -0.017 -4"><span class='ocrx_word' id='word_1_311' title='bbox 457 3905 676 3967; x_wconf 88' lang='lat' dir='ltr'><strong>Domini</strong></span> <span class='ocrx_word' id='word_1_312' title='bbox 706 3905 758 3958; x_wconf 90' lang='lat' dir='ltr'><strong>in</strong></span> <span class='ocrx_word' id='word_1_313' title='bbox 790 3898 993 3970; x_wconf 88' lang='lat' dir='ltr'><strong>templo</strong></span> <span class='ocrx_word' id='word_1_314' title='bbox 1023 3894 1243 3950; x_wconf 89' lang='lat' dir='ltr'><strong>Domini</strong></span> <span class='ocrx_word' id='word_1_315' title='bbox 1289 3890 1469 3947; x_wconf 81' lang='lat' dir='ltr'><strong>offerri</strong></span> <span class='ocrx_word' id='word_1_316' title='bbox 1512 3888 1671 3959; x_wconf 88' lang='lat' dir='ltr'><strong>jussa</strong></span> <span class='ocrx_word' id='word_1_317' title='bbox 1717 3887 2048 3958; x_wconf 89' lang='lat' dir='ltr'><strong>repulerunt,</strong></span> 
     </span>
    </p>
   </div>
   <div class='ocr_carea' id='block_1_44' title="bbox 459 3975 2052 4070">
    <p class='ocr_par' dir='ltr' id='par_1_44' title="bbox 459 3975 2052 4070">
     <span class='ocr_line' id='line_1_44' title="bbox 459 3975 2052 4070; baseline -0.016 -17"><span class='ocrx_word' id='word_1_318' title='bbox 459 3999 582 4070; x_wconf 92' lang='lat' dir='ltr'><strong>quia</strong></span> <span class='ocrx_word' id='word_1_319' title='bbox 619 3992 868 4065; x_wconf 87' lang='lat' dir='ltr'><strong>profecto</strong></span> <span class='ocrx_word' id='word_1_320' title='bbox 899 3983 1340 4058; x_wconf 82' lang='lat' dir='ltr'><strong>praedicationem</strong></span> <span class='ocrx_word' id='word_1_321' title='bbox 1386 3986 1582 4033; x_wconf 72' lang='lat' dir='ltr'><strong>sanctae</strong></span> <span class='ocrx_word' id='word_1_322' title='bbox 1630 3975 2052 4070; x_wconf 27' lang='lat' dir='ltr'><strong>Ecclesiaetno-n</strong></span> 
     </span>
    </p>
   </div>
   <div class='ocr_carea' id='block_1_45' title="bbox 461 4062 2051 4157">
    <p class='ocr_par' dir='ltr' id='par_1_45' title="bbox 461 4062 2051 4157">
     <span class='ocr_line' id='line_1_45' title="bbox 461 4062 2051 4157; baseline -0.017 -13"><span class='ocrx_word' id='word_1_323' title='bbox 461 4062 761 4157; x_wconf 60' lang='lat' dir='ltr'><strong>écripturaa</strong></span> <span class='ocrx_word' id='word_1_324' title='bbox 782 4084 981 4134; x_wconf 69' lang='lat' dir='ltr'><strong>sancta:</strong></span> <span class='ocrx_word' id='word_1_325' title='bbox 1000 4071 1316 4128; x_wconf 88' lang='lat' dir='ltr'><strong>auctoritate</strong></span> <span class='ocrx_word' id='word_1_326' title='bbox 1344 4068 1652 4157; x_wconf 71' lang='lat' dir='ltr'><strong>discutere,</strong></span> <span class='ocrx_word' id='word_1_327' title='bbox 1666 4065 1762 4121; x_wconf 86' lang='lat' dir='ltr'><strong>sed</strong></span> <span class='ocrx_word' id='word_1_328' title='bbox 1784 4064 1902 4121; x_wconf 93' lang='lat' dir='ltr'><strong>solo</strong></span> <span class='ocrx_word' id='word_1_329' title='bbox 1923 4062 2051 4157; x_wconf 79' lang='lat' dir='ltr'><strong>feri-</strong></span> 
     </span>
    </p>
   </div>
   <div class='ocr_carea' id='block_1_46' title="bbox 458 4151 2049 4238">
    <p class='ocr_par' dir='ltr' id='par_1_46' title="bbox 458 4151 2049 4238">
     <span class='ocr_line' id='line_1_46' title="bbox 458 4151 2049 4238; baseline -0.018 -6"><span class='ocrx_word' id='word_1_330' title='bbox 458 4151 722 4232; x_wconf 42' lang='lat' dir='ltr'><strong>tatis-suae</strong></span> <span class='ocrx_word' id='word_1_331' title='bbox 750 4170 953 4238; x_wconf 91' lang='lat' dir='ltr'><strong>impetu</strong></span> <span class='ocrx_word' id='word_1_332' title='bbox 992 4160 1292 4233; x_wconf 88' lang='lat' dir='ltr'><strong>reprobare</strong></span> <span class='ocrx_word' id='word_1_333' title='bbox 1340 4165 1501 4229; x_wconf 88' lang='lat' dir='ltr'><strong>atque</strong></span> <span class='ocrx_word' id='word_1_334' title='bbox 1552 4155 1785 4225; x_wconf 88' lang='lat' dir='ltr'><strong>abjicere</strong></span> <span class='ocrx_word' id='word_1_335' title='bbox 1831 4151 2049 4209; x_wconf 88' lang='lat' dir='ltr'><strong>conati-</strong></span> 
     </span>
    </p>
   </div>
   <div class='ocr_carea' id='block_1_47' title="bbox 456 4240 2051 4326">
    <p class='ocr_par' dir='ltr' id='par_1_47' title="bbox 456 4240 2051 4326">
     <span class='ocr_line' id='line_1_47' title="bbox 456 4240 2051 4326; baseline -0.018 -3"><span class='ocrx_word' id='word_1_336' title='bbox 456 4272 599 4323; x_wconf 88' lang='lat' dir='ltr'><strong>sunt.</strong></span> <span class='ocrx_word' id='word_1_337' title='bbox 631 4262 766 4317; x_wconf 87' lang='lat' dir='ltr'><strong>Nam</strong></span> <span class='ocrx_word' id='word_1_338' title='bbox 790 4256 835 4311; x_wconf 92' lang='lat' dir='ltr'><strong>si</strong></span> <span class='ocrx_word' id='word_1_339' title='bbox 853 4258 1125 4326; x_wconf 70' lang='lat' dir='ltr'><strong>praecepta</strong></span> <span class='ocrx_word' id='word_1_340' title='bbox 1144 4249 1246 4303; x_wconf 91' lang='lat' dir='ltr'><strong>Dei</strong></span> <span class='ocrx_word' id='word_1_341' title='bbox 1270 4246 1326 4300; x_wconf 89' lang='lat' dir='ltr'><strong>in</strong></span> <span class='ocrx_word' id='word_1_342' title='bbox 1346 4261 1498 4300; x_wconf 90' lang='lat' dir='ltr'><strong>sacro</strong></span> <span class='ocrx_word' id='word_1_343' title='bbox 1520 4244 1734 4314; x_wconf 89' lang='lat' dir='ltr'><strong>eloquio</strong></span> <span class='ocrx_word' id='word_1_344' title='bbox 1754 4240 2051 4296; x_wconf 90' lang='lat' dir='ltr'><strong>illuminata</strong></span> 
     </span>
    </p>
   </div>
   <div class='ocr_carea' id='block_1_48' title="bbox 457 4328 2050 4411">
    <p class='ocr_par' dir='ltr' id='par_1_48' title="bbox 457 4328 2050 4411">
     <span class='ocr_line' id='line_1_48' title="bbox 457 4328 2050 4411; baseline -0.019 1"><span class='ocrx_word' id='word_1_345' title='bbox 457 4356 640 4411; x_wconf 88' lang='lat' dir='ltr'><strong>mente</strong></span> <span class='ocrx_word' id='word_1_346' title='bbox 670 4345 1035 4406; x_wconf 85' lang='lat' dir='ltr'><strong>consulerent,</strong></span> <span class='ocrx_word' id='word_1_347' title='bbox 1059 4345 1276 4393; x_wconf 88' lang='lat' dir='ltr'><strong>sanctos</strong></span> <span class='ocrx_word' id='word_1_348' title='bbox 1306 4332 1713 4405; x_wconf 62' lang='lat' dir='ltr'><strong>praedicatores,</strong></span> <span class='ocrx_word' id='word_1_349' title='bbox 1738 4345 1873 4399; x_wconf 89' lang='lat' dir='ltr'><strong>quos</strong></span> <span class='ocrx_word' id='word_1_350' title='bbox 1902 4328 2050 4383; x_wconf 84' lang='lat' dir='ltr'><strong>fero-</strong></span> 
     </span>
    </p>
   </div>
   <div class='ocr_carea' id='block_1_49' title="bbox 456 4416 2050 4507">
    <p class='ocr_par' dir='ltr' id='par_1_49' title="bbox 456 4416 2050 4507">
     <span class='ocr_line' id='line_1_49' title="bbox 456 4416 2050 4507; baseline -0.019 -7"><span class='ocrx_word' id='word_1_351' title='bbox 456 4445 589 4501; x_wconf 84' lang='lat' dir='ltr'><strong>citer</strong></span> <span class='ocrx_word' id='word_1_352' title='bbox 617 4437 887 4507; x_wconf 88' lang='lat' dir='ltr'><strong>abjecere,</strong></span> <span class='ocrx_word' id='word_1_353' title='bbox 919 4426 1070 4498; x_wconf 89' lang='lat' dir='ltr'><strong>quasi</strong></span> <span class='ocrx_word' id='word_1_354' title='bbox 1101 4426 1169 4480; x_wconf 89' lang='lat' dir='ltr'><strong>ad</strong></span> <span class='ocrx_word' id='word_1_355' title='bbox 1196 4440 1256 4478; x_wconf 90' lang='lat' dir='ltr'><strong>se</strong></span> <span class='ocrx_word' id='word_1_356' title='bbox 1287 4422 1391 4476; x_wconf 89' lang='lat' dir='ltr'><strong>mis</strong></span> <span class='ocrx_word' id='word_1_357' title='bbox 1420 4437 1480 4476; x_wconf 92' lang='lat' dir='ltr'><strong>os</strong></span> <span class='ocrx_word' id='word_1_358' title='bbox 1509 4419 1763 4475; x_wconf 87' lang='lat' dir='ltr'><strong>divinitus</strong></span> <span class='ocrx_word' id='word_1_359' title='bbox 1806 4416 2050 4487; x_wconf 90' lang='lat' dir='ltr'><strong>recepis-</strong></span> 
     </span>
    </p>
   </div>
   <div class='ocr_carea' id='block_1_50' title="bbox 2156 513 3754 590">
    <p class='ocr_par' dir='ltr' id='par_1_50' title="bbox 2156 513 3754 590">
     <span class='ocr_line' id='line_1_50' title="bbox 2156 513 3754 590; baseline 0.004 -24"><span class='ocrx_word' id='word_1_360' title='bbox 2156 529 2280 567; x_wconf 89' lang='lat' dir='ltr'><strong>nem</strong></span> <span class='ocrx_word' id='word_1_361' title='bbox 2330 513 2611 569; x_wconf 89' lang='lat' dir='ltr'><strong>doctorum</strong></span> <span class='ocrx_word' id='word_1_362' title='bbox 2643 515 2872 581; x_wconf 88' lang='lat' dir='ltr'><strong>videtur,</strong></span> <span class='ocrx_word' id='word_1_363' title='bbox 2906 516 2995 587; x_wconf 90' lang='lat' dir='ltr'><strong>qui</strong></span> <span class='ocrx_word' id='word_1_364' title='bbox 3026 516 3231 572; x_wconf 90' lang='lat' dir='ltr'><strong>idcirco</strong></span> <span class='ocrx_word' id='word_1_365' title='bbox 3280 516 3334 571; x_wconf 92' lang='lat' dir='ltr'><strong>in</strong></span> <span class='ocrx_word' id='word_1_366' title='bbox 3376 517 3754 590; x_wconf 82' lang='lat' dir='ltr'><strong>Redemptoris</strong></span> 
     </span>
    </p>
   </div>
   <div class='ocr_carea' id='block_1_51' title="bbox 2160 599 3756 671">
    <p class='ocr_par' dir='ltr' id='par_1_51' title="bbox 2160 599 3756 671">
     <span class='ocr_line' id='line_1_51' title="bbox 2160 599 3756 671; baseline 0.005 -20"><span class='ocrx_word' id='word_1_367' title='bbox 2160 608 2339 653; x_wconf 92' lang='lat' dir='ltr'><strong>morte</strong></span> <span class='ocrx_word' id='word_1_368' title='bbox 2372 599 2685 666; x_wconf 91' lang='lat' dir='ltr'><strong>consensit,</strong></span> <span class='ocrx_word' id='word_1_369' title='bbox 2737 601 2885 671; x_wconf 92' lang='lat' dir='ltr'><strong>quod</strong></span> <span class='ocrx_word' id='word_1_370' title='bbox 2926 600 3262 657; x_wconf 89' lang='lat' dir='ltr'><strong>oblationum</strong></span> <span class='ocrx_word' id='word_1_371' title='bbox 3309 609 3558 657; x_wconf 85' lang='lat' dir='ltr'><strong>veterum</strong></span> <span class='ocrx_word' id='word_1_372' title='bbox 3603 604 3756 660; x_wconf 89' lang='lat' dir='ltr'><strong>lucra</strong></span> 
     </span>
    </p>
   </div>
   <div class='ocr_carea' id='block_1_52' title="bbox 2157 686 3754 748">
    <p class='ocr_par' dir='ltr' id='par_1_52' title="bbox 2157 686 3754 748">
     <span class='ocr_line' id='line_1_52' title="bbox 2157 686 3754 748; baseline 0.006 -9"><span class='ocrx_word' id='word_1_373' title='bbox 2157 686 2403 742; x_wconf 86' lang='lat' dir='ltr'><strong>amittere</strong></span> <span class='ocrx_word' id='word_1_374' title='bbox 2436 686 2760 743; x_wconf 77' lang='lat' dir='ltr'><strong>formidavit.</strong></span> <span class='ocrx_word' id='word_1_375' title='bbox 2792 690 2945 746; x_wconf 90' lang='lat' dir='ltr'><strong>Unde</strong></span> <span class='ocrx_word' id='word_1_376' title='bbox 2977 698 3027 745; x_wconf 92' lang='lat' dir='ltr'><strong>et</strong></span> <span class='ocrx_word' id='word_1_377' title='bbox 3053 690 3184 746; x_wconf 89' lang='lat' dir='ltr'><strong>inito</strong></span> <span class='ocrx_word' id='word_1_378' title='bbox 3209 691 3438 747; x_wconf 90' lang='lat' dir='ltr'><strong>consilio</strong></span> <span class='ocrx_word' id='word_1_379' title='bbox 3459 708 3579 747; x_wconf 87' lang='lat' dir='ltr'><strong>cum</strong></span> <span class='ocrx_word' id='word_1_380' title='bbox 3609 693 3754 748; x_wconf 89' lang='lat' dir='ltr'><strong>Pha-</strong></span> 
     </span>
    </p>
   </div>
   <div class='ocr_carea' id='block_1_53' title="bbox 2158 776 3757 852">
    <p class='ocr_par' dir='ltr' id='par_1_53' title="bbox 2158 776 3757 852">
     <span class='ocr_line' id='line_1_53' title="bbox 2158 776 3757 852; baseline 0.006 -23"><span class='ocrx_word' id='word_1_381' title='bbox 2158 776 2348 845; x_wconf 71' lang='lat' dir='ltr'><strong>rizesis,</strong></span> <span class='ocrx_word' id='word_1_382' title='bbox 2367 776 2623 832; x_wconf 84' lang='lat' dir='ltr'><strong>dicebant</strong></span> <span class='ocrx_word' id='word_1_383' title='bbox 2652 797 2663 832; x_wconf 87' lang='lat'><strong>:</strong></span> <span class='ocrx_word' id='word_1_384' title='bbox 2687 778 2829 845; x_wconf 83' lang='lat' dir='ltr'><strong>Quid</strong></span> <span class='ocrx_word' id='word_1_385' title='bbox 2844 780 3111 850; x_wconf 81' lang='lat' dir='ltr'><strong>facimus,</strong></span> <span class='ocrx_word' id='word_1_386' title='bbox 3128 782 3261 852; x_wconf 86' lang='lat' dir='ltr'><strong>quia</strong></span> <span class='ocrx_word' id='word_1_387' title='bbox 3281 780 3371 835; x_wconf 89' lang='lat' dir='ltr'><strong>hic</strong></span> <span class='ocrx_word' id='word_1_388' title='bbox 3386 779 3547 838; x_wconf 87' lang='lat' dir='ltr'><strong>homo</strong></span> <span class='ocrx_word' id='word_1_389' title='bbox 3568 783 3757 838; x_wconf 88' lang='lat' dir='ltr'><strong>multa</strong></span> 
     </span>
    </p>
   </div>
   <div class='ocr_carea' id='block_1_54' title="bbox 2159 864 3757 937">
    <p class='ocr_par' dir='ltr' id='par_1_54' title="bbox 2159 864 3757 937">
     <span class='ocr_line' id='line_1_54' title="bbox 2159 864 3757 937; baseline 0.006 -19"><span class='ocrx_word' id='word_1_390' title='bbox 2159 864 2323 934; x_wconf 87' lang='lat' dir='ltr'><strong>signa</strong></span> <span class='ocrx_word' id='word_1_391' title='bbox 2350 867 2535 936; x_wconf 81' lang='lat' dir='ltr'><strong>facit?</strong></span> <span class='ocrx_word' id='word_1_392' title='bbox 2562 867 2622 923; x_wconf 88' lang='lat' dir='ltr'><strong>Si</strong></span> <span class='ocrx_word' id='word_1_393' title='bbox 2641 868 2993 925; x_wconf 81' lang='lat' dir='ltr'><strong>dimittimus</strong></span> <span class='ocrx_word' id='word_1_394' title='bbox 3021 885 3150 925; x_wconf 88' lang='lat' dir='ltr'><strong>eum</strong></span> <span class='ocrx_word' id='word_1_395' title='bbox 3175 870 3275 937; x_wconf 85' lang='lat' dir='ltr'><strong>sic,</strong></span> <span class='ocrx_word' id='word_1_396' title='bbox 3306 885 3500 926; x_wconf 86' lang='lat' dir='ltr'><strong>omnes</strong></span> <span class='ocrx_word' id='word_1_397' title='bbox 3522 870 3757 927; x_wconf 84' lang='lat' dir='ltr'><strong>credent</strong></span> 
     </span>
    </p>
   </div>
   <div class='ocr_carea' id='block_1_55' title="bbox 2158 952 3755 1028">
    <p class='ocr_par' dir='ltr' id='par_1_55' title="bbox 2158 952 3755 1028">
     <span class='ocr_line' id='line_1_55' title="bbox 2158 952 3755 1028; baseline 0.006 -22"><span class='ocrx_word' id='word_1_398' title='bbox 2158 952 2224 1007; x_wconf 89' lang='lat' dir='ltr'><strong>in</strong></span> <span class='ocrx_word' id='word_1_399' title='bbox 2265 970 2415 1020; x_wconf 89' lang='lat' dir='ltr'><strong>eum,</strong></span> <span class='ocrx_word' id='word_1_400' title='bbox 2447 959 2503 1010; x_wconf 86' lang='lat' dir='ltr'><strong>et</strong></span> <span class='ocrx_word' id='word_1_401' title='bbox 2532 957 2764 1012; x_wconf 83' lang='lat' dir='ltr'><strong>venient</strong></span> <span class='ocrx_word' id='word_1_402' title='bbox 2796 960 3050 1028; x_wconf 82' lang='lat' dir='ltr'><strong>Romani,</strong></span> <span class='ocrx_word' id='word_1_403' title='bbox 3110 964 3167 1015; x_wconf 86' lang='lat' dir='ltr'><strong>et</strong></span> <span class='ocrx_word' id='word_1_404' title='bbox 3225 959 3434 1015; x_wconf 82' lang='lat' dir='ltr'><strong>tollent</strong></span> <span class='ocrx_word' id='word_1_405' title='bbox 3489 964 3755 1016; x_wconf 88' lang='lat' dir='ltr'><strong>nostrum</strong></span> 
     </span>
    </p>
   </div>
   <div class='ocr_carea' id='block_1_56' title="bbox 2163 1042 3750 1117">
    <p class='ocr_par' dir='ltr' id='par_1_56' title="bbox 2163 1042 3750 1117">
     <span class='ocr_line' id='line_1_56' title="bbox 2163 1042 3750 1117; baseline 0.005 -21"><span class='ocrx_word' id='word_1_406' title='bbox 2163 1042 2345 1097; x_wconf 86' lang='lat' dir='ltr'><strong>locum</strong></span> <span class='ocrx_word' id='word_1_407' title='bbox 2376 1047 2430 1099; x_wconf 86' lang='lat' dir='ltr'><strong>et</strong></span> <span class='ocrx_word' id='word_1_408' title='bbox 2458 1049 2689 1115; x_wconf 84' lang='lat' dir='ltr'><strong>gentem</strong></span> <span class='ocrx_word' id='word_1_409' title='bbox 2730 1045 2920 1116; x_wconf 89' lang='lat' dir='ltr'><strong>(Joan.</strong></span> <span class='ocrx_word' id='word_1_410' title='bbox 2968 1063 3045 1113; x_wconf 75' lang='grc' dir='ltr'><strong>χι,</strong></span> <span class='ocrx_word' id='word_1_411' title='bbox 3105 1048 3192 1116; x_wconf 79' lang='grc'><strong>47,</strong></span> <span class='ocrx_word' id='word_1_412' title='bbox 3236 1048 3347 1117; x_wconf 79' lang='grc'>48).</span> <span class='ocrx_word' id='word_1_413' title='bbox 3392 1048 3462 1103; x_wconf 86' lang='lat' dir='ltr'><strong>Et</strong></span> <span class='ocrx_word' id='word_1_414' title='bbox 3509 1048 3702 1104; x_wconf 88' lang='lat' dir='ltr'><strong>iterum</strong></span> <span class='ocrx_word' id='word_1_415' title='bbox 3738 1067 3750 1104; x_wconf 89' lang='lat'>:</span> 
     </span>
    </p>
   </div>
   <div class='ocr_carea' id='block_1_57' title="bbox 2174 1129 3758 1207">
    <p class='ocr_par' dir='ltr' id='par_1_57' title="bbox 2174 1129 3758 1207">
     <span class='ocr_line' id='line_1_57' title="bbox 2174 1129 3758 1207; baseline 0.006 -23"><span class='ocrx_word' id='word_1_416' title='bbox 2174 1129 2369 1188; x_wconf 87' lang='lat' dir='ltr'><strong>Videte</strong></span> <span class='ocrx_word' id='word_1_417' title='bbox 2398 1134 2531 1205; x_wconf 85' lang='lat' dir='ltr'><strong>quia</strong></span> <span class='ocrx_word' id='word_1_418' title='bbox 2550 1136 2700 1190; x_wconf 87' lang='lat' dir='ltr'><strong>nihil</strong></span> <span class='ocrx_word' id='word_1_419' title='bbox 2737 1134 3105 1207; x_wconf 81' lang='lat' dir='ltr'><strong>proﬁcimus;</strong></span> <span class='ocrx_word' id='word_1_420' title='bbox 3147 1151 3272 1192; x_wconf 84' lang='lat' dir='ltr'><strong>ecce</strong></span> <span class='ocrx_word' id='word_1_421' title='bbox 3319 1137 3566 1193; x_wconf 87' lang='lat' dir='ltr'><strong>mundus</strong></span> <span class='ocrx_word' id='word_1_422' title='bbox 3607 1141 3758 1194; x_wconf 84' lang='lat' dir='ltr'><strong>totus</strong></span> 
     </span>
    </p>
   </div>
   <div class='ocr_carea' id='block_1_58' title="bbox 2159 1222 3759 1297">
    <p class='ocr_par' dir='ltr' id='par_1_58' title="bbox 2159 1222 3759 1297">
     <span class='ocr_line' id='line_1_58' title="bbox 2159 1222 3759 1297; baseline 0.004 -22"><span class='ocrx_word' id='word_1_423' title='bbox 2159 1223 2283 1292; x_wconf 85' lang='lat' dir='ltr'><strong>post</strong></span> <span class='ocrx_word' id='word_1_424' title='bbox 2330 1237 2460 1277; x_wconf 87' lang='lat' dir='ltr'><strong>eum</strong></span> <span class='ocrx_word' id='word_1_425' title='bbox 2510 1222 2663 1277; x_wconf 83' lang='lat' dir='ltr'><strong>vadit</strong></span> <span class='ocrx_word' id='word_1_426' title='bbox 2712 1224 2873 1284; x_wconf 82' lang='lat' dir='ltr'><strong>(Ibid.</strong></span> <span class='ocrx_word' id='word_1_427' title='bbox 2924 1240 3029 1291; x_wconf 83' lang='lat' dir='ltr'><strong>xu,</strong></span> <span class='ocrx_word' id='word_1_428' title='bbox 3071 1226 3179 1294; x_wconf 82' lang='grc'>19).</span> <span class='ocrx_word' id='word_1_429' title='bbox 3220 1225 3348 1280; x_wconf 89' lang='lat' dir='ltr'><strong>Ideo</strong></span> <span class='ocrx_word' id='word_1_430' title='bbox 3397 1226 3571 1297; x_wconf 83' lang='lat' dir='ltr'><strong>igitur</strong></span> <span class='ocrx_word' id='word_1_431' title='bbox 3619 1224 3759 1281; x_wconf 80' lang='lat' dir='ltr'><strong>filios</strong></span> 
     </span>
    </p>
   </div>
   <div class='ocr_carea' id='block_1_59' title="bbox 2162 1310 3759 1385">
    <p class='ocr_par' dir='ltr' id='par_1_59' title="bbox 2162 1310 3759 1385">
     <span class='ocr_line' id='line_1_59' title="bbox 2162 1310 3759 1385; baseline 0.003 -22"><span class='ocrx_word' id='word_1_432' title='bbox 2162 1310 2473 1378; x_wconf 87' lang='lat' dir='ltr'><strong>honoravit,</strong></span> <span class='ocrx_word' id='word_1_433' title='bbox 2495 1319 2551 1365; x_wconf 89' lang='lat' dir='ltr'><strong>ut</strong></span> <span class='ocrx_word' id='word_1_434' title='bbox 2570 1313 2940 1382; x_wconf 88' lang='lat' dir='ltr'><strong>comederent,</strong></span> <span class='ocrx_word' id='word_1_435' title='bbox 2966 1313 3094 1385; x_wconf 90' lang='lat' dir='ltr'><strong>quia</strong></span> <span class='ocrx_word' id='word_1_436' title='bbox 3123 1330 3155 1368; x_wconf 90' lang='lat' dir='ltr'><strong>a</strong></span> <span class='ocrx_word' id='word_1_437' title='bbox 3171 1314 3574 1385; x_wconf 64' lang='lat' dir='ltr'><strong>praedicationis</strong></span> <span class='ocrx_word' id='word_1_438' title='bbox 3590 1313 3759 1370; x_wconf 84' lang='lat' dir='ltr'><strong>inten-</strong></span> 
     </span>
    </p>
   </div>
   <div class='ocr_carea' id='block_1_60' title="bbox 2161 1397 3758 1467">
    <p class='ocr_par' dir='ltr' id='par_1_60' title="bbox 2161 1397 3758 1467">
     <span class='ocr_line' id='line_1_60' title="bbox 2161 1397 3758 1467; baseline 0.004 -15"><span class='ocrx_word' id='word_1_439' title='bbox 2161 1397 2307 1453; x_wconf 88' lang='lat' dir='ltr'><strong>tione</strong></span> <span class='ocrx_word' id='word_1_440' title='bbox 2353 1399 2629 1467; x_wconf 88' lang='lat' dir='ltr'><strong>conticuit,</strong></span> <span class='ocrx_word' id='word_1_441' title='bbox 2673 1402 2874 1456; x_wconf 89' lang='lat' dir='ltr'><strong>nedum</strong></span> <span class='ocrx_word' id='word_1_442' title='bbox 2922 1402 3202 1457; x_wconf 87' lang='lat' dir='ltr'><strong>veritatem</strong></span> <span class='ocrx_word' id='word_1_443' title='bbox 3244 1419 3400 1459; x_wconf 80' lang='lat' dir='ltr'><strong>novae</strong></span> <span class='ocrx_word' id='word_1_444' title='bbox 3461 1402 3758 1458; x_wconf 80' lang='lat' dir='ltr'><strong>oblationis</strong></span> 
     </span>
    </p>
   </div>
   <div class='ocr_carea' id='block_1_61' title="bbox 2163 1489 3758 1562">
    <p class='ocr_par' dir='ltr' id='par_1_61' title="bbox 2163 1489 3758 1562">
     <span class='ocr_line' id='line_1_61' title="bbox 2163 1489 3758 1562; baseline 0.003 -21"><span class='ocrx_word' id='word_1_445' title='bbox 2163 1496 2447 1555; x_wconf 88' lang='lat' dir='ltr'><strong>assereret,</strong></span> <span class='ocrx_word' id='word_1_446' title='bbox 2470 1489 2669 1544; x_wconf 87' lang='lat' dir='ltr'><strong>habere</strong></span> <span class='ocrx_word' id='word_1_447' title='bbox 2689 1490 2916 1545; x_wconf 89' lang='lat' dir='ltr'><strong>ulterius</strong></span> <span class='ocrx_word' id='word_1_448' title='bbox 2943 1491 3011 1545; x_wconf 89' lang='lat' dir='ltr'><strong>ad</strong></span> <span class='ocrx_word' id='word_1_449' title='bbox 3032 1492 3329 1562; x_wconf 83' lang='lat' dir='ltr'><strong>voluptatis</strong></span> <span class='ocrx_word' id='word_1_450' title='bbox 3347 1508 3461 1547; x_wconf 69' lang='lat' dir='ltr'><strong>suae</strong></span> <span class='ocrx_word' id='word_1_451' title='bbox 3482 1492 3758 1546; x_wconf 85' lang='lat' dir='ltr'><strong>luxuriam</strong></span> 
     </span>
    </p>
   </div>
   <div class='ocr_carea' id='block_1_62' title="bbox 2162 1578 3759 1653">
    <p class='ocr_par' dir='ltr' id='par_1_62' title="bbox 2162 1578 3759 1653">
     <span class='ocr_line' id='line_1_62' title="bbox 2162 1578 3759 1653; baseline 0.001 -21"><span class='ocrx_word' id='word_1_452' title='bbox 2162 1584 2349 1632; x_wconf 81' lang='lat' dir='ltr'><strong>vetera</strong></span> <span class='ocrx_word' id='word_1_453' title='bbox 2378 1593 2486 1632; x_wconf 89' lang='lat' dir='ltr'><strong>non</strong></span> <span class='ocrx_word' id='word_1_454' title='bbox 2506 1578 2733 1634; x_wconf 87' lang='lat' dir='ltr'><strong>valeret.</strong></span> <span class='ocrx_word' id='word_1_455' title='bbox 2758 1578 2895 1648; x_wconf 89' lang='lat' dir='ltr'><strong>Quia</strong></span> <span class='ocrx_word' id='word_1_456' title='bbox 2916 1596 3047 1653; x_wconf 87' lang='lat' dir='ltr'><strong>ergo</strong></span> <span class='ocrx_word' id='word_1_457' title='bbox 3072 1581 3500 1652; x_wconf 83' lang='lat' dir='ltr'><strong>magnitudinem</strong></span> <span class='ocrx_word' id='word_1_458' title='bbox 3523 1581 3759 1650; x_wconf 89' lang='lat' dir='ltr'><strong>qualita-</strong></span> 
     </span>
    </p>
   </div>
   <div class='ocr_carea' id='block_1_63' title="bbox 2163 1669 3758 1741">
    <p class='ocr_par' dir='ltr' id='par_1_63' title="bbox 2163 1669 3758 1741">
     <span class='ocr_line' id='line_1_63' title="bbox 2163 1669 3758 1741; baseline 0.004 -22"><span class='ocrx_word' id='word_1_459' title='bbox 2163 1672 2382 1738; x_wconf 85' lang='lat' dir='ltr'><strong>temque</strong></span> <span class='ocrx_word' id='word_1_460' title='bbox 2396 1673 2574 1721; x_wconf 87' lang='lat' dir='ltr'><strong>reatus</strong></span> <span class='ocrx_word' id='word_1_461' title='bbox 2587 1669 2855 1738; x_wconf 82' lang='lat' dir='ltr'><strong>exposuit,</strong></span> <span class='ocrx_word' id='word_1_462' title='bbox 2871 1669 3269 1737; x_wconf 90' lang='lat' dir='ltr'><strong>videamusjam</strong></span> <span class='ocrx_word' id='word_1_463' title='bbox 3287 1677 3488 1741; x_wconf 89' lang='lat' dir='ltr'><strong>quanta</strong></span> <span class='ocrx_word' id='word_1_464' title='bbox 3503 1670 3758 1741; x_wconf 65' lang='lat' dir='ltr'><strong>aequitate</strong></span> 
     </span>
    </p>
   </div>
   <div class='ocr_carea' id='block_1_64' title="bbox 2164 1755 3757 1814">
    <p class='ocr_par' dir='ltr' id='par_1_64' title="bbox 2164 1755 3757 1814">
     <span class='ocr_line' id='line_1_64' title="bbox 2164 1755 3757 1814; baseline 0.001 -5"><span class='ocrx_word' id='word_1_465' title='bbox 2164 1755 2431 1809; x_wconf 85' lang='lat' dir='ltr'><strong>examinis</strong></span> <span class='ocrx_word' id='word_1_466' title='bbox 2452 1757 2670 1811; x_wconf 92' lang='lat' dir='ltr'><strong>modum</strong></span> <span class='ocrx_word' id='word_1_467' title='bbox 2701 1758 2940 1812; x_wconf 88' lang='lat' dir='ltr'><strong>insinuet</strong></span> <span class='ocrx_word' id='word_1_468' title='bbox 2958 1758 3200 1813; x_wconf 85' lang='lat' dir='ltr'><strong>ultionis.</strong></span> <span class='ocrx_word' id='word_1_469' title='bbox 3222 1759 3361 1814; x_wconf 87' lang='lat' dir='ltr'><strong>Nam</strong></span> <span class='ocrx_word' id='word_1_470' title='bbox 3385 1758 3626 1813; x_wconf 88' lang='lat' dir='ltr'><strong>subdens</strong></span> <span class='ocrx_word' id='word_1_471' title='bbox 3645 1758 3757 1812; x_wconf 89' lang='lat' dir='ltr'><strong>ait:</strong></span> 
     </span>
    </p>
   </div>
   <div class='ocr_carea' id='block_1_65' title="bbox 2236 1845 3754 1916">
    <p class='ocr_par' dir='ltr' id='par_1_65' title="bbox 2236 1845 3754 1916">
     <span class='ocr_line' id='line_1_65' title="bbox 2236 1845 3754 1916; baseline 0.003 -18"><span class='ocrx_word' id='word_1_472' title='bbox 2236 1845 2416 1913; x_wconf 87' lang='lat' dir='ltr'><strong>(Vers.</strong></span> <span class='ocrx_word' id='word_1_473' title='bbox 2457 1848 2582 1916; x_wconf 87' lang='lat'><strong>30.)</strong></span> <span class='ocrx_word' id='word_1_474' title='bbox 2614 1849 2917 1916; x_wconf 83' lang='lat' dir='ltr'><strong>Propterea</strong></span> <span class='ocrx_word' id='word_1_475' title='bbox 2946 1849 3031 1903; x_wconf 88' lang='lat' dir='ltr'><strong>ait</strong></span> <span class='ocrx_word' id='word_1_476' title='bbox 3061 1849 3331 1904; x_wconf 78' lang='lat' dir='ltr'><strong>Dominus</strong></span> <span class='ocrx_word' id='word_1_477' title='bbox 3360 1849 3506 1904; x_wconf 88' lang='lat' dir='ltr'><strong>Deus</strong></span> <span class='ocrx_word' id='word_1_478' title='bbox 3527 1848 3705 1904; x_wconf 85' lang='lat' dir='ltr'><strong>Israel</strong></span> <span class='ocrx_word' id='word_1_479' title='bbox 3734 1865 3754 1903; x_wconf 93' lang='lat'><strong><em>:</em></strong></span> 
     </span>
    </p>
   </div>
   <div class='ocr_carea' id='block_1_66' title="bbox 2163 1934 3757 2009">
    <p class='ocr_par' dir='ltr' id='par_1_66' title="bbox 2163 1934 3757 2009">
     <span class='ocr_line' id='line_1_66' title="bbox 2163 1934 3757 2009; baseline 0.003 -20"><span class='ocrx_word' id='word_1_480' title='bbox 2163 1935 2410 2006; x_wconf 86' lang='lat' dir='ltr'><strong>Loquens</strong></span> <span class='ocrx_word' id='word_1_481' title='bbox 2434 1934 2657 1991; x_wconf 86' lang='lat' dir='ltr'><strong>locutus</strong></span> <span class='ocrx_word' id='word_1_482' title='bbox 2686 1952 2832 2004; x_wconf 86' lang='lat' dir='ltr'><strong>sum,</strong></span> <span class='ocrx_word' id='word_1_483' title='bbox 2849 1941 2914 1991; x_wconf 89' lang='lat' dir='ltr'><strong>ut</strong></span> <span class='ocrx_word' id='word_1_484' title='bbox 2944 1938 3140 1992; x_wconf 86' lang='lat' dir='ltr'><strong>domus</strong></span> <span class='ocrx_word' id='word_1_485' title='bbox 3161 1941 3259 1994; x_wconf 90' lang='lat' dir='ltr'><strong>tua</strong></span> <span class='ocrx_word' id='word_1_486' title='bbox 3278 1941 3333 1993; x_wconf 89' lang='lat' dir='ltr'><strong>et</strong></span> <span class='ocrx_word' id='word_1_487' title='bbox 3354 1938 3549 1994; x_wconf 86' lang='lat' dir='ltr'><strong>domus</strong></span> <span class='ocrx_word' id='word_1_488' title='bbox 3568 1939 3757 2009; x_wconf 87' lang='lat' dir='ltr'><strong>patris</strong></span> 
     </span>
    </p>
   </div>
   <div class='ocr_carea' id='block_1_67' title="bbox 2164 2024 3755 2098">
    <p class='ocr_par' dir='ltr' id='par_1_67' title="bbox 2164 2024 3755 2098">
     <span class='ocr_line' id='line_1_67' title="bbox 2164 2024 3755 2098; baseline 0.003 -20"><span class='ocrx_word' id='word_1_489' title='bbox 2164 2025 2251 2079; x_wconf 85' lang='lat' dir='ltr'><strong>tui</strong></span> <span class='ocrx_word' id='word_1_490' title='bbox 2279 2024 2638 2080; x_wconf 79' lang='lat' dir='ltr'><strong>ministraret</strong></span> <span class='ocrx_word' id='word_1_491' title='bbox 2672 2026 2733 2080; x_wconf 87' lang='lat' dir='ltr'><strong>in</strong></span> <span class='ocrx_word' id='word_1_492' title='bbox 2767 2030 3072 2098; x_wconf 86' lang='lat' dir='ltr'><strong>conspectu</strong></span> <span class='ocrx_word' id='word_1_493' title='bbox 3099 2043 3245 2092; x_wconf 89' lang='lat' dir='ltr'><strong>meo,</strong></span> <span class='ocrx_word' id='word_1_494' title='bbox 3274 2027 3468 2083; x_wconf 86' lang='lat' dir='ltr'><strong>amodo</strong></span> <span class='ocrx_word' id='word_1_495' title='bbox 3496 2030 3554 2082; x_wconf 82' lang='lat' dir='ltr'><strong>et</strong></span> <span class='ocrx_word' id='word_1_496' title='bbox 3581 2040 3755 2098; x_wconf 82' lang='lat' dir='ltr'><strong>usque</strong></span> 
     </span>
    </p>
   </div>
   <div class='ocr_carea' id='block_1_68' title="bbox 2160 2113 3596 2183">
    <p class='ocr_par' dir='ltr' id='par_1_68' title="bbox 2160 2113 3596 2183">
     <span class='ocr_line' id='line_1_68' title="bbox 2160 2113 3596 2183; baseline 0.001 -15"><span class='ocrx_word' id='word_1_497' title='bbox 2160 2113 2222 2168; x_wconf 86' lang='lat' dir='ltr'><strong>in</strong></span> <span class='ocrx_word' id='word_1_498' title='bbox 2252 2114 2680 2183; x_wconf 85' lang='lat' dir='ltr'><strong>sempiternum.</strong></span> <span class='ocrx_word' id='word_1_499' title='bbox 2719 2115 2877 2171; x_wconf 84' lang='lat' dir='ltr'><strong>Nunc</strong></span> <span class='ocrx_word' id='word_1_500' title='bbox 2906 2119 3095 2172; x_wconf 86' lang='lat' dir='ltr'><strong>autem</strong></span> <span class='ocrx_word' id='word_1_501' title='bbox 3119 2117 3263 2172; x_wconf 87' lang='lat' dir='ltr'><strong>absit</strong></span> <span class='ocrx_word' id='word_1_502' title='bbox 3295 2115 3393 2172; x_wconf 89' lang='lat' dir='ltr'><strong>hoc</strong></span> <span class='ocrx_word' id='word_1_503' title='bbox 3422 2133 3457 2172; x_wconf 90' lang='lat' dir='ltr'><strong>a</strong></span> <span class='ocrx_word' id='word_1_504' title='bbox 3484 2131 3596 2172; x_wconf 87' lang='lat' dir='ltr'><strong>me.</strong></span> 
     </span>
    </p>
   </div>
   <div class='ocr_carea' id='block_1_69' title="bbox 2228 2201 3754 2276">
    <p class='ocr_par' dir='ltr' id='par_1_69' title="bbox 2228 2201 3754 2276">
     <span class='ocr_line' id='line_1_69' title="bbox 2228 2201 3754 2276; baseline 0 -18"><span class='ocrx_word' id='word_1_505' title='bbox 2228 2205 2326 2259; x_wconf 74' lang='grc'>29.</span> <span class='ocrx_word' id='word_1_506' title='bbox 2375 2201 2539 2271; x_wconf 87' lang='lat' dir='ltr'><strong>Quasi</strong></span> <span class='ocrx_word' id='word_1_507' title='bbox 2588 2212 2779 2274; x_wconf 90' lang='lat' dir='ltr'><strong>aperta</strong></span> <span class='ocrx_word' id='word_1_508' title='bbox 2821 2220 3176 2276; x_wconf 89' lang='lat' dir='ltr'><strong>congruaque</strong></span> <span class='ocrx_word' id='word_1_509' title='bbox 3220 2205 3487 2260; x_wconf 87' lang='lat' dir='ltr'><strong>sententia</strong></span> <span class='ocrx_word' id='word_1_510' title='bbox 3532 2203 3754 2271; x_wconf 80' lang='lat' dir='ltr'><strong>feriens,</strong></span> 
     </span>
    </p>
   </div>
   <div class='ocr_carea' id='block_1_70' title="bbox 2159 2289 3758 2362">
    <p class='ocr_par' dir='ltr' id='par_1_70' title="bbox 2159 2289 3758 2362">
     <span class='ocr_line' id='line_1_70' title="bbox 2159 2289 3758 2362; baseline 0 -17"><span class='ocrx_word' id='word_1_511' title='bbox 2159 2289 2305 2345; x_wconf 90' lang='lat' dir='ltr'><strong>dicat</strong></span> <span class='ocrx_word' id='word_1_512' title='bbox 2336 2309 2348 2346; x_wconf 91' lang='lat'>:</span> <span class='ocrx_word' id='word_1_513' title='bbox 2381 2290 2467 2345; x_wconf 90' lang='lat' dir='ltr'><strong>Tu</strong></span> <span class='ocrx_word' id='word_1_514' title='bbox 2497 2291 2638 2347; x_wconf 82' lang='lat' dir='ltr'><strong>filios</strong></span> <span class='ocrx_word' id='word_1_515' title='bbox 2684 2300 2803 2347; x_wconf 91' lang='lat' dir='ltr'><strong>tuos</strong></span> <span class='ocrx_word' id='word_1_516' title='bbox 2848 2294 3143 2362; x_wconf 88' lang='lat' dir='ltr'><strong>honorasti,</strong></span> <span class='ocrx_word' id='word_1_517' title='bbox 3176 2302 3233 2348; x_wconf 91' lang='lat' dir='ltr'><strong>ut</strong></span> <span class='ocrx_word' id='word_1_518' title='bbox 3281 2294 3459 2349; x_wconf 90' lang='lat' dir='ltr'><strong>omnis</strong></span> <span class='ocrx_word' id='word_1_519' title='bbox 3502 2291 3758 2348; x_wconf 84' lang='lat' dir='ltr'><strong>sacrificii</strong></span> 
     </span>
    </p>
   </div>
   <div class='ocr_carea' id='block_1_71' title="bbox 2158 2381 3762 2452">
    <p class='ocr_par' dir='ltr' id='par_1_71' title="bbox 2158 2381 3762 2452">
     <span class='ocr_line' id='line_1_71' title="bbox 2158 2381 3762 2452; baseline 0.002 -19"><span class='ocrx_word' id='word_1_520' title='bbox 2158 2381 2424 2451; x_wconf 89' lang='lat' dir='ltr'><strong>primitias</strong></span> <span class='ocrx_word' id='word_1_521' title='bbox 2454 2382 2718 2445; x_wconf 85' lang='lat' dir='ltr'><strong>ederetis;</strong></span> <span class='ocrx_word' id='word_1_522' title='bbox 2762 2382 2857 2436; x_wconf 87' lang='lat' dir='ltr'><strong>sed</strong></span> <span class='ocrx_word' id='word_1_523' title='bbox 2903 2382 3028 2437; x_wconf 89' lang='lat' dir='ltr'><strong>ideo</strong></span> <span class='ocrx_word' id='word_1_524' title='bbox 3058 2383 3215 2439; x_wconf 87' lang='lat' dir='ltr'><strong>vobis</strong></span> <span class='ocrx_word' id='word_1_525' title='bbox 3241 2383 3603 2452; x_wconf 87' lang='lat' dir='ltr'><strong>primitiarum</strong></span> <span class='ocrx_word' id='word_1_526' title='bbox 3629 2382 3762 2451; x_wconf 86' lang='lat' dir='ltr'><strong>jura</strong></span> 
     </span>
    </p>
   </div>
   <div class='ocr_carea' id='block_1_72' title="bbox 2159 2470 3760 2543">
    <p class='ocr_par' dir='ltr' id='par_1_72' title="bbox 2159 2470 3760 2543">
     <span class='ocr_line' id='line_1_72' title="bbox 2159 2470 3760 2543; baseline 0.001 -19"><span class='ocrx_word' id='word_1_527' title='bbox 2159 2470 2489 2539; x_wconf 84' lang='lat' dir='ltr'><strong>auferuntur,</strong></span> <span class='ocrx_word' id='word_1_528' title='bbox 2524 2472 2649 2541; x_wconf 88' lang='lat' dir='ltr'><strong>quia</strong></span> <span class='ocrx_word' id='word_1_529' title='bbox 2688 2471 2915 2543; x_wconf 83' lang='lat' dir='ltr'><strong>indigne</strong></span> <span class='ocrx_word' id='word_1_530' title='bbox 2956 2472 3205 2527; x_wconf 90' lang='lat' dir='ltr'><strong>honorati</strong></span> <span class='ocrx_word' id='word_1_531' title='bbox 3252 2480 3396 2528; x_wconf 90' lang='lat' dir='ltr'><strong>sunt.</strong></span> <span class='ocrx_word' id='word_1_532' title='bbox 3441 2470 3583 2541; x_wconf 90' lang='lat' dir='ltr'><strong>Quid</strong></span> <span class='ocrx_word' id='word_1_533' title='bbox 3611 2473 3760 2527; x_wconf 88' lang='lat' dir='ltr'><strong>enirn</strong></span> 
     </span>
    </p>
   </div>
   <div class='ocr_carea' id='block_1_73' title="bbox 2159 2560 3761 2617">
    <p class='ocr_par' dir='ltr' id='par_1_73' title="bbox 2159 2560 3761 2617">
     <span class='ocr_line' id='line_1_73' title="bbox 2159 2560 3761 2617; baseline 0.001 -4"><span class='ocrx_word' id='word_1_534' title='bbox 2159 2567 2237 2614; x_wconf 89' lang='lat' dir='ltr'><strong>est</strong></span> <span class='ocrx_word' id='word_1_535' title='bbox 2267 2560 2446 2615; x_wconf 88' lang='lat' dir='ltr'><strong>dicere</strong></span> <span class='ocrx_word' id='word_1_536' title='bbox 2480 2576 2493 2615; x_wconf 89' lang='lat'>:</span> <span class='ocrx_word' id='word_1_537' title='bbox 2527 2561 2681 2616; x_wconf 80' lang='lat' dir='ltr'><strong>Absit</strong></span> <span class='ocrx_word' id='word_1_538' title='bbox 2716 2576 2751 2615; x_wconf 91' lang='lat' dir='ltr'><strong>a</strong></span> <span class='ocrx_word' id='word_1_539' title='bbox 2791 2576 2880 2616; x_wconf 87' lang='lat' dir='ltr'><strong>me</strong></span> <span class='ocrx_word' id='word_1_540' title='bbox 2911 2565 2977 2616; x_wconf 88' lang='lat' dir='ltr'><strong>ut</strong></span> <span class='ocrx_word' id='word_1_541' title='bbox 3010 2562 3206 2617; x_wconf 87' lang='lat' dir='ltr'><strong>domus</strong></span> <span class='ocrx_word' id='word_1_542' title='bbox 3243 2565 3342 2616; x_wconf 86' lang='lat' dir='ltr'><strong>tua</strong></span> <span class='ocrx_word' id='word_1_543' title='bbox 3372 2561 3665 2617; x_wconf 84' lang='lat' dir='ltr'><strong>ministret</strong></span> <span class='ocrx_word' id='word_1_544' title='bbox 3694 2560 3761 2615; x_wconf 83' lang='lat' dir='ltr'><strong>in</strong></span> 
     </span>
    </p>
   </div>
   <div class='ocr_carea' id='block_1_74' title="bbox 2157 2646 3760 2721">
    <p class='ocr_par' dir='ltr' id='par_1_74' title="bbox 2157 2646 3760 2721">
     <span class='ocr_line' id='line_1_74' title="bbox 2157 2646 3760 2721; baseline -0.002 -15"><span class='ocrx_word' id='word_1_545' title='bbox 2157 2654 2458 2721; x_wconf 82' lang='lat' dir='ltr'><strong>conspectu</strong></span> <span class='ocrx_word' id='word_1_546' title='bbox 2478 2665 2618 2715; x_wconf 89' lang='lat' dir='ltr'><strong>meo,</strong></span> <span class='ocrx_word' id='word_1_547' title='bbox 2641 2650 2744 2704; x_wconf 90' lang='lat' dir='ltr'><strong>nisi</strong></span> <span class='ocrx_word' id='word_1_548' title='bbox 2778 2669 2796 2705; x_wconf 91' lang='lat'><strong><em>:</em></strong></span> <span class='ocrx_word' id='word_1_549' title='bbox 2826 2650 2907 2706; x_wconf 82' lang='lat' dir='ltr'><strong>Ab</strong></span> <span class='ocrx_word' id='word_1_550' title='bbox 2937 2650 3032 2704; x_wconf 91' lang='lat' dir='ltr'><strong>illo</strong></span> <span class='ocrx_word' id='word_1_551' title='bbox 3062 2667 3159 2705; x_wconf 90' lang='lat' dir='ltr'><strong>vos</strong></span> <span class='ocrx_word' id='word_1_552' title='bbox 3187 2650 3383 2720; x_wconf 90' lang='lat' dir='ltr'><strong>dejicio</strong></span> <span class='ocrx_word' id='word_1_553' title='bbox 3415 2649 3649 2704; x_wconf 89' lang='lat' dir='ltr'><strong>culmine</strong></span> <span class='ocrx_word' id='word_1_554' title='bbox 3672 2646 3760 2703; x_wconf 90' lang='lat' dir='ltr'><strong>cui</strong></span> 
     </span>
    </p>
   </div>
   <div class='ocr_carea' id='block_1_75' title="bbox 2156 2737 3761 2808">
    <p class='ocr_par' dir='ltr' id='par_1_75' title="bbox 2156 2737 3761 2808">
     <span class='ocr_line' id='line_1_75' title="bbox 2156 2737 3761 2808; baseline 0 -16"><span class='ocrx_word' id='word_1_555' title='bbox 2156 2738 2515 2808; x_wconf 88' lang='lat' dir='ltr'><strong>primitiarum</strong></span> <span class='ocrx_word' id='word_1_556' title='bbox 2542 2739 2663 2807; x_wconf 87' lang='lat' dir='ltr'><strong>jura</strong></span> <span class='ocrx_word' id='word_1_557' title='bbox 2693 2738 3075 2793; x_wconf 84' lang='lat' dir='ltr'><strong>debebantur?</strong></span> <span class='ocrx_word' id='word_1_558' title='bbox 3117 2739 3253 2793; x_wconf 85' lang='lat' dir='ltr'><strong>Mira</strong></span> <span class='ocrx_word' id='word_1_559' title='bbox 3295 2738 3459 2806; x_wconf 75' lang='lat' dir='ltr'><strong>igitur</strong></span> <span class='ocrx_word' id='word_1_560' title='bbox 3487 2737 3761 2808; x_wconf 77' lang='lat' dir='ltr'><strong>aequitatis</strong></span> 
     </span>
    </p>
   </div>
   <div class='ocr_carea' id='block_1_76' title="bbox 2158 2827 3758 2897">
    <p class='ocr_par' dir='ltr' id='par_1_76' title="bbox 2158 2827 3758 2897">
     <span class='ocr_line' id='line_1_76' title="bbox 2158 2827 3758 2897; baseline -0.001 -16"><span class='ocrx_word' id='word_1_561' title='bbox 2158 2827 2506 2882; x_wconf 84' lang='lat' dir='ltr'><strong>exsecutione</strong></span> <span class='ocrx_word' id='word_1_562' title='bbox 2526 2828 2949 2897; x_wconf 89' lang='lat' dir='ltr'><strong>comprehensus</strong></span> <span class='ocrx_word' id='word_1_563' title='bbox 2977 2835 3076 2895; x_wconf 89' lang='lat' dir='ltr'><strong>est,</strong></span> <span class='ocrx_word' id='word_1_564' title='bbox 3109 2827 3198 2897; x_wconf 92' lang='lat' dir='ltr'><strong>qui</strong></span> <span class='ocrx_word' id='word_1_565' title='bbox 3231 2827 3372 2881; x_wconf 90' lang='lat' dir='ltr'><strong>unde</strong></span> <span class='ocrx_word' id='word_1_566' title='bbox 3392 2827 3758 2896; x_wconf 86' lang='lat' dir='ltr'><strong>primitiarum</strong></span> 
     </span>
    </p>
   </div>
   <div class='ocr_carea' id='block_1_77' title="bbox 2159 2916 3759 2986">
    <p class='ocr_par' dir='ltr' id='par_1_77' title="bbox 2159 2916 3759 2986">
     <span class='ocr_line' id='line_1_77' title="bbox 2159 2916 3759 2986; baseline -0.001 -15"><span class='ocrx_word' id='word_1_567' title='bbox 2159 2932 2308 2971; x_wconf 89' lang='lat' dir='ltr'><strong>esum</strong></span> <span class='ocrx_word' id='word_1_568' title='bbox 2340 2917 2612 2972; x_wconf 90' lang='lat' dir='ltr'><strong>inhianter</strong></span> <span class='ocrx_word' id='word_1_569' title='bbox 2641 2918 2887 2986; x_wconf 87' lang='lat' dir='ltr'><strong>appetiit,</strong></span> <span class='ocrx_word' id='word_1_570' title='bbox 2920 2916 3047 2972; x_wconf 91' lang='lat' dir='ltr'><strong>inde</strong></span> <span class='ocrx_word' id='word_1_571' title='bbox 3091 2932 3123 2970; x_wconf 90' lang='lat' dir='ltr'><strong>a</strong></span> <span class='ocrx_word' id='word_1_572' title='bbox 3163 2916 3527 2986; x_wconf 87' lang='lat' dir='ltr'><strong>primitiarum</strong></span> <span class='ocrx_word' id='word_1_573' title='bbox 3557 2930 3759 2985; x_wconf 81' lang='lat' dir='ltr'><strong>perce-</strong></span> 
     </span>
    </p>
   </div>
   <div class='ocr_carea' id='block_1_78' title="bbox 2158 3003 3759 3075">
    <p class='ocr_par' dir='ltr' id='par_1_78' title="bbox 2158 3003 3759 3075">
     <span class='ocr_line' id='line_1_78' title="bbox 2158 3003 3759 3075; baseline 0 -17"><span class='ocrx_word' id='word_1_574' title='bbox 2158 3006 2342 3075; x_wconf 89' lang='lat' dir='ltr'><strong>ptione</strong></span> <span class='ocrx_word' id='word_1_575' title='bbox 2367 3004 2658 3075; x_wconf 86' lang='lat' dir='ltr'><strong>jejunavit.</strong></span> <span class='ocrx_word' id='word_1_576' title='bbox 2724 3007 2861 3061; x_wconf 88' lang='lat' dir='ltr'><strong>Nam</strong></span> <span class='ocrx_word' id='word_1_577' title='bbox 2891 3005 3308 3075; x_wconf 89' lang='lat' dir='ltr'><strong>Redemptorem</strong></span> <span class='ocrx_word' id='word_1_578' title='bbox 3341 3005 3479 3059; x_wconf 92' lang='lat' dir='ltr'><strong>mori</strong></span> <span class='ocrx_word' id='word_1_579' title='bbox 3516 3003 3759 3074; x_wconf 89' lang='lat' dir='ltr'><strong>pertulit,</strong></span> 
     </span>
    </p>
   </div>
   <div class='ocr_carea' id='block_1_79' title="bbox 2160 3093 3755 3165">
    <p class='ocr_par' dir='ltr' id='par_1_79' title="bbox 2160 3093 3755 3165">
     <span class='ocr_line' id='line_1_79' title="bbox 2160 3093 3755 3165; baseline -0.001 -16"><span class='ocrx_word' id='word_1_580' title='bbox 2160 3110 2228 3149; x_wconf 92' lang='lat' dir='ltr'><strong>ne</strong></span> <span class='ocrx_word' id='word_1_581' title='bbox 2256 3095 2611 3149; x_wconf 86' lang='lat' dir='ltr'><strong>sacerdotalia</strong></span> <span class='ocrx_word' id='word_1_582' title='bbox 2638 3096 2787 3149; x_wconf 81' lang='lat' dir='ltr'><strong>lucra</strong></span> <span class='ocrx_word' id='word_1_583' title='bbox 2817 3095 3084 3165; x_wconf 88' lang='lat' dir='ltr'><strong>perderet,</strong></span> <span class='ocrx_word' id='word_1_584' title='bbox 3118 3095 3215 3149; x_wconf 89' lang='lat' dir='ltr'><strong>sed</strong></span> <span class='ocrx_word' id='word_1_585' title='bbox 3256 3094 3349 3148; x_wconf 90' lang='lat' dir='ltr'><strong>ille</strong></span> <span class='ocrx_word' id='word_1_586' title='bbox 3376 3093 3446 3149; x_wconf 89' lang='lat' dir='ltr'><strong>de</strong></span> <span class='ocrx_word' id='word_1_587' title='bbox 3476 3093 3755 3162; x_wconf 88' lang='lat' dir='ltr'><strong>triumpho</strong></span> 
     </span>
    </p>
   </div>
   <div class='ocr_carea' id='block_1_80' title="bbox 2161 3182 3761 3254">
    <p class='ocr_par' dir='ltr' id='par_1_80' title="bbox 2161 3182 3761 3254">
     <span class='ocr_line' id='line_1_80' title="bbox 2161 3182 3761 3254; baseline 0 -17"><span class='ocrx_word' id='word_1_588' title='bbox 2161 3184 2351 3238; x_wconf 90' lang='lat' dir='ltr'><strong>mortis</strong></span> <span class='ocrx_word' id='word_1_589' title='bbox 2397 3183 2630 3254; x_wconf 89' lang='lat' dir='ltr'><strong>accepit,</strong></span> <span class='ocrx_word' id='word_1_590' title='bbox 2662 3185 2806 3240; x_wconf 91' lang='lat' dir='ltr'><strong>unde</strong></span> <span class='ocrx_word' id='word_1_591' title='bbox 2852 3182 3100 3239; x_wconf 81' lang='lat' dir='ltr'><strong>sacriﬁcii</strong></span> <span class='ocrx_word' id='word_1_592' title='bbox 3147 3183 3346 3239; x_wconf 88' lang='lat' dir='ltr'><strong>veteris</strong></span> <span class='ocrx_word' id='word_1_593' title='bbox 3391 3183 3761 3238; x_wconf 86' lang='lat' dir='ltr'><strong>emolumenta</strong></span> 
     </span>
    </p>
   </div>
   <div class='ocr_carea' id='block_1_81' title="bbox 2161 3272 3758 3345">
    <p class='ocr_par' dir='ltr' id='par_1_81' title="bbox 2161 3272 3758 3345">
     <span class='ocr_line' id='line_1_81' title="bbox 2161 3272 3758 3345; baseline 0 -19"><span class='ocrx_word' id='word_1_594' title='bbox 2161 3272 2440 3329; x_wconf 86' lang='lat' dir='ltr'><strong>destruxit.</strong></span> <span class='ocrx_word' id='word_1_595' title='bbox 2481 3274 2622 3328; x_wconf 88' lang='lat' dir='ltr'><strong>Dicit</strong></span> <span class='ocrx_word' id='word_1_596' title='bbox 2669 3281 2848 3328; x_wconf 90' lang='lat' dir='ltr'><strong>autem</strong></span> <span class='ocrx_word' id='word_1_597' title='bbox 2883 3290 2896 3327; x_wconf 92' lang='lat'>:</span> <span class='ocrx_word' id='word_1_598' title='bbox 2930 3274 3178 3345; x_wconf 86' lang='lat' dir='ltr'><strong>Loquens</strong></span> <span class='ocrx_word' id='word_1_599' title='bbox 3239 3273 3462 3329; x_wconf 87' lang='lat' dir='ltr'><strong>locutus</strong></span> <span class='ocrx_word' id='word_1_600' title='bbox 3508 3286 3655 3339; x_wconf 90' lang='lat' dir='ltr'><strong>sum,</strong></span> <span class='ocrx_word' id='word_1_601' title='bbox 3687 3273 3758 3326; x_wconf 85' lang='lat' dir='ltr'><strong>ut</strong></span> 
     </span>
    </p>
   </div>
   <div class='ocr_carea' id='block_1_82' title="bbox 2160 3362 3760 3437">
    <p class='ocr_par' dir='ltr' id='par_1_82' title="bbox 2160 3362 3760 3437">
     <span class='ocr_line' id='line_1_82' title="bbox 2160 3362 3760 3437; baseline -0.001 -19"><span class='ocrx_word' id='word_1_602' title='bbox 2160 3362 2356 3419; x_wconf 87' lang='lat' dir='ltr'><strong>domus</strong></span> <span class='ocrx_word' id='word_1_603' title='bbox 2389 3366 2490 3419; x_wconf 86' lang='lat' dir='ltr'><strong>tua</strong></span> <span class='ocrx_word' id='word_1_604' title='bbox 2523 3367 2579 3419; x_wconf 88' lang='lat' dir='ltr'><strong>et</strong></span> <span class='ocrx_word' id='word_1_605' title='bbox 2596 3365 2790 3437; x_wconf 83' lang='lat' dir='ltr'><strong>patris</strong></span> <span class='ocrx_word' id='word_1_606' title='bbox 2820 3363 2905 3419; x_wconf 85' lang='lat' dir='ltr'><strong>tui</strong></span> <span class='ocrx_word' id='word_1_607' title='bbox 2933 3364 3299 3418; x_wconf 82' lang='lat' dir='ltr'><strong>ministraret</strong></span> <span class='ocrx_word' id='word_1_608' title='bbox 3343 3364 3408 3416; x_wconf 78' lang='lat' dir='ltr'><strong>in</strong></span> <span class='ocrx_word' id='word_1_609' title='bbox 3448 3363 3760 3433; x_wconf 84' lang='lat' dir='ltr'><strong>conspectu</strong></span> 
     </span>
    </p>
   </div>
   <div class='ocr_carea' id='block_1_83' title="bbox 2160 3449 3765 3519">
    <p class='ocr_par' dir='ltr' id='par_1_83' title="bbox 2160 3449 3765 3519">
     <span class='ocr_line' id='line_1_83' title="bbox 2160 3449 3765 3519; baseline -0.002 -11"><span class='ocrx_word' id='word_1_610' title='bbox 2160 3468 2320 3519; x_wconf 82' lang='lat' dir='ltr'><strong>meo;</strong></span> <span class='ocrx_word' id='word_1_611' title='bbox 2350 3468 2507 3508; x_wconf 81' lang='lat' dir='ltr'><strong>nunc</strong></span> <span class='ocrx_word' id='word_1_612' title='bbox 2547 3458 2740 3508; x_wconf 90' lang='lat' dir='ltr'><strong>autem</strong></span> <span class='ocrx_word' id='word_1_613' title='bbox 2784 3454 2927 3508; x_wconf 82' lang='lat' dir='ltr'><strong>absit</strong></span> <span class='ocrx_word' id='word_1_614' title='bbox 2973 3452 3072 3509; x_wconf 92' lang='lat' dir='ltr'><strong>hoc</strong></span> <span class='ocrx_word' id='word_1_615' title='bbox 3129 3469 3164 3508; x_wconf 89' lang='lat' dir='ltr'><strong>a</strong></span> <span class='ocrx_word' id='word_1_616' title='bbox 3220 3466 3327 3506; x_wconf 86' lang='lat' dir='ltr'><strong>me.</strong></span> <span class='ocrx_word' id='word_1_617' title='bbox 3361 3449 3529 3515; x_wconf 88' lang='lat' dir='ltr'><strong>Quasi</strong></span> <span class='ocrx_word' id='word_1_618' title='bbox 3578 3449 3765 3504; x_wconf 90' lang='lat' dir='ltr'><strong>verbis</strong></span> 
     </span>
    </p>
   </div>
   <div class='ocr_carea' id='block_1_84' title="bbox 2161 3537 3760 3611">
    <p class='ocr_par' dir='ltr' id='par_1_84' title="bbox 2161 3537 3760 3611">
     <span class='ocr_line' id='line_1_84' title="bbox 2161 3537 3760 3611; baseline -0.003 -16"><span class='ocrx_word' id='word_1_619' title='bbox 2161 3542 2519 3611; x_wconf 90' lang='lat' dir='ltr'><strong>apertioribus</strong></span> <span class='ocrx_word' id='word_1_620' title='bbox 2565 3541 2751 3596; x_wconf 87' lang='lat' dir='ltr'><strong>dicat:</strong></span> <span class='ocrx_word' id='word_1_621' title='bbox 2786 3542 2854 3597; x_wconf 87' lang='lat' dir='ltr'><strong>Ut</strong></span> <span class='ocrx_word' id='word_1_622' title='bbox 2905 3542 2962 3594; x_wconf 91' lang='lat' dir='ltr'><strong>in</strong></span> <span class='ocrx_word' id='word_1_623' title='bbox 3009 3548 3156 3595; x_wconf 88' lang='lat' dir='ltr'><strong>tanto</strong></span> <span class='ocrx_word' id='word_1_624' title='bbox 3187 3539 3423 3597; x_wconf 90' lang='lat' dir='ltr'><strong>culmine</strong></span> <span class='ocrx_word' id='word_1_625' title='bbox 3471 3537 3760 3611; x_wconf 85' lang='lat' dir='ltr'><strong>dignitatis</strong></span> 
     </span>
    </p>
   </div>
   <div class='ocr_carea' id='block_1_85' title="bbox 2160 3627 3765 3699">
    <p class='ocr_par' dir='ltr' id='par_1_85' title="bbox 2160 3627 3765 3699">
     <span class='ocr_line' id='line_1_85' title="bbox 2160 3627 3765 3699; baseline -0.001 -16"><span class='ocrx_word' id='word_1_626' title='bbox 2160 3637 2347 3697; x_wconf 89' lang='lat' dir='ltr'><strong>stares,</strong></span> <span class='ocrx_word' id='word_1_627' title='bbox 2379 3638 2429 3686; x_wconf 91' lang='lat' dir='ltr'><strong>te</strong></span> <span class='ocrx_word' id='word_1_628' title='bbox 2446 3630 2754 3699; x_wconf 87' lang='lat' dir='ltr'><strong>frequenter</strong></span> <span class='ocrx_word' id='word_1_629' title='bbox 2781 3630 3056 3697; x_wconf 87' lang='lat' dir='ltr'><strong>admonui,</strong></span> <span class='ocrx_word' id='word_1_630' title='bbox 3088 3630 3184 3684; x_wconf 88' lang='lat' dir='ltr'><strong>sed</strong></span> <span class='ocrx_word' id='word_1_631' title='bbox 3208 3628 3371 3683; x_wconf 90' lang='lat' dir='ltr'><strong>modo</strong></span> <span class='ocrx_word' id='word_1_632' title='bbox 3408 3627 3533 3682; x_wconf 85' lang='lat' dir='ltr'><strong>talis</strong></span> <span class='ocrx_word' id='word_1_633' title='bbox 3560 3643 3669 3681; x_wconf 91' lang='lat' dir='ltr'><strong>non</strong></span> <span class='ocrx_word' id='word_1_634' title='bbox 3702 3641 3765 3681; x_wconf 91' lang='lat' dir='ltr'><strong>es</strong></span> 
     </span>
    </p>
   </div>
   <div class='ocr_carea' id='block_1_86' title="bbox 2163 3714 3761 3789">
    <p class='ocr_par' dir='ltr' id='par_1_86' title="bbox 2163 3714 3761 3789">
     <span class='ocr_line' id='line_1_86' title="bbox 2163 3714 3761 3789; baseline -0.003 -16"><span class='ocrx_word' id='word_1_635' title='bbox 2163 3719 2376 3789; x_wconf 89' lang='lat' dir='ltr'><strong>qualem</strong></span> <span class='ocrx_word' id='word_1_636' title='bbox 2403 3735 2519 3775; x_wconf 90' lang='lat' dir='ltr'><strong>esse</strong></span> <span class='ocrx_word' id='word_1_637' title='bbox 2549 3719 2871 3775; x_wconf 88' lang='lat' dir='ltr'><strong>desideravi.</strong></span> <span class='ocrx_word' id='word_1_638' title='bbox 2904 3718 3061 3787; x_wconf 89' lang='lat' dir='ltr'><strong>Quod</strong></span> <span class='ocrx_word' id='word_1_639' title='bbox 3090 3718 3216 3788; x_wconf 88' lang='lat' dir='ltr'><strong>quia</strong></span> <span class='ocrx_word' id='word_1_640' title='bbox 3244 3718 3299 3771; x_wconf 92' lang='lat' dir='ltr'><strong>in</strong></span> <span class='ocrx_word' id='word_1_641' title='bbox 3326 3716 3537 3771; x_wconf 74' lang='lat' dir='ltr'><strong>Iudaici</strong></span> <span class='ocrx_word' id='word_1_642' title='bbox 3566 3714 3761 3785; x_wconf 89' lang='lat' dir='ltr'><strong>populi</strong></span> 
     </span>
    </p>
   </div>
   <div class='ocr_carea' id='block_1_87' title="bbox 2160 3804 3757 3878">
    <p class='ocr_par' dir='ltr' id='par_1_87' title="bbox 2160 3804 3757 3878">
     <span class='ocr_line' id='line_1_87' title="bbox 2160 3804 3757 3878; baseline -0.003 -16"><span class='ocrx_word' id='word_1_643' title='bbox 2160 3808 2540 3878; x_wconf 87' lang='lat' dir='ltr'><strong>reprobatione</strong></span> <span class='ocrx_word' id='word_1_644' title='bbox 2588 3808 2800 3875; x_wconf 88' lang='lat' dir='ltr'><strong>dicitur,</strong></span> <span class='ocrx_word' id='word_1_645' title='bbox 2842 3808 2911 3863; x_wconf 91' lang='lat' dir='ltr'><strong>de</strong></span> <span class='ocrx_word' id='word_1_646' title='bbox 2951 3807 3138 3863; x_wconf 90' lang='lat' dir='ltr'><strong>ordine</strong></span> <span class='ocrx_word' id='word_1_647' title='bbox 3182 3821 3445 3863; x_wconf 87' lang='lat' dir='ltr'><strong>novorum</strong></span> <span class='ocrx_word' id='word_1_648' title='bbox 3482 3804 3757 3875; x_wconf 83' lang='lat' dir='ltr'><strong>praedica-</strong></span> 
     </span>
    </p>
   </div>
   <div class='ocr_carea' id='block_1_88' title="bbox 2165 3898 2867 3967">
    <p class='ocr_par' dir='ltr' id='par_1_88' title="bbox 2165 3898 2867 3967">
     <span class='ocr_line' id='line_1_88' title="bbox 2165 3898 2867 3967; baseline 0.003 -17"><span class='ocrx_word' id='word_1_649' title='bbox 2165 3904 2339 3952; x_wconf 89' lang='lat' dir='ltr'><strong>torum</strong></span> <span class='ocrx_word' id='word_1_650' title='bbox 2369 3898 2711 3967; x_wconf 88' lang='lat' dir='ltr'><strong>subjunctum</strong></span> <span class='ocrx_word' id='word_1_651' title='bbox 2742 3905 2821 3952; x_wconf 90' lang='lat' dir='ltr'><strong>est</strong></span> <span class='ocrx_word' id='word_1_652' title='bbox 2854 3915 2867 3951; x_wconf 88' lang='lat'><strong>:</strong></span> 
     </span>
    </p>
   </div>
   <div class='ocr_carea' id='block_1_89' title="bbox 2234 3980 3755 4059">
    <p class='ocr_par' dir='ltr' id='par_1_89' title="bbox 2234 3980 3755 4059">
     <span class='ocr_line' id='line_1_89' title="bbox 2234 3980 3755 4059; baseline -0.001 -18"><span class='ocrx_word' id='word_1_653' title='bbox 2234 3987 2407 4056; x_wconf 90' lang='lat' dir='ltr'><strong>(Vers.</strong></span> <span class='ocrx_word' id='word_1_654' title='bbox 2444 3989 2556 4058; x_wconf 89' lang='lat'><strong>30.)</strong></span> <span class='ocrx_word' id='word_1_655' title='bbox 2588 3988 2704 4044; x_wconf 83' lang='lat' dir='ltr'><strong>Sed</strong></span> <span class='ocrx_word' id='word_1_656' title='bbox 2728 3989 2824 4059; x_wconf 87' lang='lat' dir='ltr'><strong>qui</strong></span> <span class='ocrx_word' id='word_1_657' title='bbox 2857 3987 3260 4058; x_wconf 82' lang='lat' dir='ltr'><strong>gloriﬁcaverit</strong></span> <span class='ocrx_word' id='word_1_658' title='bbox 3282 4001 3392 4051; x_wconf 89' lang='lat' dir='ltr'><strong>me,</strong></span> <span class='ocrx_word' id='word_1_659' title='bbox 3425 3980 3755 4055; x_wconf 77' lang='lat' dir='ltr'><strong>glorificabo</strong></span> 
     </span>
    </p>
   </div>
   <div class='ocr_carea' id='block_1_90' title="bbox 2163 4091 2318 4132">
    <p class='ocr_par' dir='ltr' id='par_1_90' title="bbox 2163 4091 2318 4132">
     <span class='ocr_line' id='line_1_90' title="bbox 2163 4091 2318 4132; baseline -0.013 0"><span class='ocrx_word' id='word_1_660' title='bbox 2163 4091 2318 4132; x_wconf 67' lang='lat' dir='ltr'><strong>eunt.</strong></span> 
     </span>
    </p>
   </div>
   <div class='ocr_carea' id='block_1_91' title="bbox 2234 4160 3758 4237">
    <p class='ocr_par' dir='ltr' id='par_1_91' title="bbox 2234 4160 3758 4237">
     <span class='ocr_line' id='line_1_91' title="bbox 2234 4160 3758 4237; baseline -0.003 -18"><span class='ocrx_word' id='word_1_661' title='bbox 2234 4165 2327 4221; x_wconf 88' lang='lat'><strong>30.</strong></span> <span class='ocrx_word' id='word_1_662' title='bbox 2373 4165 2492 4219; x_wconf 86' lang='lat' dir='ltr'><strong>Jam</strong></span> <span class='ocrx_word' id='word_1_663' title='bbox 2541 4164 2742 4235; x_wconf 89' lang='lat' dir='ltr'><strong>quippe</strong></span> <span class='ocrx_word' id='word_1_664' title='bbox 2782 4163 3134 4237; x_wconf 84' lang='lat' dir='ltr'><strong>gloriﬁcantis</strong></span> <span class='ocrx_word' id='word_1_665' title='bbox 3181 4162 3415 4237; x_wconf 87' lang='lat' dir='ltr'><strong>gloriam</strong></span> <span class='ocrx_word' id='word_1_666' title='bbox 3464 4160 3758 4228; x_wconf 89' lang='lat' dir='ltr'><strong>cernimus,</strong></span> 
     </span>
    </p>
   </div>
   <div class='ocr_carea' id='block_1_92' title="bbox 2162 4250 3766 4325">
    <p class='ocr_par' dir='ltr' id='par_1_92' title="bbox 2162 4250 3766 4325">
     <span class='ocr_line' id='line_1_92' title="bbox 2162 4250 3766 4325; baseline -0.002 -18"><span class='ocrx_word' id='word_1_667' title='bbox 2162 4254 2288 4323; x_wconf 89' lang='lat' dir='ltr'><strong>quia</strong></span> <span class='ocrx_word' id='word_1_668' title='bbox 2314 4253 2695 4323; x_wconf 88' lang='lat' dir='ltr'><strong>praedicatores</strong></span> <span class='ocrx_word' id='word_1_669' title='bbox 2722 4262 2920 4310; x_wconf 65' lang='lat' dir='ltr'><strong>sancite</strong></span> <span class='ocrx_word' id='word_1_670' title='bbox 2950 4254 3207 4309; x_wconf 70' lang='lat' dir='ltr'><strong>Ecclesiae</strong></span> <span class='ocrx_word' id='word_1_671' title='bbox 3236 4268 3437 4325; x_wconf 88' lang='lat' dir='ltr'><strong>magno</strong></span> <span class='ocrx_word' id='word_1_672' title='bbox 3475 4250 3766 4321; x_wconf 86' lang='lat' dir='ltr'><strong>splendore</strong></span> 
     </span>
    </p>
   </div>
   <div class='ocr_carea' id='block_1_93' title="bbox 2158 4338 3765 4412">
    <p class='ocr_par' dir='ltr' id='par_1_93' title="bbox 2158 4338 3765 4412">
     <span class='ocr_line' id='line_1_93' title="bbox 2158 4338 3765 4412; baseline -0.003 -15"><span class='ocrx_word' id='word_1_673' title='bbox 2158 4342 2285 4397; x_wconf 84' lang='lat' dir='ltr'><strong>vitae</strong></span> <span class='ocrx_word' id='word_1_674' title='bbox 2329 4343 2711 4412; x_wconf 87' lang='lat' dir='ltr'><strong>omnipotentis</strong></span> <span class='ocrx_word' id='word_1_675' title='bbox 2759 4343 2856 4398; x_wconf 91' lang='lat' dir='ltr'><strong>Dei</strong></span> <span class='ocrx_word' id='word_1_676' title='bbox 2894 4343 3084 4397; x_wconf 87' lang='lat' dir='ltr'><strong>laudes</strong></span> <span class='ocrx_word' id='word_1_677' title='bbox 3124 4342 3437 4411; x_wconf 88' lang='lat' dir='ltr'><strong>concinunt,</strong></span> <span class='ocrx_word' id='word_1_678' title='bbox 3484 4347 3642 4409; x_wconf 88' lang='lat' dir='ltr'><strong>atque</strong></span> <span class='ocrx_word' id='word_1_679' title='bbox 3702 4338 3765 4392; x_wconf 91' lang='lat' dir='ltr'><strong>in</strong></span> 
     </span>
    </p>
   </div>
   <div class='ocr_carea' id='block_1_94' title="bbox 2159 4428 3763 4503">
    <p class='ocr_par' dir='ltr' id='par_1_94' title="bbox 2159 4428 3763 4503">
     <span class='ocr_line' id='line_1_94' title="bbox 2159 4428 3763 4503; baseline -0.002 -20"><span class='ocrx_word' id='word_1_680' title='bbox 2159 4430 2449 4487; x_wconf 88' lang='lat' dir='ltr'><strong>universali</strong></span> <span class='ocrx_word' id='word_1_681' title='bbox 2492 4431 2638 4486; x_wconf 89' lang='lat' dir='ltr'><strong>orbis</strong></span> <span class='ocrx_word' id='word_1_682' title='bbox 2683 4432 2998 4501; x_wconf 74' lang='lat' dir='ltr'><strong>praelatione</strong></span> <span class='ocrx_word' id='word_1_683' title='bbox 3038 4431 3399 4503; x_wconf 88' lang='lat' dir='ltr'><strong>gratulantur.</strong></span> <span class='ocrx_word' id='word_1_684' title='bbox 3460 4430 3599 4484; x_wconf 89' lang='lat' dir='ltr'><strong>Ecce</strong></span> <span class='ocrx_word' id='word_1_685' title='bbox 3640 4428 3763 4497; x_wconf 89' lang='lat' dir='ltr'><strong>jam</strong></span> 
     </span>
    </p>
   </div>
   <div class='ocr_carea' id='block_1_95' title="bbox 456 4498 3758 4594">
    <p class='ocr_par' dir='ltr' id='par_1_95' title="bbox 456 4498 3758 4594">
     <span class='ocr_line' id='line_1_95' title="bbox 456 4498 3758 4594; baseline -0.006 -5"><span class='ocrx_word' id='word_1_686' title='bbox 456 4498 599 4590; x_wconf 81' lang='lat' dir='ltr'><strong>sent.</strong></span> <span class='ocrx_word' id='word_1_687' title='bbox 639 4498 746 4583; x_wconf 71' lang='lat' dir='ltr'><strong>Sed</strong></span> <span class='ocrx_word' id='word_1_688' title='bbox 773 4522 867 4594; x_wconf 89' lang='lat' dir='ltr'><strong>qui</strong></span> <span class='ocrx_word' id='word_1_689' title='bbox 897 4516 1017 4572; x_wconf 81' lang='lat' dir='ltr'><strong>Heli</strong></span> <span class='ocrx_word' id='word_1_690' title='bbox 1047 4514 1208 4576; x_wconf 61' lang='lat' dir='ltr'><strong>ﬁlios.</strong></span> <span class='ocrx_word' id='word_1_691' title='bbox 1240 4511 1295 4565; x_wconf 76' lang='lat' dir='ltr'><strong>id</strong></span> <span class='ocrx_word' id='word_1_692' title='bbox 1322 4514 1405 4564; x_wconf 62' lang='lat' dir='ltr'><strong>est</strong></span> <span class='ocrx_word' id='word_1_693' title='bbox 1425 4516 1636 4564; x_wconf 61' lang='lat' dir='ltr'><strong>veteres</strong></span> <span class='ocrx_word' id='word_1_694' title='bbox 1664 4508 1912 4562; x_wconf 69' lang='grc' dir='ltr'><strong>(Ῑοθίοΐθδ</strong></span> <span class='ocrx_word' id='word_1_695' title='bbox 1942 4510 2051 4559; x_wconf 72' lang='grc' dir='ltr'><strong>ἴηί·</strong></span> <span class='ocrx_word' id='word_1_696' title='bbox 2080 4498 2133 4559; x_wconf 83' lang='grc' dir='ltr'>Ῑ)</span> <span class='ocrx_word' id='word_1_697' title='bbox 2162 4520 2499 4575; x_wconf 84' lang='lat' dir='ltr'><strong>sacerdotum</strong></span> <span class='ocrx_word' id='word_1_698' title='bbox 2529 4498 2772 4592; x_wconf 77' lang='lat' dir='ltr'><strong>vestigiis</strong></span> <span class='ocrx_word' id='word_1_699' title='bbox 2801 4498 3074 4592; x_wconf 74' lang='lat' dir='ltr'><strong>gentilitas</strong></span> <span class='ocrx_word' id='word_1_700' title='bbox 3102 4520 3352 4576; x_wconf 88' lang='lat' dir='ltr'><strong>universa</strong></span> <span class='ocrx_word' id='word_1_701' title='bbox 3379 4517 3758 4582; x_wconf 87' lang='lat' dir='ltr'><strong>substernitur,</strong></span> 
     </span>
    </p>
   </div>
   <div class='ocr_carea' id='block_1_96' title="bbox 456 4595 2049 4677">
    <p class='ocr_par' dir='ltr' id='par_1_96' title="bbox 456 4595 2049 4677">
     <span class='ocr_line' id='line_1_96' title="bbox 456 4595 2049 4677; baseline -0.018 -1"><span class='ocrx_word' id='word_1_702' title='bbox 456 4620 609 4677; x_wconf 85' lang='lat' dir='ltr'><strong>noris</strong></span> <span class='ocrx_word' id='word_1_703' title='bbox 638 4611 860 4675; x_wconf 88' lang='lat' dir='ltr'><strong>ordinis,</strong></span> <span class='ocrx_word' id='word_1_704' title='bbox 885 4607 953 4661; x_wconf 91' lang='lat' dir='ltr'><strong>de</strong></span> <span class='ocrx_word' id='word_1_705' title='bbox 983 4598 1343 4658; x_wconf 87' lang='lat' dir='ltr'><strong>irrationabili</strong></span> <span class='ocrx_word' id='word_1_706' title='bbox 1371 4598 1582 4653; x_wconf 82' lang='lat' dir='ltr'><strong>feritate</strong></span> <span class='ocrx_word' id='word_1_707' title='bbox 1615 4599 1719 4665; x_wconf 83' lang='lat'><strong>77</strong></span> <span class='ocrx_word' id='word_1_708' title='bbox 1750 4595 2049 4667; x_wconf 83' lang='lat' dir='ltr'><strong>reprehen-</strong></span> 
     </span>
    </p>
   </div>
   <div class='ocr_carea' id='block_1_97' title="bbox 458 4682 2054 4776">
    <p class='ocr_par' dir='ltr' id='par_1_97' title="bbox 458 4682 2054 4776">
     <span class='ocr_line' id='line_1_97' title="bbox 458 4682 2054 4776; baseline -0.018 -12"><span class='ocrx_word' id='word_1_709' title='bbox 458 4710 556 4774; x_wconf 88' lang='lat' dir='ltr'><strong>dit,</strong></span> <span class='ocrx_word' id='word_1_710' title='bbox 588 4706 766 4776; x_wconf 87' lang='lat' dir='ltr'><strong>ipsum</strong></span> <span class='ocrx_word' id='word_1_711' title='bbox 797 4696 965 4754; x_wconf 87' lang='lat' dir='ltr'><strong>etiam</strong></span> <span class='ocrx_word' id='word_1_712' title='bbox 998 4698 1207 4763; x_wconf 84' lang='lat' dir='ltr'><strong>patrem</strong></span> <span class='ocrx_word' id='word_1_713' title='bbox 1252 4688 1321 4745; x_wconf 88' lang='lat' dir='ltr'><strong>de</strong></span> <span class='ocrx_word' id='word_1_714' title='bbox 1364 4684 1698 4758; x_wconf 83' lang='lat' dir='ltr'><strong>negligentia</strong></span> <span class='ocrx_word' id='word_1_715' title='bbox 1727 4684 1930 4756; x_wconf 84' lang='lat' dir='ltr'><strong>arguit,</strong></span> <span class='ocrx_word' id='word_1_716' title='bbox 1962 4682 2054 4737; x_wconf 90' lang='lat' dir='ltr'><strong>di-</strong></span> 
     </span>
    </p>
   </div>
   <div class='ocr_carea' id='block_1_98' title="bbox 460 4809 668 4852">
    <p class='ocr_par' dir='ltr' id='par_1_98' title="bbox 460 4809 668 4852">
     <span class='ocr_line' id='line_1_98' title="bbox 460 4809 668 4852; baseline -0.029 0"><span class='ocrx_word' id='word_1_717' title='bbox 460 4809 668 4852; x_wconf 75' lang='lat' dir='ltr'><strong>cens:~</strong></span> 
     </span>
    </p>
   </div>
   <div class='ocr_carea' id='block_1_99' title="bbox 531 4890 2048 4979">
    <p class='ocr_par' dir='ltr' id='par_1_99' title="bbox 531 4890 2048 4979">
     <span class='ocr_line' id='line_1_99' title="bbox 531 4890 2048 4979; baseline -0.017 -13"><span class='ocrx_word' id='word_1_718' title='bbox 531 4910 709 4979; x_wconf 83' lang='lat' dir='ltr'><strong>(Vers.</strong></span> <span class='ocrx_word' id='word_1_719' title='bbox 735 4902 851 4973; x_wconf 74' lang='lat'>29.)</span> <span class='ocrx_word' id='word_1_720' title='bbox 875 4895 1174 4956; x_wconf 83' lang='lat' dir='ltr'><strong>Honorasti</strong></span> <span class='ocrx_word' id='word_1_721' title='bbox 1205 4892 1353 4963; x_wconf 85' lang='lat' dir='ltr'><strong>ﬁlios</strong></span> <span class='ocrx_word' id='word_1_722' title='bbox 1395 4890 1720 4979; x_wconf 86' lang='lat' dir='ltr'><strong>tuosmagis</strong></span> <span class='ocrx_word' id='word_1_723' title='bbox 1740 4904 1911 4979; x_wconf 87' lang='lat' dir='ltr'><strong>quam</strong></span> <span class='ocrx_word' id='word_1_724' title='bbox 1939 4902 2048 4979; x_wconf 82' lang='lat' dir='ltr'><strong>me.</strong></span> 
     </span>
    </p>
   </div>
   <div class='ocr_carea' id='block_1_100' title="bbox 526 4976 2054 5065">
    <p class='ocr_par' dir='ltr' id='par_1_100' title="bbox 526 4976 2054 5065">
     <span class='ocr_line' id='line_1_100' title="bbox 526 4976 2054 5065; baseline -0.018 -8"><span class='ocrx_word' id='word_1_725' title='bbox 526 4976 617 5057; x_wconf 55' lang='lat'><strong>2&#39;7.</strong></span> <span class='ocrx_word' id='word_1_726' title='bbox 652 4992 817 5065; x_wconf 89' lang='lat' dir='ltr'><strong>Quasi</strong></span> <span class='ocrx_word' id='word_1_727' title='bbox 846 4994 1031 5060; x_wconf 88' lang='lat' dir='ltr'><strong>aperte</strong></span> <span class='ocrx_word' id='word_1_728' title='bbox 1061 4979 1461 5054; x_wconf 88' lang='lat' dir='ltr'><strong>reprehendens</strong></span> <span class='ocrx_word' id='word_1_729' title='bbox 1488 4978 1632 5034; x_wconf 90' lang='lat' dir='ltr'><strong>dicat</strong></span> <span class='ocrx_word' id='word_1_730' title='bbox 1666 4996 1679 5033; x_wconf 89' lang='lat'><strong>:</strong></span> <span class='ocrx_word' id='word_1_731' title='bbox 1710 4977 1790 5031; x_wconf 88' lang='lat' dir='ltr'><strong>Illi</strong></span> <span class='ocrx_word' id='word_1_732' title='bbox 1830 4976 2054 5048; x_wconf 91' lang='lat' dir='ltr'><strong>repule-</strong></span> 
     </span>
    </p>
   </div>
   <div class='ocr_carea' id='block_1_101' title="bbox 457 5066 2054 5158">
    <p class='ocr_par' dir='ltr' id='par_1_101' title="bbox 457 5066 2054 5158">
     <span class='ocr_line' id='line_1_101' title="bbox 457 5066 2054 5158; baseline -0.02 -9"><span class='ocrx_word' id='word_1_733' title='bbox 457 5096 601 5158; x_wconf 87' lang='lat' dir='ltr'><strong>runt,</strong></span> <span class='ocrx_word' id='word_1_734' title='bbox 634 5094 686 5143; x_wconf 92' lang='lat' dir='ltr'><strong>et</strong></span> <span class='ocrx_word' id='word_1_735' title='bbox 712 5092 769 5138; x_wconf 92' lang='lat' dir='ltr'><strong>tu</strong></span> <span class='ocrx_word' id='word_1_736' title='bbox 796 5077 1101 5150; x_wconf 88' lang='lat' dir='ltr'><strong>repulsores</strong></span> <span class='ocrx_word' id='word_1_737' title='bbox 1130 5069 1424 5126; x_wconf 87' lang='lat' dir='ltr'><strong>honorasti.</strong></span> <span class='ocrx_word' id='word_1_738' title='bbox 1474 5067 1648 5138; x_wconf 85' lang='lat' dir='ltr'><strong>Magis</strong></span> <span class='ocrx_word' id='word_1_739' title='bbox 1685 5082 1847 5137; x_wconf 90' lang='lat' dir='ltr'><strong>quam</strong></span> <span class='ocrx_word' id='word_1_740' title='bbox 1879 5066 2054 5120; x_wconf 90' lang='lat' dir='ltr'><strong>Deum</strong></span> 
     </span>
    </p>
   </div>
   <div class='ocr_carea' id='block_1_102' title="bbox 456 5160 2053 5237">
    <p class='ocr_par' dir='ltr' id='par_1_102' title="bbox 456 5160 2053 5237">
     <span class='ocr_line' id='line_1_102' title="bbox 456 5160 2053 5237; baseline -0.017 -2"><span class='ocrx_word' id='word_1_741' title='bbox 456 5182 600 5237; x_wconf 88' lang='lat' dir='ltr'><strong>ﬁlios</strong></span> <span class='ocrx_word' id='word_1_742' title='bbox 619 5168 921 5234; x_wconf 87' lang='lat' dir='ltr'><strong>honoravit,</strong></span> <span class='ocrx_word' id='word_1_743' title='bbox 944 5163 1076 5236; x_wconf 89' lang='lat' dir='ltr'><strong>quia</strong></span> <span class='ocrx_word' id='word_1_744' title='bbox 1092 5160 1217 5214; x_wconf 90' lang='lat' dir='ltr'><strong>dum</strong></span> <span class='ocrx_word' id='word_1_745' title='bbox 1235 5164 1419 5229; x_wconf 88' lang='lat' dir='ltr'><strong>aperta</strong></span> <span class='ocrx_word' id='word_1_746' title='bbox 1439 5172 1625 5213; x_wconf 91' lang='lat' dir='ltr'><strong>eorum</strong></span> <span class='ocrx_word' id='word_1_747' title='bbox 1645 5171 1808 5226; x_wconf 90' lang='lat' dir='ltr'><strong>opera</strong></span> <span class='ocrx_word' id='word_1_748' title='bbox 1834 5160 2053 5210; x_wconf 89' lang='lat' dir='ltr'><strong>ostensa</strong></span> 
     </span>
    </p>
   </div>
   <div class='ocr_carea' id='block_1_103' title="bbox 458 5242 2043 5327">
    <p class='ocr_par' dir='ltr' id='par_1_103' title="bbox 458 5242 2043 5327">
     <span class='ocr_line' id='line_1_103' title="bbox 458 5242 2043 5327; baseline -0.02 0"><span class='ocrx_word' id='word_1_749' title='bbox 458 5268 855 5327; x_wconf 88' lang='lat' dir='ltr'><strong>contemneret,</strong></span> <span class='ocrx_word' id='word_1_750' title='bbox 901 5257 1054 5312; x_wconf 87' lang='lat' dir='ltr'><strong>lucra</strong></span> <span class='ocrx_word' id='word_1_751' title='bbox 1096 5246 1419 5320; x_wconf 85' lang='lat' dir='ltr'><strong>temporalia</strong></span> <span class='ocrx_word' id='word_1_752' title='bbox 1458 5245 1651 5301; x_wconf 89' lang='lat' dir='ltr'><strong>iisdem</strong></span> <span class='ocrx_word' id='word_1_753' title='bbox 1691 5242 2043 5316; x_wconf 87' lang='lat' dir='ltr'><strong>providebat.</strong></span> 
     </span>
    </p>
   </div>
   <div class='ocr_carea' id='block_1_104' title="bbox 460 5348 955 5415">
    <p class='ocr_par' dir='ltr' id='par_1_104' title="bbox 460 5348 955 5415">
     <span class='ocr_line' id='line_1_104' title="bbox 460 5348 955 5415; baseline -0.026 -1"><span class='ocrx_word' id='word_1_754' title='bbox 460 5358 615 5415; x_wconf 89' lang='lat' dir='ltr'><strong>Unde</strong></span> <span class='ocrx_word' id='word_1_755' title='bbox 644 5362 698 5409; x_wconf 88' lang='lat' dir='ltr'><strong>et</strong></span> <span class='ocrx_word' id='word_1_756' title='bbox 726 5348 911 5408; x_wconf 87' lang='lat' dir='ltr'><strong>subdit</strong></span> <span class='ocrx_word' id='word_1_757' title='bbox 942 5361 955 5401; x_wconf 76' lang='grc' dir='ltr'>ε</span> 
     </span>
    </p>
   </div>
   <div class='ocr_carea' id='block_1_105' title="bbox 531 5428 2052 5517">
    <p class='ocr_par' dir='ltr' id='par_1_105' title="bbox 531 5428 2052 5517">
     <span class='ocr_line' id='line_1_105' title="bbox 531 5428 2052 5517; baseline -0.014 -11"><span class='ocrx_word' id='word_1_758' title='bbox 531 5451 706 5516; x_wconf 85' lang='lat' dir='ltr'><strong>(Vers.</strong></span> <span class='ocrx_word' id='word_1_759' title='bbox 725 5448 839 5517; x_wconf 75' lang='lat'><strong>29.)</strong></span> <span class='ocrx_word' id='word_1_760' title='bbox 860 5447 925 5504; x_wconf 87' lang='lat' dir='ltr'><strong>Ut</strong></span> <span class='ocrx_word' id='word_1_761' title='bbox 945 5437 1316 5501; x_wconf 83' lang='lat' dir='ltr'><strong>comederetis</strong></span> <span class='ocrx_word' id='word_1_762' title='bbox 1341 5433 1633 5510; x_wconf 86' lang='lat' dir='ltr'><strong>primitias</strong></span> <span class='ocrx_word' id='word_1_763' title='bbox 1662 5430 1849 5489; x_wconf 84' lang='lat' dir='ltr'><strong>omnis</strong></span> <span class='ocrx_word' id='word_1_764' title='bbox 1879 5428 2052 5488; x_wconf 85' lang='lat' dir='ltr'><strong>sacri-</strong></span> 
     </span>
    </p>
   </div>
   <div class='ocr_carea' id='block_1_106' title="bbox 456 5537 734 5611">
    <p class='ocr_par' dir='ltr' id='par_1_106' title="bbox 456 5537 734 5611">
     <span class='ocr_line' id='line_1_106' title="bbox 456 5537 734 5611; baseline -0.025 -15"><span class='ocrx_word' id='word_1_765' title='bbox 456 5540 576 5611; x_wconf 80' lang='lat' dir='ltr'><strong>ﬁcii</strong></span> <span class='ocrx_word' id='word_1_766' title='bbox 602 5537 734 5592; x_wconf 88' lang='lat' dir='ltr'><strong>mei.</strong></span> 
     </span>
    </p>
   </div>
   <div class='ocr_carea' id='block_1_107' title="bbox 529 5651 1470 5737">
    <p class='ocr_par' dir='ltr' id='par_1_107' title="bbox 529 5651 1470 5737">
     <span class='ocr_line' id='line_1_107' title="bbox 529 5651 1470 5737; baseline -0.015 -17"><span class='ocrx_word' id='word_1_767' title='bbox 529 5666 606 5737; x_wconf 91' lang='lat' dir='ltr'><strong>(a)</strong></span> <span class='ocrx_word' id='word_1_768' title='bbox 637 5657 811 5714; x_wconf 89' lang='lat' dir='ltr'><strong>Gilot.</strong></span> <span class='ocrx_word' id='word_1_769' title='bbox 848 5660 903 5713; x_wconf 85' lang='lat' dir='ltr'><strong>et</strong></span> <span class='ocrx_word' id='word_1_770' title='bbox 930 5652 1125 5720; x_wconf 62' lang='lat' dir='ltr'><strong>Vatia,</strong></span> <span class='ocrx_word' id='word_1_771' title='bbox 1154 5651 1470 5709; x_wconf 82' lang='lat' dir='ltr'><strong>indicatur.</strong></span> 
     </span>
    </p>
   </div>
   <div class='ocr_carea' id='block_1_108' title="bbox 2158 4607 3759 4681">
    <p class='ocr_par' dir='ltr' id='par_1_108' title="bbox 2158 4607 3759 4681">
     <span class='ocr_line' id='line_1_108' title="bbox 2158 4607 3759 4681; baseline -0.003 -18"><span class='ocrx_word' id='word_1_772' title='bbox 2158 4614 2211 4663; x_wconf 90' lang='lat' dir='ltr'><strong>et</strong></span> <span class='ocrx_word' id='word_1_773' title='bbox 2238 4622 2332 4663; x_wconf 89' lang='lat' dir='ltr'><strong>eos</strong></span> <span class='ocrx_word' id='word_1_774' title='bbox 2361 4609 2554 4679; x_wconf 90' lang='lat' dir='ltr'><strong>quibus</strong></span> <span class='ocrx_word' id='word_1_775' title='bbox 2581 4625 2637 4664; x_wconf 92' lang='lat' dir='ltr'><strong>se</strong></span> <span class='ocrx_word' id='word_1_776' title='bbox 2658 4609 2858 4681; x_wconf 88' lang='lat' dir='ltr'><strong>gaudet</strong></span> <span class='ocrx_word' id='word_1_777' title='bbox 2888 4608 3190 4664; x_wconf 87' lang='lat' dir='ltr'><strong>obediendo</strong></span> <span class='ocrx_word' id='word_1_778' title='bbox 3212 4607 3476 4677; x_wconf 89' lang='lat' dir='ltr'><strong>subjicere</strong></span> <span class='ocrx_word' id='word_1_779' title='bbox 3497 4614 3759 4676; x_wconf 85' lang='lat' dir='ltr'><strong>patronos</strong></span> 
     </span>
    </p>
   </div>
   <div class='ocr_carea' id='block_1_109' title="bbox 2161 4695 3763 4768">
    <p class='ocr_par' dir='ltr' id='par_1_109' title="bbox 2161 4695 3763 4768">
     <span class='ocr_line' id='line_1_109' title="bbox 2161 4695 3763 4768; baseline -0.001 -18"><span class='ocrx_word' id='word_1_780' title='bbox 2161 4697 2424 4766; x_wconf 84' lang='lat' dir='ltr'><strong>gloriatur</strong></span> <span class='ocrx_word' id='word_1_781' title='bbox 2482 4698 2538 4751; x_wconf 93' lang='lat' dir='ltr'><strong>in</strong></span> <span class='ocrx_word' id='word_1_782' title='bbox 2583 4698 2890 4753; x_wconf 74' lang='lat' dir='ltr'><strong>cmlestibus</strong></span> <span class='ocrx_word' id='word_1_783' title='bbox 2916 4697 3214 4768; x_wconf 89' lang='lat' dir='ltr'><strong>possidere.</strong></span> <span class='ocrx_word' id='word_1_784' title='bbox 3247 4695 3651 4752; x_wconf 87' lang='lat' dir='ltr'><strong>Glorificantem</strong></span> <span class='ocrx_word' id='word_1_785' title='bbox 3699 4708 3763 4749; x_wconf 85' lang='lat' dir='ltr'><strong>se</strong></span> 
     </span>
    </p>
   </div>
   <div class='ocr_carea' id='block_1_110' title="bbox 2160 4784 3761 4858">
    <p class='ocr_par' dir='ltr' id='par_1_110' title="bbox 2160 4784 3761 4858">
     <span class='ocr_line' id='line_1_110' title="bbox 2160 4784 3761 4858; baseline -0.004 -16"><span class='ocrx_word' id='word_1_786' title='bbox 2160 4802 2291 4858; x_wconf 89' lang='lat' dir='ltr'><strong>ergo</strong></span> <span class='ocrx_word' id='word_1_787' title='bbox 2313 4786 2574 4841; x_wconf 90' lang='lat' dir='ltr'><strong>Dominus</strong></span> <span class='ocrx_word' id='word_1_788' title='bbox 2602 4786 2887 4858; x_wconf 85' lang='lat' dir='ltr'><strong>gloriﬁcat,</strong></span> <span class='ocrx_word' id='word_1_789' title='bbox 2921 4786 3047 4856; x_wconf 89' lang='lat' dir='ltr'><strong>quia</strong></span> <span class='ocrx_word' id='word_1_790' title='bbox 3073 4802 3105 4841; x_wconf 91' lang='lat' dir='ltr'><strong>a</strong></span> <span class='ocrx_word' id='word_1_791' title='bbox 3135 4785 3329 4856; x_wconf 90' lang='lat' dir='ltr'><strong>quibus</strong></span> <span class='ocrx_word' id='word_1_792' title='bbox 3358 4784 3583 4841; x_wconf 89' lang='lat' dir='ltr'><strong>devotas</strong></span> <span class='ocrx_word' id='word_1_793' title='bbox 3613 4797 3761 4853; x_wconf 88' lang='lat' dir='ltr'><strong>quo-</strong></span> 
     </span>
    </p>
   </div>
   <div class='ocr_carea' id='block_1_111' title="bbox 2161 4874 3762 4945">
    <p class='ocr_par' dir='ltr' id='par_1_111' title="bbox 2161 4874 3762 4945">
     <span class='ocr_line' id='line_1_111' title="bbox 2161 4874 3762 4945; baseline -0.003 -16"><span class='ocrx_word' id='word_1_794' title='bbox 2161 4875 2290 4930; x_wconf 89' lang='lat' dir='ltr'><strong>tidie</strong></span> <span class='ocrx_word' id='word_1_795' title='bbox 2319 4875 2506 4930; x_wconf 90' lang='lat' dir='ltr'><strong>laudes</strong></span> <span class='ocrx_word' id='word_1_796' title='bbox 2547 4875 2764 4945; x_wconf 91' lang='lat' dir='ltr'><strong>accipit,</strong></span> <span class='ocrx_word' id='word_1_797' title='bbox 2798 4874 2867 4928; x_wconf 91' lang='lat' dir='ltr'><strong>ad</strong></span> <span class='ocrx_word' id='word_1_798' title='bbox 2890 4874 3121 4930; x_wconf 87' lang='lat' dir='ltr'><strong>universi</strong></span> <span class='ocrx_word' id='word_1_799' title='bbox 3161 4874 3306 4930; x_wconf 90' lang='lat' dir='ltr'><strong>orbis</strong></span> <span class='ocrx_word' id='word_1_800' title='bbox 3342 4874 3603 4928; x_wconf 87' lang='lat' dir='ltr'><strong>honorem</strong></span> <span class='ocrx_word' id='word_1_801' title='bbox 3641 4888 3762 4925; x_wconf 83' lang='lat' dir='ltr'><strong>sus-</strong></span> 
     </span>
    </p>
   </div>
   <div class='ocr_carea' id='block_1_112' title="bbox 2161 4962 3757 5035">
    <p class='ocr_par' dir='ltr' id='par_1_112' title="bbox 2161 4962 3757 5035">
     <span class='ocr_line' id='line_1_112' title="bbox 2161 4962 3757 5035; baseline -0.003 -17"><span class='ocrx_word' id='word_1_802' title='bbox 2161 4964 2320 5019; x_wconf 90' lang='lat' dir='ltr'><strong>tollit.</strong></span> <span class='ocrx_word' id='word_1_803' title='bbox 2352 4966 2431 5018; x_wconf 81' lang='lat' dir='ltr'><strong>An</strong></span> <span class='ocrx_word' id='word_1_804' title='bbox 2459 4979 2567 5019; x_wconf 90' lang='lat' dir='ltr'><strong>non</strong></span> <span class='ocrx_word' id='word_1_805' title='bbox 2595 4962 2878 5035; x_wconf 86' lang='lat' dir='ltr'><strong>gloriﬁcati</strong></span> <span class='ocrx_word' id='word_1_806' title='bbox 2909 4963 3085 5034; x_wconf 86' lang='lat' dir='ltr'><strong>gloria</strong></span> <span class='ocrx_word' id='word_1_807' title='bbox 3112 4970 3211 5030; x_wconf 89' lang='lat' dir='ltr'><strong>est,</strong></span> <span class='ocrx_word' id='word_1_808' title='bbox 3245 4963 3300 5016; x_wconf 91' lang='lat' dir='ltr'><strong>in</strong></span> <span class='ocrx_word' id='word_1_809' title='bbox 3344 4969 3484 5016; x_wconf 88' lang='lat' dir='ltr'><strong>terra</strong></span> <span class='ocrx_word' id='word_1_810' title='bbox 3512 4975 3757 5026; x_wconf 85' lang='lat' dir='ltr'><strong>manere,</strong></span> 
     </span>
    </p>
   </div>
   <div class='ocr_carea' id='block_1_113' title="bbox 2162 5048 3762 5109">
    <p class='ocr_par' dir='ltr' id='par_1_113' title="bbox 2162 5048 3762 5109">
     <span class='ocr_line' id='line_1_113' title="bbox 2162 5048 3762 5109; baseline -0.004 -1"><span class='ocrx_word' id='word_1_811' title='bbox 2162 5060 2214 5108; x_wconf 89' lang='lat' dir='ltr'><strong>et</strong></span> <span class='ocrx_word' id='word_1_812' title='bbox 2242 5053 2435 5109; x_wconf 80' lang='lat' dir='ltr'><strong>cmlum</strong></span> <span class='ocrx_word' id='word_1_813' title='bbox 2481 5052 2770 5108; x_wconf 85' lang='lat' dir='ltr'><strong>claudere?</strong></span> <span class='ocrx_word' id='word_1_814' title='bbox 2804 5053 2979 5107; x_wconf 88' lang='lat' dir='ltr'><strong>Vitam</strong></span> <span class='ocrx_word' id='word_1_815' title='bbox 3009 5051 3365 5107; x_wconf 89' lang='lat' dir='ltr'><strong>communiter</strong></span> <span class='ocrx_word' id='word_1_816' title='bbox 3391 5050 3638 5105; x_wconf 89' lang='lat' dir='ltr'><strong>homines</strong></span> <span class='ocrx_word' id='word_1_817' title='bbox 3665 5048 3762 5105; x_wconf 85' lang='lat' dir='ltr'><strong>vi-</strong></span> 
     </span>
    </p>
   </div>
   <div class='ocr_carea' id='block_1_114' title="bbox 2160 5140 3761 5211">
    <p class='ocr_par' dir='ltr' id='par_1_114' title="bbox 2160 5140 3761 5211">
     <span class='ocr_line' id='line_1_114' title="bbox 2160 5140 3761 5211; baseline -0.002 -14"><span class='ocrx_word' id='word_1_818' title='bbox 2160 5158 2305 5211; x_wconf 86' lang='lat' dir='ltr'><strong>vere,</strong></span> <span class='ocrx_word' id='word_1_819' title='bbox 2340 5149 2499 5211; x_wconf 86' lang='lat' dir='ltr'><strong>atque</strong></span> <span class='ocrx_word' id='word_1_820' title='bbox 2527 5156 2784 5210; x_wconf 89' lang='lat' dir='ltr'><strong>supernas</strong></span> <span class='ocrx_word' id='word_1_821' title='bbox 2808 5142 3069 5196; x_wconf 61' lang='lat' dir='ltr'><strong>caelorum</strong></span> <span class='ocrx_word' id='word_1_822' title='bbox 3117 5140 3270 5195; x_wconf 90' lang='lat' dir='ltr'><strong>sedes</strong></span> <span class='ocrx_word' id='word_1_823' title='bbox 3308 5140 3537 5194; x_wconf 90' lang='lat' dir='ltr'><strong>subditis</strong></span> <span class='ocrx_word' id='word_1_824' title='bbox 3564 5145 3761 5194; x_wconf 88' lang='lat' dir='ltr'><strong>aucto-</strong></span> 
     </span>
    </p>
   </div>
   <div class='ocr_carea' id='block_1_115' title="bbox 2158 5226 3764 5300">
    <p class='ocr_par' dir='ltr' id='par_1_115' title="bbox 2158 5226 3764 5300">
     <span class='ocr_line' id='line_1_115' title="bbox 2158 5226 3764 5300; baseline -0.002 -15"><span class='ocrx_word' id='word_1_825' title='bbox 2158 5230 2315 5286; x_wconf 88' lang='lat' dir='ltr'><strong>ritate</strong></span> <span class='ocrx_word' id='word_1_826' title='bbox 2343 5229 2622 5300; x_wconf 87' lang='lat' dir='ltr'><strong>potestatis</strong></span> <span class='ocrx_word' id='word_1_827' title='bbox 2642 5229 2939 5284; x_wconf 79' lang='lat' dir='ltr'><strong>exhibere?</strong></span> <span class='ocrx_word' id='word_1_828' title='bbox 2962 5228 3323 5285; x_wconf 88' lang='lat' dir='ltr'><strong>Gloriﬁcabat</strong></span> <span class='ocrx_word' id='word_1_829' title='bbox 3355 5228 3556 5298; x_wconf 86' lang='lat' dir='ltr'><strong>quippe</strong></span> <span class='ocrx_word' id='word_1_830' title='bbox 3577 5226 3764 5282; x_wconf 86' lang='lat' dir='ltr'><strong>Domi-</strong></span> 
     </span>
    </p>
   </div>
   <div class='ocr_carea' id='block_1_116' title="bbox 2158 5315 3762 5389">
    <p class='ocr_par' dir='ltr' id='par_1_116' title="bbox 2158 5315 3762 5389">
     <span class='ocr_line' id='line_1_116' title="bbox 2158 5315 3762 5389; baseline -0.001 -16"><span class='ocrx_word' id='word_1_831' title='bbox 2158 5335 2309 5387; x_wconf 90' lang='lat' dir='ltr'><strong>num,</strong></span> <span class='ocrx_word' id='word_1_832' title='bbox 2341 5318 2430 5389; x_wconf 89' lang='lat' dir='ltr'><strong>qui</strong></span> <span class='ocrx_word' id='word_1_833' title='bbox 2474 5318 2687 5374; x_wconf 88' lang='lat' dir='ltr'><strong>dicebat</strong></span> <span class='ocrx_word' id='word_1_834' title='bbox 2720 5335 2733 5375; x_wconf 92' lang='lat'><strong>:</strong></span> <span class='ocrx_word' id='word_1_835' title='bbox 2775 5319 2852 5375; x_wconf 87' lang='lat' dir='ltr'><strong>Tu</strong></span> <span class='ocrx_word' id='word_1_836' title='bbox 2878 5333 2935 5374; x_wconf 88' lang='lat' dir='ltr'><strong>es</strong></span> <span class='ocrx_word' id='word_1_837' title='bbox 2976 5316 3231 5374; x_wconf 83' lang='lat' dir='ltr'><strong>Christus</strong></span> <span class='ocrx_word' id='word_1_838' title='bbox 3262 5315 3453 5373; x_wconf 86' lang='lat' dir='ltr'><strong>Filius</strong></span> <span class='ocrx_word' id='word_1_839' title='bbox 3501 5317 3599 5372; x_wconf 85' lang='lat' dir='ltr'><strong>Dei</strong></span> <span class='ocrx_word' id='word_1_840' title='bbox 3644 5315 3762 5371; x_wconf 84' lang='lat' dir='ltr'><strong>vivi</strong></span> 
     </span>
    </p>
   </div>
   <div class='ocr_carea' id='block_1_117' title="bbox 2160 5404 3764 5479">
    <p class='ocr_par' dir='ltr' id='par_1_117' title="bbox 2160 5404 3764 5479">
     <span class='ocr_line' id='line_1_117' title="bbox 2160 5404 3764 5479; baseline -0.001 -16"><span class='ocrx_word' id='word_1_841' title='bbox 2160 5406 2381 5479; x_wconf 81' lang='lat' dir='ltr'><strong>(Matth.</strong></span> <span class='ocrx_word' id='word_1_842' title='bbox 2430 5423 2545 5478; x_wconf 78' lang='lat' dir='ltr'><strong>xvr,</strong></span> <span class='ocrx_word' id='word_1_843' title='bbox 2608 5408 2722 5478; x_wconf 85' lang='grc'>16).</span> <span class='ocrx_word' id='word_1_844' title='bbox 2790 5406 2903 5462; x_wconf 90' lang='lat' dir='ltr'><strong>Sed</strong></span> <span class='ocrx_word' id='word_1_845' title='bbox 2953 5406 3347 5479; x_wconf 83' lang='lat' dir='ltr'><strong>gloriﬁcantem</strong></span> <span class='ocrx_word' id='word_1_846' title='bbox 3393 5421 3450 5461; x_wconf 89' lang='lat' dir='ltr'><strong>se</strong></span> <span class='ocrx_word' id='word_1_847' title='bbox 3493 5404 3764 5461; x_wconf 87' lang='lat' dir='ltr'><strong>Dominus</strong></span> 
     </span>
    </p>
   </div>
   <div class='ocr_carea' id='block_1_118' title="bbox 2159 5493 3760 5570">
    <p class='ocr_par' dir='ltr' id='par_1_118' title="bbox 2159 5493 3760 5570">
     <span class='ocr_line' id='line_1_118' title="bbox 2159 5493 3760 5570; baseline -0.002 -17"><span class='ocrx_word' id='word_1_848' title='bbox 2159 5495 2500 5570; x_wconf 77' lang='lat' dir='ltr'><strong>glorificavit,</strong></span> <span class='ocrx_word' id='word_1_849' title='bbox 2525 5496 2652 5569; x_wconf 88' lang='lat' dir='ltr'><strong>quia</strong></span> <span class='ocrx_word' id='word_1_850' title='bbox 2679 5496 2730 5553; x_wconf 89' lang='lat' dir='ltr'><strong>ei</strong></span> <span class='ocrx_word' id='word_1_851' title='bbox 2755 5495 3054 5568; x_wconf 87' lang='lat' dir='ltr'><strong>respondit,</strong></span> <span class='ocrx_word' id='word_1_852' title='bbox 3084 5495 3269 5552; x_wconf 89' lang='lat' dir='ltr'><strong>dicens</strong></span> <span class='ocrx_word' id='word_1_853' title='bbox 3298 5510 3312 5551; x_wconf 89' lang='lat'><strong>:</strong></span> <span class='ocrx_word' id='word_1_854' title='bbox 3340 5495 3458 5552; x_wconf 88' lang='lat' dir='ltr'><strong>Tibi</strong></span> <span class='ocrx_word' id='word_1_855' title='bbox 3476 5493 3614 5553; x_wconf 90' lang='lat' dir='ltr'><strong>dabo</strong></span> <span class='ocrx_word' id='word_1_856' title='bbox 3627 5493 3760 5551; x_wconf 87' lang='lat' dir='ltr'><strong>cta-</strong></span> 
     </span>
    </p>
   </div>
  </div>
