4062 6182
265 359 362 416 105

1089 351 1161 408 IN
1193 345 1461 408 PRIMUM
1489 345 1737 406 REGUM
1772 343 2325 408 EXPOSITIONES.
2358 381 2426 394 —
2456 353 2592 411 LIB.
2633 351 2706 410 ῐῐ.

3475 373 3576 429 106

264 502 354 543 ves
382 484 550 556 regni
577 483 865 545 calorum,
899 483 954 534 et
977 477 1346 550 quodcunque
1377 474 1637 547 ligaveris
1693 490 1865 558 super
1892 475 1945 536 A
1975 477 2038 530 In
2064 474 2332 532 universis
2361 492 2495 549 ergo
2537 480 2704 537 Israel
2756 487 3036 558 prosperis
3093 490 3349 548 amulum
3411 509 3567 550 suum

266 547 475 632 terram
507 571 621 628 erit
652 572 891 639 ligatum
915 573 970 624 et
987 547 1062 622 vin
1084 547 1258 633 caelis,
1289 564 1720 637 etquodcunque
1752 547 1860 616 78

263 664 493 721 solveris
520 677 692 733 super
707 664 923 714 terram
954 658 1062 712 erit
1077 657 1330 711 solutum
1344 657 1399 709 et
1422 656 1482 710 in
1499 654 1652 709 caelis
1671 651 1815 723 (Ibid
1823 693 1859 718 .,

267 757 370 821 19).
407 752 518 806 Sed
540 751 607 804 de
637 747 900 819 projectis
927 745 1236 800 Judaorum
1267 741 1521 815 reprobis
1569 740 1814 796 subditur
1845 758 1858 794 :

331 843 514 911 (γει-ε.
548 840 660 906 30.)
696 837 801 904 Qui
850 839 1044 891 autem
1101 835 1481 889 contemnunt
1541 847 1630 886 me
1687 833 1862 886 erunt

261 929 549 1004 ignobilis.

329 1021 422 1074 31.
455 1018 562 1088 Ipsi
594 1015 812 1087 quidem
845 1018 1216 1078 contemnunt,
1236 1009 1327 1082 qui
1359 1021 1702 1080 nequaquam
1717 1007 1863 1061 hunc

261 1125 380 1165 esse
397 1105 586 1161 mundi
601 1104 1020 1173 Redemptorem
1042 1101 1272 1156 credunt
1297 1118 1308 1152 :
1327 1099 1394 1152 de
1409 1097 1604 1167 quibus
1615 1095 1862 1167 profecto

257 1200 373 1269 ipsa
395 1193 672 1250 Veritasin
686 1190 992 1263 Evangelio
1016 1189 1276 1261 queritur,
1297 1188 1485 1242 dicens
1509 1204 1520 1239 :
1564 1185 1732 1240 Civen
1760 1201 1863 1240 au-

261 1293 369 1342 tem
396 1283 770 1355 ejusoderant
791 1278 980 1346 illum,
1001 1283 1054 1333 et
1084 1277 1720 1347 miseruntlegationem
1737 1275 1864 1344 post

256 1390 405 1438 eum,
431 1373 686 1428 dicentes
708 1389 728 1424 :
763 1369 1034 1424 Nolumus
1072 1366 1222 1421 hunc
1270 1379 1510 1435 regnare
1556 1378 1730 1435 super
1761 1377 1862 1416 nos

256 1461 423 1533 (Luc.
448 1459 688 1527 x1x,t4).
713 1457 820 1512 Sed
833 1471 1018 1512 eorum
1033 1456 1145 1524 jam
1161 1456 1238 1524 (a)
1258 1453 1664 1525 ignobilitatem
1678 1449 1863 1505 cerni-

257 1567 398 1617 mus,
436 1550 568 1622 quia
585 1557 637 1602 et
659 1560 866 1618 genere
884 1553 936 1599 et
962 1543 1279 1599 conditione
1301 1540 1747 1613 proscribuntur.
1767 1539 1866 1593 Ge~

255 1655 384 1694 nere
403 1638 628 1708 quidem
655 1633 929 1708 ignobiles
959 1640 1100 1698 sunt,
1131 1632 1258 1703 quia
1288 1631 1356 1684 ab
1385 1630 1504 1700 ipsa
1523 1627 1760 1684 Veritate
1778 1644 1864 1682 au-

260 1729 510 1782 dierunt:
562 1724 664 1781 Vos
682 1741 756 1780 ex
773 1727 934 1795 patre
953 1721 1172 1777 diabolo
1211 1720 1346 1776 estis
1378 1720 1561 1787 (Joan.
1595 1733 1713 1783 vm,
1746 1717 1860 1784 44).

1971 563 2137 632 videt,
2171 566 2262 635 qui
2292 565 2343 619 in
2375 576 2561 623 sancta
2601 570 2843 627 Ecclesia
2902 576 3280 646 pradicatores
3331 584 3574 639 veritatis

1971 651 2159 708 felices
2187 654 2403 724 aspicit,
2437 664 2489 710 et
2511 672 2688 712 rerum
2724 661 2996 730 opulentia
3018 673 3072 720 et
3100 667 3422 726 celsitudine
3489 671 3573 726 di-

1968 742 2204 813 gnitatis.
2239 744 2350 797 Hoc
2387 743 2551 799 etiam
2584 747 2729 818 quod
2761 748 2812 802 in
2847 753 3050 822 templo
3079 755 3348 812 videndus
3379 760 3570 814 asseri-

1969 838 2053 884 tur
2080 831 2384 901 perfectiori
2433 833 2785 907 intelligentia
2829 839 3152 896 declaratur.
3209 846 3270 899 In
3323 848 3572 904 omnibus

1971 919 2169 989 quippe
2193 921 2471 990 prosperis
2494 923 2544 976 in
2572 926 2771 995 templo
2783 931 3130 1000 estamulus,
3147 932 3274 1000 quia
3287 935 3419 988 ordo
3434 951 3572 1005 pra-

1969 1006 2281 1062 dicatorum
2298 1024 2460 1064 omne
2477 1012 2624 1082 quod
2639 1013 2740 1068 sibi
2755 1013 3042 1071 famulatur
3057 1019 3126 1073 de
3150 1020 3403 1076 felicitate
3432 1033 3572 1078 tem-

1969 1096 2134 1166 poris,
2151 1096 2202 1150 in
2216 1100 2673 1168 contemplatione
2691 1103 2926 1174 disponit
2939 1108 3274 1165 aternitatis.
3292 1111 3568 1180 Sequitur:

2043 1185 2227 1252 (Vers.
2268 1186 2392 1255 33.)
2427 1188 2800 1247 Veruntamen
2853 1209 2968 1250 non
3018 1198 3282 1266 auferam
3329 1203 3561 1271 penitus

1970 1287 2044 1327 ea:
2077 1277 2130 1328 te
2160 1275 2345 1329 virum
2365 1275 2432 1330 ab
2463 1278 2639 1332 altari
2667 1295 2806 1336 meo.

2061 1345 2168 1412 79
2316 1364 2533 1419 Penitus
2564 1382 2800 1439 namque
2827 1369 2896 1423 ab
2926 1371 3083 1426 altari
3111 1389 3208 1430 suo
3239 1375 3415 1430 virum
3459 1393 3564 1432 au-

1971 1447 2151 1514 ferret,
2184 1447 2229 1504 si
2259 1451 2323 1504 ad
2356 1450 2482 1506 ﬁdei
2514 1462 2714 1511 nostra
2747 1457 3003 1514 unitatem
3036 1461 3244 1516 nullum
3300 1465 3560 1522 admitte-

1972 1545 2074 1591 ret.
2104 1539 2318 1594 Penitus
2348 1557 2480 1612 ergo
2512 1557 2619 1598 non
2669 1545 2911 1613 abstulit,
2974 1549 3100 1618 quia
3152 1552 3258 1605 etsi
3302 1555 3570 1625 reprobos

1973 1626 2284 1698 Synagoga
2309 1630 2620 1686 sacerdotes
2642 1634 2856 1704 repulit,
2916 1635 3098 1706 plures
3147 1647 3328 1694 tamen
3373 1657 3443 1697 ex
3491 1645 3570 1698 eis

1973 1714 2040 1768 ad
2069 1714 2149 1768 sui
2181 1718 2547 1788 cognitionem
2580 1720 3008 1779 misericorditer
3035 1725 3284 1783 adduxit.
3324 1728 3568 1798 Quorum

260 1816 584 1872 Conditione
614 1813 782 1868 etiam
814 1810 1084 1882 ignobiles
1114 1813 1264 1874 sunt,
1299 1807 1426 1879 quia
1457 1807 1656 1860 amissa
1687 1805 1858 1859 liber-
1891 1836 1942 1895 Β
1973 1801 2212 1872 profecto
2244 1805 2298 1858 in
2329 1808 2699 1876 apostolorum
2732 1811 2954 1866 Actibus
2987 1813 3155 1869 Lucas
3185 1818 3444 1884 meminit,
3475 1820 3563 1874 di-

263 1913 383 1973 tate,
413 1913 466 1958 et
487 1918 682 1975 regno,
706 1908 968 1972 perpetua
996 1898 1236 1971 gentium
1261 1897 1519 1951 servitute
1546 1894 1861 1965 deprimun-

264 2004 365 2048 tur.
398 1993 507 2048 Sed
542 2006 828 2063 panarum
862 1988 1105 2043 ordinem
1129 1985 1336 2042 clarius
1370 1983 1860 2054 ostendit,dicens:

333 2083 521 2150 (Vers.
555 2081 669 2148 31.)
701 2081 840 2134 Ecce
869 2078 984 2133 dies
1015 2076 1271 2138 veniunt,
1295 2078 1350 2129 et
1380 2072 1685 2146 praecidam
1731 2073 1862 2127 bra-

264 2171 452 2227 chium
477 2175 661 2233 tuum,
698 2171 754 2223 et
783 2165 1074 2220 brachium
1097 2164 1295 2220 domus
1314 2163 1502 2234 patris
1519 2162 1622 2230 tui,
1656 2165 1722 2216 ut
1747 2177 1863 2216 non

260 2262 334 2314 sit
363 2274 547 2314 senex
580 2258 641 2311 in
674 2257 833 2312 domo
868 2259 980 2317 tua,

328 2352 417 2404 32.
450 2348 573 2401 Jam
605 2345 826 2415 quidem
857 2344 975 2397 sine
1005 2341 1230 2397 brachio
1261 2346 1364 2409 est,
1397 2338 1522 2410 quia
1575 2337 1666 2410 qui
1720 2345 1863 2392 tem-

257 2437 404 2508 plum
430 2444 486 2490 et
513 2432 934 2488 tabernaculum
957 2430 1210 2501 perdidit,
1244 2444 1466 2483 manum
1498 2427 1570 2482 ad
1623 2426 1862 2482 oblatio-

258 2542 384 2580 nem
426 2523 678 2580 sacriﬁcii
701 2521 900 2576 veteris
931 2537 1037 2575 non
1059 2518 1320 2574 extendit.
1341 2517 1413 2571 Et
1433 2517 1562 2589 quia
1608 2516 1748 2585 Heli,
1807 2515 1863 2570 id

256 2623 337 2669 est
366 2611 999 2682 majoribusSynagoga
1055 2606 1455 2671 sacerdotibus,
1514 2604 1857 2676 loquebatur,

254 2719 362 2757 non
395 2702 576 2756 solum
599 2698 882 2754 brachium
906 2698 1046 2767 ejus,
1071 2697 1167 2751 sed
1200 2697 1362 2750 etiam
1384 2694 1579 2750 domus
1625 2695 1746 2763 ejus
1803 2709 1860 2748 se

257 2790 561 2862 pracidere
587 2788 840 2856 minatur,
874 2791 932 2840 ut
954 2786 1197 2857 profecto
1227 2783 1591 2839 universalem
1607 2783 1738 2837 ritus
1757 2799 1858 2838 ve-

250 2881 383 2935 teris
410 2877 839 2934 destructionem
873 2876 1128 2944 insinuet,
1163 2882 1212 2928 et
1247 2875 1349 2928 hoc
1379 2871 1523 2944 quod
1542 2887 1682 2926 novo
1715 2879 1856 2926 tem-

246 2984 386 3041 pore
425 2970 543 3039 jam
596 2967 797 3022 factum
830 2963 1099 3019 cernimus
1127 2961 1426 3032 antiquitus
1464 2960 1633 3016 fuisse
1663 2960 1856 3031 dispo-

246 3061 411 3112 situm
430 3057 751 3111 sentiamus.
783 3055 851 3108 Et
878 3053 1158 3108 brachium
1179 3053 1362 3123 itaque
1383 3050 1521 3120 ejus,
1553 3056 1608 3104 et
1663 3048 1857 3104 domus

245 3149 368 3216 ejus
388 3145 652 3200 Dominus
675 3142 937 3214 pracidit,
960 3141 1085 3212 quia
1108 3149 1159 3196 et
1194 3155 1433 3195 summos
1458 3139 1664 3193 Judaa
1683 3137 1856 3207 ponti-

248 3234 408 3302 ﬁces,
433 3244 486 3289 et
517 3235 760 3288 minores
798 3231 1111 3287 sacerdotes
1142 3229 1212 3284 ab
1269 3227 1647 3283 immolatione
1684 3227 1855 3280 veteri

254 3325 475 3396 penitus
496 3322 719 3376 amovit.
754 3321 911 3376 Unde
951 3327 1002 3374 et
1041 3318 1434 3374 convenienter
1488 3314 1800 3386 adjungitur
1837 3332 1850 3370 :

249 3415 322 3470 Ut
354 3429 466 3467 non
499 3414 574 3467 sit
599 3426 781 3466 senex
822 3409 884 3463 in
915 3409 1078 3465 domo
1102 3413 1223 3463 tua.
1256 3407 1425 3461 Senes
1440 3405 1641 3477 quippe
1663 3403 1856 3458 intelli-

239 3501 404 3572 gendi
430 3510 553 3554 sunt
575 3499 911 3564 sacerdotes,
946 3513 1177 3566 quorum
1208 3494 1466 3561 ofﬁcium,
1490 3494 1618 3565 quia
1656 3496 1849 3565 gravi-

245 3594 356 3643 tate
375 3604 592 3660 magna
620 3584 1286 3656 honestatisimpenditur,
1317 3598 1350 3638 a
1395 3581 1677 3654 religionis
1707 3597 1848 3652 pon-

241 3678 373 3732 dere
397 3678 547 3731 nulla
580 3675 773 3746 puerili
800 3674 1024 3729 levitate
1053 3680 1333 3730 vacuatur.
1366 3670 1650 3725 Brachium
1686 3670 1850 3741 igitur

240 3767 383 3834 ejus,
403 3775 458 3820 et
488 3765 686 3818 domus
710 3763 881 3833 patris
902 3763 1023 3832 ejus
1051 3760 1425 3832 itapracisum
1449 3766 1554 3827 est,
1579 3765 1635 3811 ut
1664 3758 1718 3811 in
1740 3757 1844 3812 do-

241 3869 332 3908 mo
349 3868 446 3908 sua
477 3869 641 3907 senex
665 3868 772 3906 non
797 3851 884 3916 sit,
917 3854 1044 3922 quia
1060 3851 1138 3904 sic
1160 3848 1354 3904 veteris
1378 3845 1666 3902 sacerdotii
1709 3847 1844 3900 ritus

238 3943 484 4010 evanuit,
506 3949 562 3995 ut
592 3939 820 3995 omnino
841 3953 1001 3993 nemo
1023 3936 1361 4002 remanserit,
1383 3935 1473 4005 qui
1503 3934 1672 3989 veteri
1693 3949 1844 3989 more

235 4031 530 4086 immolare
547 4031 662 4100 jam
679 4028 866 4100 possit.
885 4027 1027 4082 Nam
1044 4042 1144 4098 pos
1174 4041 1332 4097 quam
1367 4023 1696 4093 Redemptor
1732 4023 1839 4076 hu-

235 4121 381 4174 mani
399 4117 621 4189 generis
651 4133 748 4188 pro
770 4115 1008 4187 peccatis
1023 4114 1223 4170 nostris
1242 4128 1386 4170 novo
1407 4111 1658 4168 sacriﬁcii
1689 4126 1839 4166 more

237 4207 530 4273 seobtulit,
559 4222 683 4262 esse
713 4204 972 4261 sacerdos
1011 4202 1398 4258 consuetudine
1447 4200 1668 4270 antiqua
1710 4214 1837 4255 ces-

235 4298 398 4355 savit.
427 4296 538 4352 Sed
551 4295 644 4366 qui
665 4292 856 4349 amissi
881 4291 1174 4348 sacerdotii
1195 4293 1392 4346 damna
1405 4290 1646 4357 sustinet,
1673 4288 1837 4343 habet

235 4395 566 4442 tormentum
606 4383 830 4454 majoris
867 4397 1047 4454 poena
1084 4380 1153 4437 de
1190 4380 1380 4437 dolore
1398 4377 1633 4434 invidia.
1654 4376 1834 4445 Quare

236 4481 288 4530 et
303 4473 552 4528 subditur
584 4492 598 4526 :

1887 3191 1935 3254 C

1972 1905 2101 1946 cens
2115 1907 2127 1946 :
2148 1894 2404 1949 Plurima
2417 1897 2581 1952 turba
2595 1900 2953 1956 sacerdotum
2969 1902 3251 1959 obediebat
3262 1905 3394 1974 fidei
3406 1909 3566 1977 (Act.

1973 1997 2049 2046 vr,
2074 1981 2151 2050 7).
2178 1981 2339 2054 Digni
2372 1999 2604 2056 namque
2637 1994 2783 2043 tanto
2814 1996 2865 2042 et
2913 2006 3056 2046 novo
3111 1993 3427 2050 ministerio
3483 1997 3571 2051 in-

1972 2068 2116 2122 venti
2145 2079 2289 2139 sunt,
2324 2072 2414 2143 qui
2444 2089 2725 2130 remanere
2754 2092 2876 2132 cum
2921 2079 3144 2149 perditis
3199 2081 3255 2137 in
3303 2091 3568 2142 vetustate

1972 2157 2219 2213 noluere.
2253 2159 2360 2214 Sed
2388 2161 2517 2232 quia
2543 2179 2651 2217 non
2664 2165 2840 2219 solum
2857 2165 3061 2223 electos
3084 2171 3472 2240 pradicatores
3494 2175 3567 2232 de

1971 2246 2245 2317 gentibus,
2280 2250 2632 2305 verumetiam
2663 2251 2789 2306 illos
2819 2254 2910 2325 qui
2936 2255 3003 2310 de
3043 2257 3232 2313 Judaa
3288 2262 3568 2319 credidero

1971 2334 2041 2389 ad
2072 2342 2400 2428 tormentum
2427 2337 2654 2396 invidia
2667 2341 2954 2399 Iudaicum
2970 2345 3332 2403 sacerdotium
3354 2349 3567 2428 habuit,

1973 2423 2250 2494 sequhur:

2045 2513 2230 2580 (Vers.
2270 2514 2382 2581 33.)
2413 2515 2516 2572 Sed
2544 2521 2610 2573 ut
2638 2518 2910 2588 deﬁciant
2931 2523 3084 2578 oculi
3115 2525 3224 2593 tui,
3276 2529 3333 2582 et
3390 2527 3571 2585 tabes-

1971 2605 2066 2656 cat
2096 2606 2295 2658 anima
2330 2607 2453 2660 tua.

2041 2693 2126 2743 35.
2162 2691 2256 2746 Vel
2278 2691 2482 2748 idcirco
2510 2694 2680 2750 virum
2712 2697 2932 2766 penitus
2962 2715 3026 2754 ex
3054 2714 3118 2754 eo
3149 2700 3217 2755 ab
3249 2701 3405 2758 altari
3465 2722 3565 2763 suo

1967 2793 2072 2832 non
2096 2779 2334 2846 abstulit,
2366 2790 2419 2834 ut
2449 2783 2569 2836 Heli
2599 2784 2740 2838 oculi
2771 2785 3089 2854 deficerent,
3123 2797 3175 2843 et
3215 2791 3396 2848 anima
3439 2795 3564 2865 ejus

1967 2867 2288 2936 tabesceret,
2315 2869 2441 2941 quia
2472 2870 2726 2928 videlicet
2756 2873 2961 2930 electos
2992 2877 3058 2931 de
3087 2877 3272 2934 Judaa
3302 2881 3476 2937 noluit
3504 2883 3572 2938 ad

1966 2955 2330 3010 ministerium
2363 2973 2519 3013 nova
2547 2960 2948 3030 praedicationis
2966 2978 3268 3034 assumere,
3293 2976 3371 3038 ut,
3403 2987 3576 3029 remo-

1969 3045 2034 3098 tis
2064 3044 2162 3110 eis,
2197 3045 2356 3116 culpa
2382 3047 2449 3100 ad
2480 3063 2696 3118 poenam
2731 3051 2994 3120 reprobos
3050 3061 3278 3110 teneret.
3337 3057 3570 3116 Defece-

1966 3137 2091 3187 runt
2123 3149 2356 3203 namque
2383 3137 2526 3190 oculi
2556 3137 2674 3191 Heli
2708 3154 2833 3194 cum
2863 3157 3143 3196 summum
3190 3145 3564 3204 sacerdotium

1966 3222 2246 3277 veritatem
2281 3221 2402 3278 ﬁdei
2425 3241 2525 3295 per
2557 3241 2655 3280 ora
2686 3228 3105 3297 pradicatorum
3133 3232 3189 3286 in
3223 3233 3406 3289 auditu
3459 3237 3562 3291 ha-

1962 3310 2094 3377 buit,
2132 3320 2183 3365 et
2213 3327 2319 3366 non
2349 3314 2630 3384 cognovit.
2670 3317 2870 3371 Anima
2901 3334 3114 3388 quoque
3145 3321 3262 3390 ejus
3309 3323 3560 3393 tabescit,

1961 3399 2087 3468 quia
2117 3400 2370 3455 videlicet
2401 3418 2500 3471 per
2528 3403 2856 3472 repulsionis
2887 3422 2996 3460 sua
3026 3423 3240 3477 partam
3273 3415 3564 3483 emarcuit,

1959 3489 2088 3542 dum
2121 3489 2287 3544 sancti
2319 3489 2540 3559 spiritus
2568 3491 2803 3563 gratiam
2835 3494 3039 3550 amisit.
3081 3496 3334 3569 Sequitur
3367 3519 3380 3555 :

2031 3575 2221 3645 (Vers.
2244 3578 2357 3649 33.)
2389 3580 2458 3633 Et
2482 3595 2617 3649 pars
2635 3597 2839 3652 magna
2856 3586 3053 3638 domus
3083 3589 3197 3642 tute
3260 3591 3560 3662 morietur,

1954 3678 2084 3719 cum
2129 3667 2201 3720 ad
2232 3668 2457 3722 virilem
2488 3673 2720 3725 atatem
2747 3673 3095 3742 pervenerit.

2027 3756 2112 3808 36.
2146 3755 2293 3809 Etas
2324 3755 2496 3810 virilis
2528 3765 2740 3828 tempus
2770 3768 2848 3815 est
2874 3761 3162 3818 dominica
3221 3764 3559 3825 lncarnatio—

1951 3841 2052 3905 nis,
2069 3843 2211 3912 quod
2228 3844 2474 3912 profecto
2501 3847 2795 3915 Apostolus
2811 3848 3060 3916 insinuat,
3082 3851 3298 3909 dicens:
3324 3856 3556 3924 Quando

1949 3932 2103 3985 venit
2114 3931 2410 4000 plenitudo
2425 3935 2710 4005 temporis,
2732 3938 2892 3992 misit
2906 3943 3048 3994 Deus
3060 3939 3279 3998 Filium
3291 3960 3457 4000 suum
3468 3949 3555 4017 fa-

1947 4023 2105 4074 ctum
2123 4034 2195 4074 ex
2211 4021 2467 4085 muliere,
2491 4027 2715 4092 factum
2727 4025 2824 4079 sub
2849 4027 2982 4097 lege,
3003 4033 3067 4083 ut
3082 4045 3172 4085 eos
3187 4033 3283 4102 qui
3303 4034 3404 4088 sub
3436 4036 3552 4106 lege

1947 4110 2114 4162 erant
2130 4107 2455 4174 redimeret,
2479 4114 2535 4164 et
2547 4110 2907 4182 adoptionem
2923 4115 3182 4182 ﬁliorum
3229 4122 3552 4192 percipere-

1944 4194 2332 4265 mus(Gal.1v,
2358 4199 2411 4260 4,
2433 4198 2506 4266 5).
2541 4197 2683 4265 Quid
2712 4199 2875 4270 igitur
2905 4212 3175 4274 pracepta
3203 4207 3406 4263 Judaa
3437 4209 3549 4266 fue-

1944 4291 2086 4346 runt,
2118 4284 2220 4338 nisi
2251 4285 2498 4354 quaedam
2531 4287 2862 4342 eruditiones
2893 4289 3134 4346 infantia
3162 4294 3190 4346 ‘i
3220 4295 3395 4363 Hujus
3417 4296 3548 4352 item

1941 4371 2183 4442 pueritia
2213 4380 2427 4444 tempus
2457 4373 2599 4430 idem
2630 4376 2917 4446 Apostolus
2972 4379 3234 4448 insinuat,
3294 4383 3482 4440 dicens
3529 4402 3542 4440 :

1948 4462 2083 4516 Cum
2102 4476 2350 4517 essemus
2367 4463 2612 4535 parvuli,
2633 4465 2730 4520 sub
2769 4466 3068 4522 elementis
3124 4471 3330 4528 mundi
3368 4472 3542 4546 hujus

309 4561 626 4630 (Vers.3?..)
662 4562 730 4615 Et
750 4560 959 4617 videbis
979 4559 1251 4616 (cernulum
1293 4561 1462 4612 tuum
1497 4557 1560 4612 in
1604 4555 1828 4628 templo,
1860 4543 1913 4604 D
1944 4565 2171 4605 eramus
2200 4553 2506 4606 servientes
2539 4552 2721 4622 (Ibid.,
2765 4555 2842 4623 3).
2903 4555 2962 4608 In
3013 4555 3158 4611 virili
3209 4575 3338 4631 ergo
3382 4543 3540 4618 atate

231 4650 296 4704 in
313 4651 594 4706 universis
621 4649 906 4721 prosperis
937 4649 1131 4704 Israel.

306 4738 397 4793 33.
421 4741 568 4793 Intra
598 4738 854 4808 templum
888 4738 1088 4808 quippe
1135 4735 1390 4791 amulum
1452 4749 1607 4788 suum
1665 4731 1834 4800 videt,

233 4827 360 4900 quia
389 4828 504 4898 ipse
528 4827 638 4896 jam
671 4827 818 4882 foras
844 4826 1104 4895 expulsus
1136 4832 1239 4880 est.
1273 4824 1411 4878 Nam
1448 4823 1571 4891 quis
1607 4820 1838 4876 amulus

231 4917 526 4971 sacerdotii
555 4914 753 4970 veteris
783 4914 924 4968 alius
954 4921 1052 4981 est,
1074 4927 1245 4984 quam
1266 4911 1401 4967 ordo
1413 4925 1684 4966 novorum
1707 4925 1838 4980 pra-

231 5005 541 5060 dieatorum
567 5004 597 5055 ‘?
626 5001 732 5070 Qui
763 5001 1005 5074 profecto
1035 5001 1162 5055 dum
1192 5008 1437 5058 veterum
1469 4998 1834 5054 etelectorum

230 5100 449 5162 patrum
480 5090 656 5145 studia
684 5090 924 5146 vivendo
955 5097 1117 5160 atque
1148 5087 1392 5144 docendo
1425 5086 1714 5159 adaequare
1743 5086 1834 5139 ni-

232 5181 380 5248 titur,
405 5181 545 5236 bona
576 5178 696 5234 Heli
726 5178 983 5232 nimirum
1034 5176 1088 5231 in
1131 5176 1279 5231 bono
1340 5175 1641 5231 amulatur.
1698 5174 1837 5230 Hinc

231 5269 434 5323 Paulus
462 5268 739 5332 admonet,
763 5267 952 5322 dicens
977 5267 1218 5322 :Bonum
1231 5264 1588 5320 amulamini
1609 5265 1671 5318 in
1694 5263 1834 5318 bono

229 5358 589 5428 omnes(6al.
611 5372 688 5421 tv,
722 5356 834 5426 18).
867 5355 1000 5418 Qua
1020 5361 1199 5410 autem
1228 5353 1392 5408 Israel
1411 5368 1700 5424 prospera,
1728 5352 1836 5406 nisi

227 5446 524 5502 felicitates
551 5445 716 5515 hujus
761 5442 1084 5498 transeuntis
1141 5440 1402 5513 temporis
1439 5441 1831 5512 intelliguntur,

226 5536 290 5590 in
318 5534 521 5607 quibus
538 5532 711 5589 Israel
738 5531 1036 5589 secundum
1066 5542 1284 5588 carnem
1317 5529 1476 5586 valde
1503 5528 1786 5586 latabatur
1803 5529 1832 5585 ‘l

302 5678 389 5751 (a)
427 5676 598 5736 Gilot.
638 5683 695 5732 et
730 5673 912 5732 Vatic.
956 5674 1314 5732 nobilitatem
1345 5673 1664 5730 cernimus.

524 5775 768 5833 PAIROL.
795 5770 1048 5831 LXXIX.

1947 4645 2162 4692 mortua
2194 4645 2295 4703 est,
2318 4638 2444 4710 quia
2475 4639 2528 4692 in
2560 4640 2897 4709 plenitudine
2927 4647 3190 4715 temporis
3246 4648 3298 4701 in
3357 4652 3548 4707 mundi

1943 4726 2359 4796 Redemptorem
2393 4727 2584 4795 saviit,
2619 4737 2671 4783 et
2701 4731 3053 4800 semetipsum
3082 4732 3412 4793 inﬁdelitatis
3429 4757 3546 4795 mu-

1941 4829 2109 4870 crone
2139 4813 2424 4869 transﬁxit.
2458 4817 2600 4872 Bene
2632 4826 2811 4872 autem
2845 4835 2952 4874 non
3004 4827 3114 4876 tota
3170 4823 3388 4891 domus,
3438 4829 3539 4884 sed

1941 4917 2066 4974 pars
2094 4919 2291 4974 magna
2322 4902 2514 4958 domus
2545 4905 2668 4976 ejus
2688 4907 2950 4962 moritura
2969 4910 3296 4981 pradicit’ur,
3323 4915 3448 4985 quia
3473 4933 3540 4972 ex

1944 4991 2022 5046 eis
2055 4991 2270 5062 quidam
2302 4991 2356 5044 in
2380 4992 2797 5064 Redemptorem
2828 4995 3197 5054 crediderunt.
3225 5001 3292 5056 Et
3321 5018 3541 5059 causam

1943 5079 2173 5149 majoris
2203 5079 2407 5134 doloris
2437 5080 2724 5151 adjiciens,
2757 5083 2830 5138 ait
2862 5101 2878 5140 :

2014 5177 2192 5246 (Vers.
2229 5179 2341 5247 34.)
2375 5179 2482 5236 Hoc
2504 5184 2700 5236 autem
2741 5183 2844 5237 tibi
2871 5183 3119 5253 signum,
3161 5186 3302 5256 quod
3331 5191 3542 5245 ventu—

1942 5282 2073 5322 rum
2094 5269 2177 5320 est
2206 5265 2418 5321 duobus
2447 5267 2594 5336 [iliis
2638 5271 2774 5338 tuis,
2827 5269 3010 5340 Ophni
3065 5276 3120 5326 et
3167 5273 3424 5331 Phinees.
3473 5277 3544 5333 In

1942 5371 2061 5410 una
2074 5354 2165 5410 die
2178 5356 2502 5412 morientur
2528 5356 2708 5413 ambo.

2016 5445 2102 5497 37.
2135 5444 2197 5497 In
2226 5443 2438 5499 duobus
2466 5443 2590 5498 ﬁliis
2615 5444 2734 5500 Heli
2763 5444 3042 5516 geminum
3070 5449 3362 5508 sacerdotii
3391 5462 3544 5511 vete-

1945 5530 2024 5588 ris
2039 5531 2288 5588 ordinem
2300 5548 2463 5605 supra
2477 5533 2813 5591 ostendimus
2829 5533 3126 5607 designari.
3147 5538 3258 5610 Qui
3274 5550 3428 5602 certe
3441 5561 3548 5601 una

3310 5786 3342 5843 4
