4062 6182
444 355 549 423 107

1666 339 1928 419 sanan,
1954 341 2306 422 causam
2334 338 2578 415 unum

3648 352 3749 414 {.08

436 479 526 545 die
552 475 750 547 mortui
778 481 922 546 sunt,
954 474 1085 547 quia
1110 471 1276 533 simul
1302 470 1362 527 in
1418 468 1821 543 Redemptoris,
1860 475 2022 535 morte

2146 482 2372 539 semper
2399 467 2684 540 adipsum
2714 468 2958 551 respicit,
2993 477 3046 539 et
3076 471 3199 541 vitae
3219 474 3744 547 suae.rectitudinem

437 572 823 635 convenerunt.
848 567 993 621 Bene
1021 570 1202 619 autem
1246 559 1586 619 sacerdotum
1643 574 1789 615 mors
1845 557 1900 611 in
1955 556 2035 610 si—

436 671 603 728 gnum
635 654 907 710 moritura:
928 652 1121 711 domus
1151 649 1334 721 posita
1367 655 1715 716 memoratur,
1748 646 1872 718 quia
1913 660 2040 702 cum

434 753 682 817 pastores
712 742 1004 809 intereunt,
1036 755 1265 797 necesse
1295 745 1376 794 est
1404 737 1477 793 ud
1507 735 1577 793 ad
1606 736 1859 793 eumdem
1894 735 2038 790 inte—

436 834 598 889 ritum
627 849 764 905 grex
790 838 1065 905 sequatur.
1101 830 1167 893 Et
1197 827 1324 909 quia
1352 844 1417 882 ex
1450 826 1592 881 ialsa
1619 826 1828 881 ratione
1870 824 2041 883 dece-

434 922 511 994 pti
542 928 685 990 sunt,
715 921 772 976 in
798 920 887 977 die
917 919 1056 975 mori
1087 916 1455 989 perhibentur.
1492 916 1571 970 De
1614 914 1774 985 cujus
1806 913 2041 968 falsitate

433 1009 573 1079 lucis
604 1011 790 1077 beatus
815 1008 919 1064 Job
950 1006 1205 1078 loquitur,
1238 1004 1425 1061 dicens
1459 1021 1474 1058 :
1524 1002 1620 1061 Sic
1667 1003 1732 1058 in
1777 999 2038 1071 tenebris,

433 1102 585 1157 sicut
605 1097 668 1157 in
692 1099 816 1155 luce
843 1096 1142 1154 ambulant
1188 1093 1325 1164 (Job.
1384 1108 1531 1160 xxiv,
1592 1091 1710 1161 t7).
1777 1089 1891 1146 Sed
1948 1084 2043 1162 qui

433 1198 588 1247 vetus
606 1186 836 1258 eXpulit,
868 1200 1071 1264 novum
1100 1180 1470 1261 sacerdotium
1495 1180 1848 1253 praeparavit.
1885 1178 2041 1234 Unde

433 1285 486 1333 et
514 1276 760 1333 subditur
789 1293 801 1330 :

503 1366 686 1431 (Vers.
726 1367 793 1423 55
807 1364 851 1434 .)
870 1361 1233 1423 Etsuscitabo
1247 1359 1393 1417 mihi
1408 1358 1760 1416 sacerdotem
1788 1356 2010 1427 ﬁdelem
2024 1399 2037 1413 .

499 1458 594 1510 38.
630 1452 1123 1523 Mortuislnamque
1148 1449 1272 1504 ﬁllis
1301 1448 1426 1504 Heli
1441 1446 1666 1503 ﬁdelem
1685 1446 2037 1502 sacerdotem

429 1544 536 1601 sibi
566 1541 832 1601 Dominus
852 1540 1162 1607 suscitavit,
1197 1538 1327 1610 quia
1355 1536 1637 1593 exstinctis
1692 1534 1748 1590 in
1802 1534 2031 1606 perﬁdia

425 1631 662 1705 praelatis
691 1630 889 1693 veteris
918 1628 1133 1700 populi,
1165 1626 1372 1683 electos
1403 1625 1474 1681 ad
1505 1624 1871 1681 exhibendum
1936 1640 2029 1678 re-

432 1719 767 1792 demptionis
795 1726 1000 1775 nostrae
1029 1716 1388 1771 ministerium
1422 1712 1630 1770 ascivit.
1653 1710 2041 1783 Quinimirump

2147 556 2203 615 in
2231 556 2531 642 eodirigit,
2566 575 2727 630 quem
2759 575 2857 630 per
2885 565 3226 631 assumptam
3246 562 3628 627 humanitatem
3676 566 3747 631 ad

2147 647 2584 716 componendum
2614 647 2909 705 electorum
2940 648 3175 720 speciem
3207 650 3424 715 venisse
3473 669 3747 728 recogno-

2146 735 2266 791 scit.
2300 734 2407 795 Sed
2439 734 2492 788 in
2522 735 2777 792 caecitatis
2805 754 2917 795 suae
2939 737 3182 793 tenebris
3197 739 3382 795 Iudaea
3403 756 3511 796 non
3533 730 3752 816 semper

2147 824 2582 892 deserendaest,
2612 824 2741 897 quia
2760 842 2858 897 per
2886 827 3208 898 prephetam
3236 827 3461 884 dicitur:
3495 832 3554 889 Si
3572 836 3755 904 fuerit

2148 929 2424 970 numerus
2433 913 2688 983 ﬁliorum
2715 913 2915 982 Israel,
2937 915 3087 971 sicut
3115 933 3292 973 arena
3329 920 3527 988 maris,
3562 926 3753 991 tamen

2147 1002 2409 1075 reliquit:
2420 1003 2591 1061 salva:
2604 1003 2751 1071 ﬁent
2773 1003 2923 1072 (Isai.
2940 1020 2993 1073 χ,
3008 1007 3119 1076 22).
3140 1004 3278 1061 Hinc
3295 1006 3488 1073 Paulus
3507 1008 3578 1067 ait
3603 1027 3614 1063 :
3642 1012 3755 1069 Cre-

2149 1091 2295 1148 citas
2328 1107 2403 1147 ea:
2443 1095 2612 1164 parte
2642 1092 2885 1164 contigit
2919 1092 2983 1149 in
3018 1094 3214 1161 Israel,
3249 1094 3425 1153 donec
3445 1099 3749 1168 plenitudo

2148 1180 3053 1250 gentiumintroeat,etsicomnis
3083 1181 3265 1247 Israel
3305 1185 3496 1244 saltm:
3520 1188 3594 1259 (a)
3643 1191 3750 1260 ﬁat

2150 1268 2337 1337 (Rom,
2367 1284 2445 1334 χι,
2467 1268 2556 1333 25,
2588 1270 2700 1339 2,6).
2760 1270 2911 1326 Hanc
2949 1285 3083 1343 ergo
3119 1270 3323 1328 Iudaeae
3378 1273 3745 1345 visitationem

2146 1356 2548 1428 subsequenter
2575 1357 2832 1424 ostendit,
2864 1358 2990 1429 quia
3019 1356 3147 1429 dicit
3179 1377 3194 1414 :

2220 1446 2405 1514 (Vers.
2447 1446 2558 1517 33.)
2615 1446 2897 1503 Futurum
2935 1451 3021 1504 est
3072 1455 3277 1519 autem,
3302 1456 3371 1513 ut
3425 1456 3751 1530 quicunque

2145 1535 2492 1590 remanserit
2522 1536 2585 1590 in
2614 1534 2772 1592 domo
2805 1539 2923 1603 tua,
2956 1538 3170 1606 veniat,
3202 1544 3268 1596 ut
3299 1545 3498 1599 oretur
3515 1559 3617 1616 pro
3646 1561 3727 1603 eo.

2215 1625 2305 1677 42.
2335 1622 2489 1677 Tunc
2517 1631 2662 1678 certe
2688 1623 2876 1680 Iudaea
2905 1640 3002 1695 pro
3031 1642 3088 1682 se
3118 1628 3261 1683 orari
3294 1629 3584 1691 Dominum
3640 1650 3746 1705 po-

2142 1710 2322 1779 stulat,
2358 1710 2594 1781 quando,
2638 1711 2887 1768 collectis
2936 1713 3046 1783 jam
3104 1716 3309 1783 electis
3345 1720 3414 1776 de
3467 1708 3743 1794 gentibus,

426 1810 603 1867 fidelis
632 1810 941 1879 assumptus
971 1805 1196 1871 dicitur,
1233 1803 1363 1876 quia
1394 1810 1570 1872 vetus,
1600 1803 1687 1859 cui
1739 1801 2021 1869 successit,
2053 1816 2107 1877 Β
2140 1799 2398 1855 caecitatis
2427 1816 2541 1857 sua:
2573 1800 2827 1857 tenebras
2853 1818 2961 1858 non
2991 1802 3222 1877 ignorat,
3256 1821 3379 1867 cum
3412 1825 3510 1880 per
3553 1827 3745 1869 sacer.—

427 1916 529 1977 per
557 1897 927 1957 inﬁdelitatem
962 1893 1060 1950 fuit
1080 1893 1421 1965 reprobatus.
1465 1893 1534 1947 Et
1589 1890 1720 1963 quia
1769 1907 1835 1946 ea
1889 1889 2026 1946 fides

427 1989 552 2060 ejus
583 1984 882 2043 sacerdotis
910 1983 1161 2038 laudibus
1213 1980 1521 2045 ascribitur,
1582 1996 1704 2050 qua:
1747 1995 1844 2050 per
1885 1979 2026 2033 dile-

428 2079 666 2133 ctionem
696 2081 972 2146 operatur,
1002 2073 1122 2143 ipsa
1143 2069 1453 2127 dilectionis
1473 2084 1645 2139 opera
1671 2084 1769 2140 per
1797 2084 2028 2140 sequen-

427 2164 702 2237 tia‘verba
731 2163 1113 2234 designantur.
1145 2160 1287 2223 Nam
1313 2157 1554 2231 sequitur
1584 2174 1598 2211 :

517 2238 627 2317 80
662 2253 845 2321 (Vers.
876 2252 989 2321 35.)
1035 2249 1140 2319 Qui
1162 2251 1345 2321 juxta
1391 2263 1487 2303 cur
1543 2261 1737 2305 meum
1786 2250 1843 2302 et
1901 2245 2026 2302 ani-

430 2360 585 2415 mam
614 2356 800 2398 meam
823 2340 1026 2411 faciat.

498 2437 586 2487 39.
618 2431 732 2485 Hoc
779 2442 1018 2499 namque
1050 2425 1341 2481 ineﬁ‘abilis
1389 2425 1573 2482 divina
1605 2424 1911 2495 substantia
1947 2423 2022 2478 si-

425 2520 590 2595 gnari
621 2535 720 2590 per
750 2524 935 2587 partes
964 2514 1196 2571 hominis
1227 2514 1418 2586 voluit,
1452 2514 1597 2585 quod
1628 2515 1685 2573 in
1743 2530 1808 2569 se
1868 2515 2024 2584 juxta

420 2611 651 2665 litteram
671 2604 900 2675 intelligi
929 2619 1036 2658 non
1069 2610 1302 2674 Oportet.
1322 2603 1697 2674 Dixititaque:
1723 2602 1832 2667 Qui
1839 2605 2035 2675 juxta,

421 2716 523 2759 cor
541 2712 731 2765 meum
749 2698 802 2750 et
818 2694 1279 2753 animamrineam
1298 2693 1502 2763 faciat.
1533 2692 1658 2746 Non
1680 2691 1822 2762 quod
1842 2691 2022 2748 incor-

420 2801 588 2860 porea
604 2793 654 2840 et
671 2780 1139 2852 incircumscripta
1159 2780 1254 2836 Dei
1273 2780 1576 2836 substantia
1601 2788 1762 2837 coret
1782 2780 2019 2835 animam

423 2876 634 2941 habeat,
666 2871 763 2926 sed
782 2870 861 2926 sic
888 2869 1125 2942 loquitur
1152 2869 1358 2924 homini
1373 2876 1433 2924 ut
1455 2869 1618 2925 homo
1633 2869 1839 2925 homini
1864 2868 2019 2940 loqui

419 2964 579 3030 solet,
614 2969 671 3016 ut
697 2976 797 3031 per
825 2961 928 3015 hoc
959 2957 1107 3030 quod
1136 2973 1211 3012 ex
1240 2956 1408 3012 verbo
1439 2972 1538 3015 suo
1567 2958 1796 3013 audiens
1854 2958 2017 3014 homo

415 3050 945 3126 cognoscit,.aperte
976 3046 1113 3102 sciat
1141 3046 1272 3118 quid
1302 3045 1467 3102 etiam
1492 3045 1627 3102 velit
1659 3048 1822 3101 Deus.
1859 3045 2016 3116 Quod

2136 1886 2293 1942 dotes
2322 1887 2710 1959 omnipotentis
2743 1890 2845 1945 Dei
2877 1891 2927 1947 ei
2956 1890 3137 1948 offerri
3185 1912 3282 1966 per
3335 1897 3743 1957 confessionem

2136 1984 2338 2032 sanctae
2358 1977 2636 2033 Trinitatis
2668 1979 2895 2049 appetit,
2921 1980 3052 2053 quia
3082 1981 3139 2037 in
3170 1992 3441 2042 vetustate
3487 1988 3741 2059 pristina,

2135 2080 2378 2137 superna
2395 2066 2689 2136 promereri
2704 2067 2902 2151 gaudia
2916 2072 3339 2141 nonpraesumit,
3363 2075 3462 2131 sed
3493 2085 3544 2148 et
3575 2075 3739 2139 ﬁdem

2134 2153 2535 2225 Redemptoris,
2571 2146 2751 2224 quam.
2792 2172 3054 2214 conversa
3111 2161 3335 2232 recepit,
3394 2144 3741 2235 praedicando

2135 2242 2291 2297 etiam
2306 2244 2686 2299 convertendis
2706 2244 2828 2299 aliis
2842 2245 3121 2317 impendit.
3141 2249 3282 2305 Bene
3294 2250 3452 2313 etiam
3468 2253 3736 2312 subditur:

2207 2331 2389 2399 (Vers.
2423 2334 2534 2402 33.)
2563 2335 2629 2390 Ut
2655 2334 2885 2409 offerret
2916 2352 3216 2394 nummum
3247 2347 3597 2413 argenteum.

2202 2421 2453 2492 Argento
2484 2422 2685 2492 quippe
2743 2422 2955 2492 eloquia
2998 2424 3201 2497 divina
3247 2429 3550 2501 signantur,
3611 2433 3741 2506 quia

2130 2524 2228 2591 per
2258 2509 2576 2585 Prophetam
2609 2509 2812 2565 dicitur
2850 2528 2862 2563 :
2887 2513 3121 2586 Eloquia
3139 2516 3361 2575 Domini
3379 2520 3741 2592 igneexami-

2128 2599 3069 2672 nata,argentumigneprobatum
3103 2605 3275 2672 (Psal.
3313 2623 3389 2677 xx,
3445 2610 3520 2679 7).
3576 2609 3738 2681 Quod

2127 2685 2370 2756 proiecto
2401 2694 2685 2759 argentum
2716 2696 2844 2745 tunc
2873 2689 3065 2749 Iudaea
3093 2691 3147 2748 in
3175 2694 3276 2750 Dei
3334 2696 3586 2757 laudibus
3626 2701 3738 2756 im-

2126 2775 2332 2844 pendit,
2367 2791 2487 2830 cum
2516 2781 2706 2847 aperte
2734 2776 2895 2832 ﬁdem
2931 2787 3171 2837 nostram
3203 2783 3477 2854 praedicat,
3530 2789 3617 2844 cui
3675 2791 3739 2847 in

2126 2862 2445 2919 inﬁdelitate
2475 2865 2651 2935 posita
2670 2872 2792 2921 ante
2813 2868 3155 2939 contradixit.
3188 2872 3255 2927 Et
3314 2874 3438 2945 quia
3485 2880 3741 2945 eumdem

2124 2951 2566 3023 Redemptorem,
2600 2970 2759 3026 quem
2790 2957 3029 3013 amando
3058 2942 3346 3030 praedicat,
3370 2963 3534 3021 etiam
3574 2942 3736 3024 com-

2123 3040 2376 3111 patiendo
2405 3040 2663 3110 imitatur,
2695 3043 3015 3117 adjungitur
3049 3065 3061 3101 :

412 3141 662 3214 profecto
692 3137 798 3193 dici
827 3134 1123 3206 simplicius
1157 3136 1423 3204 potuisset
1456 3152 1467 3188 :
1502 3133 1606 3205 Qui
1635 3135 1796 3190 faciat
1825 3136 2013 3191 volun-
2043 3172 2093 3235 Ο
2195 3130 2380 3235 (Xe‘rs.
2421 3134 2532 3201 33.)
2566 3131 2635 3186 Et
2665 3136 2876 3190 tortam
2904 3136 3094 3206 panis.

414 3238 580 3285 tatem
608 3241 813 3283 meam.
855 3225 920 3279 Et
948 3223 1177 3294 praemia
1207 3223 1388 3294 operis
1418 3222 1663 3293 exponit,
1699 3224 1888 3280 dicens
1923 3243 1935 3279 :

487 3319 662 3387 (Vers.
684 3316 795 3385 3:5.)
831 3315 896 3369 Et
923 3311 1216 3383 (edi/icabo
1245 3312 1297 3367 ei
1325 3312 1558 3368 domum
1586 3313 1837 3381 ﬁdelem.

484 3410 573 3462 40.
598 3404 733 3475 Quae
763 3417 998 3474 namque
1027 3400 1129 3455 ista
1160 3401 1355 3457 domus
1385 3399 1514 3468 alia,
1552 3401 1655 3457 nisi
1686 3409 1887 3458 aeterna
1921 3417 2011 3472 pa-

412 3495 511 3552 tria
540 3493 868 3569 intelligitur
897 3491 925 3543 ‘2
956 3488 1134 3558 Quam
1162 3489 1416 3560 profecto
1467 3489 1689 3546 domum
1748 3491 2012 3546 Dominus

413 3582 828 3645 commendans,
870 3578 944 3633 ait
976 3597 987 3632 :
1027 3579 1088 3633 In
1128 3576 1287 3634 domo
1311 3578 1497 3650 putris
1533 3581 1657 3637 mei,
1685 3581 2009 3637 mansiones

413 3674 611 3729 multis
639 3674 777 3727 sunt
796 3670 975 3737 (Ioan.
1009 3683 1119 3735 XIV,
1155 3670 1235 3735 2).
1264 3666 1371 3721 Sed
1395 3667 1509 3723 haec
1531 3667 1722 3723 domus
1749 3668 2009 3724 aediﬁcari

411 3777 556 3816 nunc
585 3758 801 3823 dicitur,
837 3755 960 3828 quia
991 3771 1054 3808 ex
1077 3753 1178 3825 piae
1192 3753 1629 3810 vitaeactiouibus
1641 3760 2004 3827 praeparatur.

410 3851 797 3905 Verumtamen
827 3844 895 3899 ad
933 3859 1054 3899 eam
1112 3842 1531 3912 promerendam
1581 3842 1868 3916 indignum
1928 3854 2011 3901 est

412 3954 551 4009 opus
578 3934 842 4001 hominis,
875 3932 919 3987 si
947 3947 1057 3988 non
1098 3933 1204 3986 hoc
1258 3939 1386 4004 agat
1413 3931 1601 4004 gratia.
1636 3934 2010 3990 misericordis

412 4026 532 4082 Dei.
565 4024 926 4092 Beneitaque,
960 4036 1084 4076 cum
1105 4019 1301 4074 domus
1315 4019 1603 4076 aediﬁcium
1626 4022 1865 4093 ponitur,
1892 4025 2009 4089 Dq-

413 4116 598 4169 minus
614 4112 664 4169 ei
685 4127 804 4167 eam
824 4108 1095 4166 mdiﬁcare
1112 4107 1419 4181 pollicetur,
1445 4108 1570 4178 quia
1588 4110 1838 4167 nimirum
1861 4112 2010 4168 vires

410 4205 661 4265 humanas
690 4217 721 4255 a
742 4207 891 4255 tanta
920 4197 1232 4269 operatione
1253 4197 1528 4265 deﬁciunt,
1552 4198 1596 4251 si
1622 4199 2010 4256 nondivinitus

410 4292 759 4363 adjuventur.
789 4288 926 4343 Hinc
946 4288 1147 4342 Paulus
1174 4285 1249 4340 ait
1272 4302 1284 4341 :
1306 4288 1451 4341 Deus
1482 4290 1567 4355 est
1608 4288 1704 4358 qui
1742 4294 2019 4361 operatur.

412 4386 477 4453 in
506 4396 595 4437 me
625 4380 834 4435 velleet
854 4376 1123 4449 per/icere
1141 4373 1371 4445 (Philip.
1394 4373 1589 4443 11,13).
1629 4375 1767 4451 Hinc
1813 4376 2011 4432 iterum

414 4469 576 4524 dicit:
598 4469 721 4523 Non
741 4470 823 4521 est
838 4464 1099 4530 volentis,
1117 4477 1296 4533 neque
1308 4463 1616 4530 currentis,
1631 4462 1726 4519 sed
1738 4463 2011 4520 miseren-

2212 3203 2261 3271 8
2280 3205 2320 3277 1,
2352 3222 2446 3309 43.
2487 3219 2645 3276 Panis
2666 3203 3142 3292 namque—nomine
3169 3226 3262 3284 ille
3284 3230 3736 3309 exprimiturqui

2120 3306 2190 3365 de
2219 3308 2519 3377 semetipso
2549 3309 2660 3365 ait:
2694 3312 2805 3381 Ego
2825 3327 2953 3369 sum
2982 3313 3154 3384 pani:
3175 3317 3332 3376 vivus
3353 3298 3456 3391 qui
3493 3322 3560 3379 de
3594 3298 3751 3384 εοὲιό

2119 3396 2388 3453 descendi
2415 3395 2601 3467 (Jean.
2631 3414 2704 3467 vr,
2738 3403 2851 3470 51).
2885 3402 3053 3458 Torta
3076 3404 3261 3477 itaque
3274 3408 3439 3478 panis.
3481 3410 3731 3469 Redem-

2118 3485 2288 3556 ptoris
2318 3501 2441 3542 caro
2472 3486 2763 3544 estadecta
2777 3488 3058 3560 suppliciis
3072 3532 3085 3546 .
3108 3494 3263 3553 Hunc
3276 3511 3512 3569 namque
3529 3507 3732 3557 tortum

2119 3590 2316 3644 panem
2334 3574 2602 3645 propheta
2619 3576 2858 3644 intuens,
2882 3579 2956 3635 ait
2986 3620 2998 3633 .
3039 3580 3176 3638 Vere
3192 3584 3488 3657 languore:
3504 3596 3731 3648 nostra:

2119 3666 2238 3735 ipse
2257 3664 2719 3731 tulit,etdolores
2739 3671 2960 3725 nostros
2989 3670 3108 3741 ipse
3131 3673 3385 3742 portavit
3415 3675 3565 3743 (lsai.
3609 3693 3730 3747 aut,

2117 3753 2201 3820 4).
2237 3752 2306 3807 Et
2336 3752 2460 3821 quia
2489 3768 2590 3823 per
2618 3755 2909 3824 quemdam
2934 3759 3239 3828 sapientem
3268 3760 3499 3820 dicitur:
3533 3766 3595 3823 Si
3626 3782 3727 3831 se-

2117 3840 2269 3897 deris
2287 3840 2360 3897 ad
2376 3856 2632 3898 mensam
2646 3844 2914 3915 potentis,
2974 3848 3265 3919 sapienter
3317 3854 3548 3910 attende
3602 3872 3733 3928 quce

2117 3933 2484 4001 apponuntur
2513 3931 2633 3999 tibi,
2657 3933 2791 4005 quia
2819 3934 3034 3990 similia
3064 3941 3286 4007 oportet
3318 3943 3372 3999 te
3400 3958 3755 4016 praeparare,

2120 4017 2301 4086 (Prov.
2333 4033 2494 4090 xxxii,
2529 4022 2579 4085 t,
2616 4023 2666 4088 2,
2698 4035 2813 4077 rec.
2848 4021 3025 4100 LXX),
3053 4030 3249 4081 tortam
3277 4028 3434 4098 panis
3462 4038 3515 4085 et
3559 4047 3735 4090 num-

2117 4123 2269 4171 mum
2288 4116 2604 4180 argenteum
2626 4109 2810 4164 Iudaea
2839 4120 2969 4166 tunc
2998 4110 3173 4183 oﬂ‘ert,
3223 4130 3346 4171 cum
3403 4118 3740 4195 Redemptoe

2116 4210 2234 4289 rem
2264 4203 2501 4251 nostrum
2532 4204 2718 4265 aperta
2770 4197 3119 4259 confessione
3168 4204 3459 4274 praedicat,
3522 4216 3576 4264 et
3616 4192 3736 4289 pro

2118 4284 2237 4353 ejus
2263 4298 2474 4346 amore.
2515 4300 2676 4353 quem
2724 4286 3008 4358 praedicat,
3059 4292 3327 4350 sustinere
3376 4284 3661 4354 tormenta.
3698 4316 3759 4361 α.

2119 4369 2344 4441 perﬁdis
2374 4386 2485 4428 non
2535 4379 2774 4430 recusat.
2826 4376 2888 4431 In
2938 4394 3046 4449 qua
3097 4379 3363 4437 nimirum
3419 4383 3735 4446 imitatione

2122 4459 2393 4530 passionis
2421 4469 2474 4517 et
2510 4461 2809 4520 refectione
2833 4464 3137 4523 dulcedinis
3166 4468 3299 4541 quia
3330 4471 3490 4532 valde
3537 4456 3737 4535 delec—

419 4557 493 4613 tis
509 4559 594 4611 est
614 4554 718 4609 Dei
740 4555 919 4622 (Rom.
947 4569 1012 4618 ir,
1041 4554 1156 4619 16).
1183 4531 1336 4604 lianc
1365 4548 1587 4605 domum
1630 4566 1690 4605 se
1735 4551 2013 4609 aediﬁcare
2040 4531 2094 4593 D
2127 4555 2287 4618 tatur,
2329 4549 2572 4620 sequitur
2604 4570 2616 4606 ε

413 4640 787 4716 promittebat,
819 4655 939 4695 cum
953 4638 1193 4694 diceret:
1242 4636 1389 4694 Vado
1402 4654 1614 4710 parare
1636 4640 1781 4696 vobi:
1805 4641 2011 4709 locum,

419 4735 477 4787 et
506 4730 718 4786 iterum
732 4728 979 4795 veniam,
1007 4730 1064 4782 et
1084 4726 1369 4798 accipiam
1399 4742 1491 4782 vos
1518 4727 1591 4783 ad
1621 4730 1923 4801 meipsum,
1949 4735 2016 4789 ut

415 4820 621 4889 ubiego
650 4832 797 4887 sum,
815 4821 870 4872 et
888 4831 978 4872 vos
995 4814 1127 4871 sitis
1146 4815 1334 4884 (Joan.
1373 4829 1447 4880 iv,
1481 4818 1533 4880 2,
1566 4816 1638 4886 3‘).
1682 4814 1823 4884 Quia
1887 4835 2019 4876 vero

411 4914 702 4975 vocantem
726 4921 785 4961 se
815 4903 1050 4977 gratiam
1080 4918 1149 4958 ex
1177 4902 1390 4957 arbitrii
1418 4901 1670 4961 libertate
1698 4904 1894 4965 devote
1924 4925 2017 4965 se-

414 5003 640 5054 cuturus
669 5000 805 5063 erat,
837 4990 1167 5063 adjungitur’
1216 5007 1230 5045 :

487 5085 664 5155 (Vers.
698 5084 809 5152 35.)
866 5082 938 5137 Et
980 5078 1293 5136 ambulabit
1342 5094 1533 5137 coram
1601 5080 1821 5145 Christo
1888 5101 2013 5144 meo

416 5175 641 5234 cunctis
661 5171 874 5229 diebus.

486 5268 580 5319 41.
620 5261 919 5330 Unicuique
949 5256 1092 5314 enim
1125 5257 1426 5313 electorum
1457 5260 1882 5323 coramChristo
1899 5278 2014 5319 am-

415 5352 608 5408 balare
638 5357 719 5406 est
746 5366 806 5405 se
833 5362 1051 5419 semper
1081 5347 1134 5400 in
1158 5352 1460 5417 conspectu
1495 5346 1871 5419 Redemptoris
1918 5370 2011 5409 as.-

419 5440 624 5510 picere,
658 5446 711 5494 et
739 5453 804 5493 ea
831 5453 951 5509 quae
975 5434 1027 5490 ei
1056 5441 1284 5504 accepta
1311 5435 1592 5506 cognoscit
1623 5439 1860 5508 operari.
1916 5443 2014 5509 Vel

418 5533 564 5587 certe
586 5540 764 5583 coram
793 5525 1007 5585 Christo
1036 5522 1297 5593 ambulat,
1329 5522 1422 5596 qui
1448 5522 1506 5580 in
1534 5523 1682 5581 omni
1711 5527 1871 5599 quod
1901 5530 2016 5605 agit

495 5650 570 5720 (a)
605 5647 772 5703 Gilot.
806 5654 860 5703 et
896 5646 1089 5718 Vatia,
1120 5647 1245 5716 ﬁet.

2196 4648 2372 4716 (Vers.
2398 4651 2462 4701 33
2477 4650 2521 4718 .)
2543 4651 2816 4725 Dicatque
2834 4652 3064 4727 dimitte
3075 4671 3185 4728 me,
3197 4657 3442 4732 obsecro,
3454 4677 3739 4733 annnam

2123 4741 2347 4807 partem
2358 4736 2794 4797 sacerdotalem.

2197 4827 2292 4913 44.
2330 4824 2554 4897 Dimitte
2584 4844 2696 4897 me,
2722 4829 2817 4899 ait,
2850 4831 3218 4905 quasidicat:
3249 4836 3375 4894 Noli
3401 4854 3511 4909 me,
3561 4845 3755 4913 quasi,

2138 4911 2398 5002 infamem
2429 4922 2484 4971 et
2502 4924 2679 4974 morte
2707 4918 3090 4991 Redemptoris
3133 4933 3490 4998 cruentatam,
3536 4911 3736 5002 repel-

2127 4999 2263 5058 lere.
2302 5002 2471 5059 Unam
2503 5020 2718 5079 quoque
2747 5015 2963 5079 partem
2990 5013 3385 5073 sacerdotalem
3416 5016 3523 5073 sibi

2121 5089 2246 5149 cedi
2274 5090 2541 5160 obsecrat,
2573 5094 2697 5165 quia
2719 5096 2863 5152 veris
2889 5098 3269 5167 sacerdotibus.
3315 5104 3516 5171 sociari
3570 5107 3733 5173 desig-

2123 5177 2294 5269 derat,
2324 5183 2386 5235 ut
2413 5196 2603 5243 eorum
2640 5183 2814 5247 valeat
2841 5186 3137 5245 admisceri
3190 5192 3428 5263 gaudiis,
3486 5211 3732 5269 quorum

2121 5268 2424 5329 oblationes
2443 5271 2669 5340 impetit,
2699 5272 2935 5345 seipsam
2963 5275 3218 5348 otferens,
3278 5268 3515 5341 imitari.
3562 5285 3729 5354 Unde

2124 5364 2179 5415 et
2205 5356 2520 5419 refectionis
2536 5375 2667 5427 suae
2693 5376 2974 5434 exponens
2994 5364 3352 5440 desiderium,
3392 5371 3549 5433 dicit:

2195 5446 2379 5514 (Vers.
2419 5449 2533 5519 33.)
2568 5450 2634 5507 Ut
2648 5450 3488 5530 comedambuccellampanis.

2193 5532 2324 5607 Qua,
2341 5535 2398 5609 in
2412 5552 2489 5607 ,re
2510 5537 2809 5607 notandum
2822 5548 2929 5611 ,εει
2945 5543 3299 5616 quitiam
3310 5548 3579 5619 arma.
3614 5552 3734 5635 de?
