4062 6182
194 360 292 412 {09

1035 346 1111 405 IN
1148 344 1415 404 PRIMUM
1454 343 1701 407 REGUM
1738 333 2280 405 EXPOSITIONES.
2317 368 2388 382 --
2429 340 2555 396 LIB.
2597 343 2667 398 II.

3399 352 3515 408 ηομ

191 478 413 535 votione
441 474 740 534 oblationis
766 472 1028 533 habitura.
1056 471 1449 546 praedicitur,et
1482 468 1801 529 buccellam

1911 484 2147 543 ofﬁcium
2186 481 2549 540 sacerdotum.
2593 485 2712 540 Filii
2736 500 2972 559 namque
3005 489 3506 564 suntquispiritua-

188 569 241 623 in
268 566 528 639 appetitu
561 564 936 622 comestionis.
970 563 1080 619 Cur
1108 578 1241 635 ergo
1294 560 1367 617 ad
1391 558 1791 618 comedendum

195 672 307 712 non
333 664 483 712 torta
504 654 686 727 panis,
709 654 806 710 sed
850 653 1099 710 buccella
1127 649 1571 723 concupiscitur?
1606 649 1676 707 Et
1703 664 1803 704 cur

194 763 300 802 non
338 745 612 809 buccella.
643 744 740 800 sed
771 751 917 798 torta
941 741 1225 799 offerenda
1271 739 1627 812 perhibetur?
1685 737 1801 794 Sed

200 835 413 909 quiain
459 833 788 890 rotunditate
829 832 1085 889 buccella
1128 828 1433 896 conficitur,
1498 826 1800 887 rotunditas

200 934 379 981 autem
426 924 548 994 ipsa
594 923 832 995 quodam
876 921 1039 979 modo
1069 936 1169 979 nec
1207 918 1492 992 principio,
1542 932 1649 973 nec
1694 915 1802 972 ﬁne

202 1013 571 1087 dignoscitur,
602 1020 748 1067 recte
777 1027 879 1083 per
905 1010 1065 1081 panis
1092 1009 1391 1066 bucoellam
1421 1004 1804 1077 Redemptoris

205 1103 483 1159 aeternitas
513 1101 856 1173 designatur.
888 1101 1049 1156 Torta
1072 1098 1236 1170 igitur
1261 1095 1416 1168 panis
1460 1110 1493 1153 a
1521 1094 1683 1150 nobis
1709 1093 1802 1149 of-

196 1191 349 1258 ferri,
381 1200 439 1246 et
482 1205 597 1246 non
645 1188 890 1246 buccella
936 1196 1133 1260 potest,
1175 1187 1307 1259 quia
1349 1183 1442 1258 qui
1487 1182 1803 1255 passionem

198 1280 534 1337 dominicam
555 1279 754 1335 imitari
783 1277 1223 1344 moriendo,sive
1237 1290 1454 1331 carnem
1486 1270 1803 1344 affligendo,

194 1386 517 1443 possumus,
554 1368 917 1425 aeternitatem
948 1366 1004 1422 in
1032 1365 1208 1429 nobis,
1239 1379 1400 1436 quam
1420 1369 1808 1434 pmsentemus

193 1462 309 1530 ejus
326 1459 674 1531 conspectui,
707 1472 815 1514 non
846 1456 1125 1512 habemus.
1155 1454 1222 1509 Et
1249 1451 1504 1509 buccella
1547 1449 1708 1506 nobis
1750 1448 1807 1503 in

193 1551 534 1623 perfectione
566 1545 826 1604 desiderii
858 1561 1007 1614 esse,
1054 1560 1165 1600 non
1208 1550 1349 1599 torta
1389 1540 1568 1611 panis,
1622 1539 1803 1603 debet,

193 1639 317 1709 quia
341 1638 441 1711 qui
475 1636 705 1693 humani
732 1634 956 1708 generis
975 1633 1405 1703 Redemptor-em
1423 1627 1807 1700 compatiendo

192 1728 567 1798 temporaliter
584 1726 885 1798 sequimur,
909 1725 969 1779 in
998 1735 1246 1792 superna
1272 1719 1450 1792 patria
1480 1732 1593 1773 non
1614 1724 1812 1773 morta-

1904 573 2392 646 libuspatribusad
2429 573 2791 631 eruditionem
2840 577 3181 650 subiguntur.
3215 578 3319 649 Qui
3373 596 3503 653 pro-

1901 664 2043 721 fecto
2073 679 2197 719 cum
2227 662 2545 719 eorumdem
2568 671 2789 733 patrum
2819 667 2968 735 sequi
3012 667 3259 723 consillia
3314 686 3502 740 super.

1900 752 2102 807 biendo
2123 751 2442 823 despiciunt,
2485 752 2656 806 Belial
2685 750 2778 806 ﬁlii
2808 763 2952 810 recte
2981 755 3342 825 nominantur,
3373 758 3500 828 quia

1900 842 2039 911 ejus,
2090 840 2180 911 qui
2221 855 2320 910 per
2361 839 2671 910 superbiam
2713 842 2785 896 de
2829 843 2964 899 cmlo
2994 843 3209 913 cecidit,
3242 853 3503 915 apostatm

1901 929 2121 1000 spiritus
2176 929 2472 985 imitatores
2523 927 2681 983 fiunt.
2734 928 2837 998 Qui
2887 939 3030 987 certe
3074 940 3221 988 tanto
3268 932 3505 989 deterius

1900 1017 2197 1073 Dominum
2219 1017 2484 1085 nesciunt,
2547 1024 2749 1087 quanto
2792 1019 2911 1090 ejus
2956 1020 3059 1074 sibi
3136 1022 3505 1094 cognitionem

1903 1107 2253 1179 arrOgantius
2309 1105 2609 1162 ascribunt.
2644 1107 2721 1161 Eo
2784 1123 3022 1178 namque
3066 1110 3249 1182 agitur
3273 1111 3504 1184 utquod

1902 1195 2041 1252 scire
2070 1194 2270 1250 debent
2314 1194 2674 1265 periculosius
2716 1196 2977 1268 nesciant,
3010 1213 3118 1267 quo
3151 1198 3205 1254 id
3244 1199 3390 1269 quod
3444 1216 3505 1257 se

1901 1284 2039 1339 scire
2083 1284 2398 1338 existimant
2444 1284 2743 1339 nescientes
2791 1285 2999 1341 discere
3041 1302 3150 1342 non
3198 1289 3505 1345 curant.Et

1905 1373 2032 1444 quia
2058 1371 2390 1429 invisibilem
2420 1371 2756 1428 conditorem
2787 1388 2971 1429 amare
3005 1384 3295 1446 nequeunt,
3344 1393 3503 1448 quem

1904 1461 2179 1533 ignorant,
2213 1460 2269 1514 in
2305 1460 2546 1530 appetitu
2575 1460 2871 1516 visibilium
2895 1462 3013 1532 ipsa
3043 1479 3163 1534 quin
3192 1464 3296 1518 sibi
3342 1481 3504 1521 usur-

1903 1558 2033 1619 pant
2053 1549 2151 1604 Dei
2174 1548 2474 1603 ministeria
2502 1549 2787 1619 dissipant.
2810 1551 2964 1606 Unde
2986 1560 3037 1606 et
3065 1551 3100 1605 ii
3133 1552 3222 1623 qui
3253 1552 3523 1625 ignorare.

1907 1637 2200 1693 Dominum
2239 1637 2548 1693 sacerdotes
2569 1638 2718 1693 relati
2759 1647 2900 1707 sunt,
2934 1648 2986 1695 et
3005 1642 3346 1697 sacerdotum
3377 1659 3509 1713 quo-

1909 1742 2012 1797 que
2028 1724 2264 1781 cilicium
2286 1726 2354 1780 ad
2377 1726 2636 1797 populum
2666 1726 2874 1782 nescire
2900 1729 3267 1799 perhibentur.

190 1818 291 1873 lem
311 1819 456 1886 jam,
490 1832 597 1872 nec
619 1814 938 1884 patientem,
961 1811 1054 1868 sed
1084 1817 1352 1867 aeternum
1374 1815 1536 1877 atque
1562 1821 1798 1878 regnan-

1981 1819 2036 1872 2.
2062 1816 2129 1871 Et
2184 1823 2242 1870 ut
2288 1815 2722 1884 reprehensionis
2759 1817 2878 1886 ejus
2929 1833 3118 1872 causas
3153 1818 3379 1889 aperiat,
3439 1822 3509 1877 ad

189 1915 287 1961 tem
318 1904 622 1977 possidere
649 1902 1044 1959 desideramus.
1061 1900 1212 1955 .Eam
1235 1896 1400 1969 igitur
1420 1910 1581 1967 quam
1600 1893 1799 1950 offerre

185 2002 383 2051 tortam
424 1994 591 2064 panis
617 1991 896 2048 desiderat
922 1989 1156 2046 dicitzvt
1172 1987 1463 2045 comedam
1481 1984 1801 2041 buccellam

180 2084 516 2157 panis,quia
544 2081 795 2139 conversi
823 2080 892 2136 de
908 2078 1091 2134 ludes
1109 2077 1531 2148 Redemptorem
1544 2080 1796 2128 nostrum

183 2172 237 2227 in
267 2172 584 2229 aeternitate
609 2168 923 2227 refectionis
953 2167 1232 2239 possidere
1255 2164 1593 2229 desiderant,
1636 2162 1802 2231 cujus

180 2262 509 2332 passionem
535 2260 732 2316 imitati
760 2260 848 2314 hic
874 2265 999 2313 sunt
1026 2256 1097 2312 ad
1127 2255 1508 2312 strenuitatem
1566 2250 1801 2323 militia,

182 2367 295 2408 non
327 2352 404 2407 ad
424 2351 713 2424 praemium
737 2345 1130 2404 retributionis.

822 2500 1041 2557 CAPUT
1070 2498 1163 2553 III.

254 2626 310 2677 l.
346 2622 481 2677 Hac
510 2619 580 2675 de
606 2632 767 2674 sacra
792 2615 1023 2672 historia
1050 2614 1226 2686 typica
1255 2609 1643 2683 explanatione
1668 2624 1800 2681 per-

174 2712 490 2779 currimus,
520 2715 578 2763 ut
604 2708 659 2764 in
689 2706 899 2762 eisdem
921 2719 1088 2759 sacrm
1117 2702 1355 2758 historia
1368 2700 1554 2758 verbis
1574 2698 1800 2755 moralis

176 2799 575 2872 intelligentia
604 2794 807 2867 aliquid
834 2793 1244 2865 perquiramus,
1277 2792 1470 2861 Itaque
1517 2804 1653 2860 puer
1691 2787 1797 2843 Sa~

172 2889 335 2945 muel
370 2888 429 2942 in
456 2893 749 2956 conspectu
779 2882 996 2938 Domini
1035 2881 1281 2936 minister
1309 2878 1609 2939 asseritur;
1653 2876 1798 2949 quod

175 2988 384 3035 tamen
412 2975 779 3031 ministerium
820 2989 928 3029 non
967 2970 1232 3038 absolute,
1278 2968 1377 3023 sed
1423 2973 1550 3022 ante
1595 2966 1797 3023 faciem

174 3065 583 3124 HeliDomino
611 3062 855 3120 exhiberi
884 3067 1238 3116 memoratur.
1276 3058 1373 3112 His
1412 3055 1578 3127 igitur
1619 3053 1801 3110 verbis

173 3174 295 3213 non
330 3154 643 3212 ostenditur
668 3151 936 3224 perfectio
963 3148 1268 3214 ministerii,
1310 3145 1406 3202 sed
1452 3143 1790 3199 humilitatis.
1830 3190 1879 3252 Ο

174 3246 393 3302 Facies
428 3259 664 3313 namque
700 3239 1273 3310 Heliuniuscujusque
1317 3233 1638 3290 institutoris
1657 3232 1797 3287 ratio

175 3343 263 3389 est
294 3332 546 3388 arbitrii.
577 3331 659 3386 Illi
690 3346 928 3402 namque
957 3335 1091 3384 ante
1119 3323 1472 3397 praeceptoris
1488 3322 1578 3378 sui
1601 3320 1796 3378 faciem

176 3423 439 3479 Domino
468 3421 755 3487 ministrat,
786 3419 879 3491 qui
909 3417 965 3472 in
991 3415 1325 3473 exhibitione
1373 3410 1668 3468 ministerii
1715 3410 1799 3464 sui

173 3511 403 3584 proprii
430 3509 649 3565 arbitrii
678 3509 947 3563 rationem
975 3521 1090 3560 non
1118 3503 1379 3575 sequitur,
1403 3500 1498 3573 qui
1527 3514 1594 3556 eo
1614 3498 1801 3570 operis

180 3603 402 3656 itinere
432 3598 674 3671 graditur
688 3597 835 3668 quod
873 3595 924 3651 ei
939 3593 1185 3666 magistri
1215 3591 1302 3647 sui
1334 3589 1653 3663 cognitione
1667 3602 1804 3660 prae-

172 3691 439 3749 videtur.
473 3688 615 3743 Nam
643 3684 872 3757 perfecti
901 3684 1105 3755 quique
1132 3680 1254 3747 viri,
1280 3688 1336 3737 et
1382 3676 1652 3735 docibiles
1699 3676 1800 3733 Dei

174 3781 383 3849 (locis.
417 3792 495 3843 vi,
530 3778 614 3838 45;
647 3774 779 3831 frui.
812 3788 925 3840 LIV,
960 3772 1071 3840 13),
1104 3766 1568 3840 ministriquidem
1598 3766 1653 3821 in
1672 3779 1800 3821 con-

174 3876 395 3941 spectu
425 3864 641 3920 Domini
668 3869 811 3931 sunt,
844 3861 942 3917 sed
972 3867 1097 3916 ante
1129 3859 1327 3914 faciem
1355 3855 1592 3913 hominis
1629 3853 1797 3910 mini-

174 3960 273 4015 stri
303 3958 445 4028 ejus
475 3968 587 4010 non
614 3958 754 4020 sunt,
786 3950 914 4021 quia
943 3949 1062 4021 ipsa
1092 3963 1187 4004 eos
1214 3946 1358 4001 intus
1381 3944 1640 4001 divinitas
1668 3958 1797 3998 eru-

170 4049 261 4104 dit
291 4044 545 4117 qualiter
571 4041 702 4099 foris
730 4040 892 4099 etiam
921 4038 1032 4096 vita
1058 4044 1113 4093 et
1145 4034 1387 4092 moribus
1428 4048 1492 4089 ac
1546 4030 1798 4087 doctrina

170 4138 578 4208 dthnr;
611 4130 754 4185 unde
798 4136 852 4185 et
899 4125 1222 4199 praecursori
1271 4122 1653 4193 Redemptoris
1683 4120 1803 4189 ει

170 4222 411 4297 paterni
440 4220 641 4279 oraculi
668 4218 828 4275 laude
856 4215 1226 4289 promittitur:
1260 4215 1337 4271 Tu
1357 4211 1600 4286 quidem,
1629 4223 1793 4283 puer,

170 4314 473 4388 propheta
492 4308 766 4367 Altissimi
785 4306 1095 4369 vocaberis;
1113 4302 1337 4377 prmibis
1356 4301 1510 4358 enim
1529 4302 1668 4357 ante
1689 4301 1794 4388 fa-

166 4387 332 4462 ciem
354 4399 592 4457 Domini
603 4412 808 4470 parare
818 4398 941 4453 vias
954 4396 1078 4465 eius
1091 4395 1250 4463 (Luc.
1270 4409 1307 4463 ι,
1321 4392 1354 4446 '7
1360 4392 1583 4460 6).Ante
1596 4387 1794 4444 faciem

168 4492 421 4565 quidem
447 4486 661 4542 Domini
688 4484 882 4555 preire
911 4482 1256 4548 describitur,
1286 4479 1451 4551 quiin
1484 4478 1792 4535 ministerio

1911 1919 2126 1960 omnem
2158 1903 2531 1958 immolantem
2568 1902 2870 1975 ignorantis
2909 1906 3206 1961 sacerdotis
3225 1923 3359 1979 puer
3384 1924 3508 1964 cum

1910 1992 2138 2047 tridente
2166 1990 2433 2046 fuscinula
2462 1991 2648 2047 venire
2676 2002 3025 2063 memoratur,
3057 2003 3110 2049 et
3137 1995 3363 2051 crudam
3383 2013 3512 2053 car-

1908 2097 2032 2136 nem
2084 2079 2348 2136 violenter
2384 2079 2627 2151 exigere.
2662 2079 2871 2148 Quibus
2915 2083 3159 2151 profecto
3206 2084 3392 2140 verbis
3453 2086 3511 2142 in

1908 2169 2173 2223 aviditate
2199 2183 2312 2224 sum
2330 2168 2644 2238 rapacitatis
2672 2176 2778 2223 tres
2821 2169 2967 2241 gula;
2992 2170 3202 2240 species
3225 2179 3506 2230 notantur.

1906 2260 2043 2313 Nam
2074 2258 2121 2311 is
2160 2258 2315 2328 cujus
2359 2272 2515 2328 puer,
2551 2264 2843 2327 antequam
2894 2266 3251 2328 coquerentur
3291 2277 3503 2332 carnes,

1841 2338 1845 2343 ’
1910 2347 1980 2401 ad
2005 2346 2343 2402 inferendam
2373 2360 2475 2417 pro
2504 2345 2584 2401 eis
2624 2344 2939 2401 violentiam
2997 2347 3267 2418 veniebat,
3316 2349 3505 2423 legiti-

1908 2451 2056 2490 mam
2077 2434 2386 2490 retectionis
2405 2435 2594 2488 horam
2622 2433 2883 2489 sustinere
2914 2449 3022 2490 non
3056 2443 3299 2505 poterat;
3333 2447 3386 2495 et
3419 2440 3521 2495 cui.

1906 2540 2095 2579 carnes
2131 2522 2529 2593 quaerebantur,
2554 2522 2894 2592 simplicibus
2922 2523 3061 2577 cibis
3090 2525 3166 2578 uti
3227 2527 3517 2586 nesciebat.

1909 2620 1961 2667 et
1991 2612 2136 2682 quia,
2168 2617 2376 2666 coctam
2398 2626 2647 2677 renuens,
2690 2611 2915 2665 crudam
2957 2627 3176 2667 carnem
3233 2615 3508 2689 exigebat,

1906 2698 2178 2756 communi
2210 2698 2604 2770 praeparatione
2632 2699 2885 2754 eamdem
2904 2713 3123 2755 carnem
3147 2700 3311 2758 edere
3346 2705 3506 2761 fasti-

1907 2788 2110 2843 diebat.
2155 2789 2357 2844 Verum
2410 2804 2531 2842 cum
2571 2787 2912 2842 sacerdotum
2957 2789 3218 2858 voluptati
3254 2793 3506 2851 servierit

1906 2876 2234 2949 perversitas
2290 2875 2640 2942 famulorum,
2673 2875 2803 2945 quid
2833 2884 2914 2930 est
2942 2876 3087 2945 quod
3123 2892 3231 2933 non
3265 2879 3507 2951 ipsorum

1903 2966 2264 3033 sacerdotum,
2297 2964 2391 3019 sed
2422 2979 2710 3033 puerorum
2743 2970 3026 3033 peccatum
3064 2966 3274 3038 grande
3322 2969 3502 3040 nimis,

1905 3054 2069 3110 etiam
2087 3068 2273 3109 coram
2304 3051 2557 3117 Domino,
2583 3050 2750 3106 fuisse
2778 3054 3283 3111 memoratur.?Sed
3296 3057 3519 3114 eisdem.

1904 3142 2084 3199 verbis
2111 3140 2451 3197 sacerdotum
2480 3138 2643 3209 culpa
2670 3139 2850 3210 major
2877 3141 3212 3205 ostenditur;
3253 3161 3381 3200 nam
3412 3148 3506 3218 qui

1911 3230 2181 3284 minorum
2221 3236 2506 3300 peccatum
2549 3227 2759 3299 grande
2821 3228 2982 3283 nimis
3044 3244 3225 3286 coram
3274 3234 3509 3293 Domino

1909 3318 2074 3374 fuisse
2112 3317 2318 3385 asserit,
2351 3316 2619 3387 majorum
2639 3315 2953 3387 inquitatem
2975 3316 3032 3370 in
3079 3334 3242 3388 quem
3272 3321 3511 3380 damna-

1908 3406 2068 3462 tionis
2109 3405 2386 3463 cumulum
2436 3404 2744 3462 excrevisse
2814 3406 3090 3477 cognovit.
3152 3406 3287 3475 Quaa
3334 3419 3512 3468 tamen

1907 3495 2226 3567 magnitudo
2270 3502 2448 3550 reatus
2475 3493 2752 3563 asseritur,
2810 3509 2921 3549 non
2957 3493 3133 3549 solum
3181 3512 3283 3566 pro
3333 3515 3512 3570 appe-

1906 3585 2002 3638 titu
2032 3584 2235 3640 illicita
2264 3583 2629 3653 comestionis,
2663 3583 2761 3640 sed
2787 3582 2951 3638 etiam
2978 3598 3076 3654 pro
3125 3584 3387 3645 violentia
3414 3604 3507 3645 ra-

1905 3672 2178 3743 pacitatis.

1978 3781 2028 3832 3.
2061 3778 2174 3834 Sed
2204 3778 2271 3833 ad
2303 3777 2463 3834 electi
2483 3777 2634 3848 pueri
2666 3778 3034 3836 narrationem
3066 3782 3280 3839 divinus
3330 3801 3507 3843 sermo

1905 3867 2225 3939 regreditur,
2270 3876 2329 3921 ut
2366 3866 2421 3920 in
2460 3882 2545 3936 eo,
2584 3881 2690 3921 non
2728 3867 2871 3938 quod
2927 3871 3348 3943 reprobandum,
3408 3874 3505 3930 sed

1905 3956 2050 4025 quod
2072 3954 2393 4009 imitandum
2423 3961 2522 4022 est,
2555 3955 2809 4010 attentius
2862 3958 3282 4014 consideremus.
3319 3962 3505 4033 Itaque

1904 4042 2087 4113 ephod
2119 4042 2260 4097 lineo
2281 4042 2572 4109 accinctus,
2603 4049 2655 4097 et
2684 4042 2741 4095 in
2779 4053 3068 4113 conspectu
3124 4047 3339 4104 Domini
3387 4066 3505 4109 esse

1901 4131 2232 4202 perhibetur.
2267 4128 2409 4199 Quid
2452 4129 2666 4201 ergoin
2692 4131 2872 4200 ephod
2914 4132 3056 4188 lineo
3086 4134 3186 4187 nisi
3218 4138 3506 4197 continen-

1905 4220 1993 4275 tiae
2011 4220 2217 4275 candor
2238 4218 2538 4275 ostenditur
2556 4218 2586 4271 εἰ
2617 4232 2722 4288 quo
2750 4218 3005 4273 nimirum
3035 4221 3216 4290 ephod
3256 4226 3502 4302 accingi-

1904 4324 2042 4375 mur,
2066 4324 2187 4363 cum
2219 4308 2287 4362 ad
2318 4307 2543 4361 nitorem
2576 4306 2854 4377 pudicitiae
2883 4323 2954 4363 cx
2988 4309 3135 4363 omni
3165 4320 3320 4380 parte
3360 4317 3497 4372 reti-

1904 4413 2241 4465 nemur,cum
2262 4396 2458 4462 animae
2482 4404 2533 4451 et
2572 4395 2750 4450 carnis
2786 4411 2913 4465 pars
2939 4395 3090 4452 nulla
3106 4398 3501 4461 adistrictionis

1906 4487 2029 4558 lege
2057 4485 2371 4553 absolvitur,
2411 4500 2512 4555 per
2537 4499 2699 4555 quam
2729 4483 2798 4539 od
2819 4484 3046 4542 luxuriae
3068 4487 3357 4561 caliginem
3386 4495 3501 4552 dif-

164 4598 275 4637 suo
308 4592 439 4634 non
458 4582 573 4632 erat
596 4582 883 4633 secuturus
902 4570 1187 4629 arbitrium
1216 4568 1513 4640 superioris
1538 4566 1794 4633 hominis,
1823 4551 1876 4613 D
1909 4551 2155 4630 fidamus.
2184 4573 2329 4628 Talis
2359 4551 2825 4643 itaque-minister
2860 4573 2914 4627 in
2959 4551 3250 4646 conspectu
3284 4580 3500 4640 Domini

162 4670 275 4725 sed
306 4663 733 4736 impii-stionem
761 4660 1082 4721 divinitatis.
1113 4661 1259 4716 Ante
1291 4657 1489 4715 faciem
1517 4672 1653 4728 ergo
1678 4654 1799 4711 Heli

164 4754 431 4815 Samuel
459 4750 692 4808 Domino
728 4750 1037 4807 ministrare
1064 4748 1277 4817 dicitur,
1313 4753 1372 4803 ut
1410 4744 1643 4815 subjecti
1674 4743 1799 4815 qui-

162 4864 285 4919 que
314 4846 456 4914 ejus
482 4841 735 4910 exemplo
761 4840 1076 4906 doceantur,
1111 4844 1375 4908 quatenus
1403 4833 1474 4891 de
1499 4831 1799 4889 ministerio

161 4952 273 4993 suo
308 4933 408 4989 sic
433 4931 649 5003 placere
676 4928 942 4985 conditori
972 4927 1242 4992 studeant,
1274 4929 1334 4980 ut
1360 4931 1562 4994 praeter
1592 4921 1798 4994 prela-

160 5035 367 5082 tornm
402 5034 628 5076 suorum
670 5018 951 5075 arbitrium
977 5030 1145 5089 agere
1194 5013 1401 5084 aliquid
1428 5029 1537 5069 non
1580 5025 1797 5082 pressu-

159 5121 357 5169 mant.
392 5110 536 5164 Nam
564 5108 655 5178 qui
684 5114 815 5163 ante
841 5105 1159 5162 institutoris
1197 5103 1280 5159 sui
1328 5101 1524 5159 faciem
1578 5098 1796 5157 Domini

162 5197 741 5265 ministerasseritur,
754 5195 803 5250 si
815 5192 1148 5264 ejusfaciem
1164 5191 1357 5264 praeire
1395 5205 1495 5261 per
1525 5198 1797 5245 tumorem

160 5288 447 5363 despicit,
474 5286 724 5343 minister
766 5284 824 5338 in
852 5289 1145 5355 conspectu
1190 5279 1412 5337 Domini
1450 5295 1559 5334 non
1589 5277 1793 5346 existit,

158 5382 305 5453 quia
345 5376 783 5447 omnipotentem
855 5371 1108 5444 ignorare
1152 5368 1510 5438 convincitur,
1566 5367 1653 5424 cui
1699 5381 1800 5437 per

158 5469 299 5538 ejus
320 5464 617 5523 arbitrium
647 5463 869 5533 placere
898 5459 1149 5532 despicit,
1180 5459 1339 5531 cujus
1367 5473 1431 5514 se
1484 5456 1710 5527 imperio
1738 5462 1797 5511 ut

160 5558 215 5614 ei
248 5555 515 5629 placeret
544 5550 880 5624 subjugavit.
914 5548 1068 5607 Unde
1096 5556 1151 5604 et
1193 5546 1343 5617 Heli,
1383 5554 1438 5605 et
1491 5543 1589 5600 ﬁlii
1627 5543 1794 5600 Belial

158 5659 325 5716 esse,
363 5641 640 5707 etnescire
668 5639 965 5699 Dominum
995 5638 1265 5708 dicuntur,
1310 5645 1385 5697 et
1418 5635 1489 5695 ad
1525 5634 1792 5707 populum

1907 4670 2005 4731 est,
2035 4662 2159 4733 quia
2189 4662 2259 4717 de
2307 4661 2693 4731 omnipotentis
2735 4662 2834 4717 Dei
2891 4672 3107 4733 sperata
3132 4665 3340 4724 visione
3396 4688 3503 4729 non

1910 4751 2131 4820 fallitur,
2164 4750 2247 4805 cui
2269 4766 2391 4805 cum
2414 4758 2562 4805 tanto
2595 4749 2944 4805 accinctionis
2970 4768 3082 4808 suae
3115 4753 3286 4811 nitore
3316 4758 3502 4816 famu-

1908 4840 2066 4895 latur.
2099 4838 2195 4895 Cui
2224 4838 2651 4909 profectopuero
2686 4839 2793 4906 83
2830 4840 3126 4895 ascendens
3172 4853 3345 4901 mater
3377 4865 3501 4905 cum

1906 4928 2023 4986 viro
2048 4928 2118 4984 ad
2176 4927 2568 4982 immolandum
2619 4926 2916 4981 solemnem
2972 4927 3204 4984 hostiam
3263 4937 3502 4995 attulisse

1904 5032 2131 5088 parvam
2163 5015 2396 5070 tunicam
2426 5014 2647 5070 dicitur.
2682 5015 2853 5070 Mater
2880 5015 3098 5085 quidem
3128 5036 3251 5074 cum
3288 5024 3407 5080 viro
3423 5044 3501 5081 as-

1903 5105 2085 5161 cendit
2115 5104 2332 5176 quando
2359 5119 2515 5158 mens
2556 5103 2926 5173 praedicatoris
2952 5121 3052 5174 per
3104 5111 3499 5178 praescientiam

1903 5192 2095 5250 interni
2135 5191 2318 5263 sponsi
2360 5207 2479 5247 sese
2525 5192 2595 5246 ad
2645 5192 3063 5263 contemplanda
3108 5197 3360 5253 sublimia
3406 5202 3501 5258 illa

1903 5281 2216 5338 mternitatis
2232 5280 2435 5353 gaudia
2463 5279 2642 5352 erigit.
2665 5280 2815 5335 Tunc
2870 5280 3070 5352 quippe
3100 5282 3346 5342 immolat
3400 5306 3497 5345 so-

1903 5372 2138 5427 lemnem
2154 5370 2405 5437 hostiam,
2439 5369 2564 5439 quia
2589 5367 2721 5422 dum
2744 5383 2840 5439 per
2882 5367 3006 5422 illus
3060 5373 3260 5427 amoris
3298 5375 3497 5436 inetia-

1902 5459 2069 5516 bilem
2098 5458 2415 5515 suavitatem
2449 5455 2714 5512 conditori
2746 5455 3110 5528 conjungitur,
3142 5465 3386 5533 supernis
3406 5469 3497 5525 ει..

1903 5546 2109 5604 taribus
2135 5547 2355 5603 devotio
2393 5545 2584 5601 festiva
2611 5550 2985 5614 praesentatur.
3009 5545 3078 5602 Et
3124 5555 3250 5606 tunc
3277 5556 3499 5626 quidem

1901 5652 2130 5721 parvam
2156 5635 2398 5695 tunicam
2424 5632 2620 5703 defert,
2653 5631 2801 5702 quia,
2851 5632 2949 5689 etsi
2986 5651 3086 5708 per
3119 5654 3383 5715 magnam
3410 5647 3503 5711 in.
