4062 6182
481 318 580 384 1ίὶ

1687 294 1932 364 SANCTI
1971 291 2314 360 GREGORII
2351 291 2581 357 mlum

3673 300 3776 358 1i!

481 458 650 505 ternm
676 441 1001 503 visitationis
1025 413 1259 513 gratiam
1290 433 1486 507 pastori
1515 431 1697 488 anima
1725 430 1794 486 ad
1842 441 2076 500 superna
2104 426 2157 485 A
2189 423 2409 496 quidam
2433 425 2571 482 bene
2600 424 2833 482 vivendo
2862 424 3235 497 praeeminent,
3266 423 3359 497 qui
3402 424 3775 483 auctoritatem

478 535 800 600 sustollitur,
833 530 1086 604 parvulus
1114 536 1296 583 tamen
1325 539 1431 580 non
1463 522 1533 578 ad
1552 520 1774 576 modum
1805 516 2073 573 subtilita-

477 627 549 682 tis
575 640 706 691 suae,
739 622 837 677 sed
867 635 967 692 pro
996 632 1189 675 eorum
1220 614 1429 671 viribus
1469 611 1749 682 imponere
1794 613 2071 704 praecepta

480 711 915 773 conversationis
944 709 1128 764 debet.
1153 704 1308 761 Unde
1342 710 1395 758 et
1434 702 1651 771 Moyses
1697 714 1732 752 a
1779 704 1962 751 monte
2010 702 2071 747 in

479 806 753 862 immenso
782 799 956 859 vultus
984 796 1067 852 sui
1097 793 1390 864 splendore
1420 789 1734 861 regrediens
1756 785 1954 842 faciem
1984 799 2075 838 ve-

480 890 629 950 lavit,
664 895 722 943 ut
751 887 804 941 iu
835 899 960 941 eum
991 879 1223 952 p0pulus
1272 875 1551 931 intendere
1595 873 1767 927 visum
1812 868 2076 941 potuisset

484 972 1244 1051 (Exod.xxx1v,33).Parvam
1272 967 1455 1038 itaque
1487 962 1723 1057 tunicam
1752 974 1951 1057 eaquae
1966 956 2077 1057 spi-

484 1048 655 1125 ritalis
684 1069 853 1120 mater
882 1070 965 1117 est
993 1058 1103 1114 ﬁlio
1131 1057 1436 1121 deterat,ut
1463 1051 1703 1122 parvulis
1732 1048 2078 1103 adhucinitia

487 1157 737 1230 quaedam
766 1161 820 1208 et
846 1150 1008 1222 plana
1035 1144 1339 1220 praecipiat,
1372 1150 1426 1198 et
1446 1156 1557 1196 non
1585 1137 1916 1195 fortitudinis
1964 1150 2078 1189 suae

487 1262 625 1304 onus
656 1245 917 1314 imponat.
948 1239 1086 1294 Nam
1117 1250 1265 1306 saepe
1294 1233 1433 1287 inter
1467 1244 1668 1301 magna
1714 1240 1889 1298 opera
1945 1239 2076 1314 eor-

483 1341 644 1392 ruunt
674 1312 767 1405 qui
793 1344 897 1402 per
926 1326 1138 1383 minora
1159 1325 1378 1379 vincere
1409 1321 1615 1375 hostem
1649 1322 1893 1389 possunt.
1924 1312 2079 1369 Unde

485 1435 538 1482 et
565 1422 740 1479 David
761 1425 952 1476 contra
967 1412 1373 1484 Allopbylorum
1396 1408 1749 1464 fortissimum
1763 1405 1819 1459 in
1839 1416 2076 1475 pugnam

484 1510 870 1587 progrediens,
904 1506 1153 1571 loricam,
1189 1501 1439 1571 clypeum
1469 1504 1521 1587 et
1545 1494 1794 1551 militaria
1851 1506 2082 1587 qumque

483 1580 844 1659 instrumenta
866 1593 1154 1667 deposuit;
1197 1594 1253 1645 et
1280 1588 1373 1661 qui
1418 1603 1477 1641 se
1511 1585 1567 1640 in
1607 1599 1793 1640 eorum
1840 1580 2082 1651 pondere

486 1699 675 1749 contra
722 1690 932 1742 hostem
977 1695 1236 1739 exercere
1284 1693 1393 1732 non
1434 1674 1624 1746 potuit,
1686 1672 1742 1726 in
1788 1685 1897 1725 uno
1955 1684 2080 1724 eum

2172 516 2283 583 84
2307 529 2476 586 quam
2533 513 2780 586 praelatio
2827 514 2998 587 exigit
3018 513 3219 569 nullam
3250 514 3472 570 habent.
3503 515 3644 571 Nam
3674 517 3776 572 etsi

2172 602 2243 657 ad
2273 604 2489 676 agenda
2519 603 2663 660 bona
2692 603 2929 659 excitare
2966 602 3212 658 subditos
3259 610 3533 676 satagunt,
3592 612 3776 660 tamen

2173 691 2440 747 contraire
2469 691 2913 762 delinquentibus
2944 708 3044 763 per
3081 692 3259 748 zelum
3282 692 3617 748 rectitudinis
3643 710 3773 749 eru-

2172 779 2421 837 bescunt.
2452 780 2554 849 Qui
2585 781 2841 835 nimirum
2873 781 2975 837 etsi
2998 781 3067 835 ad
3094 781 3511 852 redarguendos
3541 797 3637 837 eos
3664 781 3772 836 ali-

2174 869 2394 939 quando
2423 877 2643 936 exeunt,
2667 878 2863 926 nocent
2889 871 3067 941 potius
3097 871 3372 941 loquendo
3418 886 3582 944 quam
3639 887 3774 942 pro-

2174 965 2319 1026 sunt,
2351 958 2478 1028 quia
2507 974 2699 1014 eorum
2731 958 3148 1015 obstinationem
3170 975 3277 1016 non
3298 960 3465 1031 digna
3481 960 3775 1018 severitate

2175 1045 2530 1102 confundunt.
2560 1049 2706 1102 Nam
2739 1048 2882 1103 idem
2913 1049 3032 1105 Heli
3063 1047 3307 1103 ﬁliorum
3331 1048 3621 1116 scelera,et
3641 1066 3773 1121 quo-

2176 1135 2340 1190 modo
2369 1135 2437 1189 ad
2461 1136 2795 1193 tabernaculi
2833 1138 3028 1193 ostium
3057 1154 3178 1193 cum
3210 1137 3522 1194 mulieribus
3559 1139 3773 1194 dormi-

2179 1232 2312 1288 rent,
2348 1224 2572 1285 audivit;
2605 1226 2715 1297 qui,
2750 1225 2899 1282 velut
2926 1227 2998 1281 ab
3027 1242 3229 1299 aspera
3256 1228 3563 1284 invectione
3581 1238 3774 1285 aucto-

2178 1312 2351 1367 ritatis
2371 1313 2658 1384 incipiens,
2699 1330 2790 1370 res
2835 1315 3104 1385 pessimas
3146 1315 3217 1371 ab
3270 1316 3418 1372 omni
3462 1317 3665 1389 populo
3713 1334 3775 1374 se

2180 1401 2400 1456 audisse
2421 1402 2710 1473 perhibuit.
2733 1403 2839 1459 Sed
2872 1404 2962 1474 qui
2993 1404 3213 1477 insequi
3235 1421 3328 1460 eas
3357 1422 3494 1477 quas
3523 1409 3776 1478 exposuit

2180 1485 2366 1557 culpas
2387 1486 2595 1556 debuit,
2627 1504 2724 1558 per
2751 1488 3129 1559 subsequentia
3155 1489 3324 1545 verba
3352 1489 3654 1561 lmvigavit,
3681 1492 3775 1547 di-

2183 1589 2346 1630 cens:
2387 1575 2590 1644 Nolite,
2614 1577 2744 1645 ﬁlii.
2778 1577 2838 1630 In
2880 1593 2987 1648 qua
3032 1578 3290 1633 nimirum
3361 1579 3779 1652 propinquitatis

2182 1662 2547 1733 appellatione
2569 1673 2835 1734 quantum
2868 1681 2901 1720 a
2938 1666 3155 1721 Domini
3184 1667 3468 1724 voluntate
3498 1668 3778 1725 dissentiat

480 1780 667 1835 funda:
696 1774 878 1845 lapide
903 1767 1162 1843 prostavit
1188 1768 1237 1837 (ι
1265 1767 1389 1834 Reg.
1410 1778 1549 1828 xvu,
1568 1762 1657 1829 39,
1682 1761 1770 1822 40,
1793 1758 1950 1829 seq.).
1997 1756 2076 1845 {id
2102 1773 2157 1837 B
2188 1751 2670 1845 liquet,_qui_a‘ill_os
2701 1753 2841 1809 ﬁlios
2867 1755 3165 1845 appellavit
3192 1771 3332 1828 quos
3345 1757 3575 1845 divinus
3590 1774 3778 1814 sermo

488 1864 881 1924 immolandam
905 1859 1206 1915 solemnem
1236 1853 1468 1909 hostiam
1500 1857 1671 1904 mater
1699 1847 1793 1901 illa
1822 1844 2087 1901 ascende-

478 1967 586 2023 rat,
619 1971 739 2026 quas
766 1950 1019 2008 dicebat:
1066 1945 1199 2000 Scio
1244 1939 1566 2013 hujusmodi
1627 1936 1932 2026 hominem,
1983 1934 2080 2005 qui

477 2023 678 2121 raptus
700 2045 786 2099 est
813 2041 879 2095 in
891 2034 1225 2110 paradisum
1248 2030 1322 2101 (Il
1342 2031 1462 2086 Cor.
1496 2024 1823 2121 xu,_i).Sed
1853 2023 2081 2121 detenta

476 2111 850 2209 magnitudine
881 2139 1143 2197 magnam
1173 2129 1376 2176 vestem
1408 2115 1655 2189 parvulis
1684 2129 1792 2169 non
1818 2111 2077 2209 addurit,

476 2200 604 2299 quia
624 2221 757 2277 dicit
783 2237 796 2273 :
822 2215 1064 2273 Audiuit
1078 2226 1296 2267 arcana
1321 2206 1512 2299 verba,
1531 2220 1662 2299 quae
1677 2219 1792 2259 non
1975 2200 2078 2255 ho-

474 2291 624 2371 mini
650 2308 801 2382 loqui
822 2304 1028 2374 (lbid.).
1056 2301 1188 2355 Item
1216 2315 1228 2353 :
1252 2299 1360 2352 Lac
1392 2294 1541 2387 vobis
1567 2297 1764 2364 potum
1782 2291 1930 2387 dedi,
1962 2303 2077 2387 non

477 2418 665 2461 escam
705 2377 758 2467 (Ι
791 2398 1011 2457 Cor.nt,
1045 2389 1121 2459 2).
1156 2388 1387 2441 Parvum
1420 2383 1603 2453 itaque
1624 2395 1791 2451 parvo
1846 2377 1959 2432 ﬁlio
1990 2385 2079 2430 tu-

480 2493 659 2549 nicam
681 2493 851 2541 mater
877 2481 1112 2542 deferat,
1137 2483 1191 2529 et
1219 2488 1317 2544 pro
1347 2471 1510 2527 modo
1541 2468 1783 2539 corporis
1825 2480 2078 2523 mensura

482 2574 784 2637 indumenti
816 2569 1085 2633 tendatur,
1110 2571 1370 2634 quatenus
1397 2560 1527 2614 dum
1557 2563 1880 2628 temperatae
1938 2569 2078 2609 con-

482 2661 811 2725 versationis
834 2659 1035 2713 virtute
1063 2652 1305 2716 dimicat,
1337 2649 1481 2703 hunc
1510 2646 1686 2702 hostis
1714 2643 1969 2717 inaequali
2001 2658 2083 2696 ar-

482 2768 697 2813 morum
729 2747 943 2805 sarcina
971 2758 1081 2799 non
1112 2740 1438 2795 substernat.

554 2848 613 2901 4.
650 2843 716 2897 Et
737 2839 866 2911 quia
895 2851 961 2890 ex
991 2833 1229 2889 discreto
1258 2842 1404 2882 cura;
1429 2822 1718 2896 pastoralis
1742 2821 1920 2877 studio
1942 2836 2081 2911 prae-

485 2932 720 2994 dicatori
748 2909 894 2983 Deus
922 2933 1307 2979 conversorum
1336 2915 1484 2970 lucra
1503 2912 1841 2982 multiplicat,
1862 2909 2080 2964 visitata

486 3041 517 3079 a
541 3018 776 3076 Domino
806 3018 960 3069 Anna
993 3008 1325 3082 perhibetur,
1351 3013 1518 3075 atque
1536 3016 1635 3072 per
1648 3000 1882 3072 gratiam
1907 2997 2081 3053 divini

2188 1856 2351 1910 supra
2380 1840 2567 1909 Belial,
2601 1841 2654 1895 id
2687 1850 2770 1897 est
2797 1843 3016 1913 spiritus
3043 1859 3298 1914 nequam,
3330 1843 3468 1901 ﬁlios
3497 1861 3619 1901 esse
3648 1863 3781 1918 per-

2187 1927 2381 1996 hibuit,
2413 1929 2603 1985 dicens
2629 1945 2642 1984 :
2670 1932 2841 1987 Porro
2870 1931 2982 1999 ﬁlii
3012 1932 3129 1987 Heli
3139 1933 3250 2002 ﬁlii
3286 1934 3482 1990 Belial.
3517 1937 3593 2004 (a)
3641 1934 3780 1990 Cum

2187 2016 2509 2073 mulieribus
2537 2018 2739 2090 quippe
2769 2020 3007 2075 dormire
3033 2028 3117 2076 est
3171 2037 3362 2077 secure
3405 2030 3459 2078 et
3485 2024 3604 2079 sine
3634 2033 3783 2080 metu

2188 2106 2383 2162 futurae
2412 2107 2667 2163 vindictae
2695 2123 2939 2178 peccare.
2973 2109 3224 2164 Mulieres
3254 2111 3453 2182 quippe
3469 2114 3785 2168 meretrices

2183 2202 2309 2250 sunt
2333 2196 2784 2265 concupiscentiae
2813 2197 3128 2253 saeculares.
3162 2198 3296 2267 Quae
3326 2200 3465 2255 bene
3493 2200 3561 2254 ad
3593 2201 3779 2256 taber-

2184 2284 2362 2338 naculi
2393 2285 2593 2339 ostium
2623 2285 2920 2341 observare
2951 2287 3459 2359 perhibentur,quia
3488 2290 3556 2345 ad
3578 2290 3779 2346 introi-

2184 2379 2298 2426 tum
2329 2373 2485 2445 regni
2511 2373 2744 2429 caelestis
2773 2374 3117 2430 tendentibus
3146 2376 3484 2433 insidiantur.
3513 2377 3619 2448 Qui
3648 2395 3782 2436 vero

2184 2461 2263 2515 sic
2290 2462 2477 2516 mundi
2507 2462 2976 2532 concupiscentiae
3014 2465 3274 2534 sequitur,
3307 2472 3366 2520 ut
3420 2482 3566 2538 saepe
3609 2468 3785 2524 divini

2184 2557 2361 2605 metus
2419 2550 2854 2607 consideratione
2911 2559 3195 2623 terreatur,
3242 2554 3502 2625 polluitur
3560 2557 3783 2626 quidem

2184 2653 2308 2695 cum
2337 2639 2674 2709 mulieribus,
2708 2641 2809 2696 sed
2839 2656 2946 2696 non
2975 2643 3193 2712 dormit,
3226 2644 3352 2713 quia
3381 2645 3485 2700 etsi
3518 2653 3788 2717 transgre-

2185 2726 2386 2783 diendo
2418 2728 2635 2796 labitur,
2668 2729 2720 2783 in
2753 2732 3075 2801 perpetratis
3103 2740 3281 2787 tamen
3326 2732 3658 2789 facinoribus
3688 2752 3793 2806 per

2186 2815 2536 2872 securitatem
2567 2833 2919 2889 nequaquam
2952 2819 3266 2891 requiescit.
3299 2821 3791 2894 Dormiensitaque

2186 2921 2306 2959 cum
2355 2905 2676 2960 mulieribus
2724 2907 2940 2963 nomine
2979 2909 3396 2979 pr0pinquitatis
3435 2912 3795 2968 honorandus

2185 3008 2295 3048 non
2325 3002 2427 3062 est,
2450 2995 2576 3064 quia
2596 2995 2709 3065 qui,
2742 2996 2989 3065 projecto
3013 2998 3128 3068 jam
3173 2998 3273 3054 Dei
3306 2999 3521 3070 timore,
3567 3001 3623 3056 in
3678 3003 3797 3057 suis

487 3108 732 3168 muneris
757 3105 812 3159 in
842 3102 965 3157 ﬁliis
994 3107 1047 3155 et
1066 3096 1282 3152 ﬁliabus
1298 3092 1555 3147 meruisse
1576 3089 1804 3161 gratiam
1827 3087 2080 3143 fecundi—
2115 3130 2164 3196 Ο
2192 3082 2488 3196 sceleribus
2541 3082 2798 3139 obstinati
2833 3094 2980 3196 sunt,
3029 3085 3219 3196 leinori
3274 3087 3640 3160 increpatione
3693 3106 3796 3145 ar-

691 3195 700 3196 ,
840 3190 901 3196 Α..
1085 3188 1093 3196 .
1118 3186 1133 3196 α
1360 3181 1390 3196 ι.
1554 3195 1559 3196 ,
1612 3194 1653 3196 ,s
1676 3195 1682 3196 ,
1725 3176 1885 3196 HUAL-
1910 3176 2046 3196 1.-----
2201 3187 2337 3196 κη-..
2386 3171 2532 3196 1......
2562 3179 2681 3196 -..-ι
2737 3189 2801 3196 ...ι
2858 3189 2949 3196 ---Α
2983 3190 3084 3196 _-_.
3132 3190 3269 3196 -___.-
3298 3177 3409 3196 ,-_.!
3449 3193 3552 3196 _---
3622 3195 3649 3196 η
3680 3186 3720 3196 ,κ
3756 3188 3792 3196 ν.

490 3200 640 3256 tatis.
675 3195 807 3264 Quae
832 3190 972 3246 ﬁlios
1001 3186 1228 3259 quidem
1258 3181 1417 3252 parit,
1448 3195 1570 3236 cum
1599 3194 1694 3233 eos
1724 3176 1892 3232 verbo
1909 3176 2085 3264 lucra-

496 3298 582 3345 ιων
611 3302 708 3359 per
737 3297 871 3352 quos
886 3272 1289 3350 praedicationis
1305 3268 1517 3359 semina
1545 3266 1666 3359 aliis
1695 3266 1899 3359 tribuit.
1925 3263 2089 3359 Filias

497 3354 630 3435 vero
660 3374 804 3448 parit
830 3384 952 3426 cum
985 3381 1077 3421 eas
1101 3369 1313 3418 mentes
1343 3358 1411 3412 ad
1428 3354 1817 3448 omnipotentis
1847 3355 2088 3448 Deiser-

500 3444 687 3525 vitium
717 3465 957 3523 revocat,
991 3469 1112 3524 quae
1132 3449 1233 3506 etsi
1275 3447 1344 3501 ad
1391 3444 1833 3517 praedicationem
1882 3444 2093 3497 idoneae

500 3573 610 3612 non
637 3560 778 3616 sunt,
810 3544 966 3603 verbi
996 3542 1095 3596 Dei
1125 3551 1303 3594 tamen
1333 3552 1523 3591 semen
1540 3531 2094 3604 diligenterapraedi-

503 3641 783 3703 caloribus
812 3641 1093 3704 acceptum
1114 3626 1377 3689 nutriunt,
1400 3622 1544 3694 quod
1574 3621 2095 3693 velutparlurientes

501 3728 849 3807 postmodum
878 3721 1003 3777 ﬁliae
1032 3734 1129 3788 per
1150 3717 1292 3807 bona
1319 3727 1484 3807 opera
1519 3711 1581 3807 in
1623 3710 1932 3807 exemplum
1962 3727 2095 3807 pro.-

505 3799 776 3879 iximorum
805 3805 1172 3886 gignunt.Sed
1201 3804 1326 3874 quia
1354 3800 1501 3872 prius
1517 3799 1731 3854 Samuel
1761 3799 1905 3854 lineo
1917 3800 2097 3871 ephod

508 3911 780 3968 accinctus
806 3898 1088 3963 asseritur,
1109 3893 1305 3951 dehinc
1336 3890 1638 3946 fecunditas
1667 3889 1859 3945 matris
1888 3889 1945 3943 in
1983 3890 2099 3961 plu-

506 4001 721 4057 ralitate
750 3992 1046 4048 liberorum
1076 3989 1252 4056 potest
1288 3979 1676 4035 rationabiliter
1704 3978 1937 4049 intelligi
1996 3982 2100 4036 hoc

507 4087 653 4161 quod
682 4082 803 4138 ﬁeri
832 4076 1076 4151 quotidie
1105 4073 1395 4136 cernimus,
1429 4070 1557 4139 quia
1580 4068 1838 4128 videlicet
1867 4069 2099 4161 eli-bona

509 4156 765 4249 opinione
796 4166 950 4224 electi
982 4159 1238 4232 discipuli
1267 4157 1530 4229 magistro
1561 4164 1917 4249 succi-essunt
1946 4156 2099 4211 lucra

509 4244 917 4323 conversorum.
952 4250 1106 4308 Unde
1129 4259 1181 4305 et
1212 4255 1328 4319 post
1358 4254 1530 4301 ortum
1565 4244 1793 4298 fratrum
1842 4252 1894 4298 et
1936 4259 2095 4299 soro-

507 4344 1037 4421 rum,magniﬁcatus
1060 4336 1278 4395 Samuel
1306 4334 1450 4403 apud
1484 4332 1773 4421 Dominum
1796 4332 1965 4386 fuisse
1983 4348 2101 4402 per-

505 4419 744 4505 hibetur,
779 4432 904 4505 quia
935 4428 1184 4499 profecto
1216 4437 1400 4478 coram
1440 4420 1676 4474 Domino
1725 4419 1842 4489 jam
1902 4422 2095 4493 magni

2196 3171 2399 3243 guendi
2429 3186 2535 3226 non
2560 3179 2704 3241 sunt,
2737 3189 2805 3228 ne
2833 3172 2953 3228 leve
2980 3174 3193 3245 pondus
3207 3177 3412 3246 peccati
3441 3193 3561 3233 esse
3604 3186 3801 3250 putent

2196 3260 2251 3315 id
2282 3258 2334 3313 in
2368 3275 2473 3329 quo
2505 3269 2786 3329 corruunt,
2818 3262 2949 3317 dum
2979 3279 3144 3334 grave
3190 3264 3272 3318 eis
3317 3265 3449 3320 illud
3485 3282 3594 3321 non
3634 3276 3802 3323 sonat

2199 3347 2346 3418 quod
2375 3364 2441 3404 ex
2470 3349 2790 3405 auctoritate
2819 3352 3165 3420 praedicatur.
3182 3352 3287 3408 Sed
3316 3354 3531 3409 remissi
3549 3363 3802 3427 pastores

2200 3437 2339 3492 inter
2366 3437 2606 3492 fomenta
2634 3437 2922 3493 verborum
2953 3439 3202 3510 quedam
3223 3442 3468 3512 proferre
3496 3445 3671 3499 solent
3704 3461 3803 3500 ar-

2201 3532 2460 3596 gumenta
2496 3524 2743 3580 rationis.
2776 3527 2931 3582 Unde
2960 3535 3011 3583 et
3039 3528 3160 3583 Heli
3194 3544 3329 3586 voce
3344 3530 3579 3587 dicitur:

2274 3632 2453 3701 (Vers.
2476 3630 2652 3702 25.)Si
2662 3635 2984 3703 peccaverit
3004 3636 3162 3691 virin
3178 3638 3387 3703 virum,
3406 3639 3603 3710 pacari
3630 3641 3685 3696 ei
3700 3658 3805 3714 po-

2206 3720 2316 3773 test
2330 3718 2507 3785 Deus;
2538 3717 2590 3772 si
2614 3720 2809 3772 autem
2828 3718 3087 3775 inDeum
3114 3722 3450 3793 peccaverit,
3469 3726 3803 3795 quicorabit

2204 3822 2306 3879 pro
2330 3809 2432 3862 eo!

2278 3898 2330 3949 6.
2365 3894 2458 3951 Vir
2497 3894 2552 3948 in
2599 3894 2774 3951 virum
2816 3910 3045 3967 peccare
3065 3907 3149 3953 est
3189 3898 3258 3954 de
3288 3899 3448 3955 rebus
3482 3900 3806 3959 labentibus

2207 3983 2523 4039 alterutrum
2555 3983 2659 4037 sibi
2690 3984 2937 4040 homines
2963 4000 3182 4042 nocere.
3217 3988 3277 4042 In
3304 3988 3479 4045 Deum
3506 4006 3636 4047 vero
3668 4008 3806 4062 pec-

2206 4087 2331 4127 care
2360 4080 2443 4127 est
2470 4087 2533 4127 ea
2564 4072 2614 4126 ei
2635 4089 2755 4142 quae
2776 4074 2848 4129 ad
2877 4075 3225 4132 aeternitatem
3256 4077 3504 4133 condidit
3539 4080 3794 4137 auferre.

2207 4159 2524 4230 Quicunque
2553 4160 2718 4231 igitur
2746 4167 2839 4217 aut
2869 4179 3023 4217 suam
3042 4173 3134 4220 aut
3160 4164 3377 4221 alterius
3403 4166 3577 4223 ﬁdelis
3611 4168 3804 4225 homi-

2206 4247 2290 4303 nis
2319 4248 2557 4303 animam
2584 4247 2654 4303 ad
2691 4252 3028 4322 peccandum
3075 4255 3355 4324 pertrahit,
3386 4255 3440 4310 in
3455 4256 3630 4312 Deum
3659 4273 3807 4329 pec—

2208 4352 2333 4393 care
2362 4338 2721 4405 convincitur,
2756 4339 2883 4409 quia
2915 4356 3012 4395 sua
3040 4342 3094 4396 ei
3117 4341 3327 4398 auferre
3347 4344 3567 4415 propria
3581 4345 3792 4403 nititur.

2208 4424 2365 4493 Quod
2381 4424 2632 4480 nimirum
2663 4434 2807 4483 tanto
2835 4428 3056 4500 gravius
3082 4438 3363 4501 peccatum
3399 4447 3527 4488 osse
3552 4435 3809 4491 ostendi-

777 4487 875 4594 per
903 4487 1155 4585 eitempla
1178 4512 1285 4581 piae
1319 4487 1744 4566 canversationis
1807 4487 2092 4580 proxinio-
2123 4487 2174 4548 Β
2211 4487 2313 4583 tur,
2334 4522 2539 4584 quanto
2569 4522 2621 4571 et
2651 4515 2740 4585 qui
2770 4487 2870 4587 prb
2907 4516 3027 4585 ejus
3057 4487 3397 4576 absolutione
3418 4521 3619 4594 dignus
3637 4522 3807 4578 inter-

504 4634 627 4674 rum
654 4596 819 4671 corda
848 4608 917 4664 ad
964 4599 1346 4673 omnipotentis
1390 4597 1490 4653 Dei
1536 4596 1810 4653 servitium
1866 4613 2095 4655 conver-

506 4714 623 4762 tuut
636 4746 650 4759 .

577 4798 629 4849 5.
654 4793 883 4861 Magnus
911 4798 1040 4839 vero
1070 4780 1226 4836 nobis
1254 4778 1413 4834 timor
1458 4776 1731 4845 incutitur,
1789 4777 1917 4848 quia
1972 4776 2092 4832 Heli

504 4883 735 4939 ﬁliorum
765 4875 922 4947 culpa
951 4873 1247 4938 damnatur,
1281 4866 1436 4937 cujus
1466 4873 1686 4937 peccata
1713 4866 1934 4936 propria
1949 4866 2092 4921 nulla

503 4965 981 5030 referuntur.Nam
1017 4957 1175 5014 bonis
1206 4955 1436 5011 subditis
1464 4954 1604 5009 bene
1634 4953 1817 5010 vivere
1847 4955 1915 5008 ad
1937 4954 2089 5009 salu-

498 5074 607 5121 tem
638 5055 852 5123 sufiicit,
883 5048 1120 5124 praelatis
1149 5061 1277 5102 vero
1324 5044 1536 5116 propria
1567 5042 1678 5099 vita
1720 5059 1826 5099 non
1870 5040 2086 5098 sutlicit.

498 5152 671 5209 Valde
701 5145 898 5204 etenim
929 5152 1098 5196 senex
1127 5143 1231 5203 est,
1255 5134 1344 5203 qui
1375 5134 1558 5188 vivere
1586 5131 2087 5203 irreprehensibili-

497 5251 580 5297 ter
598 5251 829 5308 semper
858 5228 1061 5287 studet.
1099 5223 1267 5280 Unde
1295 5222 1458 5279 etiam
1489 5219 1745 5290 scriptum
1773 5228 1887 5275 est:
1912 5221 2090 5277 Sene-

498 5334 624 5386 ctus
637 5328 792 5383 enim
806 5313 1146 5378 venerabilis
1161 5316 1387 5379 est,non
1404 5309 1887 5380 diuturna,ncque
1898 5324 2084 5364 armo-

496 5432 627 5473 rum
637 5428 876 5470 numero
889 5421 1086 5479 compu
1095 5407 1152 5459 la
1161 5400 1378 5470 ιαμ)αηὶ
1389 5399 1542 5455 enim
1554 5400 1689 5453 sunt
1700 5412 1897 5453 census
1911 5397 2087 5454 homi-

491 5507 665 5573 nis,“
687 5506 829 5558 leta:
841 5493 1155 5555 senectutis
1169 5493 1283 5547 vita
1297 5484 2086 5560 immaculata(Sap.iv,8)Sed

2206 4619 2387 4660 cessor
2413 4604 2609 4658 existat
2635 4604 2808 4658 rarius
2835 4604 3129 4661 invenitur.
3160 4607 3302 4663 Nam
3333 4607 3435 4663 sub
3486 4608 3807 4682 interroga-

2205 4692 2383 4748 tione:
2437 4692 2566 4759 sz
2600 4693 2782 4749 orabit
2816 4709 2918 4766 pro
2938 4710 3000 4750 eo
3036 4697 3060 4750 Υ
3113 4710 3224 4751 non
3276 4696 3471 4752 dicitur
3497 4706 3554 4754 ut
3595 4699 3808 4755 talibus

2205 4781 2366 4837 etiam
2398 4781 2727 4851 pcenitentiaa
2754 4782 2995 4837 remedia
3022 4783 3380 4856 denegentur,
3412 4787 3511 4842 sed
3551 4787 3679 4858 quia
3707 4789 3804 4843 al-

2204 4870 2337 4925 tiora
2366 4877 2716 4940 peccatorum
2747 4870 2967 4925 vulnera
2987 4870 3243 4928 diﬁcilius
3272 4883 3540 4930 curantur.

2274 4959 2327 5013 "l.
2362 4957 2523 5027 Quod
2567 4967 2745 5014 tamen
2797 4959 3002 5015 idcirco
3040 4960 3243 5017 dictum
3300 4970 3482 5032 potest
3536 4964 3800 5038 intelligi,

2200 5047 2325 5120 quia
2357 5047 2673 5104 sacerdotes
2702 5056 3017 5120 arguuntur.
3041 5049 3136 5105 Vir
3169 5050 3314 5106 enim
3341 5052 3398 5106 in
3451 5052 3627 5109 virum
3655 5070 3803 5125 pec—

2199 5144 2306 5205 cat,
2339 5151 2463 5193 cum
2494 5136 2585 5191 ille
2614 5136 3050 5208 delinquitcujus
3076 5139 3238 5211 culpa
3259 5142 3587 5214 corrigenda
3613 5143 3683 5198 ad
3703 5144 3808 5200 bo-

2198 5221 2362 5275 minis
2389 5220 2682 5291 superioris
2706 5220 2966 5292 judicium
2999 5223 3240 5293 respicit.
3281 5222 3422 5292 Quia
3466 5225 3631 5298 igitur
3659 5241 3806 5298 pec-

2198 5318 2317 5365 cata
2342 5309 2541 5365 subditi
2573 5310 2781 5381 populi,
2841 5326 2960 5381 qua:
2990 5312 3062 5367 ad
3108 5313 3421 5371 sacerdotes
3475 5315 3799 5388 respiciunt,

2194 5399 2430 5469 ipsorum
2460 5399 2803 5455 sacerdotum
2840 5398 3090 5471 precibus
3124 5400 3393 5468 delentur,
3439 5419 3561 5458 cum
3603 5418 3802 5460 sacer-

2197 5488 2297 5543 dos
2324 5488 2380 5542 in
2407 5488 2623 5559 culpam
2678 5487 2900 5557 labitur,
2958 5488 3208 5559 superior
3263 5506 3494 5562 persona
3543 5506 3651 5548 non
3705 5501 3803 5550 est

569 5629 650 5705 (a)
680 5623 944 5695 Quaedam
973 5618 1060 5675 hic
1089 5618 1281 5674 deesse
1308 5615 1592 5686 videntur;
1623 5610 1876 5686 praemitti
1906 5612 2051 5671 enim
2079 5612 2271 5672 debuit
2299 5613 2445 5686 quod
2473 5612 2675 5686 legitur
2700 5630 2754 5673 v.
2788 5617 2856 5673 22
2876 5633 2896 5673 :
2951 5614 3226 5688 quomodo
3273 5612 3647 5688 dormiebant,
3678 5606 3797 5674 etc.
