4062 6182
251 400 339 453 H3

1075 404 1154 458 ΙΝ
1189 402 1457 461 PRIMUM
1492 401 1739 459 REGUM
1775 397 2314 459 EXPOSITIONES.
2345 432 2417 443 —
2454 404 2581 459 LIB.
2625 404 2699 459 II.

3437 409 3467 462 1
3479 406 3545 470 ﬂ

247 524 393 595 cujus
419 524 679 599 precibus
703 527 977 597 expietur.
1006 528 1167 598 Quod
1195 537 1249 584 et
1276 528 1397 599 ipsa
1421 527 1629 583 Veritas
1659 542 1758 596 per
1784 542 1843 580 se
1872 525 1929 585 A
1953 524 2221 599 designat,
2252 528 2377 600 quia
2411 526 2630 601 singula
2668 528 2737 583 ad
2781 536 3105 586 tormentum
3147 529 3388 599 veniunt,
3421 547 3544 602 qum

247 612 497 683 insinuat,
531 617 724 673 dicens
756 633 771 673 :
804 616 870 674 Si
902 619 989 674 sal
1024 619 1343 683 evanuerit,
1375 619 1439 674 in
1466 632 1571 689 quo
1600 616 1844 672 satietur

244 703 455 771 (Matth.
486 722 542 773 v,
585 706 719 773 13y?
756 706 914 762 Dicat
960 722 1091 779 ergo
1132 725 1144 760 :
1190 706 1323 774 Qui:
1371 707 1554 762 orabit
1601 721 1701 778 pro
1733 704 1841 761 eo?

245 789 400 860 Quasi
443 793 609 859 dicat,
641 794 767 866 quis
796 794 847 850 ei
875 794 1204 851 intercessor
1249 801 1528 860 remanet,
1575 809 1699 850 cum
1750 792 1837 848 ille

242 895 302 935 se
329 881 782 955 transgrediendo
824 883 1146 954 praecipitat,
1180 883 1272 953 qui
1300 883 1367 937 ad
1392 882 1836 939 intercedendum

241 984 334 1039 pro
361 968 482 1024 aliis
512 970 793 1026 ordinatus
823 972 949 1026 est?
979 970 1101 1039 Quo
1127 970 1368 1041 profecto
1399 971 1573 1041 culpae
1612 971 1834 1042 magni-

242 1056 364 1111 tudo
391 1066 749 1128 monstratur,
783 1060 915 1131 quia
944 1060 1195 1129 plerique
1222 1076 1408 1116 eorum
1439 1076 1469 1114 a
1496 1058 1729 1116 Domino
1778 1059 1831 1115 in

237 1145 623 1215 impmnitentis
663 1147 848 1203 cordis
872 1147 1167 1219 caliginem
1197 1147 1575 1219 projiciuntur,
1610 1158 1662 1203 et
1685 1149 1833 1204 nulla

236 1234 467 1289 hominis
496 1234 869 1291 adhortatione
911 1236 1253 1308 resipiscunt.
1294 1236 1477 1307 Quare
1524 1245 1652 1309 apte
1695 1238 1830 1293 sub—

228 1323 470 1393 junctum
500 1328 587 1379 est
620 1341 634 1378 :

301 1448 477 1516 (Vers.
510 1450 624 1519 25.)
652 1451 771 1506 Non
801 1451 1116 1507 audierunt
1144 1466 1329 1507 vocem
1357 1449 1541 1522 patri:
1562 1452 1673 1522 sui,
1696 1453 1831 1525 quia

231 1537 403 1592 valuit
431 1553 525 1593 eo:
558 1539 827 1596 Dominus
855 1541 1129 1597 occidere.

313 1625 423 1693 85
452 1633 505 1682 8.
540 1629 679 1683 Puer
698 1636 876 1684 autem
900 1629 1120 1685 Samuel
1149 1636 1200 1684 et
1218 1628 1483 1699 proiicere
1503 1637 1557 1686 et
1580 1644 1830 1687 crescere

229 1722 580 1778 memoratur,
612 1720 667 1769 et
694 1720 805 1769 tam
836 1714 951 1770 Deo
981 1730 1144 1786 quam
1166 1713 1480 1769 hominibus
1502 1714 1743 1784 placere,
1768 1722 1829 1769 ut

232 1802 381 1859 electi
412 1801 680 1858 auditoris
708 1802 945 1857 studium
994 1802 1330 1876 designetur,
1375 1803 1465 1873 qui
1512 1811 1672 1859 recte
1701 1803 1828 1860 vitae

1950 615 2094 670 male
2125 615 2290 673 fuisse
2321 626 2542 673 servata
2570 620 3019 688 comprobantur.
3050 620 3190 675 Male
3219 636 3455 691 namque
3487 621 3544 675 in

1949 720 2009 758 se
2049 705 2433 775 omnipotentis
2465 706 2562 762 Dei
2605 723 2827 762 munera
2865 708 3130 776 custodit,
3178 709 3269 779 qui
3313 709 3540 765 nitorem

1945 794 2233 863 pastoralis
2258 794 2508 849 culminis
2537 812 2632 865 per
2661 795 2899 850 maculas
2928 796 3125 866 polluit
3154 812 3337 866 pravae
3366 797 3542 853 actio-

1944 882 2051 936 nis.
2095 882 2247 938 Unde
2277 892 2328 937 et
2356 888 2482 955 apte
2528 883 2647 938 Heli
2691 884 2886 939 domus
2930 900 3152 939 munera
3195 892 3246 939 et
3283 884 3539 939 victimas

1946 970 2161 1026 Domini
2190 972 2338 1028 calce
2368 972 2634 1041 abjecisse
2661 973 3100 1043 reprehenditur.
3150 973 3278 1028 Calx
3318 972 3539 1045 quidem

1941 1075 2009 1114 ea
2051 1076 2176 1130 pars
2212 1062 2455 1131 corporis
2498 1064 2582 1115 est
2621 1078 2730 1133 qua
2773 1069 2969 1116 terram
3012 1061 3303 1133 tangimus.
3347 1063 3407 1116 In
3437 1062 3538 1116 hac

1941 1147 2105 1219 igitur
2130 1148 2378 1205 inferiori
2409 1157 2560 1219 parte
2597 1151 2844 1221 corporis
2875 1150 3069 1205 animm
3089 1148 3316 1206 affectus
3344 1157 3535 1206 osten-

1938 1238 2084 1292 ditur
2112 1253 2218 1309 quo
2249 1246 2457 1294 terrena
2485 1239 2963 1311 concupiscuntur.

2010 1348 2100 1399 11.
2140 1346 2208 1400 Et
2237 1345 2384 1416 quia,
2416 1353 2479 1400 ut
2505 1345 2834 1417 quibusdam
2863 1346 3033 1403 visum
3064 1354 3164 1411 est,
3198 1361 3296 1415 pro
3334 1360 3535 1402 conse-

1935 1440 2057 1488 cuta
2087 1434 2172 1488 vel
2202 1435 2587 1504 consequenda
2605 1435 2832 1491 victoria
2849 1434 3085 1491 victimae
3104 1434 3281 1491 oti'erri
3303 1449 3532 1491 consue-

1933 1531 2128 1578 verant
2157 1531 2211 1578 et
2240 1539 2464 1579 munera
2486 1523 2680 1579 amicis
2700 1524 2843 1593 dari,
2868 1524 2998 1595 quid
3017 1524 3072 1579 in
3093 1523 3323 1580 Victimis
3342 1530 3394 1578 et
3416 1539 3528 1577 mu-

1933 1612 2159 1666 neribus
2190 1612 2286 1666 nisi
2320 1612 2710 1684 proﬁcientium
2732 1613 2908 1669 adhuc
2937 1621 3065 1670 vota
3096 1621 3148 1667 et
3169 1611 3530 1683 perfecturum

1933 1701 2250 1757 devotiones
2292 1701 2348 1756 in
2393 1702 2782 1772 omnipotentis
2816 1703 2916 1758 Dei
2954 1701 3200 1756 laudibus
3228 1700 3531 1771 designan-

1937 1791 2063 1845 tur?
2093 1789 2197 1859 Qui
2230 1790 2378 1845 enim
2414 1806 2513 1860 per
2548 1791 2886 1847 occultorum
2932 1790 3169 1846 hostium
3200 1797 3533 1845 tentamenta

229 1890 418 1947 itinere
446 1907 579 1947 suos
606 1899 832 1947 conatus
878 1891 949 1946 ad
994 1907 1286 1962 supernam
1334 1891 1571 1963 patriam
1621 1892 1826 1961 dirigit,

1940 1877 2270 1950 proﬁcimus,
2304 1895 2424 1934 cum
2457 1880 2524 1934 ad
2555 1895 2741 1936 eorum
2772 1880 3081 1936 conﬂictum
3106 1879 3356 1935 virtutem
3384 1894 3531 1950 prae-

229 1980 347 2035 dum
374 1980 445 2035 ad
475 1983 696 2050 majora
721 1980 1077 2036 convalescit.
1102 1979 1255 2036 Unde
1286 1988 1338 2035 et
1368 1996 1462 2051 per
1486 1981 1829 2036 Psalmistam

228 2069 453 2125 dicitur:
474 2068 860 2125 Ambulabunt
888 2069 956 2124 de
981 2071 1192 2124 virtute
1219 2069 1284 2124 in
1309 2070 1601 2136 virtutem,
1626 2070 1830 2126 videbi-

230 2162 322 2214 tur
349 2160 498 2215 Deus
526 2158 761 2216 deorum
781 2159 847 2214 in
869 2159 1003 2216 Sion
1019 2158 1198 2228 (Psal.
1232 2173 1427 2223 Lxxin,
1449 2160 1524 2226 8).
1548 2158 1829 2214 Profectus

228 2247 406 2316 itaque
452 2246 898 2303 conversationis
927 2250 1009 2301 est
1037 2261 1284 2303 crescere
1330 2247 1560 2312 meritis,
1611 2247 1830 2316 placere

230 2336 339 2390 Deo
367 2344 425 2391 et
450 2335 770 2390 hominibus
798 2342 1193 2391 consummatae
1218 2334 1587 2405 perfectionis.
1608 2336 1674 2390 Et
1704 2336 1830 2405 quia

225 2423 289 2481 ad
315 2439 488 2494 opera
515 2426 873 2479 conversatio
904 2424 1153 2495 pertinet.
1189 2424 1550 2495 meritumque
1573 2425 1830 2495 provenit

229 2528 291 2568 ex
319 2512 615 2579 charitate,
634 2512 712 2566 illi
735 2512 1012 2568 auditores
1029 2512 1336 2583 proﬁciunt,
1356 2520 1407 2567 et
1428 2528 1535 2568 non
1556 2522 1826 2582 crescunt,

226 2600 311 2670 qui
339 2601 483 2656 bona
510 2616 677 2671 opera
707 2616 808 2671 pro
836 2601 1018 2657 studio
1039 2600 1292 2657 vanitatis
1321 2601 1595 2671 exhibent,
1627 2610 1681 2657 et
1707 2604 1831 2657 cha-

227 2688 439 2744 ritatem
465 2704 576 2743 non
608 2690 831 2745 habent.
876 2688 1193 2746 Proﬁcimus
1237 2705 1391 2762 ergo,
1419 2698 1474 2744 et
1509 2691 1826 2756 crescimus,

224 2778 267 2831 si
295 2794 422 2833 cum
451 2778 757 2833 sublimiori
786 2779 1204 2835 conversatione
1250 2794 1361 2849 per,
1394 2794 1565 2849 opera
1609 2780 1832 2836 meliora

223 2866 583 2931 sustollimnr,
614 2881 688 2921 ex
714 2867 907 2923 eadem
938 2866 1268 2922 sublimitate
1297 2867 1481 2938 aperis
1506 2868 1573 2923 ad
1600 2868 1713 2924 sola
1739 2869 1831 2922 in-

220 2955 493 3010 tendimus
519 2955 722 3027 gaudia
745 2955 1077 3012 aeternitatis.
1122 2955 1339 3011 Placere
1368 2965 1547 3011 autem
1578 2961 1686 3010 tam
1717 2958 1833 3011 Deo

230 3059 389 3113 quam
417 3043 734 3099 hominibus
761 3059 982 3115 magnae
1000 3044 1216 3099 virtutis
1240 3052 1339 3111 est,
1364 3044 1490 3115 quia
1510 3044 1833 3116 plerumque

229 3130 301 3187 de
330 3132 476 3187 bono
500 3149 674 3203 opere
698 3140 886 3189 nostro
910 3132 1201 3204 proximos
1230 3140 1446 3189 nostros
1485 3130 1832 3200 offendimus,

1938 1982 2206 2039 paramus,
2238 1969 2483 2038 profecto
2513 1968 2763 2024 victimas
2792 1968 2845 2023 in
2878 1969 3264 2039 omnipotentis
3293 1967 3393 2023 Dei
3423 1968 3535 2021 lau-

1937 2057 2096 2111 dibus
2122 2066 2389 2112 tenemus.
2423 2057 2529 2112 Sed
2559 2057 2786 2112 devictis
2810 2057 2930 2125 jam
2962 2057 3028 2111 iis
3056 2073 3178 2128 qum
3214 2057 3538 2129 ingeruntur

1938 2146 2094 2200 nobis
2121 2147 2336 2216 praeliis,
2362 2160 2489 2201 cum
2519 2145 2587 2199 de
2607 2146 2829 2201 victoria
2860 2154 3154 2200 consecuta
3179 2145 3535 2216 omnipotenti

1940 2236 2059 2289 Deo
2102 2235 2310 2307 gratias
2351 2235 2586 2306 agimus,
2632 2236 2741 2302 86
2787 2233 2963 2287 eidem
3008 2234 3238 2289 Domino
3277 2234 3535 2288 nimirum

1938 2325 2189 2380 victimas
2217 2323 2582 2379 immolemus.
2627 2322 2731 2390 Qui
2760 2329 2941 2377 autem
2981 2321 3031 2376 ei
3072 2320 3350 2376 familiaris
3376 2338 3535 2378 amo-

1940 2414 2015 2469 ris
2042 2413 2294 2469 atiectum
2334 2412 2591 2477 offerunt,
2624 2410 2774 2483 quasi
2824 2410 2997 2466 amico
3045 2426 3273 2465 munera
3318 2411 3535 2482 impen-

1940 2504 2095 2558 dunt.
2128 2504 2355 2557 Munera
2384 2501 2550 2573 igitur
2579 2508 2704 2555 sunt
2731 2499 3048 2556 affectiones
3078 2498 3381 2569 charitatis,
3410 2499 3538 2569 qui-

1940 2594 2042 2646 bus
2070 2590 2232 2647 corda
2263 2589 2555 2646 electorum
2620 2590 2677 2643 in
2737 2588 3064 2644 desiderium
3116 2587 3200 2642 sui
3244 2588 3538 2667 conditoris

1940 2680 2306 2736 inardescunt.
2340 2679 2413 2734 Et
2450 2678 2576 2751 quia
2620 2693 2741 2734 cum
2787 2685 2969 2733 rector
3009 2684 3230 2733 terrena
3277 2676 3536 2746 sequitur,

1941 2770 2215 2841 plerisque
2280 2769 2333 2822 in
2392 2767 2653 2837 spirituali
2714 2766 2965 2821 conflictu
3006 2763 3222 2836 positis,
3265 2764 3541 2836 plerisque

1942 2860 2105 2915 etiam
2134 2859 2249 2929 jam
2280 2856 2536 2912 anhelare
2564 2854 2946 2925 incipientibus
2976 2862 3153 2924 nocet,
3186 2854 3335 2910 calce
3376 2853 3541 2915 nimi-

1941 2965 2059 3003 rum
2094 2948 2191 3001 Dei
2225 2945 2472 3000 victimas
2520 2951 2571 2999 et
2619 2960 2839 2998 munera
2883 2942 3091 3014 abjicit,
3125 2944 3254 3015 quia
3284 2941 3542 3014 exemplo

1942 3054 2054 3091 suae
2090 3034 2371 3108 pravitatis
2387 3034 2710 3089 earumdem
2729 3040 3079 3105 utrorumque
3097 3032 3276 3087 studia
3296 3031 3542 3103 expellit.

1942 3124 2282 3194 Abjiciuntur
2344 3123 2528 3193 itaque
2594 3122 2848 3189 victimae,
2881 3120 3007 3191 quia
3052 3137 3197 3193 saepe
3242 3136 3275 3177 a
3321 3122 3548 3177 rudibus

224 3220 270 3275 si
298 3222 496 3276 eadem
531 3222 675 3277 bona
704 3237 872 3293 opera
898 3237 1006 3276 non
1035 3236 1158 3276 cum
1191 3235 1392 3292 magna
1420 3220 1639 3276 cautela
1670 3221 1834 3277 facia-
1863 3241 1914 3304 Ο
1945 3213 2141 3270 Christi
2187 3211 2460 3304 militibus,
2475 3226 2671 3304 pugnae
2699 3209 2992 3304 spiritu-alis
3023 3209 3178 3304 labor
3202 3210 3539 3282 relinquitur,

223 3325 365 3364 mus.
408 3311 545 3365 Tam
576 3311 693 3365 Deo
724 3308 893 3381 igitur
938 3323 1102 3378 quam
1159 3308 1472 3364 hominibus
1515 3309 1715 3379 placet,
1746 3307 1838 3380 qui

220 3397 275 3451 in
305 3396 455 3454 bono
486 3414 659 3469 opere
689 3397 835 3468 quod
864 3398 1251 3468 omnipotentis
1279 3396 1381 3452 Dei
1410 3397 1691 3468 obsequiis
1724 3398 1836 3452 im-

220 3487 409 3555 pendit
436 3491 631 3541 cautus
664 3495 781 3549 est;
807 3487 898 3558 qui
929 3485 1009 3541 sic
1038 3487 1154 3542 Deo
1184 3486 1403 3555 placere
1451 3493 1621 3554 curat,
1669 3496 1727 3541 ut
1764 3486 1835 3542 de

222 3574 322 3629 Dei
350 3574 655 3630 ministerio
686 3575 920 3644 aliquem
954 3590 1063 3630 non
1096 3573 1363 3631 offendat.

289 3678 343 3728 9.
375 3674 446 3729 Et
483 3675 615 3744 quia
646 3673 716 3729 de
748 3672 1007 3729 Samuele
1035 3674 1211 3729 adhuc
1239 3690 1410 3745 puero
1440 3681 1493 3730 et
1520 3674 1625 3729 sub
1653 3674 1831 3732 aliena

206 3760 568 3818 instructions
615 3762 795 3834 posito
837 3761 1059 3827 dicitur,
1101 3763 1462 3818 communiter
1525 3763 1827 3819 viventium

214 3866 317 3921 per
345 3852 453 3906 hoc
480 3850 593 3906 vita
621 3850 895 3907 eruditur.
940 3850 1076 3905 Nam
1121 3850 1339 3923 quidam
1382 3851 1437 3905 in
1483 3852 1658 3908 sacris
1686 3853 1824 3909 locis

210 3939 580 3994 communiter
607 3939 856 3995 viventes
888 3940 1104 3996 fervore
1134 3940 1340 3995 novitio
1368 3939 1469 3994 sub
1497 3940 1682 3997 colore
1711 3956 1821 3997 ma-

205 4042 337 4098 gna
363 4028 703 4100 operationis
731 4028 840 4083 sibi
873 4044 1067 4084 vacare
1098 4035 1378 4100 appetunt,
1411 4028 1501 4100 qui
1532 4029 1820 4085 contuber-

201 4116 422 4172 nalibus
453 4118 716 4173 fratribus
762 4133 873 4191 quo
921 4117 1098 4171 minus
1136 4121 1264 4172 sunt
1290 4116 1468 4186 utiles,
1500 4117 1606 4173 hoc
1633 4118 1816 4174 minus

201 4205 443 4275 placent.
483 4206 712 4263 Electus
740 4206 930 4277 itaque
958 4222 1060 4276 per
1086 4205 1304 4262 Samuel
1335 4207 1700 4262 communiter
1725 4206 1813 4261 vi-

198 4294 460 4349 rentibus
506 4295 680 4350 forma
722 4295 1059 4365 preponitur,
1108 4295 1194 4349 cui
1243 4295 1651 4365 imprimuntur.
1692 4298 1810 4353 Deo

195 4380 385 4453 itaque
414 4391 471 4438 et
500 4381 810 4438 hominibus
841 4382 1067 4453 quisque
1097 4398 1284 4438 eorum
1314 4382 1510 4453 placet,
1542 4399 1665 4439 cum
1692 4386 1808 4440 tra-

197 4470 374 4524 tribus
399 4471 547 4525 utilis
575 4478 678 4536 est,
713 4471 828 4526 Deo
854 4470 1101 4526 devotus.
1143 4469 1235 4526 Sic
1264 4487 1394 4543 ergo
1425 4479 1591 4545 agant
1617 4488 1803 4528 curam

192 4559 304 4622 sui,
340 4567 394 4612 ut
421 4574 488 4614 ea
515 4574 641 4632 qua:
669 4566 794 4613 sunt
821 4558 1063 4629 proximi
1090 4574 1198 4614 non
1235 4560 1505 4627 emittant,
1535 4569 1805 4631 quatenus

193 4660 269 4700 ex
316 4646 653 4719 benignitate
683 4647 771 4702 his
799 4647 1022 4716 placeat
1051 4646 1142 4717 qui
1170 4662 1361 4703 secum
1404 4648 1460 4702 in
1503 4648 1613 4704 imo
1657 4658 1800 4717 sunt,

190 4736 458 4805 supernis
486 4752 617 4791 vero
658 4735 829 4791 oculis
874 4751 945 4791 ex
992 4734 1283 4791 devotione
1324 4735 1654 4792 fortitudinis
1692 4753 1807 4793 sum

190 4823 368 4878 robur
393 4832 550 4880 caute
576 4824 850 4891 exhibeat,
883 4832 948 4880 ut
976 4824 1319 4880 inﬁmorum
1357 4826 1521 4881 corda
1565 4842 1673 4881 non
1715 4834 1803 4882 at-

188 4918 355 4980 terat,
383 4912 515 4967 dum
548 4912 879 4968 fortitudinis
922 4929 1039 4969 sum
1079 4912 1283 4985 impetu
1327 4912 1394 4968 ad
1440 4929 1682 4984 superna
1713 4915 1802 4971 fe—

184 5002 382 5056 atinat.

260 5102 358 5155 to.
382 5099 482 5155 Vir
505 5108 682 5157 autem
716 5101 811 5157 Dei
843 5101 912 5157 ad
941 5101 1061 5156 Heli
1090 5101 1307 5157 venisse
1336 5100 1685 5170 describitur,
1709 5102 1800 5172 qui

184 5187 446 5255 profecto
489 5188 688 5245 divinae
727 5189 1010 5244 sententia:
1057 5190 1404 5245 severitatem
1470 5190 1798 5260 prolaturus,

184 5281 400 5343 quanta
429 5276 481 5331 ei
511 5277 651 5331 dona
676 5275 982 5332 contulerat
1010 5275 1303 5349 diligenter
1330 5279 1692 5334 enumeravit.
1733 5277 1802 5334 Et

184 5363 326 5431 quia
345 5365 558 5419 tandem
576 5365 829 5421 vindicta
843 5378 1011 5438 quam
1028 5373 1329 5420 mereretur
1344 5381 1571 5437 pmnam
1591 5367 1801 5424 denun-

186 5452 319 5524 tiat,
340 5454 471 5524 quid
493 5453 587 5508 dat
608 5452 857 5524 intelligi,
878 5452 985 5507 nisi
1012 5452 1138 5522 quia
1161 5460 1439 5524 pastorum
1469 5455 1641 5528 culpm
1676 5457 1801 5512 sub-

187 5541 350 5597 tilius
369 5540 724 5613 iudicantur?
754 5547 811 5595 et
835 5554 943 5595 non
975 5541 1147 5596 solum
1191 5551 1422 5614 peccata
1467 5544 1547 5600 eis
1588 5560 1802 5616 poenam

186 5629 435 5686 ultionis
461 5636 801 5704 aggravant,
825 5628 922 5684 sed
941 5628 1103 5685 etiam
1125 5645 1350 5688 munera
1368 5647 1648 5689 concessa.
1671 5635 1806 5689 Item

190 5717 337 5789 quia
362 5718 643 5794 sigillatim
672 5717 867 5776 eadem
893 5717 1032 5775 dona
1060 5719 1304 5793 replicat,
1338 5720 1540 5794 aliquid
1585 5722 1809 5793 gravius

1945 3318 2070 3359 cum
2110 3300 2383 3372 principes
2407 3299 2698 3355 Chistianze
2727 3298 3088 3368 expeditionis
3116 3300 3170 3353 in
3201 3306 3543 3355 terrenarum

1946 3390 2443 3444 blandimentorum
2471 3388 2660 3460 requie
2689 3388 2841 3460 sequi
2874 3387 3117 3457 corporis
3143 3388 3252 3442 otia
3272 3386 3539 3443 videntur.

1943 3478 2104 3535 Caice
2134 3477 2458 3549 abjiciuntur
2486 3491 2733 3543 munera,
2766 3476 2892 3546 quia
2922 3474 3236 3531 aﬂectiones
3264 3475 3542 3530 charitatis

1942 3585 1973 3624 a
2002 3567 2355 3638 plurimorum
2386 3566 2500 3636 jam
2532 3581 2765 3637 superna
2794 3564 3139 3636 diligentiam
3167 3570 3348 3619 mente
3375 3563 3543 3636 frige-

1939 3665 2114 3725 scunt,
2137 3657 2265 3711 dum
2286 3656 2541 3725 praelatos
2556 3670 2685 3710 suos
2706 3652 2975 3724 aspiciunt
2994 3669 3287 3724 supernam
3307 3653 3536 3724 patriam

1936 3762 2034 3818 per
2071 3745 2220 3801 nulla
2259 3743 2460 3800 amoris
2501 3742 2775 3799 desideria
2819 3757 3099 3814 quaerere,
3141 3741 3243 3796 sed
3287 3742 3534 3811 corporis

1933 3836 2141 3908 frigore
2189 3838 2508 3890 constrictos
2551 3832 2751 3886 intimis
2815 3829 3268 3887 delectationibus
3321 3829 3526 3899 jacere.

1931 3923 2171 3993 Quorum
2211 3922 2455 3993 profecto
2497 3920 2740 3977 nonnulli
2778 3927 2919 3987 sunt,
2953 3918 3044 3988 qui
3073 3918 3226 3988 ipsos
3255 3918 3525 3988 spiritales

1928 4013 2162 4069 honores
2191 4010 2478 4067 carnaliter
2497 4008 2772 4077 exhibent,
2795 4015 2851 4063 et
2878 4008 3024 4079 quod
3053 4005 3266 4062 meritis
3290 4006 3521 4073 dibetur,

1925 4098 2309 4172 propinquitati
2354 4098 2617 4152 tribuunt.
2658 4096 2760 4164 Qui
2792 4095 3038 4164 profecto
3081 4094 3522 4164 praesumptionis

1921 4206 2038 4244 suae
2068 4195 2276 4243 reatum
2305 4192 2745 4257 expavescerent,
2775 4183 2819 4238 si
2848 4184 2969 4250 hoc,
3000 4182 3144 4251 quod
3175 4183 3244 4237 de
3272 4182 3392 4239 Heli
3423 4198 3517 4237 sa-

1918 4278 2140 4334 cerdote
2171 4277 2435 4332 Dominus
2463 4273 2723 4345 queritur,
2756 4277 2955 4327 attente
2984 4277 3297 4339 pensarent.

1987 4385 2164 4455 (Vers.
2198 4386 2307 4444 29.)
2349 4382 2668 4445 Honorasti,
2715 4378 2907 4450 inquit,
2956 4377 3104 4448 ﬁlios
3143 4380 3287 4443 tuos,
3336 4378 3517 4447 magis

1912 4489 2079 4546 quam
2103 4487 2211 4536 me,
2246 4473 2310 4526 ut
2331 4469 2697 4525 comederetis
2721 4467 3011 4541 primitias
3037 4467 3224 4522 omnis
3245 4465 3519 4536 sacriﬁcii

1916 4560 2114 4633 populi
2139 4559 2252 4614 mei
2278 4557 2479 4614 Israel.

1988 4663 2074 4713 12.
2110 4657 2273 4713 Filios
2316 4657 2519 4729 quippe
2545 4665 2598 4711 et
2620 4654 2957 4728 prepinquos
2999 4655 3178 4728 magis
3204 4670 3367 4726 quam
3393 4656 3517 4711 Do-

1911 4747 2118 4801 minum
2162 4747 2411 4814 honorat,
2441 4746 2534 4815 qui
2569 4744 2637 4799 ad
2661 4758 2846 4799 sacros
2874 4744 3095 4799 ordines
3119 4759 3383 4815 personas
3409 4746 3513 4801 eli-

1913 4836 1992 4905 git
2017 4851 2122 4891 non
2161 4850 2225 4890 ex
2261 4832 2689 4891 conversationis
2726 4834 3024 4901 honestate,
3054 4834 3149 4888 sed
3176 4849 3359 4890 amore
3381 4850 3511 4906 pro-

1911 4924 2248 4995 pinquitatis.
2275 4923 2484 4979 Idcirco
2511 4921 2607 4977 filii
2632 4921 2882 4977 honorati
2907 4923 3233 4989 referuntur,
3261 4930 3319 4978 ut
3348 4923 3512 4978 sacri-

1912 5013 2020 5068 ﬁcii
2046 5011 2316 5083 primitias
2341 5011 2581 5080 ederent,
2601 5009 2728 5082 quia
2751 5010 2998 5066 carnales
3020 5010 3232 5081 praelati
3259 5011 3511 5081 spiritua-

1911 5101 1979 5157 lis
2030 5100 2249 5156 honoris
2293 5100 2525 5156 culmina
2549 5098 2860 5155 carnalibus
2903 5098 3218 5171 propinquis
3258 5099 3380 5154 ideo
3406 5100 3510 5153 tris

1913 5191 2103 5257 buunt,
2130 5197 2187 5243 ut
2218 5188 2599 5245 ecclesiasticis
2624 5187 2961 5242 facultatibus
2990 5187 3248 5254 ditentur,
3276 5192 3329 5241 et
3355 5186 3408 5240 in
3436 5186 3509 5240 all

1913 5279 2142 5333 titudine
2194 5278 2405 5333 ordinis
2451 5275 2795 5333 cumulentur
2839 5275 3167 5330 abundantia
3212 5274 3498 5329 ubertatis.

1910 5370 2025 5423 Nec
2051 5375 2237 5421 curant
2256 5367 2444 5437 quales
2467 5374 2588 5421 sunt
2612 5365 2738 5436 quid
2764 5364 2835 5419 ad
2853 5362 3131 5434 spirituale
3150 5362 3508 5419 ministerium

1910 5455 2161 5525 veniunt,
2211 5456 2305 5511 sed
2341 5463 2547 5511 tantum
2583 5463 2639 5509 ut
2681 5451 2961 5523 temporali
2999 5450 3262 5522 dignitate
3305 5454 3509 5523 praefe-

1912 5552 2031 5600 rant
2064 5561 2199 5615 quos
2225 5545 2427 5601 carnali
2464 5542 2748 5598 aﬂ‘ectione
2782 5539 3227 5611 complectuntur.
3256 5538 3513 5610 Queritur

1916 5649 2049 5706 ergo
2074 5634 2368 5690 honorasse
2394 5630 2564 5696 ﬁlios,
2602 5628 2697 5684 sed
2739 5627 3015 5696 scelestos,
3066 5628 3157 5702 qui
3203 5636 3258 5686 et
3310 5628 3514 5686 cameli

1917 5722 2320 5795 propinquitate
2358 5718 2593 5792 proximi
2630 5716 2870 5774 habendi
2906 5734 3013 5774 non
3049 5727 3206 5787 sunt,
3253 5719 3298 5774 si
3332 5718 3513 5776 eccle-
