4062 6182
521 377 636 436 ³115

1729 361 1974 422 SANCTI
2013 353 2359 416 GREGOR“
2393 351 2619 407 MAGNI

3740 344 3836 395 116

530 502 783 559 εοιεειὶοω
810 501 1070 559 doctrinas
1106 497 1525 558 conversatione
1567 505 1908 566 nequaquam
1953 486 2140 557 fulge—
2171 483 2229 547 Α
2261 486 2386 536 sunt
2414 480 2469 533 in
2497 475 2674 533 oculis
2699 473 2983 566 hominum
3015 472 3185 545 digno
3213 468 3395 524 studio
3423 466 3479 522 in
3507 464 3745 566 interiori
3783 465 3849 520 ab

539 599 714 647 scunt.
749 591 855 646 Sed
887 591 977 662 qui
1010 591 1276 662 reprobos
1306 589 1612 658 provehunt
1632 583 1812 654 ipsum
1845 574 2143 650 promotio-

545 681 630 735 nis
660 681 912 736 ordinem
947 679 1282 735 confundere
1331 676 1712 746 designantur,
1763 685 1883 724 cum
1934 664 2144 720 idcirco

554 771 848 824 honoratos
880 768 1019 823 ﬁlios
1049 767 1234 832 refert,
1255 773 1311 820 ut
1342 762 1591 818 sacrificii
1613 759 1879 832 primitias
1897 755 2141 809 ederent.

550 860 670 915 Non
703 858 844 912 enim
877 857 1141 928 praedicat
1169 855 1435 911 sacerdos
1484 859 1537 906 ut
1577 847 1847 912 comedat,
1879 843 1972 899 sed
2004 842 2146 904 ideo,

551 954 608 1001 ut
641 947 922 1018 praedicet,
951 946 1286 1000 manducare
1315 943 1497 998 debet.
1531 938 1686 1008 Quod
1717 945 1770 992 et
1799 934 1994 990 Paulus
2023 929 2150 984 insi-

555 1043 706 1101 nuat,
740 1035 930 1091 dicens
965 1052 976 1087 :
1017 1035 1118 1102 Qui
1137 1033 1503 1104 Evangelium
1527 1027 1865 1088 annuntiat,
1889 1023 1955 1078 de
1971 1021 2151 1075 Evan-

547 1125 692 1194 gelio
713 1123 1055 1193 vivatUCor.
1073 1138 1152 1190 rx,
1189 1123 1297 1191 14).
1324 1120 1460 1173 Hinc
1483 1119 1672 1172 iterum
1697 1114 1826 1168 dicit
1853 1130 1863 1165 :
1891 1110 2018 1166 Bovi
2037 1108 2147 1164 tri-

556 1213 788 1268 turanti
817 1228 931 1268 non
961 1211 1270 1267 claudatur
1293 1223 1350 1264 0s
1371 1209 1422 1274 (Ι
1437 1210 1557 1264 Cor.
1578 1222 1657 1270 rx,
1683 1209 1741 1264 9;
1769 1202 2014 1264 lTim.v,
2041 1198 2146 1264 18);

556 1303 726 1357 Deut.
760 1316 896 1366 xxv,
926 1301 1003 1368 Α),
1029 1307 1086 1353 ut
1109 1297 1360 1353 videlicet
1389 1294 1720 1367 praedicatur
1751 1297 1951 1346 sanetae
1971 1286 2155 1342 Eccle-

551 1390 651 1444 siae
681 1389 803 1444 ideo
834 1389 1226 1444 comestionem
1259 1384 1637 1441 subministrat
1664 1379 1898 1450 corpori,
1931 1385 1988 1431 ut
2017 1377 2156 1430 ferre

550 1479 728 1534 valeat
757 1477 1002 1534 laborem
1025 1474 1454 1548 praedicationis.
1481 1472 1716 1527 Rectum
1737 1470 1919 1539 itaque
1941 1480 2160 1536 promo-

553 1566 718 1623 tionis
744 1567 1001 1622 ordinem
1022 1570 1344 1636 pervertere
1365 1560 1803 1632 comprobantur,
1827 1556 1917 1627 qui
1941 1553 2161 1626 prepin-

461 1647 464 1654 ’
555 1672 700 1728 quos
733 1655 1064 1726 provehunt,
1097 1670 1208 1709 non
1239 1652 1308 1706 ad
1341 1649 1693 1706 intentionem
1737 1644 2036 1709 ministerii,
2069 1641 2163 1696 sed

552 1744 621 1799 ad
643 1742 979 1814 propositum
1003 1740 1305 1812 dignitatis.
1329 1738 1485 1807 Quod
1507 1737 1752 1807 profecto
1773 1749 1881 1789 non
1902 1732 2162 1801 facerent,

547 1833 606 1888 si
636 1849 694 1887 se
724 1839 777 1887 et
807 1847 901 1886 eos
933 1831 986 1884 in
1019 1828 1251 1901 spiritali
1281 1827 1515 1884 culmine
1546 1823 1836 1880 carnaliter
1863 1837 1970 1875 non
1999 1834 2160 1873 ama-
2190 1850 2242 1910 Β

553 1929 702 1976 rent.
727 1920 834 1976 Sed
865 1920 910 1974 si
941 1918 1061 1974 Heli
1093 1917 1463 1988 repnlsionem
1493 1913 1816 1986 intelligunt,
1842 1910 1923 1965 sui
1946 1923 2160 1979 quoque

563 2017 752 2066 reatus
777 2008 980 2078 judicia
1007 2006 1417 2078 pertimescant.
1473 2005 1612 2058 Nam
1643 2001 1827 2057 divina
1855 2015 1988 2054 voce
2017 1996 2160 2052 dici-

559 2104 656 2155 tur
687 2117 700 2154 :
737 2097 1036 2156 Honorasti
1061 2096 1208 2162 ﬁlios
1229 2100 1351 2151 tuos
1367 2096 1545 2166 magis
1572 2108 1738 2164 quam
1752 2106 1859 2155 me,
1881 2092 1942 2144 ut
1974 2102 2159 2142 come-

555 2190 766 2246 deretis
801 2202 994 2245 omnes
1024 2186 1318 2258 primitias
1345 2181 1545 2256 populi
1573 2182 1688 2237 mei
1717 2180 1917 2236 Israel.

623 2313 812 2383 (Vera.
851 2312 968 2381 30.)
1004 2313 1313 2382 Propterea
1342 2308 1427 2362 ait
1460 2307 1729 2363 Dominus
1759 2305 1902 2359 Deus
1934 2303 2111 2358 Israel
2144 2320 2160 2353 .-

558 2404 817 2474 Loquens
841 2401 1060 2456 locutus
1080 2414 1230 2461 sum,
1253 2401 1318 2451 ut
1341 2396 1536 2452 domus
1563 2399 1662 2449 tua
1685 2397 1741 2448 et
1759 2393 1953 2448 domus
1975 2393 2160 2463 patris

567 2491 656 2547 tui
682 2491 1048 2544 ministraret
1078 2489 1138 2542 in
1171 2489 1475 2556 conspectu
1503 2498 1626 2538 meo
1655 2497 1828 2552 usque
1858 2483 1919 2536 in
1951 2481 2159 2553 sempi-

557 2584 808 2636 ternum.
842 2579 1002 2633 Nunc
1033 2580 1226 2630 autem
1256 2573 1402 2629 absit
1435 2572 1534 2628 hoc
1565 2589 1599 2626 a
1629 2587 1741 2627 me.

630 2687 718 2739 13.
754 2684 896 2739 Ecce
917 2682 1038 2738 Ileli
1063 2681 1386 2736 celsitudine
1416 2678 1694 2750 dignitatis
1724 2675 1995 2732 sententia
2027 2674 2161 2730 divi-

559 2789 630 2828 na
659 2770 973 2844 deponitur,
999 2770 1091 2843 qui
1121 2786 1221 2840 pro
1244 2768 1613 2840 primitiarum
1637 2783 1729 2821 esu
1751 2767 2005 2821 scelestos
2025 2763 2164 2819 filios

564 2862 874 2918 bonorasse
923 2858 1277 2924 convincitur,
1311 2865 1369 2911 ut
1396 2856 1645 2928 profecto
1676 2863 1876 2910 sanctae
1907 2853 2163 2911 Ecclesiae

559 2947 946 3020 praedicatores
976 2945 1082 3012 87
1121 2942 1426 3014 intelligant
1475 2941 1602 3010 quia
1649 2940 1692 2994 si
1742 2939 1946 2996 carnali
1977 2955 2163 2994 amore

564 3035 815 3107 reprobis
844 3031 1110 3106 spiritalia
1133 3030 1435 3085 ministeria
1458 3030 1690 3084 scienter
1709 3029 2070 3094 committunt,
2096 3029 2164 3082 ab

561 3124 656 3179 illo
686 3124 739 3177 in
772 3140 878 3194 quo
912 3121 1049 3178 foris
1079 3129 1220 3175 stare
1242 3119 1496 3175 videntur
1517 3117 1761 3173 culmine
1791 3116 1990 3172 interni
2022 3117 2163 3171 arbi-

561 3211 628 3268 tri
657 3211 911 3284 asquitate
939 3210 1272 3266 ceciderunt.
1324 3209 1391 3263 Et
1439 3208 1569 3280 quia
1616 3206 2014 3279 subsequenter
2060 3205 2162 3260 ad-
2193 3213 2243 3276 ο

555 3299 734 3372 iunxit
766 3316 779 3354 :

632 3416 818 3489 (Vers.
880 3415 994 3484 30.)
1051 3413 1158 3469 Sed
1216 3413 1540 3485 quicunque
1596 3411 1996 3482 gloriﬁcaverit
2052 3426 2163 3477 me,

561 3505 881 3580 gloriﬁcabo
909 3519 1058 3560 eum.

638 3624 726 3675 14.
759 3619 938 3675 Etiam
969 3618 1350 3673 inhonoratum
1381 3615 1545 3670 fuisse
1585 3630 1770 3670 eorum
1821 3615 2044 3670 audacia
2082 3615 2166 3669 la—

565 3716 748 3765 tenter
775 3707 969 3763 innuit.
995 3705 1206 3775 Quibus
1235 3703 1475 3776 profeeto
1503 3712 1557 3759 et
1579 3703 1776 3758 Paulus
1805 3703 2041 3773 idipsum
2072 3704 2169 3758 im-

570 3812 880 3870 properans
893 3796 968 3850 ait
991 3814 1002 3848 :
1027 3796 1243 3851 Nomen
1256 3795 1360 3848 Dei
1367 3809 1472 3866 per
1483 3809 1572 3849 vos
1584 3794 2077 3866 blasphematurin
2087 3799 2173 3849 ter

571 3892 769 3960 gentes
801 3886 980 3956 (Rom.
1000 3901 1056 3948 ιι,
1083 3884 1192 3953 24).
1218 3882 1354 3947 Quia
1385 3883 1533 3937 enim
1555 3882 1809 3937 decorem
1832 3888 2073 3952 acceptae
2095 3883 2172 3937 di-

564 3975 797 4048 gnitatis
823 3990 926 4044 per
953 3973 1169 4028 miserae
1201 3972 1362 4028 famae
1389 3971 1579 4027 sordes
1609 3972 1898 4035 maculant,
1930 3971 2173 4041 profecto

583 4063 874 4121 Dominum
906 4063 1252 4118 inbonorant.
1283 4061 1466 4133 Digne
1495 4059 1638 4116 enim
1689 4060 1756 4114 ab
1802 4062 2021 4116 honoris
2049 4077 2176 4116 arce

577 4152 879 4227 repellitur,
932 4151 1024 4220 qui
1071 4152 1122 4205 ei
1173 4150 1297 4205 facit
1342 4150 1600 4218 injuriam
1647 4165 1677 4203 a
1723 4165 1831 4221 quo
1879 4151 2176 4204 honoratus

585 4242 750 4298 fuisse
780 4239 1186 4312 comprobatur.
1203 4239 1322 4306 Quo
1352 4247 1533 4294 contra
1554 4239 1798 4308 generali
1819 4237 2180 4307 promissione

581 4331 838 4397 affirmat,
852 4329 1068 4385 dicens:
1085 4328 1190 4384 Sed
1209 4329 1303 4398 qui
1321 4343 1407 4382 me
1424 4326 1846 4396 gloriﬁcaverit,
1859 4326 2179 4396 gloriﬁcabo

587 4436 739 4476 eum.
763 4419 939 4473 Deum
967 4415 1168 4486 quippe
1197 4422 1386 4484 pastor
1405 4413 1674 4485 glorificat
1695 4414 1784 4482 qui
1807 4415 2058 4485 exemplo
2088 4415 2184 4470 bo-

586 4521 784 4564 norum
814 4518 1038 4575 operum
1086 4503 1154 4557 ad
1200 4501 1557 4557 imitationem
1604 4500 1844 4557 ﬁdelium
1880 4512 2179 4570 corruscat,

2253 570 2481 624 internae
2513 565 2812 636 majestatis
2841 564 3098 635 largitate
3127 564 3534 632 promerentur.
3569 555 3688 624 Quo
3717 569 3851 610 con.-

2253 666 2335 713 tra
2366 655 2813 712 inhonorantium
2845 670 2904 708 se
2936 651 3174 724 gloriam
3205 666 3234 703 a
3265 665 3324 702 se
3353 661 3460 701 non
3491 661 3610 699 esse
3640 644 3717 698 eis
3747 643 3852 697 im-

2259 761 2489 820 pensam
2523 745 2779 814 queritur,
2813 742 2998 796 dicens
3030 759 3041 793 :
3078 741 3188 811 Ipsi
3217 739 3620 808 regnaverunt,
3656 737 3710 788 et
3743 749 3851 788 non

2250 853 2327 891 ex
2343 851 2462 899 me;
2493 834 2779 906 principes
2797 832 3176 897 exstiterunt,
3199 831 3254 882 et
3277 842 3373 896 ego
3397 824 3650 896 ignoravi
3671 823 3843 892 (Osee.

2253 940 2369 990 vui,
2403 925 2482 992 4).
2513 923 2601 977 Ex
2633 938 2691 976 se
2722 935 2978 992 namque,
3011 925 3064 973 et
3093 933 3201 972 non
3232 931 3303 971 ex
3336 913 3601 970 electione
3627 925 3850 965 summa)

2253 1010 2627 1078 ordinationis,
2660 1016 2909 1082 regnant,
2944 1008 3074 1077 quia
3115 1006 3183 1063 ad.
3230 1003 3466 1075 gloriam
3499 998 3851 1056 ecclesiastici

2258 1100 2511 1156 culminis
2541 1114 2649 1154 non
2678 1105 2946 1154 vocantur
2965 1095 3240 1158 divinitus,
3264 1092 3360 1148 sed
3390 1107 3490 1160 per
3508 1089 3857 1159 cupiditatem

2260 1189 2652 1262 perducuntur.
2686 1187 2834 1255 Quos
2865 1185 3112 1256 profecto
3159 1181 3424 1237 Dominus
3469 1179 3700 1250 ignorat,
3733 1175 3855 1246 quia

2261 1293 2358 1335 eos
2387 1294 2486 1349 per
2515 1277 2738 1332 interna).
2787 1273 3060 1346 aequitatis
3101 1270 3365 1342 judicium
3403 1267 3682 1337 reprobat.
3733 1263 3860 1318 Tole

2265 1375 2346 1424 est
2378 1382 2510 1438 ergo
2539 1382 2602 1420 ac
2630 1364 2672 1418 si
2705 1363 2856 1418 dicat
2887 1381 2898 1417 :
2933 1364 3003 1418 Et
3033 1361 3078 1416 si
3109 1376 3261 1415 meus
3292 1374 3414 1414 esse
3442 1355 3652 1410 videtur
3692 1354 3864 1408 honor

2267 1472 2428 1528 quem
2462 1454 2680 1522 habent,
2733 1469 2844 1508 non
2894 1451 3043 1506 illum
3093 1455 3408 1505 meruerunt
3454 1443 3737 1516 obsequio,
3773 1441 3866 1496 sed

2265 1561 2366 1616 per
2414 1543 2762 1613 cupiditatem
2813 1547 3122 1614 rapuerunt.
3168 1537 3324 1596 Unde
3373 1544 3425 1592 et
3472 1534 3866 1604 subsequenter

2268 1633 2539 1705 adjungit.

2345 1792 2519 1860 (Vers.
2574 1789 2686 1859 30.)
2750 1787 2853 1857 Qui
2890 1791 3085 1843 autem
3132 1786 3509 1842 contemnunt
3559 1796 3645 1836 me
3693 1782 3864 1836 erunt

2271 1881 2564 1954 ignobiles.

2340 2027 2427 2078 15.
2463 2021 2627 2090 Quasi
2658 2027 2848 2092 aperte
2876 2018 3150 2091 loquatur,
3182 2018 3370 2074 dicens
3403 2035 3414 2070 :
3447 2015 3567 2070 Etsi
3607 2013 3864 2069 nobilita-

2269 2115 2381 2167 tem
2414 2110 2695 2182 dignitatis
2725 2108 3024 2180 praeferunt
3055 2115 3320 2178 praetextu
3342 2104 3637 2177 religionis,
3661 2103 3868 2176 ignobi-

2271 2200 2353 2256 les
2384 2208 2566 2255 tamen
2597 2203 2740 2264 sunt,
2774 2198 2899 2269 quia
2931 2197 3268 2253 excellentia)
3317 2197 3434 2265 ejus
3480 2210 3638 2264 quam
3671 2193 3871 2247 habent

2270 2289 2462 2362 glorise
2494 2304 2600 2344 non
2631 2287 2957 2342 concordant
3005 2302 3104 2355 per
3145 2285 3527 2339 sublimitatem
3560 2283 3708 2336 vitae.
3762 2281 3870 2336 Sed

2270 2379 2400 2448 quia
2431 2379 2535 2432 hoc
2567 2384 2737 2432 totum
2771 2376 3124 2446 expressione
3155 2373 3316 2428 futuri
3346 2371 3610 2443 temporis
3639 2371 3871 2442 promit-

2270 2468 2420 2532 titur,
2453 2471 2634 2535 potest
2663 2481 2769 2519 non
2802 2463 3246 2518 ineonvenienter
3274 2463 3340 2516 ad
3380 2469 3618 2516 venturae
3634 2459 3871 2514 retribu-

2271 2553 2439 2609 tionis
2488 2553 2745 2608 meritum
2795 2552 2999 2606 referri.
3052 2552 3132 2606 De
3179 2567 3281 2620 qua
3331 2550 3589 2604 nimirum
3634 2550 3874 2603 Joannes

2269 2643 2403 2698 dicit
2426 2661 2436 2696 :
2467 2644 2605 2699 Cum
2640 2643 2993 2714 apparuerit,
3010 2641 3226 2695 similes
3245 2641 3296 2694 ei
3313 2642 3526 2696 erimus
3543 2639 3594 2705 (Ι
3605 2640 3770 2693 Joan.
3793 2653 3870 2702 ιιι,

2271 2736 2350 2801 2).
2392 2731 2532 2785 Hinc
2560 2730 2898 2802 evangelista
2929 2730 3147 2783 Marcus
3177 2741 3432 2783 asserens
3461 2728 3537 2781 ait
3571 2745 3581 2780 :
3621 2729 3776 2782 Tunc
3795 2727 3873 2782 vi-

2273 2820 2482 2876 debunt
2499 2819 2710 2875 Filium
2735 2819 2984 2874 hominis
3005 2834 3136 2874 cum
3155 2821 3436 2887 potestate
3459 2817 3659 2882 multa,
3684 2820 3739 2870 et
3762 2817 3873 2886 glo—

2269 2910 2360 2965 ria
2381 2910 2572 2979 (Marc.
2593 2923 2712 2973 xm,
2736 2908 2846 2978 26).
2869 2907 3000 2961 Cum
3018 2915 3196 2960 autem
3216 2905 3612 2977 glorificantem
3631 2921 3689 2958 se
3707 2903 3872 2976 glori-

2272 2998 2551 3055 ticaturum
2581 2996 2790 3062 asserit,
2825 2996 3080 3066 profecto
3111 2994 3159 3049 ei
3189 3011 3300 3048 suae
3331 2993 3696 3048 similitudinis
3745 2993 3874 3065 glo-

2272 3087 2408 3142 riam
2435 3084 2789 3156 repromittit.
2832 3083 3235 3140 Gloriﬁcantem
3283 3084 3486 3155 quippe
3516 3099 3572 3136 se
3601 3083 3874 3138 Dominus

2273 3174 2561 3246 gloriﬁcat,
2593 3173 2727 3244 quia
2775 3187 2870 3227 eos
2919 3180 3124 3226 aeterna
3169 3171 3497 3226 sublimitate
3543 3178 3871 3238 remunerat,

2275 3264 2366 3335 qui
2393 3279 2539 3319 nunc
2568 3263 2706 3316 intra
2736 3269 2978 3317 sanctam
3000 3260 3296 3315 Ecclesiam
3318 3276 3417 3330 per
3436 3260 3684 3330 exempla
3704 3260 3876 3315 bono-

2271 3368 2390 3407 rum
2422 3366 2648 3422 operum
2682 3350 2734 3404 in
2765 3349 3059 3404 electorum
3089 3349 3262 3405 oculis
3291 3357 3590 3404 coruscant.
3621 3350 3877 3404 Contem-

2273 3449 2461 3511 ptores
2490 3447 2666 3494 autem
2694 3447 2849 3494 erunt
2881 3437 3172 3508 ignobiles,
3205 3437 3329 3510 quia
3350 3438 3402 3491 in
3434 3439 3724 3493 electorum
3760 3437 3879 3510 glo-

2274 3531 2356 3584 ria
2385 3529 2556 3598 recipi
2605 3543 2714 3583 non
2760 3535 3058 3582 merentur.
3097 3529 3235 3581 Nam
3268 3527 3393 3596 quia
3421 3526 3584 3582 modo
3613 3544 3710 3598 per
3737 3543 3876 3582 con-

2275 3618 2636 3673 versationem
2655 3616 2948 3686 reprobam
2966 3615 3096 3686 lapsi
3110 3615 3290 3686 angeli
3303 3614 3596 3688 imaginem
3615 3616 3876 3680 vestiunt,

2275 3706 2546 3779 ignobiles
2595 3720 2719 3760 cum
2749 3720 2813 3760 eo
2844 3709 2972 3760 tunc
2999 3711 3172 3769 amnt,
3205 3704 3423 3773 quando
3470 3703 3520 3758 ei
3565 3706 3619 3757 in
3665 3705 3880 3758 interna

2276 3810 2438 3867 poena
2470 3796 2758 3850 sociantur.
2809 3795 3015 3848 Horum
3044 3807 3285 3864 namque
3313 3790 3758 3862 gloriﬁcationem
3792 3801 3880 3847 at-

2279 3900 2383 3954 que
2414 3883 2625 3938 illorum
2657 3881 3048 3954 ignobilitatem
3081 3882 3344 3950 Propheta
3365 3881 3592 3948 intuens,
3618 3882 3727 3948 88
3763 3882 3876 3935 ait:

2282 3973 2666 4029 Exsultabunt
2687 3973 2876 4027 sancti
2897 3972 2959 4026 in
2979 3971 3182 4042 gloria,
3216 3971 3566 4025 (relabuntur
3586 3972 3646 4025 in
3668 3970 3883 4026 cubili-

2283 4064 2380 4118 bus
2420 4061 2556 4116 suis.
2584 4061 3005 4115 Exsultationes
3025 4061 3124 4115 Dei
3162 4061 3224 4114 in
3263 4059 3522 4129 faucibus
3564 4075 3782 4124 eorum,
3827 4064 3884 4114 et

2281 4149 2459 4222 gladii
2496 4150 2778 4219 ancipites
2824 4149 2884 4202 in
2927 4149 3186 4204 manibus
3211 4163 3428 4203 eorum.
3453 4149 3534 4204 Ad
3554 4148 3890 4218 faciendam

2285 4238 2598 4294 vindictam
2639 4237 2701 4291 in
2741 4237 3088 4304 nationibus,
3113 4237 3533 4307 increpatione:
3556 4238 3618 4291 in
3637 4238 3887 4308 pepulis.

2288 4327 2380 4381 Ad
2401 4325 2719 4397 alligandos
2741 4342 2898 4397 rcges
2910 4341 3102 4382 eorum
3126 4326 3189 4379 in
3210 4326 3586 4396 compedibus,
3603 4330 3656 4380 et
3674 4325 3892 4381 nobiles

2286 4431 2481 4472 eorum
2528 4417 2590 4470 in
2632 4415 2875 4470 manicis
2903 4415 3121 4485 ferreis.
3163 4413 3564 4468 Gloriﬁeantem
3597 4427 3655 4468 se
3686 4414 3892 4484 quippe

2291 4503 2554 4559 Dominus
2584 4502 2878 4575 gloriﬁcat,
2913 4503 3039 4571 quia
3068 4502 3300 4558 humiles
3339 4501 3499 4558 electi
3547 4518 3668 4556 cum
3714 4517 3783 4557 eo
3834 4502 3888 4555 in

587 4595 677 4668 qui
707 4593 775 4649 de
807 4591 1136 4648 sublimitate
1185 4590 1470 4663 regiminis
1518 4590 1726 4662 ingenti
1776 4590 1975 4647 lumine
2006 4591 2180 4647 radiat
2205 4577 2258 4638 D
2288 4601 2495 4648 aeterna
2521 4591 2700 4664 gloria
2720 4591 3007 4646 exsultant.
3042 4590 3144 4658 Qui
3166 4591 3441 4656 nimirum,
3469 4591 3592 4661 quia
3612 4590 3895 4662 gloriﬁca-

589 4697 808 4754 magnaa
837 4678 1287 4744 conversationis,
1315 4678 1407 4751 qui
1454 4678 1520 4734 ad
1572 4679 1847 4750 speculum
1906 4697 2180 4736 sacrorum

589 4770 852 4828 ordinum
883 4767 1241 4840 reproborum
1262 4768 1636 4824 ministrorum
1658 4783 1921 4839 personas
1950 4786 2056 4825 non
2089 4785 2180 4826 ac-

591 4859 742 4930 cipit,
775 4857 871 4912 sed
902 4872 998 4913 eos
1026 4855 1094 4910 ad
1123 4855 1351 4912 formam
1383 4855 1612 4925 subjecti
1640 4857 1825 4928 gregis
1863 4857 2016 4932 eligit
2045 4875 2183 4928 quos

587 4947 768 5006 omnis
815 4945 913 5016 qui
959 4944 1320 5000 imitationem
1370 4944 1614 5016 respicit,
1647 4945 1772 5016 quia
1801 4962 1990 5001 verum
2022 4946 2073 5000 in
2099 4947 2183 5002 eis

584 5037 769 5094 lumen
799 5033 1062 5108 sequitur,
1095 5047 1208 5088 non
1236 5032 1479 5088 oﬂ'endit.
1531 5032 1738 5102 Quibus
1783 5034 2037 5090 nimirum
2087 5052 2185 5104 per

585 5125 944 5198 semetipsum
964 5121 1177 5178 Veritas
1207 5121 1460 5194 loquitur,
1491 5121 1678 5177 dicens
1704 5141 1714 5175 :
1747 5124 1838 5178 Sic
1860 5125 2044 5180 luceat
2077 5126 2183 5179 lux

582 5221 773 5276 vestra
827 5228 1019 5271 coram
1077 5210 1416 5277 hominibus,
1446 5214 1511 5266 ut
1536 5211 1763 5267 videant
1804 5217 1990 5268 vestra
2041 5212 2183 5269 bona

591 5319 786 5376 Opera,
817 5307 874 5359 et
901 5300 1222 5374 gloriﬁcent
1253 5302 1480 5356 Patrem
1512 5304 1783 5368 vestrum,
1813 5302 1909 5372 qui
1939 5299 2002 5354 in
2031 5302 2186 5355 caelis

590 5395 675 5448 est
706 5393 924 5460 (Matth.
949 5406 1000 5457 v,
1029 5387 1137 5460 16).
1163 5387 1544 5444 Gloriﬁcantes
1575 5387 1798 5460 quidem
1831 5404 1891 5443 se
1921 5389 2183 5444 Dominus

581 5477 876 5552 gloriﬁcat,
909 5478 1036 5548 quia
1065 5476 1209 5547 quod
1239 5476 1395 5532 electi
1424 5479 1665 5548 pastores
1693 5483 1892 5531 sancta:
1913 5476 2181 5533 Ecclesia:

585 5566 821 5624 exterius
837 5573 1049 5637 portant
1064 5565 1133 5620 de
1147 5564 1322 5637 gloria
1337 5564 1607 5633 culminis,
1625 5566 1726 5620 hoc
1745 5564 1895 5620 intus
1911 5565 2182 5636 accipiunt

590 5672 658 5713 ex
685 5652 860 5728 gratia
889 5652 1088 5712 divinae
1117 5652 1392 5724 bonitatis,
1415 5657 1472 5711 et
1501 5655 1760 5712 honorem
1790 5669 1896 5725 quo
1924 5654 2180 5711 sublimes

2289 4681 2451 4737 tionis
2490 4681 2790 4736 claritatem
2839 4696 2902 4735 ex
2953 4680 3117 4735 modo
3157 4681 3399 4750 propriae
3447 4678 3893 4736 conversationis

2288 4769 2580 4840 accipiunt,
2601 4768 2653 4823 in
2684 4768 2956 4824 cubilibus
2987 4770 3101 4822 suis
3125 4766 3293 4822 laetari
3315 4768 3380 4822 de
3402 4767 3578 4838 gloria
3599 4775 3898 4822 consecuta

2288 4857 2655 4929 perhibentur.
2717 4859 3130 4926 Contemptores
3185 4864 3366 4912 autem
3441 4857 3559 4927 ejus
3631 4864 3898 4925 perpetrm

2287 4945 2628 5018 ignobilitate
2661 4945 2938 5012 feriuntur,
2965 4945 3091 5016 quia
3115 4945 3388 5000 nationum
3420 4960 3582 5015 reges
3605 4952 3657 4998 et
3678 4943 3901 5000 nobiles

2292 5033 2500 5099 ferreis,
2527 5034 2748 5089 aeternis
2769 5032 3040 5098 videlicet,
3066 5032 3306 5089 vinculis
3325 5033 3391 5087 ad
3415 5049 3636 5102 pinnam
3658 5032 3906 5087 vinciun-

2289 5130 2392 5177 tur.
2427 5123 2614 5196 Reges
2645 5130 2825 5177 autem
2867 5123 3166 5190 nationum,
3197 5129 3251 5177 et
3284 5121 3574 5193 principes,
3624 5129 3744 5176 sunt
3793 5138 3903 5176 su-

2289 5211 2444 5282 perbi
2473 5219 2528 5266 et
2555 5211 2774 5282 gloriosi
2807 5209 3014 5281 praelati
3044 5210 3363 5265 carnalium.
3403 5209 3681 5281 Ignobiles
3708 5217 3902 5265 autem

2293 5308 2420 5355 tunc
2449 5311 2624 5367 erunt,
2658 5299 2873 5371 quando
2898 5299 3085 5354 ferreis
3105 5299 3333 5354 vinculis
3355 5299 3612 5370 ligantur,
3646 5297 3768 5369 quia
3805 5299 3905 5370 qui

2290 5387 2453 5444 modo
2497 5405 2555 5444 se
2583 5389 2844 5444 adversus
2873 5388 3125 5458 parvulos
3172 5387 3542 5457 temporaliter
3585 5387 3830 5458 erigunt,
3867 5402 3904 5440 a

2290 5477 2504 5549 fulgore
2535 5477 2780 5545 honoris,
2803 5487 2855 5532 et
2876 5492 3012 5534 ausu
3041 5493 3160 5531 suae
3192 5476 3486 5547 tyrannidis
3504 5484 3706 5531 aeterna
3723 5490 3905 5544 pene

2291 5565 2629 5623 cohibentur.
2663 5566 2817 5623 Unde
2841 5569 2892 5622 et
2919 5566 3011 5621 hic
3040 5580 3258 5638 quoque
3287 5563 3534 5620 subditur
3567 5583 3577 5618 :
