4062 6182
464 350 576 409 119

1657 339 1917 398 SANCTI
1965 332 2309 393 GREGORII
2344 330 2568 386 HAGNI

3663 316 3763 370 120

460 475 583 549 quis
630 473 889 547 indignus
931 472 1247 540 accesserit,
1290 470 1375 527 vel
1406 468 1460 524 in
1490 483 1558 525 eo
1593 465 1821 539 indigne
1850 459 2059 526 vixerit,
2087 458 2145 520 A
2170 455 2568 549 multitudinem
2597 451 2983 549 transmittunt.
3023 447 3232 549 Quibus
3264 451 3444 549 tamen
3473 438 3770 549 verbispo—

458 564 878 621 condemnatur.
917 562 1080 620 Unde
1119 569 1174 618 et
1202 559 1400 615 Paulus
1427 554 1685 614 dominici
1727 551 1970 624 corporis
2012 556 2064 604 et

462 652 753 724 sanguinis
771 651 1101 707 mentionem
1127 648 1357 714 faciens,
1383 647 1456 703 ait
1481 664 1493 700 :
1520 647 1623 716 Qui
1672 642 1978 699 manducat
2009 642 2067 695 et

460 741 606 798 bibit
620 742 872 813 indigne,
882 741 1169 813 judicium
1182 737 1290 794 sibi
1304 737 1614 792 manducet
1637 738 1691 789 et
1708 731 1844 789 bibit
1865 730 1909 800 (ι
1940 729 2061 784 Cor.

459 830 675 901 v.29).
699 828 761 884 In
783 829 1072 901 viriliergo
1097 835 1254 883 atate
1281 823 1608 891 moriuntur,
1641 820 1768 893 quia
1819 819 1888 873 de
1918 833 2066 887 pra-

458 917 770 990 sumptione
799 925 853 974 et
878 933 1009 972 ausu
1040 913 1325 970 ministerii
1375 910 1727 977 sublimioris,
1775 908 2063 962 intereunt.

458 1006 598 1064 Hinc
628 1022 781 1080 ergo.
813 1005 943 1062 hinc
958 1007 1074 1076 jam
1117 1003 1315 1075 quippe
1344 1000 1651 1072 pracipites
1702 996 1985 1068 colligant,
2018 999 2072 1049 et

459 1095 592 1152 tanti
622 1093 923 1150 ministerii
945 1093 1128 1149 subire
1148 1107 1319 1148 onera
1347 1104 1457 1145 non
1501 1088 1751 1145 ambiant
1777 1084 1874 1140 sed
1895 1097 2070 1153 expa—

456 1189 720 1240 vescunt.
757 1184 897 1238 Nam
914 1181 1003 1254 qui
1018 1180 1159 1237 mori
1178 1178 1497 1251 pradicitur
1516 1176 1733 1250 quando
1746 1174 1815 1229 ad
1836 1171 2069 1239 virilem,

458 1278 675 1328 atatem
693 1271 1020 1343 pervenerit,
1059 1270 1235 1325 donec
1282 1266 1350 1322 ad
1403 1282 1524 1323 eam
1580 1262 1862 1337 perveniat
1914 1259 2068 1328 vivit,

462 1360 590 1432 quia
620 1360 873 1416 nimirum
891 1358 1101 1414 inﬁrmi
1124 1357 1348 1430 quique,
1385 1362 1439 1411 et
1463 1355 1539 1410 illi
1565 1361 1716 1411 tanto
1768 1348 2071 1407 ministerio

461 1449 729 1520 impares,
759 1448 805 1503 si
825 1446 1135 1520 pusillitatis
1164 1463 1279 1502 sua
1312 1445 1532 1502 modum
1579 1441 1945 1505 considerant,
1977 1439 2070 1492 ha-

469 1536 599 1592 bent
633 1537 687 1592 in
719 1540 910 1593 sancta
937 1535 1186 1592 Ecclesia
1202 1535 1380 1591 locum
1412 1534 1465 1588 in
1494 1548 1604 1604 quo
1636 1546 1697 1587 se
1710 1528 2071 1586 custodientes

470 1624 675 1682 vivant.
702 1625 858 1681 Unde
880 1632 933 1680 et
962 1639 1061 1695 per
1091 1624 1315 1694 Moysen
1344 1622 1608 1679 Dominus
1652 1616 1952 1681 denuntiat,
1983 1615 2071 1670 di-

468 1728 629 1770 cens:
652 1713 1185 1781 Bestia,simontem
1213 1712 1491 1783 tetigerit,
1538 1709 1827 1781 iapidetur
1865 1704 2068 1775 (Exod.

451 1817 593 1882 ,xxx,
628 1805 692 1859 12
712 1821 727 1870 ;
752 1802 911 1857 Hebr.
945 1816 1046 1868 xu,
1061 1802 1179 1869 20).
1204 1799 1343 1855 Ilinc
1357 1798 1615 1854 estetiam
1637 1794 1778 1865 quod
1794 1810 1916 1851 cum
1939 1794 2071 1882 Loth

473 1889 647 1945 exiret
675 1889 746 1945 de
762 1888 1038 1951 Sodomis,
1054 1888 1122 1942 ab
1139 1903 1368 1943 ascensu
1407 1885 1604 1941 montis
1632 1881 1889 1938 abstinuit
1943 1880 2071 1936 etin

465 1977 640 2049 Segor
666 1975 949 2049 parvulam
966 1976 1237 2032 civitatem
1265 1974 1558 2030 declinavit
1601 1972 1769 2043 (Gen.
1795 1984 1915 2033 xix,
1975 1973 2065 2036 20,

465 2070 605 2139 seq.)
626 2081 696 2121 ne
712 2065 843 2120 dum
869 2064 1133 2136 parvulus
1146 2064 1324 2119 adhuc
1335 2064 1405 2119 ad
1424 2062 1614 2118 altiora
1626 2059 1828 2127 nititur,
1858 2057 2069 2115 virilem

461 2160 677 2211 atatem
706 2152 1022 2225 impingens
1054 2153 1332 2207 moriatur.
1367 2150 1655 2207 Sodomam
1704 2148 1904 2222 quippe
1959 2146 2072 2202 exi-

461 2258 584 2299 mus
616 2257 740 2299 cum
757 2241 1001 2297 ardentis
1031 2240 1489 2311 concupiscentia
1517 2238 1768 2295 incendia
1822 2237 2069 2292 declina-

461 2346 606 2387 mus.
640 2328 746 2398 Qui
785 2329 964 2384 statim
994 2328 1063 2383 ad
1094 2328 1357 2384 sublimia
1395 2344 1503 2383 non
1533 2327 1899 2392 ascendimus,
1941 2324 2071 2396 quia

459 2418 755 2490 superioris
786 2416 1078 2472 ministerii
1108 2432 1321 2472 summa
1350 2431 1457 2471 non
1489 2415 1780 2486 tangimus,
1812 2413 1942 2467 dum
1981 2412 2071 2466 in-

461 2506 777 2561 ﬁrmitatem
808 2505 1084 2576 propriam
1113 2504 1388 2560 metiendo
1426 2503 1857 2569 consideramus,
1902 2517 1970 2557 ne
2025 2500 2071 2556 si

465 2594 697 2651 inﬁrma
724 2593 900 2649 atatis
941 2599 1146 2648 nostra
1162 2600 1349 2648 tenere
1380 2592 1604 2648 modum
1651 2588 2067 2656 contemnimus,

463 2682 555 2753 qui
583 2680 797 2753 parvuli
825 2680 1079 2749 viximus,
1110 2681 1165 2735 in
1197 2680 1335 2735 virili
1367 2688 1528 2736 atate
1556 2680 1873 2735 moriamur.
1907 2680 1966 2732 In
1997 2677 2070 2732 si-

462 2786 632 2843 gnum
654 2785 784 2826 vero
815 2769 1098 2825 moritura
1119 2769 1313 2825 domus
1344 2769 1507 2826 ambo
1534 2769 1654 2824 Heli
1683 2768 1783 2823 ﬁlii
1828 2784 1936 2823 una
1981 2766 2070 2822 die

461 2857 604 2914 mori
634 2857 1013 2930 pradicantur.
1040 2858 1189 2926 Quos
1220 2858 1478 2913 nimirum
1514 2857 1655 2913 ﬁlios
1685 2857 1809 2912 illos
1851 2855 2070 2927 signare

457 2946 695 3002 diximus
716 2946 809 3017 qui
830 2945 899 3001 ad
929 2962 1116 3002 sacros
1158 2946 1377 3003 ordines
1397 2962 1426 3001 a
1455 2946 1773 3018 proninquis
1831 2944 2069 3001 carnali-

457 3034 559 3091 bus
587 3039 1058 3106 promoverentur,
1120 3050 1228 3090 non
1287 3034 1359 3090 ad
1417 3034 1775 3090 intentionem
1832 3033 2069 3089 admini-

462 3123 670 3179 strandi
700 3122 940 3190 ordinis,
970 3122 1067 3177 sed
1097 3122 1167 3177 ad
1192 3121 1429 3195 gloriam
1453 3123 1746 3179 mundana
1775 3122 2067 3194 dignitatis.

463 3213 528 3267 In
583 3227 693 3266 una
736 3226 874 3283 ergo
930 3210 1019 3267 die
1041 3210 1205 3267 ambo
1239 3212 1560 3280 moriuntur,
1593 3210 1721 3284 quia
1747 3211 1803 3266 in
1831 3211 2071 3283 appetitu

466 3298 768 3355 mundana
800 3298 1072 3356 felicitatis
1093 3298 1384 3356 intereunt.
1409 3300 1599 3356 Gloria
1623 3299 1918 3367 saecularis,
1967 3302 2073 3355 ho-

465 3388 622 3445 noris
649 3387 975 3457 reverentia,
1005 3396 1242 3460 potestas
1262 3388 1533 3457 culminis,
1568 3389 1786 3445 claritas
1832 3389 2072 3461 dignita-

467 3476 554 3548 tis,
587 3476 894 3550 frequentia
948 3477 1385 3549 obsequentium,
1414 3477 1695 3533 aftluentia
1751 3492 1935 3532 rerum
1970 3493 2073 3533 sae-

466 3566 721 3623 culariter
747 3573 948 3634 amata,
979 3566 1097 3621 dies
1129 3572 1231 3632 est,
1264 3565 1360 3622 sed
1391 3582 1513 3636 qua
1536 3565 1817 3622 interﬁcit.

536 3658 626 3710 20.
657 3653 896 3709 Audiant
916 3669 1052 3726 ergo
1076 3653 1170 3709 ﬁlii
1208 3654 1328 3709 Heli
1369 3654 1495 3725 quia
1536 3654 1590 3708 in
1624 3668 1732 3709 una
1763 3654 1850 3709 die
1906 3654 2071 3710 ambo

469 3743 787 3799 moriuntur.
822 3741 926 3810 Qui
967 3741 1112 3798 enim
1160 3743 1229 3798 de
1257 3750 1477 3814 accepto
1525 3742 1781 3814 pastorali
1838 3742 2076 3798 culmine

473 3830 708 3888 labentis
738 3830 864 3886 vita
884 3828 1189 3886 felicitatem
1205 3830 1460 3902 diligunt,
1478 3831 1841 3887 intentionem
1857 3831 2076 3902 quidem

471 3918 899 3991 habentgaudii,
933 3920 1164 3974 fructum
1184 3934 1317 3975 vero
1354 3918 1593 3987 lamenti,
1636 3922 1973 3992 propqsitum
2024 3922 2076 3975 in

477 4007 841 4064 exsultatione
868 4006 1015 4075 vita,
1049 4014 1101 4062 et
1124 4010 1536 4079 perventionem
1568 4008 1620 4063 in
1643 4010 1835 4065 mortis
1873 4026 2079 4065 maro-

472 4113 609 4153 rem.
645 4096 729 4152 Ad
758 4103 986 4153 mortem
1015 4096 1200 4168 itaque
1222 4106 1534 4169 properant,
1586 4099 1798 4169 quoties
1847 4115 1982 4154 vane
2012 4098 2081 4154 de

476 4185 759 4257 temporali
789 4184 1043 4241 felicitate
1064 4185 1427 4258 gratulantur.
1478 4186 1635 4254 Quod
1681 4195 1734 4240 et
1790 4187 2082 4257 Apostolus

474 4276 692 4347 probat.
725 4291 847 4330 cum
879 4274 1235 4346 apostatantis
1290 4274 1470 4330 vidua
1528 4274 1793 4341 meminit,
1843 4274 2033 4330 dicens
2066 4294 2079 4330 :

483 4364 617 4431 Qua
630 4368 823 4420 autem
842 4365 905 4419 in
922 4363 1141 4419 deliciis
1152 4364 1454 4429 est,vivens
1468 4367 1689 4417 mortua
1704 4366 1785 4418 est
1797 4361 1855 4431 (Ι
1871 4364 2004 4417 Tim.
2026 4380 2080 4429 v,

484 4454 560 4522 6).
594 4453 654 4504 In
673 4451 763 4506 die
790 4465 1025 4519 namque
1057 4450 1157 4503 hac
1194 4448 1334 4503 mori
1392 4448 1682 4519 perhibuit,
1714 4451 1804 4519 qui
1862 4466 2082 4506 causam

2172 554 2273 602 test
2310 543 2625 602 doctoribus
2645 540 2896 614 reprobis
2916 537 3206 611 praesentis
3235 534 3356 593 vita
3385 528 3625 587 brevitas
3640 527 3771 582 inti-

2170 636 2328 692 mari.
2361 638 2421 690 In
2451 650 2558 690 una
2588 632 2790 705 quippe
2820 630 2909 685 die
2940 626 3262 690 moriuntur,
3296 620 3421 695 quia
3450 634 3575 675 cum
3605 616 3671 672 ad
3704 624 3775 672 te-

2172 724 2377 780 minum
2419 723 2590 794 hujus
2648 721 2771 777 vita
2820 715 3159 791 perveniunt,
3206 713 3377 768 breve
3423 708 3502 764 eis
3548 705 3773 762 omnino

2176 813 2341 869 fuisse
2372 810 2621 868 cernitur
2648 808 2792 880 quod
2824 807 3089 863 vixerunt.
3135 801 3288 859 Unde
3334 816 3431 871 per
3482 794 3774 867 quemdam

2175 900 2473 973 sapientem
2524 899 2720 956 dicitur
2750 916 2762 952 :
2790 895 3069 953 Gaudium
3112 890 3414 965 hypocrita
3457 886 3528 942 ad
3584 886 3777 939 instar

2171 991 2375 1064 puncti
2391 990 2527 1060 (Job.
2547 1005 2649 1058 xx,
2664 986 2741 1059 5).
2765 987 2902 1040 Hinc
2920 985 3116 1039 iterum
3138 981 3207 1036 de
3229 978 3393 1048 hujus
3410 973 3603 1064 mundi
3616 987 3772 1064 ama-

2176 1060 2386 1135 toribus
2414 1078 2605 1134 beatus
2656 1075 2760 1132 Job
2791 1073 3051 1146 loquitur,
3096 1070 3310 1125 dicens:
3332 1066 3558 1122 Ducunt
3586 1063 3649 1116 in
3680 1060 3778 1116 bo-

2176 1168 2268 1225 nis
2281 1168 2399 1224 dies
2410 1183 2559 1234 suos,
2577 1168 2627 1236 9
2643 1168 2679 1235 1
2703 1169 2759 1221 et
2775 1166 2839 1220 in
2851 1160 3149 1236 punctoad
3161 1159 3393 1230 inferna
3418 1149 3775 1209 descendunt

2179 1256 2343 1329 (Ibid.
2368 1273 2489 1325 xxi,
2532 1256 2639 1324 13).
2674 1254 2782 1310 Sed
2811 1250 2977 1324 raptis
3003 1249 3073 1306 ad
3122 1261 3341 1319 poenam
3370 1239 3644 1314 reprobis,
3704 1236 3775 1291 ad

2177 1347 2367 1420 gregis
2394 1343 2657 1401 dominici
2685 1356 2874 1398 curam
2901 1340 3178 1410 sapientes
3220 1343 3273 1391 et
3319 1330 3475 1388 electi
3530 1334 3779 1400 pastores

2177 1419 2500 1492 excitantur.
2529 1433 2712 1502 Quare
2742 1439 2797 1486 et
2828 1429 3226 1500 subsequenter
3253 1419 3505 1493 adjungit
3538 1436 3551 1473 :

2248 1527 2425 1598 (Vers.
2458 1524 2583 1593 35.)
2611 1524 2681 1578 Et
2708 1517 2990 1577 suscitabo
3048 1515 3192 1572 mihi
3245 1510 3590 1569 sacerdotem
3644 1504 3782 1577 ﬁde-

2178 1616 2336 1760 le’gi.
2368 1701 2609 1759 Fidelem
2642 1714 2875 1770 namque
2903 1694 3246 1752 sacerdotem
3277 1686 3659 1746 sibiDominus
3687 1700 3780 1740 ex-

2098 1817 2152 1878 B
2178 1793 2329 1861 citat,
2362 1791 2486 1864 quia
2510 1788 2764 1845 videlicet
2792 1803 2914 1843 eum
2943 1799 3193 1840 summus
3223 1781 3375 1836 locus
3405 1778 3472 1878 ad
3494 1775 3572 1877 sui
3590 1790 3781 1878 curam

2179 1881 2348 1954 exigit
2370 1862 2462 1950 qui
2491 1895 2601 1935 non
2633 1878 2809 1934 solum
2836 1883 2988 1932 recte
3017 1870 3305 1944 intelligat,
3340 1867 3437 1925 sed
3458 1864 3550 1939 qui
3597 1862 3782 1954 ﬁdeli-

2181 1979 2260 2027 ter
2280 1952 2581 2025 ministret.
2614 1966 2922 2021 Ministrare
2961 1971 3139 2019 autem
3194 1968 3319 2015 tunc
3376 1963 3521 2012 recte
3559 1952 3776 2025 poterit,

2179 2076 2302 2117 cum
2326 2056 2616 2113 ministerii
2654 2055 2738 2110 sui
2791 2053 3011 2109 modum
3042 2050 3111 2105 de
3154 2063 3314 2104 sacro
3359 2045 3578 2114 eloquio
3616 2056 3782 2097 reco-

2178 2148 2417 2222 gnoscit.
2448 2145 2605 2203 Unde
2629 2152 2683 2200 et
2726 2158 2850 2199 cum
2898 2138 3071 2196 ﬁdelis
3116 2137 3370 2194 sacerdos
3420 2131 3777 2205 promittitur,

2174 2238 2327 2306 juxta
2356 2251 2456 2292 cor
2483 2242 2534 2290 et
2564 2234 2803 2289 animam
2832 2227 3214 2300 omnipotentis
3259 2225 3359 2280 Dei
3390 2224 3628 2277 facturus
3659 2234 3788 2274 esse

2180 2324 2518 2397 perhibetur.
2559 2321 2703 2390 Quid
2722 2319 2867 2376 enim
2898 2334 2992 2374 cor
3019 2315 3323 2373 etanimam
3380 2312 3503 2378 Dei,
3563 2309 3671 2363 nisi
3698 2320 3789 2361 sa-

2181 2429 2327 2470 cram
2357 2412 2472 2481 ejus
2502 2411 2834 2483 Scripturam
2864 2406 3161 2479 accipimus
3178 2405 3206 2458 ?
3233 2404 3371 2459 Nam
3389 2400 3551 2457 corde
3567 2397 3788 2470 cogita-

2178 2519 2300 2557 mus
2329 2501 2394 2556 ad
2442 2499 2923 2563 deliberationem,
2966 2495 3147 2550 anima
3203 2507 3337 2548 vero
3394 2489 3666 2544 efﬁcimur
3710 2486 3789 2541 ad

2179 2606 2443 2647 amorem.
2477 2588 2617 2657 Quia
2646 2601 2784 2659 ergo
2814 2588 2867 2639 in
2888 2600 3044 2640 sacro
3066 2581 3284 2654 eloquio
3300 2578 3528 2635 consilia
3542 2576 3792 2646 omnipo-

2178 2679 2340 2735 tentis
2368 2677 2468 2733 Dei
2498 2675 2867 2750 agnoscimus,
2886 2674 3071 2745 ibique
3099 2685 3340 2726 amorem
3360 2683 3466 2739 quo
3486 2668 3790 2722 humanum

2179 2783 2362 2842 genus
2410 2766 2598 2822 dilexit
2627 2763 2956 2831 invenimus,
3007 2761 3184 2832 ipsum
3242 2757 3519 2829 eloquium
3577 2769 3674 2809 cor
3728 2760 3792 2808 et

2179 2856 2357 2912 anima
2388 2855 2505 2924 ejus
2528 2852 2922 2909 rationabiliter
2949 2850 3258 2921 designant.
3282 2846 3438 2900 lllum
3462 2846 3641 2914 itaque
3656 2857 3790 2898 om-

2180 2944 2437 3016 nipotens
2464 2944 2614 2998 Deus
2643 2941 2710 2997 ad
2739 2957 2894 2996 suum
2927 2937 3289 2993 ministerium
3316 2933 3659 2990 sacerdotem
3678 2930 3791 2984 eli-

2178 3033 2278 3107 git,
2302 3032 2392 3103 qui
2410 3032 2564 3102 juxta
2593 3045 2690 3087 cor
2718 3029 2837 3100 ejus
2871 3035 2924 3083 et
2952 3027 3188 3083 animam
3241 3023 3389 3089 facit,
3422 3021 3548 3094 quia
3604 3019 3794 3091 profe-

2178 3132 2266 3179 cto
2295 3136 2403 3177 non
2424 3120 2559 3175 alius
2579 3126 2726 3174 tanto
2756 3118 2951 3173 ordine
2981 3116 3181 3188 dignus
3209 3119 3309 3179 est,
3345 3110 3450 3165 nisi
3471 3109 3563 3182 qui
3590 3108 3795 3165 volun-

2178 3218 2338 3266 tatem
2362 3210 2477 3278 ejus
2506 3208 2575 3264 de
2602 3222 2758 3263 sacro
2780 3204 2996 3276 eloquio
3041 3202 3248 3268 didicit,
3304 3207 3357 3256 et
3386 3200 3492 3255 hoc
3522 3198 3665 3268 quod
3696 3196 3794 3251 di-

2179 3299 2315 3354 dicit
2333 3296 2707 3367 proximorum
2737 3293 3054 3350 utilitatibus
3100 3307 3198 3363 per
3227 3288 3464 3345 studium
3512 3284 3797 3343 charitatis

2179 3386 2470 3458 impendit.
2510 3385 2619 3441 Sed
2647 3383 2937 3457 vigilanter
2962 3392 3048 3438 est
3068 3381 3247 3436 adhuc
3277 3377 3594 3433 intuendum
3640 3375 3799 3448 quod
3893 3413 3903 3421 .

2180 3475 2376 3533 dicitur
2409 3488 2421 3528 :

2255 3565 2440 3633 (Vers.
2477 3562 2604 3633 35.)
2642 3562 2824 3618 Juxta
2855 3576 2952 3615 cor
2979 3563 3038 3616 et
3069 3561 3325 3615 animam
3354 3572 3559 3613 meum.

2251 3654 2342 3708 22.
2374 3652 2514 3707 Nam
2536 3649 2782 3720 quadam
2815 3649 2868 3703 in
2909 3648 3185 3719 Scriptura
3235 3662 3388 3702 sacra
3444 3645 3799 3701 inveniuntur

2182 3748 2461 3813 praecepta
2520 3756 2641 3809 quae
2672 3737 3079 3810 dispensatione
3135 3736 3351 3807 quidem
3374 3735 3473 3790 Dei
3519 3741 3799 3806 praecepta.

2185 3834 2330 3899 sunt,
2363 3836 2416 3885 et
2444 3843 2552 3883 non
2582 3844 2765 3882 amore
2816 3827 2938 3883 Dei.
2971 3827 3105 3894 Quae
3144 3825 3385 3897 profecto
3433 3823 3476 3877 si
3535 3821 3801 3877 sacerdos

2186 3918 2276 3988 qui
2308 3917 2631 3974 excitandus
2661 3916 2989 3986 promittitur
3004 3913 3356 3985 adimpleret,
3376 3913 3529 3983 juxta
3551 3926 3644 3967 cor
3674 3910 3798 3982 qui-

2186 4007 2310 4063 dem
2342 4006 2460 4075 Dei,
2494 4014 2547 4061 et
2573 4021 2683 4060 non
2710 4005 2868 4074 juxta
2896 4004 3158 4069 animam,
3192 4002 3416 4068 faceret,
3450 4002 3580 4055 dum
3611 4000 3799 4056 consi-

2189 4095 2321 4149 lium
2339 4093 2540 4149 divina
2557 4093 3004 4164 dispensationis,
3024 4100 3208 4147 etnon
3239 4089 3442 4145 amoris
3459 4096 3802 4161 praceptum

2189 4182 2449 4253 operibus
2479 4181 2832 4237 reddidisset.
2870 4184 2951 4236 An
2982 4196 3089 4236 non
3121 4180 3189 4235 de
3232 4179 3638 4250 dispensatione
3693 4180 3803 4234 Dei

2190 4269 2281 4325 illa
2313 4269 2571 4325 mandata
2603 4271 2722 4340 ejus
2777 4269 3012 4335 fuerant,
3069 4269 3138 4324 de
3169 4268 3363 4340 quibus
3422 4268 3686 4339 loquitur,
3719 4266 3804 4323 di-

2190 4373 2321 4414 cens
2346 4376 2359 4413 :
2388 4359 2578 4415 Deieis
2596 4358 2870 4414 mandata
2908 4375 3023 4413 non
3063 4359 3204 4414 bona
3246 4356 3467 4429 (Ezech.
3528 4374 3614 4423 xx,
3648 4360 3736 4426 25)
3768 4358 3801 4412 ‘I

2194 4447 2409 4501 Etcum
2440 4446 2696 4502 Pharisaei
2726 4447 2793 4501 de
2822 4447 3004 4501 dando
3045 4446 3258 4517 repudii
3314 4445 3500 4501 libello
3521 4461 3643 4500 cum
3675 4445 3803 4516 ipsa

485 4539 674 4594 mortis
697 4537 875 4592 vidua
898 4552 1018 4593 esse
1039 4534 1266 4593 delicias
1285 4536 1538 4591 ostendit.
1600 4537 1707 4593 Sed
1736 4553 1881 4593 mors
1940 4539 2087 4595 ﬁlio—
2113 4530 2166 4591 D
2194 4536 2417 4591 veritate
2474 4535 2831 4607 disputarem,
2896 4534 3217 4591 audierunt:
3254 4535 3333 4589 Ad
3379 4534 3653 4590 duritiam
3708 4550 3802 4590 ve-

484 4641 610 4681 rum
627 4624 805 4680 minus
829 4624 1062 4696 pessima
1082 4631 1243 4690 esset,
1277 4624 1322 4680 si
1352 4623 1470 4696 ipsa
1490 4640 1651 4681 causa
1706 4628 1898 4683 mortis
1944 4628 2083 4685 alie-

485 4730 572 4770 na
601 4729 711 4770 non
731 4712 905 4769 ﬁeret.
938 4712 1093 4769 Unde
1123 4716 1178 4768 et
1207 4728 1316 4769 non
1344 4713 1660 4785 simpliciter
1703 4716 1864 4785 mori,
1898 4717 1995 4772 sed
2029 4717 2087 4773 in

490 4802 707 4875 signum
727 4800 1006 4857 moritura
1035 4801 1232 4857 domus
1267 4801 1404 4857 mori
1422 4802 1806 4874 praedicuntur,
1825 4805 1948 4877 quia
1960 4822 2085 4863 cum

485 4890 525 4947 ii
555 4890 647 4963 qui
666 4888 737 4946 de
764 4889 943 4945 vicino
962 4888 1238 4947 doctorem
1269 4891 1566 4962 reprobum
1587 4891 1863 4948 imitantur
1899 4896 1955 4950 in
1985 4911 2086 4952 eo-

491 4979 616 5036 dem
647 4976 952 5052 pracipitio
981 4987 1257 5051 corruunt,
1290 4987 1344 5035 et
1371 4987 1649 5037 secutores
1666 4982 2000 5054 sequentium
2031 4983 2087 5037 in

493 5068 653 5125 ruina
690 5066 1063 5124 cumulantur.
1112 5068 1228 5123 Hoc
1267 5066 1451 5139 itaque
1497 5068 1566 5125 de
1613 5068 1794 5126 ofﬁcio
1851 5071 2088 5142 suscepti

488 5156 744 5215 culminis
767 5154 1123 5227 temporalem
1173 5154 1488 5213 felicitatem
1543 5166 1795 5214 amantes
1850 5160 2086 5228 audiant,

487 5256 542 5303 et
571 5255 755 5303 reatus
773 5244 855 5302 sui
872 5243 1302 5319 magnitudinem
1332 5245 1737 5317 pertimescant.
1776 5248 1945 5304 Tanto
1999 5248 2091 5303 de-

488 5334 652 5405 nique
670 5334 914 5407 graviori
943 5350 1107 5405 pana
1126 5334 1277 5407 digni
1307 5341 1449 5404 sunt,
1474 5342 1675 5405 quanto
1710 5339 1897 5406 aperte
1952 5352 2090 5392 con-

492 5421 735 5492 spiciunt
759 5423 889 5493 quia
907 5422 978 5478 de
1005 5422 1241 5480 vanitate
1270 5439 1430 5496 quam
1459 5423 1689 5497 diligunt
1714 5439 1821 5479 non
1847 5424 1945 5480 soli
1976 5440 2091 5480 mo-

492 5508 721 5579 riuntur,
783 5508 911 5579 quia
946 5509 1073 5565 dum
1130 5511 1184 5566 in
1242 5517 1509 5584 pratext'u
1565 5511 1855 5568 mundana
1886 5511 2089 5569 latitia

494 5603 727 5655 mortem
757 5596 999 5667 ebibuut,
1031 5606 1188 5670 potus
1204 5601 1285 5656 sui
1306 5608 1515 5675 pestem
1545 5600 1616 5658 ad
1640 5600 1981 5677 sequentium
2029 5617 2090 5658 se

2192 4625 2540 4681 stramdedit
2560 4623 2705 4683 vobis
2723 4626 2898 4697 legem
2916 4622 3355 4697 Moysesfuatth.
3386 4639 3510 4691 xix,
3544 4625 3619 4690 8).
3653 4622 3802 4691 Quia

2192 4712 2371 4784 itaque
2390 4713 2461 4769 de
2490 4713 2895 4783 diSpensatione
2927 4712 3138 4769 consilii
3164 4713 3281 4783 ejus
3309 4711 3401 4766 illa
3434 4711 3600 4779 fuere,
3653 4711 3801 4782 quis-

2193 4802 2316 4873 quis
2366 4802 2575 4857 eisdem
2604 4802 2891 4873 praceptis
2921 4818 3048 4856 usus
3076 4809 3174 4868 est,
3222 4802 3379 4871 juxta
3419 4816 3520 4856 cor
3573 4799 3801 4870 quidem

2195 4890 2431 4956 Domini,
2490 4898 2544 4946 et
2601 4906 2712 4945 non
2736 4891 2889 4959 juxta
2922 4889 3159 4944 animam
3194 4888 3336 4946 fecit.
3358 4890 3497 4943 Nam
3542 4888 3726 4944 COrdis
3745 4896 3804 4945 et

2195 4978 2397 5034 anima
2427 4985 2758 5050 praceptum
2785 4977 2916 5033 illud
2947 4987 3030 5032 est
3058 4978 3125 5033 de
3148 4977 3289 5049 quod
3320 4977 3522 5033 dicitur
3552 4979 3698 5034 :Iloc
3713 4982 3803 5034 est

2193 5075 2542 5140 praeceptum
2565 5083 2775 5136 meum,
2807 5076 2870 5123 ut
2885 5067 3142 5138 diligatis
3158 5068 3421 5132 invicem,
3455 5069 3603 5122 sicut
3616 5066 3804 5123 dilexi

2198 5172 2289 5212 vos
2309 5156 2490 5224 (Joan.
2513 5171 2605 5223 xv,
2629 5157 2737 5226 12).
2758 5155 2899 5224 Quia
2921 5157 3024 5211 hoc
3041 5156 3183 5227 quod
3201 5171 3298 5227 per
3312 5154 3597 5210 consilium
3613 5155 3805 5226 praci-

2195 5245 2384 5315 pitper
2401 5245 2713 5316 amplexum
2730 5244 3007 5300 charitatis
3051 5243 3439 5314 apprehendit.
3502 5244 3638 5299 Hinc
3666 5244 3801 5298 item

2195 5332 2326 5389 dicit
2342 5351 2356 5388 :
2371 5334 2600 5403 Diligite
2622 5336 2881 5390 inimicos
2895 5338 3124 5397 vestros,
3146 5333 3458 5403 benefacite
3485 5335 3556 5388 iis
3568 5333 3665 5405 qui
3674 5334 3806 5388 ode-

2196 5425 2337 5479 runt
2360 5438 2448 5478 vos
2478 5423 2640 5487 (Luc.
2667 5438 2742 5491 γι,
2774 5423 2887 5491 2³7).
2911 5423 3050 5478 Hinc
3078 5421 3204 5476 item
3235 5422 3501 5493 praecipit,
3559 5422 3748 5477 dicens
3784 5438 3798 5473 :

2199 5510 2331 5578 Qua.-
2360 5512 2534 5567 vultis
2555 5515 2620 5567 ut
2648 5513 2873 5582 faciant
2902 5511 3047 5566 vobis
3067 5510 3339 5577 homines,
3360 5509 3477 5565 hac
3495 5510 3670 5580 facite
3691 5509 3797 5565 eis.

2197 5600 2327 5656 Haec
2354 5598 2540 5672 itaque
2561 5606 2613 5657 et
2651 5598 2966 5671 hujusmodi
2994 5598 3175 5658 cordis
3203 5605 3258 5657 et
3286 5598 3483 5656 animae
3508 5598 3611 5655 Dei
3639 5612 3798 5672 pra-
