4062 6182
278 340 357 392 tu
1090 304 1165 391 1N
1192 333 1464 391 PRIMUM
1493 332 1741 391 nucum
1771 332 2314 391 uxrosmouas.
2341 365 2413 379 -
2442 335 2567 392 un.
2602 339 2674 393 ιι.

3424 343 3528 401 122

287 465 433 532 captat
456 466 586 526 sunt,
620 460 746 531 quia
775 464 880 518 hoc
909 461 1239 518 revelatione
1288 461 1592 518 ostenditur
1632 462 1824 517 secreti
1854 457 1913 521 A
1942 457 2255 528 paenitendo
2276 466 2553 530 preperat,
2573 474 2605 514 a
2627 475 2733 531 quo
2752 461 3025 532 peccando
3047 463 3290 520 recessit.
3315 465 3383 520 Ut
3403 481 3522 522 ore-

275 550 369 618 ejus
391 548 585 606 consilii
618 551 765 622 quod
790 551 844 606 in
867 552 982 621 ejus
1002 558 1298 622 conspectu
1320 551 1611 622 suscipitur
1626 550 1822 621 proba-

275 638 394 693 tione
420 637 704 695 charitatis.
740 640 1009 696 Sacerdos
1037 656 1172 712 ergo
1202 638 1376 694 ﬁdelis
1409 655 1507 709 per
1535 638 1638 694 hoc
1676 638 1822 694 indi-

272 727 385 782 cium
415 727 656 781 noscitur.
692 727 747 783 Si
777 728 1030 785 videlicet
1057 730 1212 799 juxta
1238 745 1331 785 cor
1361 736 1410 783 et
1439 728 1672 783 animam
1703 728 1823 798 ejus

272 824 507 886 operatur,
538 816 667 889 quia
696 818 941 888 profecto
974 826 1098 874 tunc
1128 833 1258 873 vere
1286 816 1461 872 ﬁdelis
1491 824 1588 883 est,
1624 817 1668 872 si
1711 833 1822 887 non

270 903 656 974 dispensationis
684 906 804 977 ejus
826 905 1121 974 licentiam,
1151 906 1245 961 sed
1265 910 1541 977 praecepta
1563 914 1824 976 sequatur

270 993 457 1047 amoris.
490 993 604 1048 Sed
635 994 766 1065 quia
798 1012 907 1051 non
940 996 1153 1063 frustra,
1185 996 1285 1049 sed
1330 995 1396 1049 ad
1438 994 1653 1051 lucrum
1700 996 1824 1049 sub-

259 1080 394 1151 jectae
418 1081 583 1150 plebis
613 1083 851 1156 eligitur,
882 1084 1086 1154 subdit,
1120 1092 1281 1156 atque
1309 1084 1381 1138 ait
1414 1102 1427 1137 :

322 1170 477 1241 (Vers.
509 1173 623 1242 35.)
657 1175 729 1228 Et
758 1172 1044 1231 wdificabo
1071 1175 1125 1230 ei
1152 1172 1381 1229 domum
1414 1173 1666 1242 ﬁdelem.

326 1258 399 1313 23.
425 1260 624 1315 Domus
649 1277 885 1334 namque
928 1263 1238 1318 sacerdotis
1287 1270 1371 1317 est
1417 1262 1719 1331 amplitudo
1768 1260 1820 1315 in

269 1362 358 1416 qua
379 1357 751 1405 conversantur
776 1351 965 1422 populi
993 1351 1251 1422 subjecti.
1287 1351 1422 1421 Quae
1450 1350 1696 1423 profecto
1722 1350 1826 1406 do—

269 1451 371 1491 mus
396 1438 442 1490 ei
469 1435 643 1493 ﬁdelis
671 1456 701 1494 a
733 1440 966 1496 Domino
985 1440 1306 1507 aediﬁcatur,
1332 1440 1457 1513 quia
1477 1440 1545 1495 ad
1568 1440 1823 1497 obedien-

271 1524 343 1579 tiae
380 1527 606 1582 studium
659 1528 845 1583 divina
899 1529 1250 1601 inspiratione
1295 1530 1543 1602 erigitur.
1587 1527 1826 1584 lnﬁdelis

269 1628 470 1686 namque
495 1615 697 1671 domus
727 1627 811 1673 est
839 1633 904 1674 ea
935 1618 1271 1674 subditorum
1299 1618 1528 1674 societas
1544 1634 1666 1692 qua:
1696 1617 1821 1673 boni

266 1704 459 1757 rectoris
486 1706 732 1776 quotidie
760 1707 1189 1777 praedicationem
1235 1708 1483 1778 suscipit,
1512 1706 1602 1763 cui
1640 1715 1820 1761 tamen

1933 553 2017 600 tur
2046 546 2223 617 itaque
2251 563 2354 618 pro
2383 564 2448 602 eo
2471 549 2635 614 venit,
2662 550 2786 620 quia
2808 552 2895 620 qui
2918 550 3198 624 indignum
3224 554 3340 609 Deo
3363 570 3424 609 se
3449 555 3532 611 fe-

1931 636 2023 703 cit,
2057 636 2281 708 dignum
2313 636 2725 693 intercesserum
2757 638 2942 709 exigit,
2973 647 3031 693 ut
3059 641 3249 695 alienis
3264 644 3523 712 precibus

1932 724 2287 795 expietur.qui
2321 727 2552 798 propriis
2574 727 2821 782 mundari
2845 744 2949 784 non
2974 744 3135 800 posse
3152 733 3523 800 cognoscitur.

1931 814 2090 869 Unde
2119 822 2172 868 et
2201 816 2286 884 pie
2315 817 2552 871 Jacobus
2588 816 2868 884 admouet,
2901 816 3088 872 dicens
3122 838 3133 872 :
3171 819 3530 887 Conﬁtcmini

1931 904 2278 960 alterutrum
2293 911 2528 976 peccata
2552 910 2756 973 vestra,
2779 911 2835 961 et
2863 911 3019 962 orate
3047 924 3147 979 pro
3182 908 3445 978 invicem,
3463 912 3529 964 ut

1930 993 2573 1064 salvemini(lac.v,16).
2591 994 2930 1050 llinciterum
2950 1015 2961 1050 :
2984 997 3221 1052 Multum
3241 997 3389 1051 valet
3405 1012 3530 1052 ora-

1934 1080 2010 1136 tio
2021 1080 2171 1150 justi
2192 1083 2438 1138 assidua.
2464 1083 2572 1137 Sed
2595 1099 2691 1154 pro
2713 1099 2777 1139 eo
2800 1084 2973 1139 oratio
2996 1084 3156 1152 valet,
3191 1084 3281 1154 qui
3312 1084 3440 1139 dum
3471 1102 3528 1140 se

1932 1183 1961 1222 a
1993 1171 2196 1237 peccati
2226 1170 2568 1227 immunditia
2598 1172 2834 1239 cohibet,
2867 1172 2936 1227 ad
2967 1172 3066 1227 Dei
3113 1189 3172 1228 se
3220 1172 3530 1227 similitudi-

1932 1272 2057 1311 nem
2088 1259 2308 1332 redigit,
2342 1276 2445 1330 qua
2475 1277 2534 1316 se
2563 1260 2837 1332 peccando
2867 1260 3143 1332 spoliavit.
3177 1261 3332 1318 Unde
3361 1268 3413 1318 et
3443 1261 3533 1317 hic

1933 1362 2146 1418 quoque
2178 1348 2427 1404 subditur
2460 1370 2471 1404 :

2006 1437 2181 1497 (Vers.
2213 1438 2327 1508 36.)
2362 1440 2425 1496 Ut
2455 1439 2654 1510 oﬂ‘erat
2685 1456 2987 1496 nummum
3016 1443 3372 1512 argenteum.

2002 1528 2091 1580 26.
2129 1527 2186 1580 ln
2216 1543 2446 1584 nummo
2477 1529 2643 1600 igitur
2673 1530 2857 1601 imago
2897 1530 3112 1585 Domini
3160 1530 3437 1601 sculpitur,
3472 1538 3529 1585 ut

1933 1614 2053 1684 ejus
2102 1632 2219 1671 esse
2267 1624 2626 1688 cognoscatur
2674 1633 2704 1672 a
2754 1634 2859 1688 quo
2909 1618 3126 1673 formari
3192 1618 3526 1690 praecipitur.

1932 1704 2197 1758 Nummus
2229 1705 2406 1776 itaque
2437 1706 2537 1760 Dei
2568 1705 2866 1762 similitudo
2897 1706 3014 1777 ejus
3054 1706 3333 1778 accipitur.
3368 1706 3525 1763 Unde

265 1791 456 1848 obedire
482 1810 584 1864 per
612 1795 843 1850 studium
875 1796 1005 1851 boni
1034 1796 1216 1868 operis
1262 1814 1368 1853 non
1413 1796 1657 1852 intendit.
1690 1796 1819 1849 lnﬁ—
1850 1814 1904 1874 B
1933 1792 1987 1845 in
2019 1792 2217 1849 Genesi
2246 1793 2503 1865 loquitur,
2535 1795 2721 1852 dicens
2753 1812 2765 1852 :
2802 1797 3100 1852 Faciamus
3147 1797 3432 1852 hominem
3461 1797 3536 1852 ad

262 1880 375 1935 delis
402 1883 536 1936 enim
571 1882 769 1938 domus
801 1900 921 1942 esse
947 1885 1314 1959 cognoscitur,
1349 1886 1473 1957 quia
1516 1885 1672 1940 verbi
1720 1885 1820 1939 Dei

259 1970 454 2039 pecunia
486 1989 612 2043 quae
638 1973 685 2027 ei
716 1975 1092 2044 prardicatoris
1120 1976 1199 2030 sui
1243 1975 1544 2031 ministerio
1587 1974 1822 2030 creditur

260 2074 340 2129 per
376 2060 767 2133 negligentiam
812 2064 1061 2136 prodigae
1100 2065 1224 2120 vitae
1269 2065 1577 2136 dissipatur,
1611 2066 1718 2133 92
1769 2070 1820 2117 et

259 2147 379 2217 quod
404 2149 499 2203 sibi
529 2150 605 2205 ad
638 2152 841 2224 negotii
870 2153 1083 2210 lucrum
1103 2154 1453 2210 committitur
1475 2169 1818 2227 nequaquam

254 2235 297 2291 in
324 2245 548 2308 tempore
581 2240 884 2298 reddenda:
912 2243 1132 2298 rationis
1152 2244 1444 2299 invenitur.
1469 2245 1615 2298 Bono
1637 2243 1819 2315 itaque

255 2326 561 2394 przedicatori
597 2327 774 2386 ﬁdelis
805 2347 836 2385 a
863 2330 1096 2387 Domino
1123 2334 1318 2388 domus
1344 2333 1672 2390 construitur
1693 2347 1816 2387 cum

255 2413 311 2466 ad
337 2413 693 2472 obediendum
723 2418 841 2474 voci
872 2420 992 2490 ejus
1037 2421 1296 2491 subjectae
1341 2421 1514 2492 plebis
1562 2420 1818 2476 divinitus

256 2504 395 2557 corda
422 2515 818 2576 praeparantur,
852 2517 911 2563 ut
937 2525 1045 2564 non
1075 2511 1247 2565 solum
1280 2510 1335 2564 id
1364 2511 1509 2582 quod
1546 2511 1597 2564 in
1626 2525 1691 2565 ea
1719 2525 1815 2564 re-

255 2591 474 2648 conditur
498 2595 569 2650 de
597 2596 750 2652 verbi
781 2598 984 2654 talento
1014 2599 1302 2665 custodiat,
1334 2599 1431 2654 sed
1458 2600 1606 2655 lucro
1631 2598 1816 2653 multi—

254 2679 359 2750 plici
383 2684 717 2740 cumulatum
739 2688 809 2742 ad
831 2704 1076 2743 mensam
1099 2697 1315 2745 aeterna:
1337 2688 1700 2759 susceptionis
1720 2687 1815 2742 du-

253 2776 342 2824 cat.
373 2772 427 2826 Et
453 2774 754 2830 notandum
785 2777 915 2849 quia
947 2777 1121 2835 ﬁdelis
1149 2780 1342 2833 domus
1369 2794 1400 2834 a
1431 2778 1661 2833 Domino
1689 2776 1817 2832 mdi-

253 2859 381 2917 ﬁcari
406 2863 622 2932 dicitur,
651 2875 709 2921 ut
737 2868 805 2923 de
836 2868 982 2924 bona
1010 2872 1421 2925 conversatione
1449 2868 1681 2939 subjecti
1712 2864 1814 2937 po-

252 2950 345 3019 puli
372 2953 689 3023 praedicator
713 2973 1057 3030 nequaquam
1107 2958 1341 3013 inaniter
1386 2957 1663 3031 glorietur.
1696 2958 1815 3011 No-

250 3040 444 3095 tandum
472 3060 696 3116 quoque
727 3046 855 3116 quia
882 3047 1220 3103 sacerdotem
1252 3046 1467 3102 ﬁdelem
1496 3046 1596 3100 sibi
1624 3044 1814 3100 Domi-

254 3143 340 3227 nus
359 3132 560 3202 excitat,
598 3141 657 3188 ut
684 3135 1061 3205 subjectorum
1091 3137 1257 3192 corda
1286 3137 1388 3191 hoc
1418 3136 1615 3207 ipsum,
1646 3132 1809 3205 quod,
1845 3169 1896 3234 Ο

250 3218 424 3286 Optimo
450 3229 665 3277 rectore
712 3232 991 3296 reguntur,
1023 3225 1254 3281 tribuere
1300 3226 1413 3280 suis
1458 3224 1664 3279 meritis
1705 3238 1814 3277 non

249 3319 570 3374 prusumant.
605 3313 920 3368 Notandum
933 3314 1095 3370 etiam
1128 3316 1273 3386 quod
1296 3314 1630 3370 sacerdotem
1654 3328 1815 3385 quem

251 3396 421 3451 excitat
452 3399 728 3455 Dominus
777 3401 907 3457 dicit
952 3402 1168 3458 ﬁdelem
1216 3403 1339 3471 sibi,
1368 3403 1589 3459 domum
1637 3410 1815 3457 autem

251 3498 385 3552 quam
407 3488 453 3541 ei
470 3487 710 3545 aediﬁcat
731 3488 949 3546 ﬁdelem
971 3491 1073 3563 ipsi
1095 3492 1368 3547 sacerdoti
1393 3492 1522 3548 dicit
1539 3492 1771 3546 futuram
1800 3508 1812 3553 ;

249 3572 349 3642 quia
391 3576 640 3647 profecto
684 3579 1015 3649 prmdicator
1060 3582 1173 3635 Deo
1221 3579 1584 3636 obedientiam
1630 3580 1814 3645 debet,

250 3661 492 3731 subjectus
539 3668 793 3738 praelato.
832 3668 938 3723 Sed
987 3677 1111 3724 ante
1151 3669 1458 3740 subjectum
1506 3677 1630 3725 tunc
1671 3677 1816 3724 recte

250 3751 479 3819 praelatus
502 3756 779 3827 graditur,
812 3758 856 3812 si
886 3757 955 3813 ad
984 3758 1173 3813 omnia
1214 3758 1500 3831 dirigenda
1545 3758 1668 3813 vitae
1704 3774 1817 3813 sua:

251 3837 418 3896 itinera
444 3846 649 3899 veritas
675 3844 795 3915 ipsa
821 3846 1087 3901 videatur.
1121 3848 1374 3918 Sequitur
1401 3863 1534 3920 ergo
1566 3866 1578 3902 :

304 3928 467 3997 (νει-ε.
496 3936 617 4002 35.)
651 3934 718 3989 Et
736 3936 1047 3992 ambulabit
1075 3952 1265 3993 coram
1290 3936 1509 3993 Christo
1539 3952 1659 3993 meo
1691 3951 1816 3993 om-

251 4018 395 4075 nibus
422 4020 638 4078 diebus.

301 4108 382 4161 ει.
416 4111 667 4166 Christus
694 4120 875 4168 autem
894 4113 1110 4168 Domini
1141 4112 1471 4185 Redemptor
1491 4124 1574 4170 est
1601 4114 1819 4188 generis

247 4194 461 4253 humani.
494 4199 603 4270 Qui
633 4201 910 4265 nimirum.
943 4203 1067 4275 quia
1089 4204 1203 4273 jam
1227 4204 1293 4258 ad
1316 4205 1483 4259 eoelos
1508 4205 1821 4261 ascendisse

249 4286 486 4359 creditur,
514 4306 545 4344 a
574 4290 831 4346 ﬁdelibus
861 4292 972 4346 suis
1002 4308 1142 4347 nunc
1168 4308 1278 4346 non
1324 4293 1495 4348 oculis
1523 4294 1818 4363 corporeis,

252 4376 338 4428 sed
360 4388 560 4449 mente,
593 4380 826 4436 videtur.
861 4381 1053 4435 Coram
1085 4382 1205 4452 ipso
1234 4383 1415 4454 itaque
1446 4383 1703 4440 omnibus
1718 4385 1824 4440 die-

249 4460 607 4524 busambulat
635 4470 725 4541 qui
770 4471 1096 4543 cogitatione
1137 4471 1317 4527 subita
1362 4472 1496 4527 nihil
1545 4482 1814 4544 Operatur.

249 4551 368 4608 Nam
396 4565 453 4611 ut
477 4567 658 4613 rectos
684 4576 909 4631 gressus
941 4559 1073 4616 foris
1100 4569 1260 4632 ponat
1292 4561 1343 4615 in
1376 4577 1560 4631 opere,
1586 4562 1726 4618 intus
1748 4564 1818 4618 ad

251 4638 501 4699 Christum
528 4646 771 4717 respicit,
802 4663 962 4717 quem
992 4664 1090 4719 per
1116 4649 1605 4705 considerationem
1642 4659 1819 4722 portat

250 4726 295 4780 in
322 4732 499 4789 corde.
529 4734 640 4791 Sed
667 4736 793 4807 quia
824 4736 1004 4793 adhuc
1028 4738 1262 4809 reprobo
1302 4738 1515 4809 pastori
1561 4739 1819 4812 loquitur,

251 4815 591 4891 subjungens,
622 4824 695 4878 ait
724 4840 738 4878 :

310 4907 483 4974 (Vera.
535 4913 649 4982 36.)
695 4915 983 4971 Futurum
1028 4919 1113 4972 est
1159 4920 1351 4972 autem
1394 4921 1460 4973 ut
1506 4918 1822 4989 quicunque

249 5000 573 5055 remanserit
602 5002 667 5057 ite
695 5002 855 5059 domo
886 5006 986 5059 tua
1009 5005 1197 5060 veniat
1228 5008 1293 5060 ut
1323 5011 1516 5061 oretur
1534 5022 1637 5079 pro
1665 5022 1747 5063 eo.

311 5081 391 5138 25.
425 5086 787 5145 Romansurus
816 5106 1051 5163 namque
1080 5092 1146 5147 de
1176 5094 1296 5163 ejus
1318 5092 1482 5149 domo
1512 5094 1710 5165 aliquis
1733 5095 1822 5150 di-

250 5168 394 5240 citur,
425 5175 554 5245 quia
583 5193 783 5249 magna
812 5195 939 5251 pars
977 5180 1124 5235 illius
1169 5181 1431 5236 moritura
1478 5183 1814 5253 perhibetur.

251 5256 322 5314 De
346 5260 508 5319 domo
538 5282 768 5338 namque
814 5266 1032 5340 reprobi
1080 5268 1316 5340 pastoris
1367 5279 1617 5326 remanet
1664 5289 1820 5342 quem

252 5350 563 5407 conscientia
581 5357 783 5426 peccati
806 5374 838 5412 a
859 5373 956 5429 spe
979 5357 1382 5429 consequentiae
1404 5359 1575 5415 venia:
1592 5376 1698 5415 non
1722 5378 1824 5415 ex-

253 5436 485 5511 stinguit.
519 5442 779 5500 Bemanet
808 5462 941 5518 ergo
972 5447 1093 5516 quia
1120 5447 1333 5520 pondus
1352 5448 1703 5505 conscientia:
1723 5466 1826 5521 per

256 5528 575 5593 mitentiaa
604 5534 940 5604 propositum
970 5534 1257 5607 laevigatur
1285 5552 1382 5607 spe
1431 5537 1826 5606 consequendaz

260 5611 387 5670 vita.
418 5615 521 5687 Qui
551 5620 788 5691 profecto
810 5629 867 5678 ut
886 5630 1075 5680 oretur
1096 5639 1194 5695 pro
1214 5640 1281 5680 eo
1301 5624 1469 5691 venit,
1493 5633 1548 5681 et
1564 5624 1633 5681 ad
1650 5625 1822 5682 Deum

1931 1882 2238 1953 imaginem
2255 1888 2311 1938 et
2324 1884 2762 1941 similitudinem
2778 1890 3031 1941 nostram
3046 1886 3270 1956 (Gener.
3286 1902 3324 1952 ι,
3341 1885 3528 1955 26).Et

1930 1971 2057 2039 quia
2086 1971 2153 2025 de
2183 1988 2333 2026 sacro
2365 1972 2581 2043 eloquio
2603 1974 2703 2028 Dei
2726 1974 3019 2046 imaginem
3043 1974 3527 2029 etsimilitudinem

1927 2058 1992 2112 ad
2026 2075 2185 2129 quam
2219 2061 2533 2133 redigamur
2560 2062 2929 2135 agnoscimus,
2962 2071 3251 2136 argenteus
3273 2079 3529 2118 nummus

1929 2163 2048 2201 esse
2079 2150 2404 2219 perhibetur.
2440 2150 2543 2219 Qui
2574 2166 2706 2222 ergo
2744 2168 2772 2205 a
2824 2152 3031 2222 peccati
3081 2152 3167 2207 via
3216 2160 3272 2206 ut
3319 2168 3418 2222 pro
3468 2168 3528 2208 se

1928 2243 2111 2290 oretur
2158 2238 2325 2306 venit,
2377 2255 2659 2294 nummum
2724 2248 3041 2311 argenteum
3072 2239 3268 2295 oﬁ'erre
3336 2240 3519 2309 debet,

1929 2325 2053 2394 quia
2084 2326 2213 2381 nihil
2243 2329 2288 2383 ei
2319 2328 2537 2400 prodest
2569 2328 2714 2399 quod
2754 2330 3071 2398 paenitendo
3120 2329 3524 2400 compungitur,

1927 2430 2027 2470 nec
2058 2416 2200 2486 quod
2230 2417 2409 2473 ﬂendo
2438 2417 2742 2484 conﬁtetur,
2776 2417 2841 2487 si,
2874 2417 3214 2473 inemendata
3245 2426 3299 2472 et
3337 2416 3522 2473 incor-

1927 2513 2099 2575 repta,
2134 2506 2354 2561 interius
2400 2507 2794 2579 pulchritudine
2846 2507 3002 2563 bonae
3044 2507 3364 2577 voluntatis,
3405 2507 3525 2564 luce

1926 2593 2028 2648 Dei
2061 2593 2311 2667 imaginis
2342 2611 2686 2667 nequaquam
2710 2597 2924 2652 radiare
2946 2596 3309 2669 cognoscitur.
3335 2599 3523 2669 Imago

1927 2682 2125 2738 etenim
2156 2691 2212 2737 et
2256 2683 2550 2741 similitudo
2598 2686 2698 2741 Dei
2746 2694 2828 2740 est
2885 2686 3083 2757 inclyte
3139 2685 3265 2741 odio
3322 2686 3525 2740 malum

1926 2772 2102 2842 odire,
2144 2781 2193 2828 et
2243 2788 2427 2829 amore
2474 2775 2712 2845 perfecto
2761 2776 2933 2829 Deum
2982 2776 3237 2846 diligere.
3270 2774 3426 2831 Unde
3474 2782 3528 2830 et

1928 2862 2195 2932 Propheta
2226 2861 2524 2918 claritatem
2556 2863 2756 2919 divina:
2787 2862 3157 2918 similitudinis
3185 2863 3254 2917 ab
3282 2864 3523 2917 humano

1925 2968 2125 3023 genere
2157 2951 2385 3023 periisse
2416 2952 2655 3018 intuens,
2690 2954 2757 3007 ad
2788 2968 2915 3008 eum
2943 2953 3049 3021 93
3075 2952 3163 3021 qui
3187 2968 3307 3006 cum
3331 2952 3528 3022 inclyta

1926 3039 2284 3111 reparationis
2315 3047 2511 3095 nostrae
2542 3041 2660 3097 luce
2691 3041 2758 3096 de
2788 3041 2931 3098 coelo
2965 3040 3109 3096 venit
3158 3041 3401 3112 respicit,
3434 3039 3524 3094 di-

1925 3146 2056 3186 cens
2079 3150 2091 3186 :
2112 3130 2765 3201 Dilexistijustitiam,et
2783 3131 2952 3187 odisti
2967 3132 3330 3204 iniquitatem
3346 3130 3521 3199 (Psal.

1927 3237 2077 3288 xuv,
2102 3223 2176 3291 8).
2212 3221 2351 3275 Hinc
2379 3236 2437 3275 se
2461 3219 2575 3289 jam
2605 3220 2674 3274 de
2696 3220 2816 3288 ejus
2835 3220 3293 3291 contemplatione
3313 3219 3365 3273 in
3392 3235 3513 3290 per-

1926 3309 2173 3366 fectionis
2189 3310 2421 3365 formam
2440 3318 2759 3365 renovatum
2781 3309 3150 3377 considerans,
3165 3308 3239 3363 ait
3263 3326 3276 3362 :
3302 3309 3523 3380 iniquos

1925 3398 2054 3456 odio
2080 3398 2269 3470 habui,
2288 3403 2341 3454 et
2373 3400 2545 3471 legem
2567 3403 2725 3455 tuam
2750 3399 2935 3455 dilexi
2965 3398 3140 3468 (Psal.
3165 3413 3358 3465 cxvm,
3378 3400 3521 3467 113).

1926 3488 2030 3556 Qui
2060 3504 2193 3560 ergo
2221 3488 2288 3543 de
2318 3488 2483 3544 domo
2508 3488 2728 3560 reprobi
2758 3504 2864 3559 per
2893 3487 3302 3543 confessionem
3351 3487 3522 3555 venit,

1926 3575 2017 3648 qui
2051 3593 2148 3648 per
2178 3577 2533 3632 humilitatem
2582 3595 2682 3649 pro
2731 3594 2793 3633 se
2838 3576 2979 3633 orari
3028 3575 3316 3631 Dominum
3366 3576 3522 3645 petit,

1925 3675 2079 3722 curet
2106 3666 2330 3723 omnino
2359 3682 2586 3723 necesse
2633 3675 2713 3723 est
2760 3675 2817 3722 ut
2864 3682 3142 3721 nummum
3194 3673 3524 3737 argenteum

1926 3755 2138 3825 offerat,
2172 3764 2455 3828 quatenus,
2480 3764 2695 3828 sumpto
2716 3756 3006 3826 splendore
3028 3755 3187 3810 bona:
3210 3753 3524 3820 voluntatis,

1928 3846 2170 3915 perfecte
2200 3846 2380 3901 oderit
2407 3846 2607 3901 malum
2640 3845 2781 3916 quod
2813 3843 2960 3910 fecit,
2994 3851 3047 3899 et
3074 3843 3281 3899 bonum
3314 3842 3525 3913 integro

1928 3949 2113 3989 amore
2143 3934 2338 4007 diligat
2368 3934 2511 4005 quod
2541 3934 2863 4007 neglexerit.
2899 3934 3055 3988 Unde
3085 3942 3137 3988 et
3160 3934 3296 4004 justi
3322 3931 3527 4002 judicis

1930 4024 2181 4079 examine
2209 4022 2617 4095 propitiationis
2649 4023 2825 4078 edicta
2840 4022 3282 4093 promulgantur.
3307 4021 3366 4076 In
3390 4037 3527 4094 qua-

1928 4128 2148 4185 cunque
2171 4113 2281 4178 die,
2306 4111 2393 4167 vel
2427 4111 2584 4181 hora,
2610 4111 2702 4177 ait,
2724 4115 2987 4183 peccator
3017 4111 3527 4178 convertitur,vita

1929 4204 2097 4271 vivet,
2115 4206 2169 4257 et
2188 4218 2302 4257 non
2317 4201 2829 4272 morietur(Ez.ech.
2844 4204 3070 4267 “111,21
3084 4242 3097 4267 ,
3115 4202 3201 4269 27)
3214 4197 3526 4255 .Conversio

1930 4299 2111 4346 autem
2142 4291 2448 4362 peccatoris
2479 4306 2587 4346 non
2614 4299 2694 4345 est
2724 4291 2778 4344 in
2807 4288 3110 4344 humilitate
3141 4287 3526 4356 confessionis,

1931 4380 2026 4435 sed
2062 4381 2113 4434 in
2144 4380 2501 4436 renovatione
2540 4378 2817 4435 interioris
2864 4376 3121 4442 hominis,
3155 4393 3276 4432 cum
3324 4391 3527 4448 pecca-

1932 4467 2058 4537 tori,
2085 4469 2201 4539 jam
2233 4469 2419 4524 divina
2450 4469 2802 4540 inspiratione
2832 4474 3098 4533 correcto,
3124 4474 3175 4522 et
3205 4466 3401 4522 malum
3421 4466 3527 4521 dis-

1930 4556 2095 4626 plicet
2126 4558 2267 4627 quod
2299 4559 2516 4625 amavit,
2550 4567 2603 4613 et
2631 4559 2833 4614 bonum
2857 4556 3037 4629 placet
3059 4555 3203 4626 quod
3227 4555 3364 4610 odit.
3387 4556 3528 4610 Nam

1926 4652 2049 4701 sunt
2075 4644 2324 4700 nonnulli
2348 4647 2436 4717 qui
2458 4663 2516 4702 se
2538 4648 2680 4702 etde
2721 4646 2961 4717 nequitia
2982 4653 3244 4701 accusant
3263 4644 3524 4713 criminis,

1928 4744 1977 4790 et
2009 4735 2335 4805 pravitatem
2367 4752 2473 4792 non
2504 4736 2779 4807 corrigunt
2808 4733 3119 4791 voluntatis.
3154 4733 3257 4802 Qui
3289 4732 3528 4805 profecto

1928 4823 2169 4881 converti
2223 4824 2289 4879 ad
2319 4825 2609 4880 Dominum
2640 4840 2748 4879 non
2770 4823 3082 4891 creduntur,
3107 4821 3231 4893 quia
3249 4838 3375 4878 vera
3397 4840 3529 4878 con-

1931 4912 2109 4968 versio
2140 4913 2192 4967 in
2224 4928 2320 4969 ore
2345 4928 2452 4968 nou
2493 4913 2774 4984 accipitur,
2805 4913 2903 4968 sed
2951 4912 3007 4967 in
3054 4911 3240 4968 corde.
3274 4910 3529 4968 Converti

1932 5002 2130 5057 etenim
2164 5000 2323 5057 simul
2352 5002 2486 5057 verti
2519 5009 2615 5057 est.
2651 5002 2951 5058 Conversio
2998 5002 3177 5074 itaque
3224 5000 3531 5073 peccatoris

1933 5107 2062 5147 vera
2093 5099 2219 5146 tunc
2246 5098 2349 5157 est,
2383 5106 2506 5146 cum
2536 5091 2604 5147 ad
2636 5092 2911 5147 Creatoris
2940 5090 3106 5147 nostri
3125 5088 3527 5159 beneplacitum

1934 5188 2158 5251 uterque
2187 5188 2372 5235 noster
2400 5182 2563 5236 homo
2595 5180 2896 5249 reducitur,
2927 5195 3051 5235 cum
3083 5185 3137 5233 et
3186 5191 3317 5233 caro
3346 5184 3529 5231 nostra

1933 5285 2033 5340 per
2062 5269 2358 5339 iniquitatis
2384 5269 2568 5326 odium
2600 5270 2889 5325 cohibetur
2917 5283 2948 5322 a
2994 5266 3394 5338 perpetratione
3442 5265 3529 5321 fa-

1892 5352 1897 5355 “
1932 5358 2152 5425 cineris,
2188 5366 2239 5413 et
2270 5374 2368 5429 per
2399 5375 2635 5415 amorem
2662 5357 2887 5429 justitiae
2920 5371 3073 5410 mens
3102 5371 3160 5409 se
3190 5355 3432 5411 extendit
3460 5355 3528 5410 ad

1934 5448 2291 5503 intentionem
2342 5447 2499 5502 bonae
2543 5446 2890 5518 Operationis.
2943 5444 3051 5501 Sed
3099 5444 3225 5515 quia
3283 5444 3528 5500 nonnulli

1931 5537 2074 5591 intra
2105 5533 2410 5591 Eeclesiam
2440 5542 2580 5601 sunt,
2614 5537 2710 5605 qui
2740 5538 2949 5590 tantum
2980 5535 3033 5589 in
3063 5535 3187 5591 vitae
3217 5551 3331 5590 suae
3351 5534 3529 5590 termi-

1933 5642 2060 5681 num
2092 5624 2159 5680 ad
2181 5624 2514 5696 poenitentiae
2536 5623 2967 5680 satisfactionem
2989 5626 3228 5693 veniunt,
3253 5631 3303 5680 et
3319 5623 3529 5694 judicio
