4062 6182
421 370 526 424 123

1633 352 1859 410 SANCT
1860 354 1883 408 Ι
1914 351 2259 408 GREGORII
2284 352 2514 408 MAGNI

3615 346 3721 400 12L

422 490 633 548 Veritas
654 485 979 554 dicitur:(a)
1002 485 1341 557 Quacunque
1358 484 1497 540 hora
1513 485 1778 556 peccator
1792 495 2020 537 conuer-
2050 478 2107 538 A
2133 476 2291 549 panis
2319 476 2531 545 offerat,
2563 482 2618 531 ut
2648 474 2737 545 qui
2767 489 2867 546 per
2893 472 3091 528 bonam
3136 470 3468 527 voluntatem
3510 475 3731 540 peccata

425 581 596 644 titur,
630 578 786 643 vivit,
811 592 843 630 a
873 572 1146 629 nonnullis
1174 573 1333 629 valde
1372 573 1542 644 quaeri
1585 572 1724 627 solet
1764 571 1807 625 si
1841 568 2025 624 statim

426 670 591 723 vitam
622 674 745 738 post
774 664 953 721 carnis
983 671 1213 717 mortem
1245 662 1521 717 inveniant
1541 661 1631 733 qui
1662 675 1876 733 magnae
1901 659 2026 715 vita:

426 764 681 827 tempore
709 756 935 825 peccata
964 757 1290 823 perpetrant,
1323 758 1377 806 et
1406 757 1612 805 tantum
1643 749 1696 803 in
1728 749 1851 804 vitm
1883 748 2026 802 exitu

429 862 489 902 se
515 843 762 914 nequiter
790 842 967 914 egisse
997 843 1280 896 accusant.
1320 839 1403 894 Ad
1444 838 1588 910 quod
1627 838 1917 893 dicendum
1951 843 2031 891 est

435 934 561 1007 quia
590 949 658 987 ex
688 932 739 987 vi
769 930 1141 987 conversionis
1171 929 1486 1001 magnitudo
1515 927 1724 983 deletur
1768 926 2030 982 criminis.

434 1021 530 1077 Vis
561 1023 743 1076 autem
773 1019 1150 1076 conversionis
1181 1022 1264 1073 est
1300 1015 1509 1089 aﬁ'ectio
1556 1014 1831 1073 charitatis
1878 1013 2032 1071 cordi

430 1110 628 1166 infusae
659 1109 969 1165 visitatione
1012 1108 1190 1162 sancti
1212 1105 1465 1177 Spiritus.
1492 1106 1558 1159 Et
1581 1105 1842 1176 scriptum
1865 1103 2032 1159 estde

435 1199 627 1256 eodem
642 1198 843 1269 Spiritu
861 1215 873 1251 :
898 1196 973 1267 (b)
995 1196 1136 1264 Quia
1149 1196 1268 1268 ipse
1282 1195 1536 1251 remissio
1547 1197 1909 1267 peccatorum
1923 1196 2006 1248 est
2017 1232 2031 1247 .

435 1288 572 1343 Nam
596 1302 717 1343 cum
743 1286 1048 1341 electorum
1066 1283 1233 1340 corda
1253 1284 1544 1356 dignanter
1562 1283 1766 1350 visitat,
1790 1282 1861 1336 ab
1885 1282 2033 1337 omni

435 1383 784 1447 peccatorum
816 1373 1156 1429 immunditia
1182 1380 1432 1444 potenter
1461 1379 1684 1443 purgat,
1718 1370 1841 1441 quia
1876 1378 1934 1425 ut
1978 1386 2037 1425 se

438 1465 606 1520 menti
637 1463 915 1532 infuderit,
949 1479 1066 1518 eam
1098 1462 1345 1533 protinus
1376 1460 1429 1515 in
1472 1468 1816 1532 peccatorum
1866 1468 1920 1514 et
1955 1460 2035 1515 vi-

440 1554 632 1610 tiorum
663 1552 787 1608 odia
816 1560 867 1607 et
897 1552 953 1605 in
984 1551 1241 1607 virtutum
1271 1565 1511 1605 amorem
1542 1547 1885 1604 ineﬁ'abiliter
1901 1549 2039 1603 exci-

442 1651 533 1697 tat.
568 1642 718 1697 Facit
745 1656 869 1696 eam
901 1640 1076 1695 statim
1117 1640 1291 1695 odisse
1341 1639 1483 1710 quod
1528 1638 1767 1705 amabat,
1797 1645 1851 1692 et
1893 1638 2039 1709 quod

442 1730 572 1788 odio
600 1730 865 1786 habuerat
912 1730 1167 1784 ardenter
1213 1728 1465 1800 diligere,
1499 1734 1659 1798 atque
1706 1728 1760 1781 in
1812 1734 2041 1797 utroque

2134 566 2360 633 deserit,
2392 582 2460 621 ea
2488 565 2739 619 nimirum
2770 562 2951 618 valida
2980 561 3160 619 carnis
3187 558 3473 615 afflictione
3517 557 3733 628 penitus

2134 656 2467 727 exstinguat.
2500 655 2795 708 Nummum
2834 666 3063 721 namque
3094 656 3408 721 argenteum
3451 644 3732 713 offerebat,

2136 744 2246 814 qui,
2279 750 2491 813 recepta
2516 743 2629 813 jam
2673 740 2772 795 Dei
2816 739 3191 803 similitudine,
3223 735 3534 793 confitendo
3573 751 3734 790 exse-

2136 831 2391 887 crabatur
2419 832 2565 901 quod
2595 830 2813 896 fecerat,
2838 829 3022 883 dicens
3047 844 3060 882 :
3086 827 3565 898 Computruerunt
3593 825 3737 880 cica-

2138 921 2304 976 trices
2325 937 2465 976 mea:
2484 937 2518 975 a
2537 919 2686 990 facie
2707 917 3055 989 insipientia:
3069 932 3204 971 mere
3218 915 3393 981 (Psal.
3418 928 3639 979 xxxvn,
3656 914 3733 982 6).

2137 1009 2201 1064 Et
2215 1008 2342 1063 item
2360 1026 2372 1062 :
2389 1008 2721 1064 Incurvatus
2734 1021 2882 1071 sum,
2897 1009 2951 1060 et
2967 1003 3311 1059 humiliatus
3324 1017 3733 1074 usquequaque.

2140 1097 2246 1154 Sed
2280 1099 2372 1167 qui
2401 1112 2687 1151 nummum
2717 1101 3034 1165 argenteum
3082 1091 3185 1147 sibi
3229 1106 3337 1146 non
3380 1088 3622 1145 suﬂicere
3668 1088 3740 1144 ad
3781 1132 3784 1134 η

2140 1186 2469 1243 oblationem
2492 1183 2685 1249 timuit,
2711 1181 2865 1253 panis
2888 1188 3078 1236 tortam
3102 1180 3307 1234 addere
3335 1179 3564 1235 curavit.
3596 1178 3738 1233 Nam

2140 1272 2445 1338 confitetur,
2477 1280 2529 1326 et
2553 1270 2683 1326 dicit
2712 1287 2725 1327 :
2764 1269 3067 1341 Rugiebam
3095 1285 3131 1325 a
3158 1268 3377 1340 gemitu
3414 1267 3573 1324 cordi
3598 1268 3747 1323 meis

2144 1362 2323 1433 (Ibid.,
2357 1364 2434 1432 9).
2467 1360 2696 1432 Rugitus
2725 1360 2869 1415 enim
2898 1359 3085 1414 fletum
3122 1356 3309 1429 magni
3357 1355 3566 1412 doloris
3606 1354 3742 1410 insi-

2142 1460 2269 1506 nuat
2298 1451 2353 1506 in
2387 1449 2681 1506 afﬂictione
2731 1448 3062 1521 paenitentis.
3096 1447 3251 1502 Hunc
3296 1452 3499 1501 tortum
3545 1461 3742 1516 panem

2144 1547 2402 1612 argenteo
2433 1542 2654 1593 nummo
2685 1537 2900 1593 socians
2924 1535 3067 1591 idem
3096 1535 3213 1607 ipse
3236 1534 3490 1605 loquitur,
3517 1534 3740 1589 dicens:

2148 1631 2423 1698 Quoniam
2448 1630 2815 1701 iniquitatem
2832 1642 3015 1682 meam
3035 1624 3411 1691 annuntiabo,
3431 1628 3487 1679 et
3500 1621 3751 1695 cogitabo

2142 1737 2244 1792 pro
2262 1723 2492 1791 peccato
2514 1733 2636 1774 meo
2657 1716 2842 1786 (Ibid.,
2878 1719 2987 1786 19).
3023 1715 3125 1769 Pro
3155 1721 3377 1785 peccato
3408 1711 3607 1767 etenim
3652 1726 3752 1766 co-

442 1819 605 1875 valde
634 1818 1016 1891 ingemiscere,
1049 1818 1175 1888 quia
1206 1825 1259 1871 et
1289 1799 1438 1872 mala
1467 1833 1589 1887 quas
1607 1816 1721 1871 odit
1741 1832 1800 1871 se
1822 1817 2042 1870 damna-
2071 1837 2123 1897 Β
2151 1808 2325 1880 gitare
2353 1815 2437 1863 est
2467 1805 2812 1863 delectationi
2846 1803 3135 1875 praeteritae
3164 1803 3388 1875 dignam
3418 1800 3596 1857 carnis
3614 1799 3759 1855 afﬂi-

443 1909 626 1963 biliter
654 1923 866 1963 amasse
909 1907 1117 1975 recolit,
1150 1914 1203 1961 ct
1249 1906 1395 1961 bona
1444 1922 1563 1977 quae
1603 1904 1781 1977 diligit
1829 1905 2034 1960 odisse.

443 1996 585 2065 Quis
605 1998 749 2053 enim
773 1998 971 2051 audeat
994 1996 1196 2063 dicere,
1215 1995 1341 2050 licet
1359 1994 1674 2051 omnimoda
1695 2001 2043 2065 peccatorum

444 2086 658 2142 sarcina
686 2094 1081 2158 pratgravetur,
1115 2084 1256 2155 quod
1291 2083 1469 2155 perire
1499 2084 1671 2154 possit
1700 2084 1893 2153 aliquis
1925 2082 2046 2137 visi-

446 2183 588 2231 tatus
615 2176 790 2248 gratia
813 2175 1042 2246 Spiritus
1065 2173 1286 2229 sancti?
1310 2172 1450 2242 Quia
1468 2188 1600 2244 ergo
1621 2180 1877 2241 peccator
1896 2171 2046 2226 nulla

448 2266 583 2320 hora
611 2265 963 2331 convertitur,
988 2263 1094 2318 nisi
1117 2280 1222 2333 qua
1242 2279 1275 2317 a
1289 2269 1479 2317 sancto
1501 2261 1703 2333 Spiritu
1724 2260 2042 2327 illustratur,

453 2353 587 2424 quid
608 2359 790 2418 restat,
806 2353 910 2407 nisi
930 2353 1052 2423 quia
1071 2352 1208 2407 sicut
1224 2351 1431 2422 peccati
1444 2356 1675 2405 mortem
1692 2351 2043 2417 exsecrando,

450 2441 671 2508 deserit,
693 2442 764 2511 (ο)
789 2441 858 2496 ita
888 2442 997 2495 vita
1020 2440 1244 2511 justitiae
1272 2440 1343 2495 ad
1372 2455 1529 2510 quam
1563 2456 1623 2493 se
1670 2438 2050 2494 desideranter

448 2531 717 2587 convertit
746 2529 941 2585 vivat?
972 2530 1073 2597 Qui
1103 2530 1276 2583 statim
1308 2537 1432 2600 post
1458 2536 1690 2583 mortem
1718 2528 1773 2581 in
1801 2527 1917 2582 vita
1954 2543 2045 2582 re-

452 2620 667 2690 cipitur,
698 2619 741 2672 si
768 2626 969 2673 tantum
989 2617 1185 2673 amoris
1204 2617 1384 2691 ignem
1408 2617 1596 2688 recipit
1615 2617 1668 2671 in
1690 2617 2048 2673 conversione

450 2708 539 2779 qui
571 2724 893 2764 consumere
922 2708 979 2761 in
1017 2708 1199 2763 anima
1243 2707 1417 2776 possit
1460 2722 1678 2762 omnem
1727 2714 2045 2778 congestam

447 2797 655 2868 peccati
693 2796 1025 2868 rubiginem.
1058 2796 1211 2852 Unde
1259 2803 1313 2850 et
1357 2796 1425 2851 de
1472 2796 1773 2867 peccatrice
1818 2794 2047 2851 muliere

452 2885 650 2940 dicitur
670 2901 682 2941 :
708 2886 1106 2942 Remittuntur
1122 2888 1173 2942 ei
1188 2888 1421 2959 peccata
1441 2888 1649 2953 multa,
1670 2888 1935 2960 quoniam
1965 2885 2046 2940 di-

452 2975 601 3031 lexit
618 2976 871 3032 multum
897 2976 1053 3044 (Luc.
1086 2991 1182 3043 vn,
1213 2976 1325 3046 47).
1345 2976 1482 3030 llinc
1510 2975 1578 3031 ab
1598 2975 1785 3031 eadem
1809 2974 2044 3028 Veritate

448 3063 503 3118 in
524 3080 683 3119 cruce
714 3065 981 3135 pendente
1004 3064 1233 3121 dicitur:
1258 3066 1437 3121 Amen
1459 3064 1582 3121 dico
1601 3064 1724 3129 tibi,
1750 3062 1911 3119 hodie
1933 3078 2047 3118 me-

447 3169 576 3208 cum
601 3155 712 3208 eris
734 3154 796 3208 in
815 3153 1077 3223 paradiso
1101 3154 1281 3223 (Ibid.,
1304 3170 1468 3221 xxm,
1492 3154 1603 3221 43).
1638 3152 1695 3205 In
1726 3152 1852 3206 vitae
1882 3151 2047 3223 igitur

453 3240 602 3296 exitu
647 3241 703 3295 bi
738 3240 1083 3297 solummodo
1104 3241 1394 3296 salubriter
1414 3241 1753 3311 resipiscunt,
1770 3240 1859 3311 qui
1882 3247 2048 3309 etper

450 3328 718 3384 internum
749 3330 1106 3385 visitationem
1138 3330 1373 3402 perfecte
1394 3329 1539 3385 bona
1560 3328 1806 3402 diligunt,
1830 3335 1884 3383 et
1902 3328 2047 3381 mala

449 3417 679 3474 oderunt
710 3436 832 3492 quae
877 3427 1209 3475 amaverunt.
1243 3420 1346 3487 Qui
1396 3427 1574 3475 tamen
1625 3418 1668 3472 si
1716 3416 2049 3471 sufficienter

451 3523 553 3577 pro
584 3507 838 3563 admissis
878 3508 1254 3578 iniquitatibus
1293 3508 1479 3564 dolere
1526 3523 1634 3562 non
1679 3513 1923 3577 possunt,
1956 3505 2044 3559 ni-

447 3595 749 3651 hilominus
779 3604 830 3651 et
859 3596 942 3650 isti
971 3597 1028 3650 in
1077 3597 1213 3652 hora
1262 3613 1369 3667 qua
1409 3602 1797 3652 convertuntur
1842 3595 2043 3649 vivunt.

452 3682 562 3753 94
579 3685 719 3740 Nam
744 3686 832 3754 qui
856 3684 1245 3755 perfectionem
1261 3684 1726 3740 bonaevoluntatis
1740 3683 2047 3738 habuerunt

452 3772 507 3827 in
538 3773 879 3829 confessione
898 3774 1128 3845 peccati,
1151 3783 1272 3844 post
1294 3781 1524 3828 mortem
1547 3773 1861 3845 purgatoria
1883 3789 2047 3845 poena

449 3861 657 3931 peccati
689 3863 759 3917 ad
789 3863 954 3919 vitam
1006 3869 1307 3932 transeunt,
1340 3862 1383 3916 si
1433 3863 1504 3918 ad
1546 3861 1778 3918 delenda
1821 3872 2048 3934 peccata

452 3949 812 4008 sufﬁcientem
830 3952 941 4007 vim
959 3953 1158 4008 amoris
1177 3967 1522 4023 nequaquam
1549 3952 1871 4008 habuerunt.
1894 3953 2048 4010 Unde

448 4039 707 4096 etPaulus
730 4040 886 4097 dicit:
915 4043 1006 4098 Sic
1021 4042 1163 4099 salui
1177 4042 1337 4112 ﬁent,
1358 4044 1521 4115 quasi
1534 4059 1636 4115 per
1649 4045 1835 4115 ignem
1857 4044 1903 4111 (ι
1922 4045 2043 4100 Cor.

448 4144 530 4195 ιιι,
566 4132 675 4199 15).
698 4130 804 4186 Sed
834 4139 1106 4201 peccator,
1141 4132 1229 4204 qui
1261 4131 1335 4186 ibi
1364 4131 1564 4188 salvari
1594 4149 1693 4204 per
1722 4133 1906 4204 ignem
1936 4148 2047 4187 mc-

449 4218 576 4287 ruit,
610 4219 695 4274 hic
724 4236 824 4291 per
852 4220 1191 4277 atllictionem
1224 4222 1403 4276 carnis
1430 4221 1726 4293 adimpleat
1762 4222 1865 4275 hoc
1903 4221 2047 4290 quod

447 4306 550 4361 sibi
573 4308 640 4363 de
669 4310 721 4363 vi
752 4310 955 4365 amoris
986 4312 1183 4365 deesse
1211 4311 1514 4381 cognoscit.

521 4406 695 4473 (Vers.
731 4410 843 4477 36.)
881 4410 944 4462 Et
977 4413 1188 4463 tortam
1217 4408 1411 4477 panis.

522 4504 607 4555 27.
645 4502 808 4569 Panis
839 4518 1073 4572 namque
1102 4502 1320 4556 nomine
1350 4501 1641 4572 aliquando
1685 4510 1915 4559 terrenas
1944 4503 2046 4560 de-

448 4588 751 4643 lectationis
798 4589 1026 4645 refectio
1076 4590 1406 4662 designatur.
1456 4591 1631 4659 Quare
1678 4599 1732 4647 et
1780 4594 2048 4664 propheta

448 4676 716 4733 Jeremias
747 4679 803 4733 in
831 4679 1072 4749 appetitu
1094 4679 1346 4735 saeculari
1368 4688 1637 4752 corrupta-
1656 4681 1861 4737 Judaeee
1882 4698 2052 4753 popu-

447 4767 562 4821 lum
608 4782 940 4833 memorans,
974 4767 1049 4822 ait
1081 4785 1094 4821 :
1131 4768 1325 4823 Omnis
1372 4768 1617 4840 populus
1661 4771 1785 4841 ejus
1824 4788 2051 4844 gemens

449 4855 687 4926 (Thren.
708 4871 746 4923 ι,
772 4859 952 4925 11),εέ
966 4872 1221 4928 quaerens
1244 4858 1688 4929 panem.Panem
1720 4860 1902 4930 itaque
1927 4876 2054 4931 pec-

449 4951 599 5001 cator
626 4958 927 4999 conversus
958 4952 1169 5014 torquet
1200 4961 1320 4999 cum
1355 4947 1692 5015 praeteritam
1735 4949 2054 5005 delectatio-

446 5051 571 5090 nem
620 5032 827 5089 cruciat
874 5048 971 5104 per
1035 5032 1379 5088 aﬁlictionem
1440 5035 1791 5105 poenitentiae.
1846 5038 2052 5094 Panem

443 5140 677 5196 namque
708 5131 958 5194 torquere
989 5129 1069 5178 est
1096 5138 1315 5178 carnem
1334 5139 1434 5194 pro
1475 5131 1785 5194 perpetrata
1814 5124 2053 5181 delecta-

450 5212 595 5269 tione
624 5212 882 5286 aﬂligere.
916 5213 1019 5281 Qui
1042 5227 1174 5283 ergo
1203 5212 1321 5268 sine
1352 5220 1620 5268 tormento
1650 5212 1794 5286 ignis
1815 5214 1887 5269 ad
1909 5215 2053 5269 salu-

450 5307 559 5357 tem
592 5304 821 5358 transire
848 5302 1144 5371 desiderat,
1175 5318 1299 5356 cum
1330 5316 1554 5357 nummo
1575 5313 1834 5374 argenteo
1857 5310 2051 5359 tortam

521 5451 611 5525 (a)_
646 5451 876 5506 Istorum
932 5453 1224 5510 verborum
1284 5469 1480 5509 sensus
1552 5454 1818 5525 reperitur
1890 5456 2050 5511 etiam

453 5521 658 5577 Ezech.
695 5534 902 5590 χχχιιι,
924 5528 1013 5579 12.

520 5592 591 5662 (b)
612 5592 820 5648 Nullibi
840 5594 943 5649 hoc
964 5595 1166 5718 legitur
1184 5598 1463 5669 conceptis
1484 5596 1664 5653 verbis
1684 5597 1761 5682 in.
1775 5597 2051 5678 Scriptum

520 5677 622 5718 :ra.
644 5664 667 5718 l
688 5664 846 5718 Joan.
870 5679 929 5718 II.
954 5668 1006 5718 2.
1050 5681 1263 5718 emmus
1286 5688 1298 5718 ε
1321 5669 1442 5718 [me
1481 5673 1567 5718 est
1602 5672 1916 5718 nrnmtatm
1948 5685 2051 5718 nm

449 5677 622 5721 sacra.
644 5664 667 5721 l
688 5664 846 5720 Joan.
870 5679 929 5734 ιι,
954 5664 1263 5736 2,legimus
1286 5688 1298 5724 :
1321 5664 1442 5743 Ipse
1481 5673 1567 5726 est
1600 5664 1916 5743 prapitatib
1945 5685 2051 5745 pro

2077 4558 2130 4618 D

2151 1897 2387 1952 ctionem
2420 1911 2743 1967 proponere.
2778 1892 3133 1950 Oﬂ‘erendum
3165 1907 3302 1964 ergo
3328 1905 3523 1963 panem
3550 1898 3760 1959 torque-

2153 1984 2265 2053 bat,
2300 1986 2463 2056 quiet
2510 1983 2717 2056 ﬂagitia
2764 1990 3072 2055 perpetrata
3119 1980 3489 2054 pronuntians,
3521 1978 3750 2049 qualiter

2153 2090 2222 2129 ea
2261 2074 2447 2129 delere
2493 2082 2677 2144 posset
2723 2072 3019 2144 cogitabat.
3051 2071 3117 2126 Et
3159 2073 3285 2140 quia
3330 2070 3400 2124 de
3446 2067 3755 2123 austeritate

2153 2162 2583 2219 conversationis
2613 2160 2999 2233 paenitentibus
3029 2159 3328 2231 subrepere
3356 2155 3646 2228 aliquando
3668 2169 3758 2210 so—

2153 2254 2228 2309 let
2254 2252 2454 2324 cupido
2482 2250 2676 2319 laudis,
2709 2249 2935 2305 intentio
2979 2264 3104 2304 vere
3161 2246 3410 2302 conversi
3459 2242 3765 2317 peccatoris

2154 2342 2454 2396 insinuatur
2481 2356 2579 2412 per
2604 2339 2710 2395 hoc
2739 2337 2884 2409 quod
2914 2335 3164 2392 subditur
3198 2354 3211 2391 :

2227 2459 2402 2528 (Vcrs.
2436 2456 2549 2526 36.)
2600 2455 2871 2527 Dicatque
2906 2474 2921 2507 :
2951 2454 3191 2510 Dimitte
3237 2468 3347 2521 me,
3394 2450 3641 2518 obsecro,
3684 2447 3761 2503 ad

2154 2563 2332 2604 unam
2358 2550 2583 2619 partem
2611 2544 3044 2600 sacerdotalem.

2227 2641 2313 2693 28.
2348 2638 2477 2690 Pars
2507 2649 2742 2703 namque
2792 2630 3150 2688 sacerdotalis
3206 2628 3638 2701 uniuscujusque
3684 2634 3765 2682 est

2153 2726 2207 2780 in
2237 2732 2441 2780 mterna
2488 2722 2597 2777 vita
2642 2721 2923 2777 retributio
2972 2719 3152 2776 electi.
3186 2718 3512 2774 Sacerdotes
3557 2716 3760 2772 etenim

2152 2813 2253 2868 Dei
2281 2828 2472 2868 omnes
2500 2811 2657 2867 electi
2688 2810 2806 2880 ejus
2834 2816 2973 2873 sunt,
3003 2809 3129 2879 quia
3157 2809 3245 2864 cui
3288 2823 3392 2878 per
3432 2805 3763 2861 oblationem

2155 2902 2436 2957 ministerii
2457 2902 2538 2955 sui
2557 2901 2892 2954 incessanter
2903 2897 3306 2953 serviuntsacra
3329 2911 3552 2966 semper
3568 2892 3764 2949 offerre

2153 3006 2375 3046 munera
2405 3005 2511 3045 non
2532 2980 2833 3044 desistunt.
2869 2987 3023 3043 Unde
3051 2987 3216 3041 etiam
3247 2985 3322 3039 illi
3353 2983 3409 3038 in
3459 2998 3630 3055 regno
3662 2982 3763 3036 tri-

2151 3081 2457 3151 pudiantes,
2481 3078 2703 3133 dicunt:
2747 3075 3055 3132 Rcdemisti
3097 3090 3197 3130 nos
3237 3073 3353 3128 Deo
3389 3074 3453 3127 in
3481 3071 3764 3142 sanguine

2155 3174 2269 3236 tuo,
2304 3173 2359 3225 et
2387 3169 2578 3239 fecisti
2605 3183 2707 3224 nos
2738 3166 2850 3221 Deo
2880 3168 3074 3222 nostro
3093 3180 3353 3235 regnum,
3373 3165 3431 3217 et
3446 3159 3764 3217 sacerdotes

2156 3259 2344 3329 (Apoc.
2368 3274 2423 3327 v,
2448 3261 2499 3324 9,
2528 3261 2635 3326 10).
2660 3255 2858 3311 Dicere
2881 3268 3019 3325 ergo
3042 3250 3311 3323 peccatori
3328 3265 3592 3328 converso
3628 3267 3640 3304 :
3666 3249 3765 3305 Di-

2152 3347 2320 3402 mitte
2330 3362 2439 3414 me,
2453 3346 2689 3407 obsecro,
2708 3343 2781 3398 ad
2809 3358 2988 3398 unam
2998 3345 3220 3412 partem
3234 3338 3529 3396 sacerdota
3539 3339 3667 3402 lem,
3683 3345 3768 3391 est

2156 3436 2225 3489 de
2237 3434 2547 3489 austeritate
2564 3433 2689 3487 vitae
2706 3440 2759 3487 et
2780 3429 3111 3502 paenitentiae
3126 3429 3295 3484 solam
3315 3436 3525 3500 partem
3548 3435 3768 3481 aeterna:

2152 3522 2499 3579 beatitudinis
2556 3529 2895 3592 exspectare,
2957 3526 3016 3574 ut
3088 3518 3345 3575 videlicet
3419 3514 3770 3572 securitatem

2156 3610 2534 3667 delectationis
2580 3608 2835 3675 inveniat,
2879 3624 3037 3679 quam
3070 3616 3125 3663 et
3153 3606 3375 3679 perenni
3417 3603 3773 3676 perfruitione

2154 3700 2449 3771 possideat,
2484 3708 2536 3755 et
2564 3707 2687 3771 post
2716 3714 2772 3753 se
2799 3698 3056 3753 tortiones
3107 3695 3441 3768 pmnitentias
3490 3708 3770 3764 nunquam

2158 3792 2350 3848 trahat.
2383 3790 2565 3858 Quare
2594 3796 2648 3843 et
2676 3786 2924 3841 subditur
2957 3804 2970 3841 :

2230 3880 2411 3947 (Vers.
2444 3878 2558 3950 36.)
2595 3879 2661 3935 Ut
2689 3874 2980 3934 comedam
3009 3873 3288 3930 bucellam
3317 3873 3515 3945 panis.

2227 3982 2314 4033 29.
2346 3978 2402 4032 Si
2432 3977 2577 4033 enim
2608 3975 2764 4045 panis
2783 3973 2837 4029 in
2859 3988 3019 4029 sacro
3042 3972 3259 4042 eloquio
3279 3986 3380 4042 pro
3406 3967 3771 4025 delectatione

2154 4065 2434 4137 accipitur,
2468 4063 2677 4119 bucella
2709 4063 2863 4134 panis
2890 4068 2975 4118 est
3026 4060 3340 4116 indeliciens
3387 4057 3772 4114 delectamen-

2157 4163 2266 4209 tum
2316 4162 2535 4209 aeterne
2584 4151 2729 4207 vita).
2781 4153 2862 4206 De
2911 4166 3017 4221 quo
3062 4148 3317 4203 nimirum
3366 4147 3771 4204 oblectamento

2152 4259 2253 4315 per
2265 4243 2591 4314 prophetam
2603 4241 2814 4297 dicitur:
2828 4238 3108 4296 Gaudium
3124 4242 3179 4294 et
3197 4237 3402 4293 latitia
3415 4237 3475 4292 in
3484 4235 3770 4300 veniatur,

2152 4335 2216 4389 in
2246 4348 2331 4397 ea,
2363 4332 2683 4403 gratiarum
2713 4330 2882 4398 actio,
2917 4333 2973 4385 et
3003 4344 3114 4385 uox
3143 4326 3333 4382 laudis
3375 4324 3551 4392 (Isai.,
3583 4339 3654 4389 LI,
3689 4326 3771 4391 3).

2154 4421 2293 4476 Hinc
2322 4421 2451 4475 item
2477 4421 2588 4490 jam
2621 4418 2690 4473 ad
2716 4433 2963 4473 mensam
2988 4432 3096 4471 non
3127 4423 3284 4471 tortae
3303 4412 3481 4487 panis,
3508 4412 3610 4468 sed
3630 4412 3774 4467 buc-

2157 4508 2312 4564 cellae
2333 4508 2589 4564 invitatos
2613 4506 2874 4562 convivas
2898 4505 3134 4572 intuens,
3155 4505 3231 4559 ait
3255 4523 3267 4559 :
3305 4502 3537 4559 Laetitia
3566 4501 3780 4571 sempi-

2159 4602 2329 4654 terna
2350 4613 2523 4669 super
2541 4600 2736 4668 capita
2751 4611 2968 4661 eorum,
2982 4594 3257 4667 gaudium
3273 4596 3328 4648 et
3347 4590 3775 4647 exultationem

2160 4686 2492 4744 obtinebunt
2545 4684 2723 4751 (Ibid.,
2756 4699 2939 4749 xxxv,
2976 4686 3086 4753 10).
3130 4681 3267 4737 Hinc
3311 4677 3592 4735 Psalmista
3635 4693 3775 4733 voce

2158 4775 2392 4846 correpti
2421 4772 2738 4845 paenitentis
2782 4771 3160 4843 pronuntians,
3193 4769 3323 4824 dicit
3355 4786 3368 4823 :
3410 4768 3580 4826 Notas
3624 4767 3779 4822 mihi

2159 4864 2351 4936 fecisti
2362 4866 2480 4919 vias
2494 4864 2638 4927 vitae,
2655 4859 2990 4933 adimplebis
3016 4860 3119 4930 95
3134 4873 3225 4914 me
3240 4857 3445 4913 laetitia
3461 4872 3591 4911 cum
3603 4854 3776 4910 vultu

2161 4952 2688 5019 tuo,delectationes
2701 4952 2762 5005 in
2776 4950 3021 5006 dextera
3034 4952 3135 5004 tua
3146 4962 3323 5020 usque
3335 4946 3396 5001 in
3408 4943 3775 5015 ﬁnem(Psal.

2160 5057 2258 5111 xv,
2290 5043 2400 5109 10).
2434 5039 2549 5096 Vim
2577 5038 2775 5094 etenim
2809 5039 2931 5095 vitae
2980 5044 3104 5091 sunt
3125 5034 3448 5091 afﬂictiones
3495 5032 3775 5104 paeniten-

2161 5129 2271 5200 tiae,
2321 5129 2517 5200 quibus
2565 5126 2894 5181 nimirum»a
2943 5124 3316 5180 damnationis
3354 5138 3465 5178 sua:
3511 5120 3777 5176 barath

2162 5227 2413 5289 peccator
2454 5215 2527 5272 ad
2573 5230 2867 5286 supernam
2908 5214 3148 5285 patriam
3211 5211 3440 5279 ducitur,
3471 5208 3601 5265 dum
3669 5224 3779 5279 pro

2160 5306 2473 5363 commissis
2521 5303 2896 5375 iniquitatibus
2941 5310 3138 5375 sponte
3186 5300 3487 5358 cruciatur.
3517 5299 3676 5356 Unde
3725 5307 3783 5353 et

2160 5456 2406 5526 peccatis
2454 5455 2685 5511 nostris.
2718 5453 2886 5526 Multa
2930 5452 3156 5508 laudant
3200 5450 3371 5507 sancti
3412 5450 3601 5506 Patres
3649 5465 3775 5521 quae

2160 5524 2366 5583 tantum
2396 5526 2713 5583 memoriter
2741 5524 3036 5597 proferunt.

2233 5599 2303 5667 (ε)
2333 5599 2626 5666 Gussanv.,
2656 5598 2720 5652 in
2743 5594 2886 5665 cita,
2918 5596 3124 5653 omisso
3144 5594 3250 5650 ita.
