4062 6182
349 347 446 402 125

1178 343 1254 401 [Ν
1293 344 1563 402 PRIMUM
1601 345 1852 402 BEGUM
1888 344 2426 404 EXPOSITIONES.
2456 377 2530 386 —
2555 347 2683 402 LIB.
2722 348 2792 402 Il.

3545 350 3649 402 126

353 479 468 521 cum
509 471 812 535 correptum
853 481 913 522 se
947 481 1065 522 esse
1109 473 1452 537 peccatorem
1500 465 1754 536 insinuat,
1803 484 1940 539 prae-
1967 468 2026 532 Α
2054 467 2364 539 proﬁciunt,
2412 469 2454 523 si
2503 470 2841 526 altitudinem
2882 471 3194 528 meritorum
3241 478 3295 527 et
3341 470 3654 534 fortitudine

357 553 526 620 sumit,
551 553 736 608 dicens
762 569 776 608 :
808 556 886 610 Tu
901 571 977 621 es,
990 555 1248 620 Domine,
1264 555 1360 625 qui
1381 556 1694 612 restituisti
1711 555 1946 612 heredi-

356 645 516 698 tatem
546 658 730 698 meam
753 643 898 699 mihi
926 645 1100 713 (Psal.
1130 659 1228 711 xv,
1257 645 1332 715 5).
1361 644 1430 698 Et
1471 644 1600 699 item
1645 643 1942 714 conﬁdens,

355 732 421 786 ait
445 747 460 786 :
489 732 764 800 Quoniam
780 750 896 791 non
918 733 1273 806 derelinquas
1289 735 1390 790 ani
1397 749 1548 789 mam
1559 750 1744 790 meam
1765 735 1824 789 in
1844 736 1942 790 in-

351 821 506 891 ferno
534 820 717 889 (lbid.,
747 823 859 891 10).
889 821 1010 878 Vite
1045 838 1282 892 namque
1323 823 1452 876 vitae
1496 823 1766 892 peccaturi
1801 832 1944 879 nota:

355 906 472 980 ﬁunt
495 909 714 978 quando
737 909 1053 966 atilictiones
1077 910 1481 987 paenitentiae-ei
1523 911 1782 965 divinitus
1805 911 1942 965 insi-

349 1005 589 1066 nuantur,
617 998 834 1067 quando
859 999 1113 1054 videlicet
1135 999 1441 1054 illuminata
1467 1007 1646 1054 mente
1697 999 1942 1055 conside-

348 1093 423 1139 rat
445 1101 608 1155 quam
632 1087 758 1141 vitae
775 1087 1191 1142 amaritudinem
1209 1087 1440 1159 singulis
1458 1088 1748 1158 praeteritae
1767 1089 1943 1158 culpa:

349 1173 788 1230 delectationibus
841 1183 1100 1246 apponat.
1151 1174 1254 1244 Qui
1313 1175 1566 1230 nimirum
1615 1193 1737 1230 cum
1786 1177 1938 1232 vultu

346 1262 724 1332 omnipotentis
749 1263 844 1318 Dei
857 1263 1098 1332 jucunda
1120 1263 1306 1319 laetitia
1330 1264 1616 1334 adimpleri
1641 1265 1718 1335 (a)
1739 1264 1938 1337 gloria-

347 1359 437 1418 tur,
463 1351 591 1420 quia
617 1352 688 1406 de
715 1351 1002 1407 manifesta
1026 1351 1226 1407 divina
1269 1351 1742 1422 contemplationis
1767 1354 1937 1410 satie-

342 1446 439 1493 tate
460 1437 718 1506 reﬁcitur,
746 1447 798 1495 et
822 1439 912 1510 qui
939 1439 994 1494 in
1013 1439 1152 1497 laeva
1175 1440 1300 1494 vitae
1318 1441 1604 1510 praesentis
1628 1442 1696 1495 ad
1726 1450 1938 1512 tempus

337 1526 645 1596 pmnitendo
670 1528 1073 1600 compungitur,
1103 1527 1157 1582 in
1183 1529 1369 1583 dextra
1386 1537 1600 1586 aeterna:
1620 1529 1744 1585 vita:
1768 1546 1938 1600 usque

336 1614 386 1669 in
405 1615 566 1671 ﬁnem
619 1615 1072 1672 delectationibus
1119 1616 1363 1672 satiatur.
1409 1616 1513 1686 Qui
1562 1633 1693 1689 ergo
1745 1627 1938 1672 tortam

333 1703 482 1773 panis
504 1702 728 1770 obtulit,
771 1705 841 1759 ad
867 1704 1130 1760 buccellae
1171 1705 1558 1760 comestionem
1605 1706 1936 1776 perducitur,

338 1791 568 1862 quiaqui
615 1809 803 1849 amore
843 1809 1096 1863 supemm
1145 1794 1270 1849 vitae
1316 1793 1508 1848 noxias
1555 1794 1940 1849 delectationes

331 1880 540 1950 cruciat,
571 1881 633 1935 in
674 1881 948 1937 discubitu
994 1883 1178 1938 aeterni
1228 1881 1415 1955 gaudii
1461 1882 1566 1937 sibi
1617 1890 1936 1953 perpetuam

331 1968 679 2026 refectionem
703 1977 886 2041 parat.
923 1971 1178 2043 Sequitur
1205 1990 1216 2026 :

971 2121 1199 2180 CAPUT
1224 2123 1314 2180 IV.

391 2247 434 2314 (Ι
457 2246 605 2319 Reg.
632 2261 714 2314 ηπ,
744 2244 821 2315 1.)
847 2248 995 2304 Puer
1033 2251 1235 2303 autem
1282 2247 1518 2304 Samuel
1567 2248 1939 2305 ministrabat

326 2335 553 2392 Domina
578 2351 776 2393 coram
803 2335 948 2391 Heli.

386 2432 618 2488 Lillud
643 2440 826 2488 autem
866 2433 970 2489 hoc
1015 2433 1072 2488 in
1117 2433 1240 2488 loco
1287 2434 1569 2504 repetiisse
1615 2436 1934 2504 ostenditur,

331 2523 466 2591 quod
493 2522 565 2577 de
592 2521 769 2578 electo
793 2537 963 2592 puero
987 2522 1236 2593 superius
1259 2531 1608 2590 memoratur,
1635 2524 1728 2578 ubi
1755 2525 1886 2578 dicit
1915 2543 1926 2579 :

322 2611 464 2666 Puer
485 2615 694 2667 autem
719 2613 952 2669 Samuel
977 2615 1101 2668 erat
1125 2613 1392 2668 minister
1416 2614 1480 2668 in
1504 2617 1812 2684 conspectu
1831 2614 1929 2670 Do-

323 2701 463 2755 mini
485 2705 636 2756 ante
677 2703 888 2772 faciem
914 2701 1058 2757 Heli.
1091 2701 1207 2755 Hoc
1251 2701 1472 2771 quidem
1515 2709 1595 2755 est
1619 2700 1930 2756 ministrare

320 2788 546 2844 Domino
565 2803 758 2844 coram
775 2789 919 2857 Heli,
935 2789 1081 2860 quod
1099 2804 1217 2844 esse
1244 2789 1548 2843 ministrum
1568 2789 1784 2844 Domini
1805 2797 1928 2844 ante

321 2877 509 2932 faciem
533 2877 684 2931 Heli.
703 2877 772 2932 Et
793 2877 919 2947 quia
937 2876 1013 2932 ibi
1033 2877 1196 2944 istud,
1223 2877 1457 2933 Domino
1482 2878 1796 2947 adjuvaute,
1815 2877 1928 2947 ple-

236 3000 242 3004 -
321 2964 433 3018 nius
454 2965 840 3036 exposuimus,
863 2965 920 3019 in
941 2964 1183 3021 iteranda
1199 2966 1317 3035 ejus
1337 2965 1681 3035 expositione
1711 2965 1926 3035 penitus

319 3069 420 3108 non
443 3070 749 3110 moramur.
774 3054 976 3108 Verum
1001 3053 1126 3125 quia
1151 3053 1373 3108 divinus
1397 3070 1576 3108 sermo
1602 3061 1702 3120 est,
1719 3054 1807 3124 qui
1825 3055 1927 3108 hoc

320 3140 370 3195 in
391 3141 491 3197 isto
515 3143 669 3210 loco,
697 3150 751 3196 et
773 3141 830 3196 in
855 3142 951 3197 illo
993 3141 1247 3212 loquitur,
1272 3142 1389 3197 sine
1431 3141 1660 3197 utilitate
1701 3142 1925 3197 rationis

315 3245 662 3301 nequaquam
689 3231 791 3286 hoc
809 3231 987 3302 egisse
1012 3239 1358 3286 monstratur.
1382 3231 1482 3287 Pro
1498 3229 1718 3286 fastidio
1742 3230 1923 3300 itaque

317 3316 530 3374 lectoris
577 3317 1024 3389 explanationem
1091 3327 1348 3386 tacemus,
1397 3319 1734 3388 repetitionis
1791 3335 1922 3374 vero

317 3423 529 3462 causam
558 3407 800 3462 dicimus
822 3408 893 3462 ad
919 3407 1038 3477 ejus
1081 3407 1387 3462 utilitatem.
1417 3407 1654 3476 Quidam
1690 3423 1924 3478 namque

315 3495 668 3564 palatorum
694 3503 897 3551 sanctae
937 3495 1190 3552 Ecclesia:
1231 3496 1548 3568 magisterio
1586 3495 1790 3550 subditi
1837 3511 1922 3550 ru-

314 3584 408 3638 des
427 3583 735 3653 obediunt;
763 3585 860 3639 sed
886 3601 1009 3639 cum
1043 3584 1206 3655 paulo
1243 3585 1408 3640 altius
1435 3600 1532 3654 per
1563 3584 1923 3640 conversatio-

309 3686 432 3726 nem
457 3671 778 3742 proﬁciunt,
815 3672 872 3726 in
907 3673 1098 3728 eadem
1137 3673 1462 3728 obedientiae
1496 3673 1797 3728 humilitate
1821 3688 1921 3728 ne—

315 3776 588 3831 quaquam
613 3761 932 3830 persistunt.
956 3759 1120 3834 jQuos
1157 3760 1298 3816 bene
1342 3763 1488 3833 Agar
1532 3761 1682 3817 Sarae
1727 3761 1923 3816 ancilla

314 3848 634 3918 spiritaliter
656 3849 926 3921 designat,
953 3866 1074 3920 quae
1100 3865 1222 3904 cum
1248 3850 1317 3904 de
1352 3849 1626 3904 Abraham
1663 3849 1778 3904 viro
1803 3849 1922 3918 ejus

311 3937 633 4008 concepisse
655 3953 714 3993 se
737 3938 893 4006 vidit,
917 3937 1192 3993 dominam
1211 3937 1689 4010 despexerit(Gen.
1713 3955 1824 4007 xvr,
1839 3941 1916 4008 5).

313 4025 453 4095 Agar
477 4026 691 4096 quippe
729 4025 966 4096 concipit
1005 4027 1223 4096 quando
1248 4027 1480 4097 reproba
1519 4041 1672 4081 mens
1696 4027 1916 4094 subditi,

313 4121 398 4167 aut
419 4130 522 4184 per
545 4113 911 4170 eruditionem
958 4115 1200 4170 scientiae
1243 4131 1306 4171 se
1351 4115 1632 4185 proﬁcere,
1683 4124 1774 4170 aut
1822 4131 1922 4185 per

315 4201 438 4256 vitae
462 4203 960 4272 conversationem,
979 4204 1170 4258 credit.
1199 4203 1338 4273 Quae
1355 4203 1602 4274 profecto
1627 4219 1920 4275 praegnans

317 4288 598 4346 dominam
625 4306 780 4345 suam
829 4291 1142 4361 despexisse
1183 4292 1397 4360 dicitur,
1427 4292 1553 4362 quia
1585 4291 1703 4362 jam
1727 4291 1916 4360 praesi-

315 4377 457 4432 denti
482 4379 592 4434 sibi
634 4379 915 4448 praepositi
963 4379 1045 4434 sui
1093 4380 1356 4434 voluntati
1405 4395 1505 4450 per
1549 4379 1916 4435 obedientiam

313 4464 470 4520 subdi
497 4467 850 4538 dedignatur.
865 4467 973 4522 Sed
1001 4485 1123 4538 quae
1140 4468 1418 4523 dominam
1443 4467 1694 4538 despicit,
1723 4468 1920 4523 ancilla

2057 566 2320 613 conantur
2341 559 2542 628 operis,
2569 567 2622 614 et
2645 560 2840 616 virtute
2864 560 3201 616 humilitatis.

2127 651 2178 701 2.
2209 646 2329 716 Quo
2356 647 2410 702 in
2436 648 2556 703 loco
2582 657 2660 704 est
2709 649 2856 703 aliud
2883 651 3028 719 quod
3053 649 3224 705 notari
3275 649 3469 704 debeat
3495 667 3508 705 :
3539 633 3646 701 96

2053 735 2178 806 quia
2229 745 2354 790 tunc
2400 737 2617 792 Samuel
2666 753 2848 792 coram
2898 737 3015 790 lIcli
3065 738 3298 792 Domino
3346 737 3652 793 ministrare

2051 825 2372 893 ostenditur,
2419 827 2635 896 quando
2682 826 2798 896 ipse
2846 827 2913 880 de
2960 825 3193 882 ﬁliorum
3241 826 3572 897 negligentia
3618 842 3652 880 a

2050 913 2285 968 Domino
2309 914 2648 986 objurgatur.
2677 915 2930 970 Nonnulli
2979 931 3214 984 namque
3240 913 3488 984 subjecti,
3517 913 3646 969 dum

2049 1001 2380 1058 fortitudinis
2429 1021 2541 1058 suae
2610 1005 2833 1059 modum
2883 1004 3248 1071 considerant,
3296 1002 3647 1072 praelatorum

2050 1106 2270 1148 suorum
2299 1092 2503 1147 malunt
2529 1109 2650 1148 esse
2696 1093 2870 1148 severi
2923 1092 3139 1163 judices
3187 1108 3348 1162 quam
3375 1091 3650 1147 auditores

2046 1180 2144 1249 pii.
2174 1179 2278 1249 Qui
2303 1181 2558 1235 nimirum
2585 1183 2711 1251 quia
2737 1197 3069 1254 exaggerare
3089 1189 3140 1235 et
3166 1180 3436 1235 discutere
3459 1195 3644 1234 eorum

2041 1268 2180 1323 vitas
2206 1279 2620 1338 consueverunt,
2672 1271 2714 1324 si
2765 1271 2817 1324 in
2867 1287 3052 1326 eorum
3100 1269 3511 1325 conversatione
3557 1269 3644 1323 vel

2037 1355 2260 1412 levioris
2287 1359 2468 1412 delicti
2518 1359 2758 1414 maculas
2782 1358 3071 1426 intuentur,
3100 1357 3256 1412 subdi
3286 1373 3484 1412 eorum
3511 1373 3648 1428 prae-

2040 1455 2198 1516 cepto
2236 1447 2544 1503 obcdiendo
2568 1457 2814 1503 renuunt.
2847 1447 2954 1503 Sed
2978 1463 3105 1503 vere
3138 1447 3305 1502 fortes
3328 1447 3641 1514 existerent,

2039 1535 2082 1590 si
2110 1536 2379 1606 majorum
2405 1552 2524 1606 quae
2572 1535 2784 1590 inﬁrma
2831 1536 3142 1590 existimant
3186 1535 3461 1590 humiliter
3484 1533 3641 1590 susti-

2039 1632 2244 1679 nerent.
2273 1625 2412 1679 Nam
2462 1633 2584 1679 ante
2610 1625 2782 1679 Deum
2831 1625 2922 1679 ille
2977 1640 3210 1696 magnus
3249 1640 3348 1695 per
3394 1624 3644 1678 meritum

2039 1713 2296 1781 noscitur,
2327 1713 2416 1784 qui
2444 1713 2491 1768 ei
2520 1713 2574 1767 in
2619 1713 2765 1768 bono
2813 1722 3086 1784 praecepto
3135 1712 3418 1783 subjicitur
3442 1713 3530 1783 qui
3579 1729 3642 1768 ex

1965 1830 2019 1889 B
2049 1810 2201 1872 parte
2231 1801 2413 1872 aliqua
2437 1801 2765 1857 venerabilis
2789 1817 2896 1856 non
2924 1802 3153 1857 videtur.
3182 1803 3322 1856 Ecce
3345 1801 3490 1856 enim
3523 1801 3642 1856 Heli

2047 1897 2234 1960 aperta
2266 1891 2364 1946 Dei
2391 1891 2657 1945 sententia
2704 1891 2772 1945 de
2811 1889 3158 1962 negligentie
3183 1906 3295 1946 sum
3335 1897 3645 1960 perpetrata

2047 1979 2207 2048 culpa
2232 1979 2662 2048 reprehenditur,
2692 1981 2789 2034 sed
2815 1995 2950 2050 puer
2971 1979 3187 2034 Domini
3213 1977 3430 2034 Samuel
3458 1993 3640 2033 coram

2045 2084 2110 2122 eo
2137 2067 2442 2122 ministrare
2467 2067 2700 2122 Domino
2747 2076 3096 2135 memoratur,
3123 2075 3179 2123 ut
3203 2067 3447 2138 profecto
3495 2066 3640 2136 apud

2045 2171 2102 2210 se
2127 2156 2350 2228 colligat
2376 2155 2551 2226 qualis
2575 2155 2642 2210 sit
2669 2155 2758 2226 qui
2785 2156 2837 2210 in
2889 2156 3076 2212 leviori
3121 2157 3281 2226 culpa
3305 2157 3410 2230 sibi
3445 2155 3640 2226 praela-

2045 2252 2156 2298 tum
2183 2244 2435 2314 despicit,
2476 2243 2519 2298 si
2567 2245 2615 2300 ei
2665 2260 2725 2300 se
2771 2245 2992 2300 Samuel
3043 2245 3352 2300 obediendo
3397 2243 3642 2299 subdidit

2045 2348 2204 2405 quem
2232 2333 2575 2403 omnipotens
2588 2333 2732 2388 Deus
2749 2333 2830 2386 sui
2857 2332 3124 2387 examinis
3147 2341 3292 2387 tanta
3307 2332 3641 2387 districtione

2043 2421 2375 2492 reprobavit.
2405 2421 2513 2476 Sed
2539 2421 2663 2492 quia
2688 2421 2804 2476 Heli
2841 2437 2948 2476 non
2974 2421 3134 2476 valde
3169 2437 3333 2490 supra
3357 2429 3642 2490 peccantes

2043 2511 2288 2566 subditos
2334 2513 2628 2566 honorasse
2694 2510 3127 2580 reprehenditur,
3176 2509 3316 2580 ipsas
3363 2524 3638 2564 sacrorum

2039 2599 2288 2654 ordinum
2315 2598 2608 2672 dignitates
2635 2600 2928 2669 pensanda:
2951 2608 3091 2654 sunt.
3142 2600 3281 2654 Nam
3308 2606 3483 2654 rector
3502 2613 3638 2668 pec-

2037 2696 2247 2742 cantem
2295 2687 2572 2743 subditum
2619 2688 2718 2742 nisi
2769 2696 3076 2757 correptum
3143 2688 3409 2742 honorare
3455 2686 3636 2754 debet,

2035 2775 2308 2846 subjectus
2333 2785 2514 2832 autem
2538 2792 2636 2831 nec
2662 2784 2785 2830 tunc
2827 2776 3109 2846 praelatum
3159 2775 3458 2845 despicere,
3513 2791 3636 2828 cum

2035 2879 2094 2918 se
2117 2863 2321 2933 justum
2348 2873 2401 2919 et
2425 2865 2576 2918 illum
2610 2864 2892 2935 agnoverit
2917 2871 3286 2933 peccatorem,
3316 2863 3441 2933 quia
3473 2871 3635 2918 aeter-

2034 2969 2135 3007 nus
2157 2953 2334 3023 judex
2366 2953 2704 3008 subditorum
2723 2953 2992 3022 judicium
3022 2960 3220 3008 sanctae
3249 2951 3512 3007 Ecclesia
3543 2967 3634 3006 re-

2035 3042 2272 3096 ctoribus
2304 3041 2506 3109 tribuit,
2559 3042 2656 3096 sed
2701 3042 2924 3096 eosdem
2967 3049 3207 3096 rectores
3265 3039 3638 3095 discutiendos

2033 3145 2132 3186 suo
2163 3130 2394 3184 examini
2429 3129 2742 3184 reservavit.
2787 3130 2902 3183 Hoc
2929 3138 3106 3183 tamen
3127 3129 3306 3198 ipsum
3337 3128 3636 3184 rectoribus

2030 3217 2193 3274 valde
2228 3219 2527 3274 timendum
2559 3227 2658 3285 est,
2719 3219 2863 3287 quod
2907 3217 3004 3272 Dei
3048 3227 3330 3274 servantur
3372 3217 3630 3283 examini,

2032 3307 2157 3376 quia
2179 3314 2324 3362 tanto
2355 3306 2667 3362 subtiliores
2706 3305 2943 3361 rationes
2972 3306 3094 3362 vitae
3127 3314 3178 3361 et
3229 3305 3490 3361 doctrinae
3518 3322 3632 3362 sum

2028 3411 2221 3465 parare
2251 3394 2470 3463 debent,
2531 3402 2729 3465 quanto
2759 3395 3055 3464 sapientior
3107 3402 3190 3449 est
3235 3394 3412 3463 judex
3471 3410 3630 3464 quem

2033 3483 2316 3538 sustinent.
2350 3485 2464 3538 Nec
2490 3491 2690 3537 tantum
2727 3483 2845 3554 ejus
2875 3482 3110 3537 futurum
3146 3483 3414 3551 judicium
3457 3481 3511 3536 in
3541 3481 3631 3536 fu-

2031 3580 2147 3627 tura
2175 3573 2305 3640 vita,
2347 3562 2498 3642 qua-si
2524 3571 2576 3626 in
2636 3571 2933 3644 longinquo
2981 3571 3238 3641 positum,
3271 3570 3512 3638 timeant,
3563 3585 3633 3625 ne

2029 3661 2115 3730 qui
2149 3660 2349 3731 ubique
2393 3676 2638 3731 praesens
2681 3668 2764 3714 est
2815 3659 3091 3714 incautum
3134 3659 3290 3714 feriat
3329 3660 3398 3714 de
3435 3658 3634 3716 vicino.

2027 3749 2378 3822 Negligentes
2407 3765 2638 3819 namque
2667 3755 2910 3818 pastores
2947 3749 3018 3803 ad
3065 3748 3403 3803 evadendam
3435 3747 3628 3802 futura:

2025 3837 2280 3892 vindictae
2309 3853 2526 3907 pmnam
2557 3837 2722 3908 longa
2749 3837 2876 3892 vitae
2905 3837 3184 3906 praesentis
3213 3837 3389 3906 spatia
3417 3837 3486 3891 ad
3515 3851 3630 3907 p03-

2029 3942 2154 3980 nam
2184 3925 2460 3998 cogitant;
2493 3927 2588 3980 sed
2611 3925 2804 3995 judex,
2837 3925 2928 3996 qui
2976 3925 3177 3995 ubique
3223 3934 3321 3993 est,
3355 3925 3422 3980 de
3450 3923 3629 3980 vicino

2027 4014 2398 4084 pmniteutiam
2429 4013 2652 4086 irrogat,
2703 4013 2831 4083 quia
2858 4014 3010 4084 prius
3055 4015 3132 4068 eis
3179 4014 3362 4069 lumen
3392 4023 3630 4069 contem-

2024 4101 2281 4171 plationis
2309 4101 2593 4168 subtrahit,
2637 4101 2835 4155 deinde
2881 4103 2950 4155 ad
2985 4110 3246 4158 tormenta
3275 4119 3374 4172 per
3400 4110 3627 4157 mortem

2025 4189 2186 4260 rapit.
2221 4189 2376 4245 Unde
2405 4195 2458 4244 et
2487 4190 2554 4244 de
2583 4189 2775 4244 eodem
2805 4189 2946 4258 Heli,
2977 4189 3068 4260 qui
3100 4191 3168 4245 de
3195 4191 3359 4260 paulo
3388 4189 3630 4258 inferius,

2025 4278 2195 4333 fracta
2225 4277 2454 4347 cervice,
2488 4277 2730 4346 moritur,
2773 4277 3116 4348 subjunctum
3146 4286 3225 4333 est
3257 4295 3269 4331 :

2095 4383 2268 4454 (Vers.
2303 4385 2378 4454 1.)
2409 4384 2472 4439 ιη
2501 4384 2694 4441 diebus
2715 4385 2834 4440 illis
2855 4401 2971 4442 non
2990 4389 3116 4441 erat
3138 4386 3274 4441 visio
3293 4384 3624 4456 manifesta.

2099 4475 2150 4528 3.
2181 4473 2322 4528 Nam
2353 4473 2482 4528 dum
2533 4481 2707 4528 rector
2753 4474 2967 4545 agenda
3013 4490 3134 4544 qua-3
3182 4473 3332 4529 novit
3377 4473 3626 4544 despicit,

313 4569 428 4609 esse
454 4554 794 4625 perhibetur,
823 4555 949 4626 quia
982 4556 1200 4626 superbi
1225 4555 1452 4626 subjecti
1495 4565 1548 4612 et
1571 4555 1768 4610 inﬁrmi
1795 4565 1920 4612 sunt
1945 4547 1998 4606 D
2027 4561 2207 4633 agitur
2233 4577 2355 4615 cum
2386 4577 2450 4616 eo
2474 4561 2715 4616 districto
2731 4561 2960 4632 judicio,
2985 4570 3043 4617 ut
3063 4563 3277 4634 agenda
3297 4579 3405 4618 non
3424 4562 3627 4629 videat,

315 4657 413 4712 per
434 4643 754 4710 elationem,
781 4651 835 4698 et
879 4645 948 4698 ad
975 4642 1208 4701 ﬁliorum
1236 4645 1332 4700 Dei
1357 4661 1640 4700 numerum
1665 4661 1772 4702 non
1795 4661 1917 4716 per-

317 4728 550 4802 tingant.
577 4731 851 4787 Samuelis
897 4740 1075 4788 autem
1121 4734 1398 4803 profectus
1445 4734 1748 4803 exponitur,
1791 4733 1918 4804 quia

311 4820 562 4888 superius
585 4819 792 4876 dictum
819 4827 898 4875 est
922 4834 935 4874 :
962 4823 1108 4876 Puer
1122 4825 1316 4877 autem
1334 4821 1574 4878 Samuel
1583 4821 1914 4893 proﬁciebat

308 4906 386 4976 (b)
409 4912 468 4964 et
493 4907 786 4964 crescebat
805 4908 1129 4980 etplacebat
1145 4914 1265 4966 tam
1282 4912 1393 4966 Deo
1407 4927 1577 4984 quam
1595 4911 1916 4966 hominibus

309 4992 360 5061 (ι
381 4997 512 5067 Reg.
555 5011 617 5065 ιι,
669 4997 784 5066 18.)
809 4995 947 5064 Quae
993 4997 1238 5067 profecto
1286 4998 1386 5054 tria
1433 5015 1539 5068 qua
1583 4997 1918 5054 sublimitate

309 5084 745 5140 conversationis
765 5085 1107 5154 percurrerit,
1131 5102 1302 5156 supra
1326 5087 1630 5157 expositum
1654 5095 1755 5142 est.
1775 5085 1916 5156 Quia

313 5185 443 5242 ergo
467 5173 634 5228 etiam
661 5188 804 5228 nunc
827 5189 1010 5229 coram
1059 5175 1322 5247 magi-stre
1369 5177 1672 5231 ministrare
1709 5191 1914 5232 memo-

313 5266 480 5326 ratur,
508 5260 638 5330 quid
663 5269 766 5328 est,
795 5260 898 5315 nisi
930 5261 1057 5332 quia
1079 5262 1264 5318 electis
1305 5263 1642 5320 auditoribus
1681 5261 1913 5319 formam

312 5347 547 5415 praebet,
572 5357 629 5404 ut
653 5364 764 5420 quo
787 5349 964 5404 altiori
992 5350 1102 5406 vita
1137 5351 1442 5421 proﬁciunt,
1470 5368 1686 5408 servare
1710 5352 1910 5407 bonum

311 5432 641 5493 obedientiae
685 5453 964 5508 nunquam
1009 5439 1433 5497 obliviscantur?
1453 5442 1594 5496 Nam
1641 5449 1764 5496 tunc
1787 5455 1912 5498 vere

381 5583 462 5654 (a)
491 5586 745 5646 Mandose
769 5588 969 5661 legitur
990 5588 1045 5644 in
1071 5590 1323 5647 omnibus
1345 5591 1548 5648 nostris
1589 5592 1767 5649 Editis
1791 5595 1908 5666 glo-

317 5673 448 5728 rian
455 5678 569 5730 tur.

2025 4649 2153 4720 quia
2182 4649 2408 4719 implere
2437 4650 2608 4704 noluit
2637 4651 2782 4720 quod
2813 4649 3052 4705 videbat.
3085 4651 3368 4707 Manifesta
3395 4667 3633 4722 namque

2026 4737 2162 4792 visio
2193 4737 2516 4810 negligentis
2544 4738 2776 4807 pastoris
2805 4755 2913 4793 non
2941 4747 3039 4808 est,
3071 4739 3162 4795 sed
3194 4741 3442 4795 amantis.
3475 4741 3632 4797 Unde

2027 4833 2078 4880 et
2107 4842 2204 4895 per
2230 4825 2464 4895 seipsam
2499 4825 2705 4880 Veritas
2735 4826 2895 4881 dicit:
2924 4829 3231 4900 Quidiligit
3250 4845 3336 4885 me
3358 4829 3630 4900 diligetur

2023 4930 2059 4970 α
2087 4915 2256 4969 Patre
2286 4929 2425 4978 meo.
2461 4917 2518 4969 et
2546 4928 2640 4984 ego
2671 4914 2906 4986 diligam
2927 4931 3076 4982 eum,
3095 4920 3147 4973 et
3171 4916 3547 4988 manifestabo
3576 4917 3630 4972 ei

2022 5003 2300 5073 meipsum
2333 5002 2516 5070 (Joan.
2541 5018 2656 5068 xxv,
2690 5002 2800 5074 21).
2829 5002 3056 5058 Claritas
3075 5021 3308 5076 namque
3330 5005 3629 5060 manifestae

2024 5088 2267 5158 visionis,
2300 5096 2385 5145 est
2415 5089 2672 5146 revelatio
2702 5099 2898 5146 amatae
2933 5092 3189 5148 veritatis.
3223 5093 3356 5160 Quae
3385 5091 3628 5162 profecto

2025 5178 2221 5234 veritas
2251 5177 2296 5232 si
2327 5177 2519 5233 merito
2550 5177 2857 5235 dilectionis
2885 5181 3209 5247 ostenditur,
3259 5179 3326 5234 iis
3374 5179 3466 5252 qui
3516 5187 3628 5235 tor-

2017 5274 2146 5337 pent
2175 5282 2206 5321 a
2236 5266 2381 5322 bono
2425 5282 2590 5337 Opere
2633 5265 2955 5338 dignissime
3000 5267 3323 5336 occultatur,
3375 5269 3503 5340 quia
3548 5268 3628 5322 si-

2017 5371 2184 5427 gnum
2213 5356 2415 5410 amoris
2446 5372 2555 5410 non
2587 5364 2670 5410 est
2701 5355 2756 5410 in
2785 5354 3073 5412 aﬂ‘ectioue
3095 5354 3279 5424 animi,
3315 5356 3408 5412 sed
3438 5357 3494 5411 in
3525 5365 3632 5412 stu-

2018 5443 2108 5501 dio
2141 5445 2300 5500 bonae
2331 5443 2682 5517 operationis.
2711 5441 2867 5500 Unde
2897 5450 2946 5498 et
2973 5444 3028 5503 in
3052 5444 3348 5518 Evangelio
3369 5445 3632 5504 Dominus

2089 5594 2166 5666 (b)
2199 5592 2475 5650 Omittitur
2505 5591 2560 5646 in
2591 5590 2868 5652 Gussanv.
2895 5597 2952 5652 et
2981 5595 3272 5654 crescebat
3295 5600 3353 5655 et
3377 5597 3635 5670 placebat

2025 5687 2146 5740 tam
2177 5683 2312 5738 Deo.
