4062 6182
368 407 472 462 127

1571 384 1819 442 SANCTI
1857 378 2208 437 Gnaeonu
2247 351 2471 433 mam

3575 362 3675 417 128

358 526 635 603 praemisit,
666 524 852 579 dicens
878 537 891 577 :
930 523 1035 592 Qui
1064 521 1227 577 habet
1254 517 1529 574 mandata
1557 530 1705 581 mea,
1730 515 1786 569 et
1808 508 1954 582 facit
1986 503 2041 567 Α
2143 506 2194 556 6.
2216 500 2433 558 Samuel
2465 497 2669 570 quippe
2697 509 2833 565 puer
2869 508 2901 548 a
2945 488 3178 547 Domino
3215 494 3441 544 vocatur
3467 485 3678 556 quoties

2068 594 2084 603 .
2206 591 2278 603 ..ιι
2458 588 2470 603 ι
2500 589 2511 599 ι
2586 587 2616 603 .·
2696 582 2844 603 νηδύι
2881 580 3080 603 _-___:I::
3118 594 3308 603 ..-ηις-..-
3346 575 3654 603 mundani..-

359 602 445 684 ea,
479 617 570 672 hic
600 618 680 670 est
711 614 807 687 qui
835 628 923 668 me
954 611 1146 681 diligit
1176 608 1378 680 (Ibid).
1413 606 1555 674 Quia
1584 617 1721 676 ergo
1753 602 1821 656 de
1850 616 1957 654 ne—

361 704 623 781 gligentia
654 702 833 773 Operis
863 700 1041 772 caligo
1089 697 1382 754 incurritur
1427 696 1661 748 internae
1711 688 1961 752 visionis,

366 777 491 865 apte
511 792 693 860 nimis,
718 791 848 846 dum
881 789 948 843 de
979 794 1289 857 contemptu
1312 784 1688 838 mandatorum
1709 777 1963 833 sacerdos

361 883 626 957 arguitur,
658 880 795 934 visio
827 877 1087 934 occultata
1117 881 1469 944 memoratur.
1505 870 1759 942 Sequitur
1793 882 1805 921 :

439 973 616 1043 (Vcrs.
651 970 726 1039 1.)
760 970 827 1023 Et
855 982 1040 1023 sermo
1073 965 1295 1021 Domini
1328 965 1452 1018 erat
1484 961 1786 1034 pretiosus.

447 1064 495 1116 ll.
532 1059 798 1129 Quantum
829 1056 895 1110 ad
928 1070 1098 1110 sacrae
1130 1052 1369 1107 historiae
1400 1050 1678 1106 veritatem
1709 1046 1965 1119 pertinet,

371 1149 664 1223 pretiosum
696 1161 797 1218 pro
828 1160 948 1199 raro
990 1143 1195 1215 posuit.
1245 1139 1516 1195 Pretiosus
1563 1138 1741 1206 itaque
1789 1150 1968 1189 sermo

371 1246 508 1304 erat,
532 1237 655 1307 quia
685 1236 812 1290 dum
841 1249 994 1288 rarus
1024 1238 1164 1288 esset
1193 1231 1282 1303 qui
1314 1244 1523 1284 summa
1552 1223 1969 1296 contemplando

373 1334 636 1389 cerneret,
670 1325 927 1396 frequens
968 1336 1091 1377 esse
1139 1335 1247 1377 non
1287 1326 1497 1390 poterat
1546 1316 1638 1388 qui
1686 1316 1837 1370 bona
1883 1313 1969 1367 lo-

376 1414 594 1488 quando
623 1413 967 1484 praedicaret.
1018 1409 1177 1479 Quod
1227 1425 1367 1463 nunc
1415 1422 1630 1479 quoque
1682 1405 1735 1458 in
1780 1409 1973 1459 sancta

372 1503 615 1560 Ecclesia
644 1504 748 1572 97
786 1500 897 1556 ﬁeri
948 1499 1216 1568 videmus,
1267 1499 1394 1569 quia
1439 1497 1568 1550 dum
1616 1495 1868 1566 plerique
1904 1493 1973 1548 de

371 1592 666 1648 reverentia
697 1590 952 1646 culminis
983 1589 1215 1660 gloriam
1264 1588 1517 1645 affectant
1563 1587 1808 1653 honoris,
1845 1585 1973 1640 dum

377 1681 519 1735 sacri
542 1680 748 1735 ordinis
770 1679 1069 1734 ministeria
1089 1678 1390 1751 negligunt,
1413 1693 1619 1732 summa
1646 1693 1766 1746 quae
1789 1676 1977 1731 videre

378 1764 657 1842 nequeunt
684 1768 945 1838 subjectis
974 1767 1225 1837 plebibus
1256 1767 1555 1838 praedicare
1584 1782 1692 1821 non
1733 1772 1974 1836 possunt,

380 1865 543 1929 atque
574 1857 627 1910 in
659 1873 843 1911 eorum
875 1855 1076 1911 familia
1108 1855 1371 1927 pretiosus
1401 1870 1579 1910 sermo
1610 1870 1731 1909 esse
1762 1869 1972 1925 cogno-

380 1947 566 2013 scitur,
628 1946 753 2015 quia
800 1961 922 2001 raro
968 1946 1130 2000 bonae
1179 1944 1581 2015 praedicationis
1638 1945 1979 1998 hortamenta

382 2035 628 2102 audiunt,
663 2049 894 2106 quorum
923 2034 1131 2106 praelati
1165 2051 1226 2088 ex
1260 2033 1530 2089 desiderio
1579 2048 1685 2087 non
1736 2035 1984 2101 quaerunt

386 2138 621 2193 superna
653 2140 775 2195 quae
805 2123 1004 2186 dicant,
1056 2123 1152 2177 sed
1190 2127 1403 2177 terrena
1449 2139 1569 2192 qua:
1612 2125 1798 2193 agant.
1833 2120 1983 2188 Quos

383 2212 629 2283 profecto
667 2227 822 2267 sacra
870 2212 1146 2282 Scriptura
1194 2218 1361 2277 notat,
1413 2227 1535 2282 quae
1583 2210 1764 2264 dicit:
1802 2210 1981 2264 Canes

386 2300 536 2355 muti
564 2317 679 2356 non
710 2302 963 2356 valentes
996 2300 1210 2355 latrare
1242 2300 1369 2369 (Isa.
1405 2314 1514 2364 va,
1550 2299 1661 2363 10).
1694 2300 1817 2353 Non
1847 2297 1986 2352 dixit

386 2404 496 2444 non
514 2388 781 2455 volentes,
795 2390 890 2443 sed
921 2405 1029 2443 non
1048 2388 1311 2454 valentes,
1332 2388 1458 2457 quia
1477 2393 1625 2441 certe
1644 2386 1773 2440 dum
1796 2385 1983 2441 mundi

388 2477 616 2550 gloriam
648 2493 711 2531 ex
744 2484 854 2532 toto
885 2476 1064 2543 corde,
1097 2484 1149 2531 et
1179 2492 1241 2532 ex
1276 2484 1382 2531 tota
1412 2476 1611 2544 anima,
1660 2483 1713 2529 et
1762 2490 1825 2529 ex
1877 2482 1986 2529 tota

389 2574 574 2621 mente
602 2573 652 2621 et
681 2566 875 2621 virtute
923 2565 1186 2637 diligunt,
1237 2564 1439 2620 vellent
1484 2563 1684 2635 populo
1733 2562 1988 2617 sublimia

389 2653 587 2719 dicere,
612 2662 669 2709 ut
698 2653 857 2708 etiam
888 2654 955 2709 de
978 2653 1309 2707 sublimitate
1330 2653 1479 2708 verbi
1511 2660 1737 2723 possent
1755 2650 1987 2724 gloriam

389 2742 612 2796 habere.
648 2742 822 2798 Canes
852 2758 984 2815 ergo
1015 2741 1151 2796 muti
1182 2742 1426 2797 volentes
1470 2740 1689 2809 latrare,
1720 2726 1827 2797 non
1858 2756 1987 2811 pos-

391 2838 531 2898 sunt,
566 2831 693 2902 quia
740 2832 869 2886 dum
916 2846 1084 2903 pravo
1141 2832 1306 2889 corde
1358 2839 1568 2886 terrena
1626 2830 1986 2895 meditantur,

395 2918 605 2974 occulta
658 2920 903 2975 veritatis
957 2938 1076 2993 quae
1132 2921 1406 2993 proferant
1462 2918 1796 2975 revelatione
1843 2917 1989 2972 nulla

393 3009 872 3078 comprehendunt.
897 3010 1003 3066 Sed
1034 3011 1157 3080 quia
1188 3010 1328 3083 quod
1352 3010 1647 3080 pretiosum
1680 3015 1761 3062 est
1791 3021 1993 3078 magna

395 3112 517 3151 cum
550 3096 833 3170 diligentia
864 3099 1128 3154 custodiri
1159 3099 1316 3165 solet,
1348 3105 1530 3168 potest
1576 3100 1680 3152 hoc
1728 3095 1867 3168 quod
1902 3095 1992 3147 di-

397 3184 537 3240 citur
561 3202 572 3237 :
596 3186 716 3241 Non
737 3191 860 3242 erat
882 3188 1018 3243 visio
1040 3189 1368 3261 manifesta,
1393 3187 1459 3241 ad
1489 3184 1782 3242 carnalium
1802 3182 1993 3253 prmla-

396 3275 574 3329 torum
607 3273 998 3347 negligentiam
1029 3276 1235 3331 referri.

468 3366 521 3417 5.
556 3362 712 3431 Quod
744 3380 872 3419 vero
903 3364 1119 3419 additur
1144 3384 1155 3418 :
1182 3367 1251 3420 Et
1279 3380 1460 3421 sermo
1486 3362 1703 3420 Domini
1726 3365 1852 3417 erat
1869 3376 1998 3433 pre-

400 3451 596 3520 tiosus,
620 3452 689 3505 ad
721 3452 987 3508 bonorum
1008 3454 1203 3507 ardens
1233 3452 1468 3507 studium
1490 3450 1851 3517 subditorum,
1876 3465 1999 3503 cum

398 3539 588 3595 ﬁdeles
610 3541 839 3611 subjecti
869 3542 967 3596 etsi
997 3558 1106 3597 non
1136 3542 1339 3596 habent
1368 3542 1459 3613 qui
1491 3541 1570 3594 eis
1592 3539 1903 3611 frequenter
1929 3538 1997 3593 de

400 3632 656 3684 thesauro
687 3631 823 3685 sacri
854 3630 1055 3703 eloquii
1087 3645 1325 3701 superna
1351 3628 1627 3700 praedicet,
1661 3629 1763 3684 hoc
1793 3634 1997 3681 tantum

403 3718 546 3787 quod
576 3718 867 3791 aliquando
898 3719 1035 3775 scire
1066 3726 1361 3789 potuerunt
1382 3717 1510 3772 mira
1533 3717 1822 3772 devotione
1851 3730 2001 3771 com-

400 3806 731 3878 plectuntur,
764 3815 817 3862 et
847 3807 991 3863 velut
1039 3824 1153 3862 rem
1200 3807 1547 3863 ineﬂ'abiliter
1574 3806 1869 3878 pretiosam
1898 3820 1997 3860 cu—

402 3895 660 3966 stodiunt,
694 3897 819 3951 dum
852 3912 949 3967 per
976 3896 1121 3951 bona
1151 3913 1316 3967 opera
1344 3896 1399 3950 in
1428 3896 1567 3953 ccrlo
1597 3894 1881 3963 collocant,
1906 3894 1999 3949 ubi

407 3982 553 4039 fures
582 3984 671 4057 qui
731 3984 785 4038 id
828 3985 1040 4040 auferre
1082 3984 1297 4041 valeant
1326 4000 1668 4058 nequaquam
1700 3984 1999 4056 appropin-

406 4080 591 4144 quant.
625 4073 777 4129 Unde
807 4082 859 4129 et
886 4073 939 4128 in
971 4074 1266 4145 Evangelia
1297 4074 1367 4129 de
1395 4082 1635 4145 emptore
1665 4072 1822 4128 bonae
1852 4089 2001 4127 mar-

408 4163 599 4236 garitae
629 4163 826 4219 dicitur
850 4182 861 4217 :
883 4164 1118 4220 Inventa
1136 4181 1252 4220 una
1270 4166 1521 4236 pretiosa
1543 4164 1880 4234 margarita,
1901 4162 2001 4217 de-

408 4253 513 4320 dit,
546 4254 739 4309 omnia
769 4269 871 4310 sua
901 4257 959 4309 et
977 4256 1326 4326 comparavit
1344 4269 1468 4308 eam
1491 4251 1715 4320 (Matth.
1737 4266 1851 4319 xm,
1876 4254 1993 4316 16).

409 4340 543 4396 Cum
573 4342 753 4414 itaque
784 4343 836 4396 in
868 4343 1153 4398 occultatae
1183 4340 1407 4397 visionis
1451 4348 1693 4410 tempore
1734 4338 2003 4409 pretiosus

409 4445 587 4483 sermo
616 4446 738 4485 esse
768 4430 1089 4485 describitur
1116 4431 1430 4494 electorum,
1456 4427 1791 4482 subditorum
1821 4425 2006 4481 laudes

409 4517 736 4580 nuntiantur,
769 4518 895 4587 quia
929 4524 1071 4573 tanto
1100 4516 1402 4572 sublimiori
1450 4515 1625 4589 gloria
1671 4515 2004 4585 praedicandi

412 4612 555 4670 sunt,
589 4612 788 4676 quanto
837 4605 887 4658 id
938 4606 1178 4673 bonum,
1217 4605 1367 4678 quod
1407 4604 1477 4659 de
1518 4604 1856 4660 eminentiori
1886 4604 2004 4659 loco

408 4693 585 4766 periit,
631 4693 963 4764 perfectione
1010 4710 1227 4766 magnae
1282 4692 1552 4748 charitatis
1575 4694 1629 4747 in
1659 4692 2003 4748 inferioribus

411 4782 690 4837 remansit.
724 4780 961 4849 Quorum
993 4784 1236 4854 profecto
1266 4782 1407 4837 bona
1438 4781 1853 4838 conversatione
1882 4779 2004 4851 ple-

413 4886 640 4941 rumque
669 4872 866 4942 agitur,
896 4880 951 4925 ut
968 4887 1028 4926 ea
1047 4888 1168 4941 quae
1185 4871 1455 4927 occultata
1478 4871 1651 4927 fuerat
1667 4868 1823 4938 visio,
1840 4868 2009 4923 mani-

414 4960 656 5029 festetur,
687 4968 744 5015 ut
772 4961 862 5030 qui
893 4959 1087 5015 devote
1117 4960 1423 5015 custodiunt
1455 4958 1703 5023 minima,
1735 4958 1874 5013 scire
1913 4957 2006 5012 de-

410 5050 579 5106 beant
605 5066 726 5122 quae
758 5047 972 5115 faciant,
1006 5056 1059 5104 et
1078 5048 1304 5117 majora.
1337 5048 1495 5104 Unde
1522 5054 1575 5101 et
1605 5046 1853 5101 subditur
1882 5063 1894 5099 :

485 5140 664 5210 (Vers.
685 5140 845 5210 2.-4.)
859 5139 1092 5195 Factum
1106 5140 1194 5193 est
1214 5137 1394 5208 igitur
1413 5137 1476 5190 in
1500 5135 1590 5191 die
1605 5135 1868 5207 quadam,
1888 5133 2009 5190 Heli

410 5229 639 5301 jacebat
659 5230 721 5285 in
745 5230 862 5287 loco
897 5243 1017 5295 suo,
1040 5231 1097 5282 et
1116 5226 1267 5283 oculi
1304 5226 1423 5295 ejus
1461 5223 1874 5294 caligaverant,
1908 5238 2011 5277 nec

418 5321 639 5387 poterat
662 5317 849 5373 videre
872 5318 1163 5373 lucernam
1186 5312 2011 5387 Dei,antequamexstinguere-

425 5410 541 5461 tur.
562 5406 791 5463 Samuel
807 5411 995 5463 autem
1016 5403 1326 5462 dormiebat
1344 5404 1404 5458 in
1429 5403 1636 5473 templo
1658 5400 1904 5469 Domini,
1922 5399 2013 5454 ubi

425 5497 551 5553 erat
579 5509 716 5549 arca
747 5495 861 5550 Dei.
897 5497 964 5551 Et
990 5495 1204 5552 vocavit
1237 5494 1510 5551 Dominus
1541 5489 1891 5546 Samuelem.

429 5621 574 5749 αξξ)
606 5619 801 5685 Vatic.,
833 5619 965 5690 quia
994 5618 1255 5676 videlicet
1286 5618 1406 5675 Heli
1434 5620 1491 5673 et
1521 5613 1584 5670 in
1617 5615 1732 5673 loco
1775 5627 1878 5669 suo
1915 5612 2016 5682 ja-

2068 591 2365 645 humilibus
2393 587 2649 658 subjectis
2679 582 2849 639 divini
2872 580 3083 637 consilii
3116 594 3314 633 arcana
3345 575 3673 641 revelantur,

2071 688 2124 735 et
2179 678 2496 733 humilitatis
2551 690 2663 729 sua:
2720 672 2911 726 merito
2962 669 3145 722 lumen
3203 661 3678 733 contemplationis

2073 768 2373 838 acquirunt,
2398 765 2541 836 quod
2572 761 2841 832 superbiae
2870 774 2982 813 sum
3014 755 3365 812 retributione
3393 751 3519 806 elati
3535 766 3674 821 prae-

2074 858 2340 913 dicatores
2358 854 2608 925 perdunt.
2638 850 2751 905 Sed
2780 847 3077 902 notandum
3101 844 3227 915 quia
3250 843 3304 896 id
3326 840 3561 912 quadam
3588 839 3678 893 die

2075 947 2276 1000 factum
2299 942 2614 1008 ostenditur,
2639 940 2715 1010 (a)
2740 954 2847 1009 qua
2868 934 3122 991 videlicet
3145 931 3263 987 IIeli
3287 939 3338 985 et
3360 930 3416 983 in
3436 928 3558 983 loco
3582 941 3679 981 suo

2069 1035 2273 1104 jacere,
2306 1041 2358 1088 et
2385 1031 2571 1086 videre
2601 1044 2709 1083 non
2736 1041 2897 1097 posse
2923 1022 3255 1094 perhibetur.
3309 1020 3368 1072 In
3410 1016 3499 1072 die
3527 1031 3680 1070 nam—

2076 1139 2180 1193 que
2209 1129 2449 1187 vocatur,
2482 1118 2573 1189 qui
2603 1132 2701 1187 pro
2734 1130 2831 1169 sua
2879 1120 2932 1168 et
2978 1111 3210 1166 aliorum
3260 1107 3431 1163 salute
3478 1105 3549 1160 ad
3597 1120 3682 1158 su-

2076 1227 2259 1283 pernae
2316 1208 2596 1278 sapientiae
2653 1203 2874 1260 scienda
2929 1209 3132 1256 secreta
3187 1195 3501 1252 sustollitur.
3562 1190 3682 1261 Quo

2079 1280 2263 1356 contra
2293 1306 2345 1352 et
2374 1297 2638 1353 Salomon
2667 1291 2994 1363 sapientiam
3044 1289 3100 1342 in
3146 1294 3304 1341 nocte
3330 1280 3593 1355 percepit,
3626 1288 3685 1335 ut

2079 1389 2259 1461 caligo
2289 1385 2547 1456 temporis
2576 1383 2837 1437 indicaret
2884 1378 3013 1451 quia
3060 1375 3310 1431 eamdem
3360 1369 3683 1442 sapientiam

2088 1457 2595 1546 nonvperseveratus
2625 1470 2892 1539 acciperet
2922 1465 3022 1535 (III
3051 1468 3176 1536 Reg.
3197 1478 3277 1531 Ill,
3301 1465 3353 1529 5,
3381 1459 3490 1531 12).
3524 1457 3686 1526 Quod

2081 1565 2308 1636 intelligi
2340 1572 2392 1618 et
2421 1563 2577 1616 aliter
2603 1566 2808 1630 potest,
2861 1556 2990 1627 quia
3036 1552 3290 1608 videlicet
3336 1548 3456 1603 Heli
3504 1547 3685 1619 caligo

2083 1635 2430 1709 memoratur.
2483 1649 2752 1705 Positione
2809 1646 2991 1715 itaque
3049 1641 3176 1709 dici,
3224 1640 3340 1710 ejus
3388 1635 3690 1692 ostenditur

2084 1742 2403 1814 magnitudo
2433 1737 2709 1803 caecitatis,
2741 1735 2867 1806 quia
2896 1730 3140 1803 profecto
3172 1734 3400 1798 magnas
3438 1722 3690 1778 tenebras

2003 1863 2057 1923 B
2088 1810 2294 1897 habuit,
2328 1828 2415 1899 qui
2448 1828 2501 1880 in
2524 1827 2611 1881 die
2632 1842 2740 1880 non
2759 1824 2913 1879 vidit.
2938 1822 3093 1876 Nunc
3113 1831 3327 1889 quoque
3351 1814 3394 1867 si
3418 1812 3486 1911 ad
3500 1810 3688 1910 Eccle-

2088 1920 2183 1973 siae
2212 1926 2410 1972 statum
2437 1914 2774 1985 respicimus,
2807 1910 3075 1984 generalis
3122 1905 3299 1979 gratia
3338 1900 3554 1956 luminis
3583 1906 3684 1953 est.

2089 2008 2247 2063 Venit
2292 2020 2525 2075 namque
2554 2003 2643 2074 qui
2674 2018 2817 2057 vera:
2867 1996 3125 2054 claritatis
3174 1992 3357 2048 radios
3404 2004 3686 2060 spargens,

2091 2097 2325 2152 diceret:
2356 2097 2458 2166 Ego
2487 2109 2614 2149 sum
2647 2093 2750 2147 lux
2779 2087 3001 2152 mundi,
3033 2086 3131 2159 qui
3158 2081 3435 2155 sequitur
3462 2093 3551 2133 me
3572 2092 3692 2132 non

2091 2186 2351 2241 ambulat
2379 2165 2443 2238 in
2476 2182 2718 2238 tenebris
2740 2179 2924 2249 (Joan.
2950 2190 3072 2241 vm,
3098 2173 3207 2242 12).
3234 2172 3299 2225 Et
3330 2170 3436 2239 93
3461 2165 3590 2239 quia
3613 2165 3691 2218 in-

2092 2270 2227 2325 terni
2256 2266 2562 2339 splendoris
2585 2265 2701 2334 ejus
2722 2262 2896 2334 gloria
2926 2258 3216 2313 inetfabilis
3245 2256 3343 2323 est,
3368 2271 3475 2310 non
3497 2254 3697 2308 dicitur

2094 2360 2162 2414 de
2192 2359 2281 2412 die
2311 2358 2431 2423 isto,
2463 2355 2547 2409 vel
2580 2354 2694 2419 illo,
2718 2352 2813 2406 sed
2845 2350 2933 2404 die
2962 2348 3199 2419 quadam
3226 2364 3238 2400 :
3264 2346 3418 2416 cujus
3445 2342 3692 2415 profecto

2094 2447 2200 2501 diei
2231 2446 2447 2501 claritas
2475 2459 2583 2498 non
2611 2449 2717 2504 est;
2752 2437 3010 2494 claritatis
3039 2452 3166 2492 vero
3216 2434 3432 2507 [Nonne
3461 2432 3692 2498 melius,

2094 2535 2310 2590 claritas
2337 2542 2434 2588 est.
2477 2530 2746 2585 Claritatis
2792 2544 2941 2593 vero,
2992 2524 3119 2597 etc.]
3168 2523 3488 2594 magnitudo
3536 2520 3695 2574 inco-

2092 2625 2263 2698 gnita.
2296 2623 2520 2693 Magnas
2549 2635 2679 2691 ergo
2710 2617 2958 2673 tenebras
2981 2616 3168 2669 Pastor
3185 2612 3432 2677 sustinet,
3456 2609 3573 2664 sitis
3600 2606 3695 2677 qui

2095 2695 2352 2769 Ecclesiae
2383 2708 2569 2764 oculus
2598 2723 2714 2763 esse
2740 2722 2840 2777 per
2867 2703 3102 2760 officium
3132 2700 3372 2757 noscitur
3417 2699 3471 2752 in
3518 2695 3696 2768 gratia

2097 2810 2259 2858 tanta:
2305 2799 2439 2854 lucis
2476 2798 2740 2853 visionem
2789 2810 2896 2849 non
2944 2792 3126 2846 habet.
3159 2789 3340 2859 Quare
3367 2795 3421 2842 et
3448 2785 3694 2856 ejusdem

2097 2890 2237 2946 oculi
2270 2888 2516 2944 tenebras
2544 2901 2643 2955 per
2670 2883 3016 2951 semetipsum
3039 2878 3236 2935 veritas
3265 2891 3493 2948 magnas
3521 2882 3699 2929 osten-

2099 2979 2196 3045 dit,
2230 2978 2449 3032 dicens:
2476 2976 2615 3047 [pste
2646 2972 2892 3028 tenebrae
2921 2972 3153 3043 quanta:
3172 2962 3592 3035 erunt(llatth.
3624 2977 3699 3029 v1,

2099 3067 2232 3134 23)?
2263 3066 2372 3121 Sed
2395 3064 2515 3134 jam
2545 3063 2689 3117 unde
2718 3060 2821 3115 sibi
2853 3067 2999 3113 tanta
3021 3056 3201 3127 caligo
3224 3055 3429 3110 oriatur
3448 3050 3703 3116 insinuat,

2100 3156 2225 3226 quia
2256 3154 2386 3209 dicit
2417 3171 2429 3207 :
2463 3152 2690 3209 Iacebat
2710 3151 2773 3205 in
2805 3150 2919 3204 loco
2950 3162 3067 3202 suo.
3102 3146 3272 3199 Locus
3300 3155 3536 3210 namque
3568 3154 3711 3209 prae-

2024 3220 2074 3283 C
2106 3220 2361 3299 dicatoris
2405 3240 2603 3306 standi,
2636 3254 2743 3293 non
2778 3234 3017 3306 jacendi,
3050 3231 3288 3288 ofﬁcium
3336 3229 3519 3285 habet.
3552 3226 3711 3281 Unde

2105 3341 2158 3388 et
2187 3333 2255 3386 de
2283 3331 2461 3400 seipso
2482 3327 2745 3383 Dominus
2764 3326 2996 3380 formam
3018 3321 3095 3394 (b)
3120 3320 3363 3388 ejusdem
3386 3315 3709 3388 praedicato-

2106 3421 2254 3475 ribus
2264 3419 2489 3490 praebet,
2510 3417 2695 3471 dicens
2718 3432 2729 3468 :
2757 3416 2869 3484 Ego
2887 3415 3081 3468 autem
3096 3410 3159 3464 in
3173 3408 3353 3463 medio
3369 3406 3708 3472 vestrisum,

2105 3512 2255 3566 sicut
2276 3503 2854 3581 quiministrat(Luc.
2871 3515 3005 3566 χιιι,
3030 3499 3139 3567 27).
3176 3497 3330 3552 Stare
3350 3495 3494 3550 enim
3516 3493 3569 3547 in
3594 3506 3707 3546 me-

2108 3598 2198 3653 dio
2228 3580 2451 3651 fratrum
2482 3602 2562 3649 est
2587 3609 2685 3663 per
2713 3589 3040 3645 laboriosam
3070 3584 3533 3642 conversationem
3562 3596 3619 3636 se
3648 3580 3706 3633 in

2106 3685 2416 3755 exemplum
2446 3681 2746 3737 minoribus
2771 3676 3037 3748 praebere.
3062 3676 3217 3731 Stare
3245 3674 3425 3743 itaque
3455 3670 3526 3725 ad
3555 3668 3708 3723 labo-

2106 3791 2221 3831 rem
2250 3772 2428 3843 Operis
2456 3770 2705 3841 pertinet,
2729 3776 2781 3822 et
2809 3767 2880 3821 ad
2909 3781 3110 3836 pugnae
3134 3761 3523 3817 necessitatem.
3550 3757 3709 3814 Unde

2107 3873 2159 3920 et
2186 3863 2517 3935 agonotheta
2545 3856 2840 3928 spiritualis
2859 3851 3167 3909 certaminis
3187 3849 3455 3921 praecipit,
3481 3846 3667 3902 dicens
3690 3862 3705 3899 :

2107 3934 2263 4009 State
2312 3966 2442 4021 ergo
2489 3946 2766 4004 succincti
2820 3942 3038 3999 lumbos
3093 3942 3158 3996 in
3212 3940 3452 3996 veritate
3482 3934 3710 4006 (Ephes.

2109 4060 2185 4110 vi,
2218 4041 2327 4109 14).
2361 4040 2425 4093 Et
2456 4037 2581 4107 quia
2605 4035 2789 4104 jacere
2819 4029 3139 4102 quiescentis
3168 4036 3266 4093 est,
3300 4026 3353 4080 in
3383 4026 3504 4081 loco
3534 4022 3714 4093 praelii

2110 4139 2162 4186 et
2190 4128 2393 4184 laboris
2433 4124 2626 4196 quietis
2672 4131 2914 4192 teporem
2962 4117 3113 4188 sequi
3162 4113 3588 4186 reprehenditur,
3622 4109 3719 4181 qui

2110 4219 2166 4272 iu
2194 4218 2315 4272 loco
2341 4215 2523 4286 jacere
2553 4218 2900 4266 memoratur.
2927 4208 3081 4263 Stare
3101 4205 3264 4259 etiam
3282 4202 3409 4272 justi
3441 4208 3537 4256 est.
3562 4198 3723 4254 Unde

2111 4315 2163 4363 et
2195 4304 2388 4360 Paulus
2417 4302 2583 4356 dicit:
2620 4300 2749 4356 Fide
2779 4300 2935 4354 enim
2963 4296 3133 4352 statis
3165 4292 3372 4361 (IICor.
3406 4306 3444 4357 ι,
3479 4288 3589 4359 23).
3624 4286 3712 4340 Ja-

2112 4410 2233 4450 cere
2261 4408 2393 4464 ergo
2414 4391 2577 4446 etiam
2600 4389 2669 4443 ad
2699 4384 3018 4442 remissioris
3037 4383 3164 4439 vitae
3186 4376 3573 4452 negligentiam
3595 4390 3723 4445 per-

2114 4484 2263 4539 tinet.
2295 4481 2445 4535 Tunc
2475 4480 2655 4549 itaque
2683 4475 2804 4531 Heli
2850 4476 2996 4545 jacet
3044 4472 3096 4525 in
3144 4471 3267 4526 loco
3314 4482 3432 4534 suo,
3464 4480 3587 4520 cum
3617 4478 3721 4532 per

2032 4578 2086 4637 D
2117 4572 2329 4641 lapsum
2358 4567 2639 4639 pravitatis
2666 4563 2928 4635 reprobus
2974 4558 3302 4631 praedicator
3348 4551 3632 4625 requiescit
3661 4550 3721 4605 in

2112 4640 2241 4715 sede
2283 4657 2434 4728 justi.
2466 4654 2703 4711 Jacentis
2740 4667 2870 4723 ergo
2901 4650 2953 4704 iu
2985 4650 3105 4704 loco
3135 4663 3232 4702 suo
3262 4643 3403 4700 oculi
3451 4640 3715 4713 caligant,

2112 4748 2238 4819 quia
2267 4727 2478 4801 Summa
2524 4743 2711 4799 videre
2749 4746 3036 4810 nequeunt,
3070 4736 3163 4807 qui
3193 4735 3248 4788 in
3277 4747 3399 4787 arce
3428 4727 3719 4801 pastoralis

2111 4834 2364 4891 culminis
2392 4849 2499 4889 non
2527 4836 2891 4901 exsequuntur
2918 4824 3128 4880 virtutis
3173 4837 3359 4893 Opera,
3390 4820 3488 4875 sed
3517 4816 3715 4872 remis-

2113 4924 2270 4980 sioris
2297 4923 2423 4977 vitae
2454 4919 2731 4975 blanditiis
2759 4917 3169 4987 immerguntur.
3230 4909 3332 4979 Qui
3362 4906 3607 4979 profecto
3638 4904 3719 4959 lu-

2116 5027 2276 5068 cerna
2305 5010 2403 5065 Dei
2428 5009 2544 5079 jam
2576 5023 2683 5063 non
2711 5005 2936 5062 veritate
2964 5002 3161 5068 laudis,
3194 4999 3289 5054 sed
3318 5012 3418 5067 per
3447 4995 3722 5062 imprOpe-

2117 5100 2256 5154 rium
2307 5098 2612 5169 appellatur
2658 5092 2961 5149 derisionis.
3010 5092 3151 5145 Nam
3199 5086 3289 5158 qui
3339 5085 3573 5139 lucerna:
3622 5077 3722 5134 Dei

2120 5168 2486 5258 appellatione
2515 5184 2776 5255 fungitur,
2800 5190 2854 5236 et
2872 5180 3059 5234 videre
3079 5194 3186 5233 non
3207 5189 3365 5245 posse
3386 5168 3722 5242 perhibetur,

2122 5256 2396 5331 deridetur
2422 5274 2601 5344 potius
2631 5280 2776 5327 tanto
2807 5269 3026 5326 nomine
3068 5282 3173 5338 quo
3202 5270 3467 5319 censetur.
3500 5259 3639 5313 Nam
3671 5256 3729 5310 in

2120 5380 2250 5420 vera
2273 5363 2401 5434 justi
2431 5363 2593 5418 laude
2623 5362 2851 5417 dicitur:
2878 5358 3003 5431 Ipse
3024 5359 3147 5413 erat
3173 5354 3408 5409 lucerna
3437 5345 3645 5404 ardens
3669 5348 3732 5400 et

2127 5454 2322 5510 lucens
2339 5454 2519 5523 (Joan.
2555 5467 2609 5519 v,
2642 5452 2754 5521 35).
2804 5450 2940 5504 Nam
2970 5443 3083 5500 veri
3125 5440 3344 5497 luminis
3369 5436 3534 5510 jubar
3577 5434 3730 5504 quod

2133 5681 2151 5737 ι
2198 5609 2274 5693 (a)
2303 5607 2494 5674 Gilot.,
2518 5605 2745 5662 eisdem.
2769 5599 3007 5658 Tolerari
3030 5603 3205 5669 potest
3226 5590 3496 5667 ejusdem,
3519 5584 3728 5643 scilicet

2154 5696 2259 5737 σοι.

2154 5696 2259 5739 σοι.
