4062 6182
288 326 374 384 1'29
1117 322 1190 382 IN
1220 324 1488 386 PRIMUM
1517 319 1762 384 REGUM
1792 319 2334 381 EXPOSI’I’IONES.
2363 353 2432 366 —
2462 323 2587 381 LIB.
2619 325 2686 383 II.

3469 340 3569 399 130

287 450 491 508 amando
537 449 780 539 hauserat
835 451 1112 526 loquendo
1168 453 1455 510 fundebat.
1525 451 1855 508 Prmdicator
1880 453 1936 512 Α
1966 448 2299 539 desiderium
2330 450 2491 506 altius
2513 460 2880 521 assumuntur,
2914 464 2966 510 et
2994 457 3139 513 velut
3167 459 3351 518 intima
3373 467 3560 539 templi

283 542 422 596 etiam
451 539 674 593 carnalis
703 538 899 596 dicitur
926 543 1147 599 lucerna
1173 559 1272 613 per
1299 541 1556 610 officium,
1580 557 1723 596 caeca
1753 557 1850 612 per

284 628 620 696 intentionem,
654 629 782 698 quia
806 629 1072 702 dignitate
1127 633 1368 704 fungitur
1423 631 1702 702 praebendi
1760 630 1848 685 lu-

282 717 437 781 minis,
466 716 561 770 sed
592 725 832 772 mentem
864 718 982 791 tigit
1010 721 1065 774 in
1096 721 1335 776 tenebris
1366 721 1632 775 vanitatis.

337 809 384 859 7.
422 804 580 875 Cujus
610 805 855 874 profecto
885 818 1258 864 consummata
1299 809 1638 885 perversitas
1694 808 1846 864 desi-

276 902 466 966 gnatur,
497 893 623 966 quia
653 910 762 950 non
790 895 990 952 dicitur
1015 912 1122 952 non
1155 897 1516 967 videbat,sed
1533 898 1702 952 videri
1735 914 1847 952 non

274 991 484 1054 poterat.
521 983 702 1050 Quare
731 992 785 1038 et
814 985 973 1040 malae
1002 987 1212 1041 arboris
1241 987 1578 1042 mentionem
1638 985 1846 1041 faciens

272 1073 520 1137 Dominus,
553 1073 628 1125 ait
652 1090 665 1126 :
690 1073 807 1128 Non
822 1078 1008 1144 potest
1028 1075 1194 1132 arbor
1221 1077 1372 1131 mala
1393 1077 1622 1146 fructus
1682 1076 1846 1132 bonos

270 1165 433 1231 facere
461 1161 680 1228 (Matth.
706 1177 799 1226 vn,
836 1166 948 1231 t8).
981 1164 1218 1219 Lucerna
1274 1165 1455 1234 itaque
1512 1165 1610 1219 Dei
1671 1165 1843 1218 videri

270 1265 365 1305 non
391 1257 580 1320 potest,
608 1266 730 1304 cum
761 1251 809 1304 is
831 1252 922 1323 qui
953 1253 1216 1322 pastorali
1239 1253 1504 1325 dignitate
1526 1254 1847 1322 praaeminet

271 1348 393 1393 tanta
410 1339 684 1409 spissitate
714 1339 988 1395 saecularis
1016 1342 1218 1396 amoris
1250 1342 1536 1412 premitur,
1569 1349 1625 1396 ut
1655 1342 1724 1396 ad
1754 1342 1843 1395 in-

269 1436 410 1483 ternae
435 1426 694 1482 claritatis
722 1428 974 1483 intuitum
1034 1430 1186 1485 nulla
1242 1431 1436 1502 gratia;
1491 1430 1844 1501 inspiratione

265 1515 544 1571 sublevetur
579 1531 737 1584 ;cum
764 1518 880 1586 jam
903 1517 1172 1584 videlicet,
1219 1519 1363 1588 justa
1420 1519 1520 1574 Dei
1575 1519 1842 1590 indigna-

266 1606 389 1660 tione
397 1606 689 1675 projectus,
705 1605 760 1659 in
777 1605 1027 1677 caliginis
1040 1623 1151 1662 sua:
1163 1607 1409 1662 caecitate
1434 1605 1773 1678 relinquitur,
1790 1616 1845 1662 ut

262 1694 459 1748 ulterius
485 1710 593 1764 per
616 1694 942 1750 infnsionem
972 1697 1190 1765 snperni
1219 1695 1438 1750 luminis
1460 1711 1739 1767 nunquam
1756 1696 1845 1750 vi-

259 1783 451 1838 sitetur.
513 1784 658 1837 Bene
688 1792 871 1838 autem
901 1783 1134 1838 dicitur:
1175 1785 1494 1856 Antequam
1515 1786 1843 1856 exstingue—
1871 1808 1924 1869 Β

259 1875 412 1926 retur.
433 1871 554 1925 Non
590 1871 773 1928 videre
805 1870 950 1924 enim
983 1886 1143 1944 pinna
1173 1873 1476 1942 peccatoris
1505 1882 1588 1928 est
1626 1874 1678 1927 in
1739 1875 1840 1928 hoc

260 1967 416 2013 tamen
449 1959 632 2014 adhuc
677 1957 879 2012 sarculo
928 1959 1180 2028 viventis,
1240 1961 1421 2016 videre
1490 1970 1673 2017 autem
1729 1978 1838 2017 non

256 2063 393 2117 posse
411 2047 703 2102 estmortui
730 2047 882 2117 impii
905 2047 959 2100 in
980 2047 1086 2102 alio
1093 2049 1207 2118 jam
1234 2049 1432 2104 saeculo
1453 2059 1654 2104 aeterna
1677 2067 1838 2121 poena

257 2138 496 2191 damnati.
537 2136 701 2192 Unde
730 2145 783 2191 et
811 2137 1106 2192 conditoris
1130 2137 1338 2206 judicio
1367 2138 1423 2191 in
1480 2139 1839 2194 exterioribus

256 2226 465 2282 tenebris
492 2226 684 2282 claudi
726 2225 1051 2296 praecipitur,
1085 2234 1141 2279 ut
1170 2225 1422 2282 videlicet
1452 2227 1521 2281 ad
1569 2227 1705 2281 lucis
1757 2228 1837 2280 in-

254 2317 415 2369 tuitum
439 2330 725 2385 nunquam
754 2313 1061 2369 reducatur.
1110 2315 1240 2368 Cum
1273 2330 1405 2385 ergo
1432 2323 1716 2384 antequam
1748 2332 1839 2371 ex-

254 2405 604 2476 stingueretur
631 2403 818 2459 videre
841 2417 951 2458 non
980 2417 1143 2474 posse
1171 2402 1369 2459 dicitur
1397 2402 1450 2457 in
1505 2403 1609 2458 isto
1661 2405 1840 2460 adhuc

251 2495 427 2548 seculo
456 2495 657 2548 vivens
687 2491 1009 2563 praedicator
1036 2492 1319 2562 reprobus,
1352 2493 1611 2547 damnato
1637 2493 1752 2562 jam
1784 2493 1836 2547 iu

250 2590 550 2652 perpetuum
585 2581 755 2652 impio
786 2581 840 2634 in
870 2580 1112 2635 caecitate
1132 2579 1415 2634 similatur.
1458 2581 1840 2652 Exstinguitur

249 2679 406 2724 autem
435 2671 666 2725 lucerna
695 2685 818 2724 cum
848 2677 1030 2740 pastor
1058 2669 1303 2726 moritur.
1339 2668 1433 2724 Vel
1455 2678 1599 2725 certe
1622 2670 1837 2726 lucerna

248 2759 606 2830 exstinguitur,
641 2758 772 2827 quia
803 2773 926 2813 cum
954 2757 1217 2828 reprobus
1245 2756 1566 2828 praedicator
1583 2775 1679 2829 per
1694 2776 1836 2814 mor-

247 2856 340 2902 tem
369 2848 541 2903 carnis
575 2847 788 2913 interit,
821 2846 1085 2917 quidquid
1117 2845 1172 2900 in
1203 2863 1270 2901 eo
1302 2845 1486 2902 lucere
1531 2847 1834 2916 videbatur,

248 2936 304 2989 de
329 2937 494 3008 gloria
522 2935 794 2992 culminis
849 2935 1062 3001 amittit,
1123 2943 1176 2989 et
1233 2934 1378 2990 velut
1426 2935 1543 2990 sola
1600 2936 1836 2992 lucernae

248 3027 484 3080 testasine
504 3026 719 3080 lumine
740 3031 999 3093 remanet,
1018 3039 1140 3079 cum
1163 3024 1231 3078 ad
1263 3032 1523 3080 aeternum
1565 3024 1834 3093 judicium

245 3116 422 3169 servari
445 3130 688 3186 persona
721 3098 828 3166 99
862 3114 1092 3184 cogitur,
1124 3128 1245 3184 quae
1276 3113 1422 3167 omni
1454 3113 1669 3183 penitus
1721 3130 1832 3169 sae-

245 3203 334 3257 culi
361 3204 571 3275 fulgore
607 3203 888 3274 spoliatur.
918 3205 1217 3272 Antequam
1247 3202 1410 3273 igitur
1457 3202 1836 3274 exstinguatur

245 3291 436 3347 lucerna
465 3294 592 3360 Dei,
629 3292 812 3347 videre
840 3307 949 3347 non
980 3300 1179 3362 potest,
1203 3291 1330 3362 quia
1361 3299 1412 3344 et
1441 3291 1694 3346 meritum
1743 3292 1835 3346 fu-

247 3390 360 3436 turae
410 3381 782 3437 damnationis
837 3397 937 3452 per
992 3380 1350 3435 aeternitatem
1406 3397 1521 3436 suae
1579 3381 1838 3436 caecitatis

244 3471 483 3539 possidet,
505 3479 565 3525 et
603 3479 782 3525 tamen
799 3471 977 3524 adhuc
997 3485 1178 3524 coram
1208 3469 1522 3524 hominibus
1550 3485 1648 3540 per
1659 3469 1838 3540 splen-

245 3557 410 3614 dorem
440 3568 692 3630 acceptaa
724 3558 1010 3630 dignitatis
1040 3557 1232 3630 fulget.

309 3649 575 3718 (Vers.3.)
603 3648 834 3704 Samuel
863 3651 1057 3702 autem
1077 3647 1389 3704 dormiebat
1422 3649 1481 3703 in
1517 3648 1724 3719 templo
1745 3649 1837 3704 Deo

245 3738 388 3805 mini,
419 3739 517 3793 ubi
548 3740 683 3794 erat
711 3752 848 3792 arca
877 3737 997 3792 Dei.

304 3830 355 3878 8.
392 3827 534 3880 Bene
567 3834 755 3880 autem
786 3823 1053 3895 roprobus
1070 3824 1319 3896 praelatus
1335 3840 1446 3880 non
1459 3824 1717 3895 dormire,
1742 3825 1837 3881 sed

240 3913 406 3983 jacere
434 3915 657 3982 dicitur,
691 3928 828 3983 puer
855 3921 1034 3968 autem
1075 3913 1307 3968 subtilus
1363 3922 1415 3968 et
1467 3915 1673 3970 electus
1728 3930 1837 3970 non

239 4004 418 4070 jacere,
451 4004 552 4059 sed
584 4001 846 4068 dormire,
881 4001 1010 4073 quia
1038 4001 1284 4056 dormire
1311 4002 1598 4073 aliquando
1628 4003 1686 4056 in
1743 4002 1837 4058 bo-

242 4105 350 4145 nam
377 4100 599 4163 partem
628 4090 917 4161 accipitur,
943 4091 1134 4159 jacere
1163 4098 1345 4146 autem
1377 4090 1492 4146 fere
1523 4105 1740 4162 semper
1782 4092 1836 4145 in

242 4181 447 4234 malam.
487 4180 651 4236 Unde
680 4185 735 4233 et
765 4179 977 4249 Sponsa
997 4179 1051 4232 in
1076 4179 1298 4234 Cantico
1328 4180 1662 4235 canticorum
1678 4179 1832 4234 dicit:

243 4267 336 4338 Ego
349 4270 587 4336 dormio,
609 4271 665 4322 et
681 4283 778 4324 cor
790 4283 979 4323 meum
1000 4269 1194 4338 vigilat
1216 4268 1406 4337 (Cant.
1443 4285 1495 4334 v,
1532 4272 1607 4336 2).
1630 4268 1689 4321 In
1701 4283 1840 4322 som-

242 4370 300 4410 no
318 4358 492 4427 itaque
525 4356 684 4428 pueri
716 4355 941 4427 perfecti
971 4355 1393 4426 uniuscujusque
1423 4355 1580 4412 electi
1636 4356 1837 4410 subditi

241 4457 267 4494 ει
290 4460 449 4512 pravo
476 4461 652 4514 opere
680 4444 895 4514 requies
922 4445 1255 4516 designatur.
1290 4447 1350 4498 ln
1380 4444 1584 4515 templo
1633 4444 1834 4515 quippe

1865 3164 1913 3227 C

1959 538 2027 592 ad
2058 554 2307 594 somnum
2349 539 2580 612 eligunt,
2616 540 2746 595 dum
2778 557 2842 597 eo
2891 543 3106 616 longius
3161 538 3498 620 separantur
3530 574 3563 612 a

1957 627 2176 698 publico
2206 629 2404 683 terreni
2434 629 2633 700 operis,
2667 646 2776 701 quo
2805 633 3063 688 secretius
3091 652 3191 706 per
3246 642 3556 700 meditatio—

1958 732 2083 771 nem
2116 717 2484 772 reeonduntur
2512 717 2565 771 in
2597 720 2835 775 sacrario
2865 720 3089 776 internae
3112 725 3352 783 visionis.

2030 806 2205 874 (Vers.
2239 809 2290 874 4)
2326 806 2394 860 Et
2427 809 2637 862 vocavit
2670 807 2942 864 Dominus
2980 811 3322 871 Samuelem.

2030 898 2081 947 9.
2117 894 2322 950 Vocare
2351 895 2555 949 etenim
2587 895 2682 951 Dei
2710 913 2808 966 per
2828 896 2937 952 vim
2961 900 3174 967 majoris
3218 905 3408 973 gratiae
3451 925 3556 964 ex-

1957 981 2128 1038 citare
2161 991 2260 1036 est.
2294 984 2666 1038 Dormientem
2697 1001 2928 1055 namque
2962 988 3220 1045 Dominus
3240 1003 3414 1064 vocat,
3435 999 3562 1068 quia

1957 1086 1990 1125 a
2023 1079 2231 1126 terrena
2259 1073 2557 1128 intentione
2587 1074 2926 1144 quiescentes
2947 1077 3014 1130 ad
3060 1091 3408 1150 augmentum
3463 1103 3560 1142 su-

1957 1176 2141 1230 pernae
2171 1162 2497 1233 cognitionis
2526 1162 2748 1218 excitat.
2773 1163 2911 1217 Nam
2941 1165 3070 1219 dum
3091 1167 3158 1220 ad
3187 1185 3251 1224 ea
3282 1187 3401 1240 quae
3427 1174 3558 1231 foris

1956 1256 2081 1302 sunt
2109 1265 2205 1320 per
2230 1250 2648 1306 sollicitudinem
2689 1252 2994 1323 vigilamus,
3027 1254 3236 1312 interna
3283 1269 3334 1314 et
3390 1263 3559 1334 spiri-

1959 1338 2125 1392 tualia
2151 1354 2256 1393 non
2287 1339 2568 1393 sentimus.
2606 1340 2860 1409 Repulsio
2918 1344 3105 1414 itaque
3156 1353 3378 1405 terrena
3419 1368 3560 1411 cura:

1955 1427 2274 1496 praeparatio
2305 1435 2386 1482 est
2416 1437 2596 1484 nostra
2627 1429 2690 1482 ad
2724 1431 3135 1502 perceptionem
3164 1451 3410 1505 supernae
3444 1457 3563 1512 gra-

1957 1513 2064 1579 tiae,
2093 1515 2215 1585 quia
2247 1515 2300 1568 in
2333 1516 2517 1571 electis
2531 1515 2588 1570 fit
2618 1517 2836 1573 uberior
2865 1519 3061 1576 infusio
3094 1522 3260 1578 divini
3292 1530 3550 1599 muneris,

1957 1617 2063 1672 quo
2095 1619 2249 1658 mens
2280 1604 2436 1658 fuerit
2466 1605 2650 1676 purior
2679 1623 2778 1676 per
2807 1608 3090 1663 custodian
3121 1611 3343 1670 internae
3374 1619 3555 1674 medi-

1958 1691 2195 1746 tationis.
2232 1693 2496 1763 Sequitur
2528 1711 2540 1750 :

2028 1779 2202 1848 (Vers.
2235 1781 2347 1850 49.)
2367 1782 2430 1836 Et
2456 1783 2898 1854 vocavit,inquit,
2924 1787 3193 1845 Dominus
3214 1791 3552 1854 Samuelem.

1961 1868 2064 1936 Qui
2095 1871 2456 1940 respondens,
2481 1873 2605 1926 ait:
2628 1874 2765 1927 Ecce
2795 1889 2909 1944 ego,
2933 1878 3261 1935 etcucurrit
3292 1883 3363 1936 ad
3411 1887 3552 1956 Heli,

1949 1962 2004 2012 et
2037 1957 2191 2012 dixit
2220 1979 2238 2012 :
2281 1958 2502 2014 Vocasti
2534 1962 2687 2015 enim
2702 1978 2808 2031 me,
2833 1966 3123 2034 quidixit:
3143 1969 3260 2024 Non
3276 1975 3462 2028 vocavi
3478 1981 3533 2031 te

1947 2048 2043 2116 fili
2072 2046 2175 2113 mi,
2211 2053 2491 2103 revertere
2521 2054 2575 2103 et
2606 2050 2808 2105 dormi.
2844 2033 2910 2106 Et
2949 2055 3089 2110 abiit
3156 2063 3212 2111 et
3263 2033 3554 2119 dormivit:

1947 2135 2016 2188 Et
2045 2137 2251 2198 adiecit
2275 2138 2546 2192 Dominus
2579 2153 2772 2194 vocare
2803 2157 3032 2197 rursum
3055 2132 3391 2205 Samuelem.
3412 2152 3554 2208 Con-

1947 2226 2444 2297 surgcnsqueabiit
2476 2227 2547 2281 ad
2578 2227 2721 2294 Heli,
2753 2233 2808 2282 et
2839 2230 2990 2284 dixit
3019 2250 3036 2286 :
3081 2234 3220 2289 Ecce
3258 2252 3376 2306 ego,
3422 2243 3554 2310 quia

1948 2316 2161 2368 vocasti
2188 2330 2297 2369 me.
2315 2315 2420 2380 Qui
2433 2315 2723 2387 respondit
2742 2336 2757 2368 .-
2772 2318 2890 2372 Non
2906 2323 3091 2376 vocavi
3110 2325 3184 2389 te,
3198 2324 3315 2393 fili,
3356 2343 3550 2384 rever-

1949 2410 2067 2458 tere
2095 2409 2150 2458 et
2183 2403 2948 2462 dormi.PorroSamuelnun
2982 2410 3194 2465 sciebat
3227 2413 3549 2487 Dominum,

1947 2506 2124 2562 neque
2138 2494 2421 2548 revelatus
2432 2495 2484 2548 ei
2499 2497 2688 2549 fuerat
2700 2511 2882 2552 sermo
2894 2498 3142 2553 Domini.
3153 2503 3217 2554 Et
3229 2503 3438 2574 adjecit
3449 2508 3550 2563 Do-

1945 2581 2161 2646 minus,
2180 2582 2461 2637 etvocavit
2482 2582 2802 2638 Samuelem
2843 2586 3030 2641 tertio.
3077 2589 3179 2656 Qui
3202 2606 3546 2666 consurgens

1946 2669 2087 2724 abiit
2121 2669 2193 2724 ad
2214 2670 2418 2738 Heli,et
2439 2669 2626 2725 dixit:
2645 2673 2781 2727 Ecce
2801 2687 2914 2740 ego,
2944 2676 3075 2746 quia
3095 2681 3422 2738 vocastime.
3449 2686 3550 2740 In-

1948 2759 2367 2829 tcllexitigitur
2387 2760 2652 2830 Heliquia
2677 2762 2946 2817 Dominus
2970 2772 3188 2820 vocaret
3209 2785 3471 2840 puerum,
3495 2780 3552 2830 et

1945 2847 2030 2901 ait
2043 2846 2116 2901 ad
2131 2847 2474 2902 Samuelem:
2492 2849 2627 2903 Vade
2640 2852 2695 2903 et
2709 2849 2972 2918 dormi,et
2984 2853 3036 2906 si
3046 2853 3328 2927 deinceips
3343 2875 3558 2920 vocave-

1943 2937 2023 2990 rit
2036 2939 2113 3000 et,
2129 2935 2280 2991 dices
2294 2954 2310 2988 :
2323 2937 2845 3007 Loquerc,Domine,
2863 2941 2993 3010 quia
3013 2942 3175 2996 audit
3186 2959 3381 3002 servus
3397 2953 3550 3008 tuus.

2017 3025 2106 3080 10.
2138 3023 2277 3092 Quid
2307 3033 2389 3080 est
2427 3040 2560 3095 ergo
2592 3025 2734 3094 quod
2779 3027 3128 3098 omnipotens
3172 3031 3322 3089 Deus
3379 3053 3549 3095 voca-

1945 3113 2144 3168 tionem
2177 3129 2334 3167 suam
2366 3115 2906 3184 tantaarteinsinuat,
2933 3125 2990 3170 ut
3012 3120 3187 3174 vocati
3200 3129 3555 3189 menstenea-

1946 3218 2048 3270 iur,
2081 3218 2148 3256 ne
2179 3217 2236 3255 se
2268 3210 2550 3257 vocantem
2582 3212 2872 3273 cognoscat
2904 3223 2918 3272 ;
2953 3205 3128 3262 Deum
3161 3211 3407 3281 audiens,
3440 3233 3554 3274 ma-

1943 3292 2174 3362 gistrum
2225 3291 2372 3345 hunc
2436 3307 2560 3346 esse
2611 3292 2888 3347 hominem
2944 3303 3140 3364 putet;
3217 3303 3553 3361 vocationem

1945 3379 2170 3447 emittat,
2203 3386 2256 3433 et
2287 3394 2506 3433 causam
2540 3387 2718 3434 taceat
2750 3379 2860 3444 ;ire
2884 3380 2952 3434 ad
3001 3383 3325 3456 magistrum
3382 3393 3549 3462 sinat,

1947 3467 2102 3522 toties
2122 3467 2190 3521 ad
2219 3468 2395 3522 somni
2425 3467 2661 3538 quietem
2693 3468 2892 3535 redire,
2925 3477 2976 3524 et
3024 3479 3205 3527 tamen
3264 3477 3549 3536 dormien-

1946 3563 2053 3610 tem
2075 3556 2358 3627 quiescere
2388 3571 2497 3610 non
2527 3557 2795 3626 permittat
2824 3557 2851 3609 ‘2
2879 3557 3139 3630 Nunquid
3159 3562 3303 3618 enim
3336 3568 3426 3637 qui
3474 3571 3544 3626 ad

1944 3653 2153 3700 secreta
2183 3661 2282 3699 sua
2312 3645 2694 3715 c0gnoscenda
2728 3645 2935 3701 vocavit
2965 3664 3127 3718 quem
3159 3652 3347 3722 voluit,
3407 3674 3544 3717 voce

1946 3741 2153 3788 tantum
2185 3733 2302 3789 Heli
2333 3733 2516 3802 simili,
2550 3742 2602 3788 et
2631 3749 2740 3788 non
2768 3735 2942 3803 potuit
2974 3752 3106 3792 voce
3163 3756 3271 3810 qua
3330 3745 3495 3801 voluit
3529 3767 3542 3812 ;

1946 3830 1997 3876 et
2015 3823 2103 3892 qui
2131 3823 2351 3892 quando
2371 3821 2785 3888 voluitvocavit,
2809 3838 3029 3878 causam
3057 3829 3354 3886 vocationis
3383 3819 3542 3888 100

1945 3912 2122 3965 statim
2153 3909 2393 3966 indicare
2423 3927 2530 3966 non
2561 3911 2733 3980 potuit
2767 3925 2780 3979 ;
2810 3920 2863 3965 et
2893 3913 2982 3981 qui
3013 3914 3246 3972 excitare
3276 3921 3461 3988 voluit,
3495 3933 3550 3980 ut

1945 4000 2176 4065 audiret,
2210 3998 2310 4052 nisi
2338 4015 2436 4068 per
2457 3998 2774 4069 magistrum
2807 4016 2928 4054 eum
2957 4002 3156 4059 docere
3214 4023 3321 4062 non
3376 4014 3550 4082 potuit

1945 4085 2402 4160 quemadmodum
2435 4085 2623 4140 audire
2670 4086 3009 4142 debuisset?
3067 4091 3175 4147 Sed
3225 4096 3325 4150 hac
3379 4099 3434 4154 in
3491 4118 3550 4158 re

1946 4192 2146 4248 magna
2201 4174 2543 4245 omnipotens
2584 4175 2731 4230 Deus
2787 4175 3193 4247 dispensatione
3249 4185 3430 4254 utitur,
3491 4199 3548 4244 ut

1945 4265 2187 4336 profecto
2200 4263 2490 4319 electorum
2504 4262 2668 4318 corda
2679 4263 2884 4334 duplici
2914 4267 3217 4326 eruditione
3229 4272 3545 4345 doceantur,

1945 4362 2210 4423 quatenus
2240 4361 2293 4408 et
2321 4353 2374 4406 in
2422 4350 2710 4422 superﬁcie
2766 4352 3005 4410 historiae
3059 4359 3205 4428 quod
3251 4374 3549 4432 sequantur

1946 4441 2272 4497 obedientiaa
2305 4442 2512 4496 bonum
2545 4441 2747 4513 quique
2771 4442 3001 4512 subjecti
3038 4447 3278 4516 videant,
3311 4460 3367 4506 et
3394 4470 3542 4524 pra;-

239 4538 283 4584 et
306 4533 394 4587 ubi
420 4543 499 4588 est
528 4548 660 4589 arca
678 4533 898 4602 dormit,
930 4534 1042 4604 qui,
1073 4533 1128 4586 iu
1159 4533 1364 4589 caelesti
1422 4533 1686 4590 desiderio
1745 4542 1830 4588 at-
1861 4518 1911 4578 D
1943 4531 2033 4585 lati
2067 4531 2374 4586 intueantur
2401 4530 2609 4585 occulta
2640 4531 2916 4600 mysteria,
2951 4550 3073 4603 quae
3098 4536 3164 4589 ad
3189 4537 3364 4594 lucem
3394 4518 3545 4601 intel-

241 4635 330 4690 que
357 4621 408 4676 in
439 4637 618 4677 sacra:
647 4622 945 4693 Scriptum
983 4621 1335 4677 meditatione
1386 4630 1702 4692 occupatus,
1759 4622 1830 4676 ad

237 4722 434 4779 eaquae
491 4711 564 4766 ad
622 4709 1040 4781 perversitatem
1096 4711 1364 4780 pertinent
1420 4725 1527 4766 non
1576 4709 1825 4765 intendit.

238 4794 457 4858 Quidam
489 4815 726 4870 namque
753 4799 810 4853 in
838 4799 1041 4870 templo
1083 4801 1385 4866 dormiunt,
1444 4799 1542 4854 sed
1599 4799 1654 4852 in
1708 4799 1828 4854 loco

236 4883 318 4939 ubi
344 4896 426 4942 est
455 4903 586 4944 arca
607 4888 707 4943 Dei
750 4903 858 4943 non
890 4888 1180 4955 dormiunt,
1214 4890 1340 4958 quia
1386 4887 1635 4944 nonnulli
1691 4887 1827 4942 sim-

235 4974 389 5042 plices
425 4976 482 5030 in
513 4977 722 5032 cmlesti
743 4975 1200 5046 contemplatione
1219 4993 1318 5047 per
1337 4991 1578 5032 amorem
1601 4976 1832 5047 requies-

236 5071 364 5132 cunt,
383 5065 486 5120 sed
512 5066 648 5121 sacri
660 5065 862 5136 eloquii
891 5065 1109 5122 occulta
1137 5065 1384 5120 meditari
1416 5067 1691 5120 nesciunt.
1721 5065 1828 5121 Sa-

235 5152 367 5207 muel
391 5162 598 5223 autem,
614 5155 706 5226 qui
721 5170 832 5209 non
844 5153 1022 5209 solum
1044 5154 1101 5208 in
1126 5153 1349 5225 templo,
1379 5153 1476 5209 sed
1495 5169 1678 5210 coram
1708 5168 1836 5209 arca

233 5237 323 5295 Dei
337 5241 575 5297 dormire
605 5243 819 5312 dicitur,
836 5243 1079 5299 eruditos
1091 5244 1291 5314 pariter
1303 5242 1568 5299 etelectos
1591 5241 1836 5298 subditos

233 5327 494 5401 designat,
529 5331 648 5402 quia
677 5331 808 5386 dum
839 5332 1042 5387 amoris
1063 5332 1146 5387 sui
1176 5332 1427 5388 ﬂammas
1455 5332 1524 5388 de
1554 5346 1709 5387 sacro
1731 5332 1838 5389 elo.

235 5417 349 5486 quin
357 5418 696 5491 frequentius
706 5420 849 5477 medi
857 5421 1019 5477 tando
1032 5420 1376 5490 bauriunt,ad
1390 5437 1639 5493 supernae
1649 5420 1839 5491 patriai

295 5558 368 5636 (a)
401 5561 567 5617 Forte
607 5561 903 5636 legendum
929 5579 1034 5635 per
1067 5565 1390 5636 angelicum
1447 5563 1748 5634 spiritum;
1779 5571 1832 5620 et

233 5630 386 5700 paulo
413 5641 547 5705 post
573 5650 587 5690 ε
630 5630 998 5694 ἶπισνίονὸηι
1025 5630 1216 5708 itaque
1244 5651 1431 5695 vocem
1456 5630 1560 5707 per
1605 5630 1828 5708 angeli-

1937 4619 2177 4690 ligentiae
2206 4619 2548 4674 discutiendo
2570 4618 2889 4689 perducant.
2931 4620 3038 4676 Sed
3061 4625 3205 4694 quod
3237 4628 3544 4696 primoloco

1936 4708 2225 4763 dicendum
2264 4707 2512 4775 arbitror,
2555 4723 2690 4776 puer
2744 4708 2834 4778 qui
2888 4707 3200 4779 loquentem
3256 4716 3544 4777 Dominum

1938 4813 2061 4852 esse
2094 4797 2414 4868 magistrum
2456 4796 2667 4867 putavit
2705 4812 2893 4852 vocem
2942 4813 3260 4870 corpoream
3316 4809 3542 4866 audivit.

1937 4887 2059 4941 Non
2089 4886 2268 4957 itaque
2287 4901 2386 4956 per
2413 4885 2763 4956 semetipsum
2799 4886 2961 4953 Deus,
2997 4890 3095 4943 sed
3127 4893 3203 4960 (a)
3240 4909 3339 4964 per
3368 4911 3541 4953 evan-

1937 4974 2174 5046 gelicum
2207 4975 2458 5044 spiritum
2490 4989 2658 5044 puero
2690 4974 2899 5029 locutus
2955 4986 3054 5046 est,
3116 4980 3241 5048 quia
3296 4985 3386 5053 qui
3435 5001 3541 5040 non

1937 5064 2222 5135 stringitur
2251 5063 2426 5118 forma
2455 5078 2734 5134 corporea,
2769 5064 3125 5122 instrumento
3163 5071 3402 5139 corporis
3433 5088 3542 5128 non

1944 5160 2266 5224 angustatur
2292 5152 2364 5206 ad
2393 5167 2585 5206 sonum
2617 5151 2784 5207 vocis.
2819 5151 2976 5220 Quod
3008 5155 3260 5209 nimirum
3281 5165 3330 5211 et
3347 5159 3542 5228 puerili

1944 5241 2232 5297 audientiae
2261 5240 2528 5296 convenit.
2557 5242 2695 5295 Nam
2725 5240 2826 5296 etsi
2856 5255 3057 5310 magna
3085 5251 3206 5296 sunt
3234 5246 3424 5302 merita
3449 5247 3540 5303 in-

1943 5331 2190 5388 choantis
2215 5330 2435 5400 subditi,
2469 5329 2588 5400 quia
2620 5337 2802 5384 tamen
2833 5328 3014 5384 adhuc
3061 5345 3169 5386 non
3224 5332 3276 5387 in
3335 5337 3542 5407 perfec-

1947 5421 2088 5478 tione
2101 5436 2244 5491 esse,
2260 5419 2357 5476 sed
2367 5419 2419 5474 in
2436 5417 2678 5488 profectu
2691 5417 3109 5476 conversationis
3127 5425 3460 5495 agnoscitur,
3473 5428 3542 5485 ad

1942 5579 2072 5623 cum
2095 5565 2365 5637 spiritum
2394 5561 2587 5630 movit,
2609 5557 2724 5628 sed,
2757 5565 2862 5615 etc.
