4062 6182
379 361 466 415 131

1607 340 1854 400 ΞΛΝΟΤΙ
1883 344 2228 403 GREGORII
2261 343 2484 402 MAGNI

3603 353 3703 406 132

378 498 502 538 eam
531 478 862 536 locutionem
884 488 987 546 qua
1001 467 1615 542 omnipotensDeusper
1634 463 1988 534 semetipsum
2019 465 2077 528 Α
2108 474 2293 521 contra
2325 465 2712 522 inobedientes
2738 465 3000 537 aspiciant
3033 467 3168 538 quia
3203 466 3412 538 primus
3479 468 3703 524 humani

379 571 616 642 loquitur
647 582 754 622 non
775 564 1058 636 pertingit.
1093 563 1192 615 Per
1239 573 1298 612 se
1353 554 1583 642 quidem
1632 552 1976 642 omnipotens

377 641 542 723 Deus,
577 643 819 710 summus
851 651 1106 708 videlicet
1135 656 1186 703 et
1215 641 1714 710 incircumscriptus
1736 641 1974 711 spiritus,

378 747 593 818 magnis
620 746 755 798 viris
804 750 856 796 et
895 737 1265 811 spiritualibus
1312 731 1661 803 spiritualiter
1713 729 1973 799 loquitur,

377 851 502 892 cum
533 831 796 905 spirituali
822 829 1102 888 locutione
1132 839 1320 881 eorum
1351 821 1624 876 mentibus
1655 819 1877 884 indicat,
1927 827 1978 873 et

375 923 592 996 agenda
609 939 731 993 quae
761 926 942 991 agant,
978 926 1028 972 et
1058 913 1327 986 loquenda
1355 927 1476 982 quae
1509 908 1698 963 sciant.
1725 907 1979 962 Exterio-

373 1029 495 1067 rem
518 1013 695 1082 itaque
733 1023 922 1065 vocem
956 1022 1054 1076 per
1083 1001 1452 1074 evangelicum
1493 997 1737 1068 spiritum
1788 996 1975 1064 movit,

377 1101 476 1157 sed
507 1101 697 1172 gratiae
728 1113 849 1152 sua:
880 1094 1172 1167 praesentia
1186 1087 1777 1158 Creatorspiritusquze
1807 1085 1978 1141 voluit

379 1189 659 1245 indicavit.
693 1187 908 1242 Vocans
941 1185 1118 1252 itaque
1153 1196 1304 1245 voce,
1338 1179 1465 1232 dum
1498 1175 1615 1230 Heli
1631 1181 1849 1242 putatus
1872 1181 1974 1243 est,

379 1278 689 1349 cognitione
720 1274 890 1339 latuit,
923 1280 980 1327 ut
1009 1272 1074 1325 ad
1105 1269 1422 1340 magistrum
1453 1281 1587 1336 puer
1630 1271 1892 1327 curreret,
1926 1270 1980 1317 et

380 1369 509 1422 dum
533 1383 592 1421 se
622 1381 730 1420 non
761 1364 928 1418 fuisse
958 1368 1210 1416 vocatum
1243 1357 1475 1424 audiret,
1508 1354 1766 1422 deceptus
1797 1361 1979 1406 osten-

379 1457 532 1512 deret
562 1455 615 1508 in
665 1460 866 1525 quanto
896 1449 1128 1506 culmine
1160 1446 1376 1502 virtutis
1407 1450 1588 1497 staret.
1650 1443 1794 1495 Puer
1849 1455 1980 1509 ergo

379 1545 660 1600 humiliter
688 1542 898 1597 homini
927 1539 1216 1607 subjectus,
1243 1544 1405 1606 atque
1434 1531 1763 1587 obedientia:
1813 1530 1981 1584 ardua

376 1650 503 1689 arce
534 1631 877 1695 sublimatus,
910 1629 1038 1682 dum
1073 1631 1295 1680 vocatus
1326 1621 1572 1688 accessit,
1592 1621 1776 1690 jussus
1799 1618 1980 1684 rediit,

382 1723 510 1794 quid
533 1720 677 1776 aliud
727 1718 886 1774 nobis
952 1713 1208 1786 exemplo
1247 1712 1479 1783 praebet,
1539 1709 1642 1763 nisi
1703 1707 1979 1762 altissimae

377 1811 606 1866 formam
630 1806 952 1864 obedientia:
983 1806 1011 1861 ?

450 1904 543 1954 11.
583 1899 726 1953 Vera
757 1911 993 1964 namque
1021 1891 1330 1948 obedientia
1388 1905 1489 1943 nec
1555 1885 1973 1958 praepositorum

375 1989 730 2045 intentionem
761 1986 999 2046 discutit,
1032 1997 1133 2037 nec
1189 1986 1461 2051 prazcepta
1519 1976 1793 2043 discernit,
1849 1975 1974 2045 quia

377 2079 470 2150 qui
501 2093 661 2133 omne
692 2075 814 2130 vitae
847 2090 959 2127 suze
987 2071 1250 2141 judicium
1292 2067 1485 2136 majori
1513 2064 1760 2131 subditit,
1784 2063 1838 2116 in
1874 2065 1974 2117 hoc

377 2168 494 2222 solo
521 2165 744 2237 gaudet,
777 2163 822 2217 si
845 2160 990 2232 quod
1019 2159 1118 2214 sibi
1141 2157 1458 2229 praecipitur
1478 2162 1760 2225 operatur.
1790 2151 1976 2206 Nescit

375 2257 520 2312 enim
548 2254 794 2324 judicare
841 2248 1085 2322 quisquis
1131 2247 1373 2318 perfecte
1430 2244 1678 2299 didicerit
1729 2240 1970 2306 obedire,

374 2345 500 2414 quia
529 2343 635 2398 hoc
663 2345 868 2396 tantum
901 2339 1103 2392 bonum
1139 2343 1305 2407 putat,
1348 2333 1393 2388 si
1423 2331 1708 2404 praeceptis
1729 2329 1968 2385 obediat.

378 2433 487 2488 Sed
518 2433 572 2485 in
602 2439 752 2485 tanta
773 2427 1028 2499 perfectae
1059 2422 1489 2480 conversationis
1512 2422 1630 2488 ejus
1652 2419 1826 2490 gloria
1865 2419 1973 2472 vita

370 2518 560 2577 noStra
590 2517 959 2574 confunditur.
974 2515 1120 2568 Ecce
1134 2513 1337 2567 etenim
1350 2511 1417 2564 ad
1429 2523 1720 2580 supernam
1737 2506 1968 2577 patriam

372 2610 470 2664 sub
493 2608 723 2662 ducibus
745 2602 1030 2659 Christiani
1079 2600 1345 2657 exercitus
1400 2595 1675 2669 proﬁcisci
1721 2596 1970 2651 decrevi-

370 2713 510 2760 mus,
545 2695 642 2750 sed
672 2709 834 2764 opera
855 2691 1073 2746 diversa
1099 2689 1311 2744 etiamsi
1369 2687 1594 2741 diversis
1639 2685 1972 2755 temporibus

363 2787 623 2856 jubemur
651 2799 836 2854 agere,
862 2795 1286 2835 murmuramus.
1317 2776 1451 2846 Quis
1472 2775 1616 2830 enim
1639 2789 1760 2829 sese
1782 2790 1812 2828 a
1827 2790 1972 2827 mur-

371 2875 671 2930 muratione
703 2876 1098 2942 compesceret,
1131 2868 1252 2938 quis
1283 2867 1352 2920 ab
1382 2865 1456 2919 ira
1514 2870 1868 2934 temperaret,
1925 2861 1969 2916 si

371 2973 616 3021 vocatum
649 2977 706 3016 se
728 2961 812 3014 bis
842 2967 895 3014 et
925 2967 1005 3014 ter
1034 2957 1266 3021 audiret,
1299 2963 1350 3010 et
1382 2961 1565 3008 tamen
1606 2969 1671 3008 ex
1725 2951 1970 3008 vocantis

375 3066 648 3123 responso
674 3047 978 3120 perciperet
1008 3046 1134 3117 quia
1164 3050 1384 3099 vocatus
1439 3041 1663 3096 minime
1730 3041 1914 3094 fuisset
1941 3041 1969 3092 ‘?

376 3141 552 3211 Quam
582 3139 826 3210 profecto
856 3135 1077 3190 desidiae
1117 3140 1312 3188 nostrae
1358 3130 1649 3201 caliginem
1707 3129 1965 3200 patimur,

375 3231 467 3302 qui
490 3236 660 3283 tanta:
690 3223 904 3280 virtutis
930 3223 1133 3277 bonum
1166 3237 1272 3292 qua
1338 3219 1544 3289 praemii
1597 3218 1681 3272 sui
1731 3218 1971 3272 claritate

380 3316 720 3390 respondeat
747 3329 856 3368 non
886 3311 1149 3366 videmus.
1182 3308 1411 3365 Unicum
1433 3307 1634 3363 etenim
1666 3307 1873 3361 bonum
1895 3313 1974 3361 est

372 3408 444 3464 ad
475 3403 939 3476 recuperationem
969 3397 1571 3465 \‘itm,siinobedicntize
1585 3397 1740 3466 culpa
1772 3394 1972 3449 malum

373 3495 654 3553 suﬂiciens
676 3491 772 3546 fuit
793 3490 861 3544 ad
891 3487 1312 3560 perpetrandum
1349 3493 1604 3541 mortem.
1641 3484 1695 3539 Si
1727 3499 1862 3554 ergo
1918 3483 1972 3537 in

370 3585 512 3640 malo
542 3578 928 3636 inobedientia:
959 3593 1104 3631 mors
1131 3575 1438 3646 praevaluit,
1472 3574 1636 3628 toties
1665 3573 1790 3628 vitm
1838 3573 1972 3627 red-

367 3674 562 3737 dimur,
597 3669 809 3742 quoties
835 3666 1142 3722 obedimus.
1180 3665 1318 3719 Puer
1356 3664 1542 3734 itaque
1601 3661 1821 3717 Samuel
1872 3677 1974 3717 nec

364 3769 611 3825 vocatus,
645 3772 744 3813 nec
771 3756 1021 3826 repulsus
1053 3753 1358 3822 offenditur,
1397 3753 1526 3822 quia
1573 3752 1820 3806 vocantis
1879 3757 1973 3804 aut

364 3848 679 3922 repellentis
707 3846 950 3902 animum
979 3841 1163 3898 videre
1213 3840 1400 3908 noluit,
1461 3839 1552 3913 qui
1613 3841 1670 3893 in
1707 3841 1809 3894 hoc
1855 3840 1972 3894 solo

366 3939 609 4014 gaudere
641 3941 873 3991 noverat
899 3931 1042 4003 quod
1066 3930 1330 3986 obedivit.
1383 3931 1448 3984 Et
1470 3928 1599 4001 quia
1621 3944 1849 4000 surgere
1905 3927 1972 3982 ad

363 4030 629 4094 laborem,
662 4023 838 4079 redire
867 4028 1044 4076 autem
1089 4019 1158 4074 ad
1205 4017 1583 4073 dormiendum
1639 4017 1871 4089 pertinet
1905 4018 1973 4072 ad

365 4117 628 4188 quietem,
662 4111 790 4185 quid
820 4110 1076 4179 insinuat,
1118 4107 1226 4162 nisi
1259 4107 1862 4179 quiautrumquenobis
1883 4107 1970 4162 vi-

363 4217 473 4262 tam
502 4208 793 4276 prmparat,
820 4201 869 4253 si
899 4197 1166 4254 obedietis
1199 4196 1414 4251 animus
1445 4196 1499 4249 in
1530 4211 1595 4251 eo
1655 4195 1807 4266 quod
1861 4195 1973 4265 agit

361 4293 590 4352 nonnisi
618 4289 944 4347 obedientiae
967 4288 1169 4342 bonum
1199 4287 1436 4354 pensat?
1463 4287 1798 4354 Przeceptum
1820 4298 1972 4337 nam-

367 4401 472 4454 que
503 4385 560 4436 in
591 4382 696 4436 hoc
727 4379 847 4433 solo
874 4375 1095 4447 pensari
1121 4374 1302 4439 debet,
1337 4372 1482 4443 quod
1513 4373 1744 4440 majoris
1765 4387 1972 4442 praece-

364 4480 516 4544 ptum
546 4475 628 4523 est
655 4485 667 4529 ;
691 4474 744 4521 et
774 4464 864 4534 qui
895 4462 1222 4518 obedientize
1252 4461 1454 4544 bonum
1477 4459 1807 4544 exsequitur,
1859 4476 1968 4515 non

2083 555 2307 626 generis
2341 571 2538 626 parens
2570 570 2602 609 a
2629 556 2866 625 paradisi
2899 555 3112 626 gaudiis
3143 572 3246 611 nec
3277 556 3444 626 furto,
3476 572 3579 614 nec
3607 573 3701 612 ra-

2086 644 2229 712 pina,
2257 659 2359 699 nec
2387 643 2686 710 adulterio,
2721 659 2821 700 nec
2842 645 3156 712 homicidio,
3179 645 3274 701 sed
3330 646 3478 716 pomi
3545 647 3698 702 vetiti

2086 733 2455 791 inobedientia
2475 733 2672 788 corruit
2694 734 2852 799 (Gen.
2877 749 2956 799 Ill,
2983 737 3056 799 6).
3088 735 3241 790 Unde
3272 742 3325 790 et
3365 744 3488 806 apte
3539 735 3699 790 colli-

2084 821 2230 892 gitur
2249 821 2375 892 quia
2405 821 2450 875 si
2481 836 2648 892 parva
2678 838 2798 892 quae
2828 821 3082 876 videntur
3151 824 3424 892 majorum
3470 823 3700 896 imperia

2087 916 2396 980 contempta
2425 910 2494 963 ab
2525 909 2753 964 internis
2801 910 3018 981 gaudiis
3067 919 3339 982 separant,
3387 912 3548 968 etiam
3588 913 3698 969 mi-

2088 997 2234 1051 nima
2260 1014 2381 1069 quae
2404 998 2760 1069 perﬁciuntur
2787 999 2953 1053 vitam
2985 1007 3199 1070 parant.

2158 1091 2243 1140 1‘2.
2263 1087 2525 1157 Operator
2551 1087 2736 1158 itaque
2766 1096 3019 1143 strenuus
3049 1089 3172 1144 vitae
3191 1089 3428 1157 socialis,
3452 1093 3508 1145 et
3544 1105 3703 1146 com-

2087 1175 2318 1230 muniter
2346 1191 2531 1232 secum
2563 1178 2676 1232 Deo
2707 1176 3056 1231 servientium
3108 1179 3238 1248 pius
3290 1178 3592 1247 aemulator,
3653 1178 3702 1234 si

2087 1263 2278 1318 aeterni
2309 1265 2488 1321 meriti
2519 1265 2842 1334 ampliorem
2875 1265 3288 1322 retributionem
3317 1283 3414 1338 per
3443 1267 3702 1323 obedien-

2087 1353 2176 1407 tia:
2208 1353 2410 1407 bonum
2441 1353 2668 1422 adipisci
2697 1354 2989 1421 desiderat,
3014 1353 3068 1407 in
3098 1354 3202 1410 hoc
3231 1355 3347 1410 solo
3378 1371 3438 1410 se
3465 1371 3702 1427 cognos-

2089 1449 2177 1497 cat
2207 1442 2494 1510 excellere,
2528 1443 2571 1495 si
2604 1458 2717 1512 prae
2769 1443 2983 1498 caeteris
3029 1443 3254 1498 arbitrio
3290 1444 3514 1513 majoris
3568 1459 3704 1516 pro-

2090 1530 2260 1601 priam
2293 1531 2595 1586 subdiderit
2626 1532 2990 1588 voluntatem.
3022 1532 3160 1587 Nam
3191 1548 3293 1588 nec
3321 1547 3526 1603 magna
3549 1533 3703 1590 lucra

2088 1618 2304 1688 jejunii,
2320 1635 2421 1675 nec
2435 1635 2638 1689 asperae
2653 1620 2776 1674 vitae
2801 1621 2980 1674 studia
3001 1621 3209 1676 devotis
3225 1621 3419 1676 Christi
3443 1621 3707 1676 militibus

2091 1707 2145 1761 in
2176 1709 2442 1778 majorum
2468 1717 2743 1781 praecepto
2771 1709 2929 1766 valde
2958 1711 3238 1780 pensanda
3287 1718 3433 1764 sunt.
3485 1709 3706 1780 Majoris

2003 1827 2053 1886 Β
2087 1797 2285 1851 etenim
2331 1804 2410 1851 est
2459 1797 2637 1852 meriti
2685 1797 2975 1852 charitatis
3030 1797 3280 1868 injuncta
3337 1799 3564 1854 refectio
3607 1799 3702 1868 je-

2075 1885 2232 1953 junio
2261 1885 2475 1956 propria
2506 1886 2753 1941 delibera
2772 1887 2916 1942 tione
2948 1895 3222 1956 suscepto.
3254 1886 3359 1955 Qui
3391 1887 3535 1943 enim
3579 1887 3701 1956 jus-

2078 1990 2172 2027 sus
2199 1989 2425 2028 carnem
2469 1974 2662 2040 reﬁcit,
2707 1975 2907 2030 invitus
2947 1976 3145 2044 jejunii
3189 1975 3473 2046 praemium
3522 1976 3704 2032 devo-

2082 2061 2226 2117 tione
2249 2062 2558 2132 promeruit,
2585 2072 2638 2118 et
2667 2063 2988 2134 ampliorem
3021 2079 3203 2120 merce
3221 2066 3346 2119 dem
3379 2064 3707 2120 obedientia;

2078 2152 2459 2206 manducando
2489 2152 2830 2222 conquisivit.
2854 2152 3081 2208 Vocavit
3111 2168 3250 2224 ergo
3279 2154 3428 2208 Deus
3450 2169 3702 2224 puerum,

2078 2241 2173 2294 sed
2202 2256 2334 2296 voce
2364 2240 2628 2312 magistro
2662 2240 2854 2308 simili,
2911 2248 2969 2294 ut
3027 2240 3272 2311 profecto
3319 2241 3541 2298 modum
3589 2258 3704 2297 sua)

2080 2329 2364 2385 locutionis
2414 2329 2692 2383 indicaret.
2759 2329 2990 2384 Causam
3040 2330 3344 2386 vocationis
3400 2330 3588 2398 tacuit,
3642 2338 3704 2386 ut

2079 2417 2284 2473 electus
2313 2433 2450 2488 puer
2476 2433 2584 2488 qua
2606 2418 2908 2472 humilitate
2940 2417 3268 2476 obedientia:
3291 2427 3436 2474 esset
3459 2419 3706 2475 sublimis

2080 2507 2406 2562 ostenderet.
2431 2509 2516 2560 lre
2547 2507 2617 2561 ad
2647 2515 3037 2577 praeceptorem
3063 2507 3302 2577 pertulii,
3328 2516 3384 2562 ut
3439 2509 3692 2564 devotio-

2079 2596 2164 2650 nis
2193 2611 2305 2650 suaa
2336 2610 2528 2650 manus
2556 2593 2796 2661 offerret,
2831 2595 3028 2650 Redire
3057 2596 3126 2650 ad
3152 2597 3329 2652 somni
3351 2597 3595 2667 quietem
3624 2599 3697 2652 si-

2079 2684 2238 2752 nitur,
2273 2692 2325 2738 ut
2357 2683 2602 2754 profecto
2632 2701 2731 2739 nec
2761 2699 2826 2739 ea
2848 2701 2970 2756 qua:
3000 2693 3125 2739 sunt
3188 2685 3415 2740 minima
3445 2695 3697 2742 contem-

2079 2789 2294 2827 namus.
2347 2775 2543 2828 lterato
2591 2774 2810 2839 excitat,
2844 2782 2902 2828 ut
2931 2789 3054 2828 eum
3087 2789 3248 2844 quem
3279 2775 3334 2830 in
3366 2775 3538 2830 forma
3559 2773 3697 2830 elec-

2080 2869 2263 2916 torum
2300 2877 2501 2932 ponere
2532 2861 3105 2928 volebatostenderet,
3139 2863 3264 2934 quia
3300 2878 3403 2918 nec
3433 2863 3697 2934 imperio-

2077 2967 2193 3005 rum
2226 2951 2485 3005 instantia
2515 2952 2785 3022 fatigaret.
2805 2953 2901 3005 Per
2924 2968 3049 3006 eum
3064 2952 3549 3022 quireprobandus
3572 2957 3690 3008 erat

2079 3040 2264 3094 audire
2296 3039 2757 3109 quemadmodum
2788 3040 3068 3095 debuisset
3100 3041 3314 3106 didicit,
3346 3050 3402 3096 ut
3450 3042 3696 3111 profecto

2082 3129 2320 3183 sciamus
2353 3128 2479 3200 quia
2509 3129 2777 3198 majorum
2809 3128 3040 3199 imperia
3055 3137 3182 3184 tunc
3196 3129 3362 3185 etiam
3377 3131 3692 3186 veneranda

2083 3225 2226 3284 sunt,
2250 3232 2372 3272 cum
2409 3217 2512 3288 ipsi
2544 3217 2873 3272 laudabilem
2905 3233 3017 3274 non
3048 3219 3252 3273 habent
3318 3218 3506 3286 vitam,
3561 3219 3689 3291 quia

2079 3323 2266 3362 eorum
2295 3307 2560 3373 doctrina,
2595 3322 2718 3377 quae
2744 3321 2918 3378 prava
2947 3307 3256 3378 operatione
3285 3315 3462 3378 potest
3489 3324 3685 3379 super-

2079 3395 2162 3449 bis
2192 3396 2472 3461 vilescere,
2507 3395 2740 3449 humiles
2781 3396 3052 3450 auditores
3075 3395 3289 3454 facitad
3307 3396 3508 3452 divinae
3532 3395 3687 3451 fami-

2080 3484 2325 3539 liaritatis
2354 3483 2727 3540 celsitudinem
2759 3483 3066 3552 pervenire.

2151 3577 2238 3629 13.
2273 3572 2387 3628 Sed
2402 3573 2526 3644 quia
2548 3573 2797 3642 sequitur
2821 3589 2832 3624 :
2851 3576 3025 3629 Porro
3045 3573 3277 3630 Samuel
3288 3574 3682 3634 necdumscie~

2079 3663 2173 3718 bat
2202 3663 2526 3728 Dominum,
2561 3670 2614 3716 et
2634 3661 2880 3732 superius
2899 3662 3206 3718 ministrare
3228 3664 3460 3719 Domino
3493 3664 3684 3735 perbi-

2082 3752 2253 3818 betur,
2282 3751 2440 3805 valde
2461 3751 2791 3806 contrarium
2822 3751 3042 3807 videtur
3081 3767 3205 3807 esse
3262 3753 3408 3824 quod
3462 3753 3678 3822 dicitur,

2081 3839 2208 3912 quia
2237 3840 2444 3895 nescire
2476 3854 2585 3894 non
2616 3845 2828 3910 poterat
2855 3840 2941 3894 cui
2971 3840 3326 3895 ministrabat.
3359 3839 3496 3909 Quis
3535 3842 3682 3896 enim

2080 3929 2128 3984 ei
2149 3930 2357 3984 serviat
2386 3944 2546 4000 quem
2577 3927 2794 3999 ignorat
2821 3928 2848 3981 ?
2873 3928 2979 3984 Sed
3007 3929 3252 3999 profecto
3274 3945 3372 4000 per
3418 3930 3474 3984 id
3532 3931 3680 4000 quod

2079 4019 2428 4087 subjunctum
2459 4024 2541 4072 est
2573 4017 2746 4088 liquet
2800 4016 2855 4070 id
2913 4018 3057 4088 quod
3113 4025 3268 4073 sonat
3322 4019 3678 4091 contrarium,

2080 4123 2186 4176 qua
2216 4105 2446 4177 intelligi
2474 4106 2856 4162 convenientia
2888 4105 3112 4161 rationis
3141 4107 3356 4163 debeat.
3390 4109 3571 4180 Neque
3585 4124 3682 4165 re-

2077 4198 2296 4252 velatus
2327 4197 2378 4251 ei
2397 4199 2593 4265 fuerat
2626 4211 2808 4250 sermo
2838 4195 3084 4250 Domini.
3150 4196 3252 4250 Per
3309 4197 3453 4266 quod
3508 4197 3680 4252 nimi-

2078 4300 2198 4338 rum
2245 4284 2406 4338 datur
2453 4283 2681 4354 intelligi
2732 4283 2858 4353 quia
2913 4299 3074 4354 quem
3132 4299 3320 4339 amore
3378 4293 3433 4340 et
3507 4287 3678 4341 mini-

2078 4373 2244 4427 sterio
2274 4380 2516 4440 noverat,
2549 4373 2821 4426 sermonis
2850 4371 2970 4440 ejus
2995 4372 3325 4428 revelatione
3363 4373 3666 4430 nesciebat.

2074 4461 2330 4516 Nondum
2351 4460 2494 4516 enim
2525 4460 2603 4516 sic
2628 4467 2916 4516 voc-antem
2949 4461 3211 4530 audierat,
3263 4477 3428 4532 quem
3475 4479 3534 4518 se
3574 4477 3678 4520 co-

358 4533 653 4627 injunctum
684 4533 821 4623 opus
850 4549 1394 4613 debetconsiderare,
1426 4533 1580 4599 101
1603 4547 1697 4603 sed
1713 4546 1962 4618 fructum,
1995 4546 2046 4606 D
2075 4550 2332 4621 gnovisse
2363 4559 2416 4605 et
2459 4549 2754 4605 devotione
2807 4548 3098 4604 ministerii
3156 4557 3208 4604 et
3251 4550 3446 4606 virtute
3501 4558 3674 4606 testa-

358 4647 482 4718 quia
513 4645 583 4699 ad
607 4639 963 4713 promerenda
993 4645 1215 4692 aeterna:
1246 4637 1373 4692 vitae
1391 4637 1590 4706 gaudia
1614 4653 1728 4691 non
1763 4638 1960 4709 exqui-

357 4737 494 4791 ritur
523 4730 752 4804 qualitas
793 4727 997 4798 operis,
1051 4725 1148 4780 sed
1196 4724 1541 4780 mortiﬁcatio
1594 4725 1850 4796 prppria),
1906 4735 1959 4782 et

357 4821 633 4880 exsecutio
662 4817 857 4873 alienae
883 4813 1194 4870 voluntatis.
1231 4813 1386 4869 Unde
1401 4818 1455 4869 et
1478 4814 1674 4868 Paulus
1695 4815 1768 4869 ait
1793 4833 1803 4868 :
1833 4816 1957 4872 Cir-

357 4908 627 4970 cumcisio
639 4907 787 4962 nihil
802 4904 1044 4977 prodest,
1061 4905 1114 4958 et
1124 4903 1469 4974 prazputium
1488 4903 1636 4958 nihil
1649 4904 1852 4970 θεωεά
1865 4905 1956 4960 ob-

353 5002 594 5062 servatio
626 4996 1024 5053 mandatorum
1041 4993 1138 5046 Dei
1158 4991 1210 5059 (Ι
1230 4993 1356 5047 Cor.
1398 5007 1492 5060 vn,
1530 4992 1638 5060 19).
1667 4994 1781 5046 Jam
1827 5009 1958 5065 ergo

349 5091 492 5165 apud
522 5088 944 5158 omnipotentem
979 5081 1152 5136 Deum
1184 5095 1286 5134 nec
1317 5095 1377 5134 ea
1404 5097 1524 5151 quae
1557 5081 1624 5136 ad
1683 5081 1944 5148 laborem,

348 5199 524 5251 neque
554 5194 618 5234 ea
648 5192 769 5248 quae
796 5171 864 5228 ad
886 5172 1127 5244 quietem
1156 5168 1428 5240 pertinent
1473 5184 1639 5240 parva
1698 5177 1838 5237 sunt,
1903 5171 1946 5224 si

350 5279 610 5324 :eternam
641 5267 805 5320 vitam
834 5276 1025 5333 parare
1055 5257 1436 5314 obedientibus
1485 5266 1731 5328 possunt.
1779 5259 1947 5327 Quis-

351 5358 474 5428 quis
501 5369 632 5425 ergo
660 5354 837 5408 alieno
870 5348 1098 5421 imperio
1146 5347 1420 5417 subjectus
1480 5355 1560 5402 est
1615 5349 1717 5402 hoc
1773 5347 1947 5402 solum

350 5443 675 5508 consideret,
700 5441 820 5510 quia
850 5438 994 5510 quod
1023 5437 1125 5492 sibi
1174 5435 1474 5492 secundum
1532 5437 1704 5491 Deum
1760 5436 1946 5506 injun—

354 5534 502 5606 gitur
533 5527 692 5586 valde
710 5543 968 5596 magnum
999 5534 1052 5581 et
1081 5526 1360 5604 excelsum
1387 5525 1444 5580 in
1470 5524 1622 5581 lucro
1654 5532 1732 5580 est
1753 5526 1938 5595 menti,

353 5620 498 5695 quod
524 5617 692 5679 vitam
705 5618 980 5688 praeparet
1002 5613 1058 5669 in
1088 5615 1343 5672 mercede
1375 5613 1769 5670 retributionis.
1822 5613 1940 5682 Quo

2072 4639 2230 4693 batur
2258 4637 2481 4694 amoris.
2516 4637 2626 4693 Sed
2655 4637 2709 4691 in
2739 4637 3145 4692 conversatione
3173 4637 3414 4694 ﬁdelium
3461 4655 3673 4697 conve-

2071 4728 2285 4782 nienter
2321 4727 2578 4797 accipitur
2609 4741 2623 4795 ;
2655 4741 2783 4780 nam
2812 4725 3055 4797 plerique
3085 4727 3186 4781 sub
3234 4727 3412 4782 aliena
3448 4728 3672 4786 institu-

2073 4821 2218 4871 tione
2249 4817 2388 4870 bene
2419 4814 2724 4885 proﬁciunt,
2758 4814 2849 4884 qui
2879 4815 3140 4870 novitatis
3161 4832 3272 4870 suae
3295 4823 3534 4888 tempore
3553 4833 3672 4873 om-

2069 4905 2334 4975 nipotenti
2367 4905 2481 4958 Deo
2513 4903 2815 4958 ministeria
2842 4904 3178 4971 persolvunt,
3212 4913 3263 4958 et
3293 4910 3470 4960 tamen
3509 4908 3666 4977 puri-

2068 4998 2178 5047 tate
2209 4991 2676 5060 contemplationis
2706 4991 2774 5048 ad
2803 4991 3031 5047 internae
3076 4993 3485 5062 pulchritudinis
3541 4995 3670 5064 ejus

2066 5081 2304 5152 speciem
2335 5095 2443 5134 non
2472 5079 2806 5151 pertingunt.
2841 5081 2948 5148 Qui
2979 5096 3100 5136 cum
3149 5080 3503 5151 subjectionis
3556 5101 3670 5141 sum

2056 5170 2254 5225 merito
2285 5169 2444 5223 etiam
2471 5168 2675 5223 donum
2735 5169 2933 5224 divinas
2989 5169 3457 5241 contemplationis
3513 5172 3665 5228 acci-

2056 5259 2228 5330 piunt,
2262 5266 2314 5312 et
2343 5257 2682 5327 experientia
2713 5256 2940 5312 internae
2969 5257 3198 5314 visionis
3237 5245 3394 5310 102
3456 5259 3669 5316 intelli-

2057 5355 2190 5420 gunt
2229 5346 2356 5418 quia
2415 5347 2492 5401 sic
2540 5345 2782 5402 nondum
2830 5345 3077 5401 sciebant
3121 5347 3205 5401 cui
3267 5347 3665 5405 ministrabant.

2057 5437 2219 5504 Quod
2251 5437 2391 5491 bene
2411 5436 2598 5501 Jacob,
2617 5435 2691 5490 ad
2721 5434 3096 5506 accipiendam
3107 5436 3402 5508 conjugem
3424 5437 3665 5508 proﬁcis-

2055 5540 2207 5596 cens,
2232 5523 2760 5597 designat,quipost
2787 5523 3036 5579 laborem
3081 5523 3291 5580 itineris
3347 5541 3447 5598 per
3500 5542 3664 5597 sopo-

2051 5631 2171 5672 rem
2199 5613 2392 5686 quictis
2419 5612 2710 5673 Dominum
2738 5612 2896 5683 vidit,
2929 5612 3032 5672 sed
3060 5628 3092 5668 a
3133 5627 3331 5674 somno
3364 5613 3663 5694 evigilanse
