4062 6182
286 326 373 382 133

1085 324 1161 382 ΙΝ
1199 326 1479 389 PRIMUM
1504 328 1750 395 REGUM
1787 329 2345 395 EXPOSITIONES.
2385 368 2454 380 —
2489 341 2616 397 LIB.
2659 342 2728 399 II.

3461 360 3563 416 134

283 451 380 505 ait:
421 448 554 506 Vere
574 451 940 519 Dominusest
957 451 1020 506 in
1040 452 1155 509 loco
1169 452 1377 522 isto,et
1410 469 1504 527 ego
1527 455 1847 512 nesciebam
1876 456 1929 515 Δ
1958 460 2246 528 praesentia
2273 460 2328 516 in
2348 463 2732 536 dedignatione
2760 474 2900 539 sunt,
2932 476 2989 525 ut
3018 488 3123 541 quo
3153 475 3443 537 studiosius
3490 481 3560 536 ab

280 542 421 611 (Gen.
446 540 952 617 x,xmi,16).Neque
980 541 1123 609 enim
1153 541 1264 597 illic
1292 557 1414 597 esse
1442 544 1733 609 Dominum
1747 560 1848 599 an-

276 637 470 699 tequam
521 628 779 696 dormiret
826 629 1073 685 dubitare
1101 638 1335 701 poterat,
1385 632 1474 702 qui
1543 648 1661 687 esse
1708 633 1852 693 hunc

274 719 449 788 ubique
478 717 757 783 sentiebat;
791 718 890 773 sed
920 719 1045 790 quia
1074 727 1200 774 tunc
1246 736 1371 775 eum
1418 721 1710 791 perfectius
1759 722 1849 776 di-

271 806 403 872 dicit,
433 806 713 879 ignorasse
742 822 803 862 se
832 807 986 863 illum
1031 807 1305 878 perhibuit
1352 824 1478 866 cum
1528 810 1851 866 familiarius

267 911 359 950 non
386 894 629 966 agnovit.
673 895 773 949 Via
802 912 1035 966 namque
1065 913 1173 968 qua
1200 898 1268 952 ad
1292 897 1583 972 conjugem
1603 899 1851 971 pergitur

264 983 464 1041 intentio
502 983 718 1039 devotae
747 983 1071 1042 obedientia:
1101 994 1205 1054 est,
1247 1003 1352 1057 qua
1403 988 1708 1043 fecunditas
1758 987 1845 1042 in-

263 1079 409 1128 ternae
441 1073 727 1131 cbaritatis
751 1075 1010 1144 consequi
1042 1075 1399 1131 desideratur.
1440 1075 1611 1131 Jacob
1666 1075 1849 1146 itaque

268 1161 446 1216 dormit
472 1161 525 1215 in
556 1162 669 1230 via,
701 1178 826 1217 cum
857 1161 1033 1218 ﬁdelis
1062 1163 1602 1237 subjectus,maligni
1624 1164 1848 1235 spiritus

262 1248 632 1321 supplantator,
684 1268 785 1321 per
827 1251 1072 1307 laborem
1121 1253 1446 1309 obedientiae
1494 1253 1564 1308 ad
1612 1253 1845 1323 quietem

263 1339 531 1409 suscipitur
558 1340 787 1395 internae
817 1341 1062 1396 visionis.
1098 1339 1202 1410 Qui
1229 1343 1478 1412 profecto
1510 1350 1633 1396 tunc
1652 1341 1848 1396 Domi-

267 1443 378 1481 num
405 1444 459 1483 se
487 1428 779 1501 agnovisse
809 1429 1082 1500 fatebitur,
1116 1431 1243 1500 quia
1274 1432 1402 1485 dum
1434 1447 1554 1487 eam
1585 1431 1655 1485 ad
1685 1446 1847 1499 quam

263 1517 451 1571 noviter
474 1524 554 1581 est
589 1526 901 1588 assumptus
930 1519 1153 1575 internae
1183 1519 1319 1575 lucis
1342 1520 1567 1574 miratur
1586 1518 1846 1589 speciem,

262 1614 495 1675 quantum
526 1614 655 1661 ante
687 1608 945 1662 nescierit
975 1609 1308 1678 experientia
1337 1610 1589 1664 revelata:
1619 1607 1853 1678 pulchri-

256 1693 433 1748 tudinis
478 1695 756 1766 agnoscit.
809 1695 943 1751 Fide
990 1697 1211 1766 etenim,
1263 1697 1409 1753 velut
1458 1698 1626 1766 fama,
1676 1696 1851 1750 Deum

252 1783 640 1854 cognoscimus,
673 1800 861 1840 amore
910 1794 1092 1841 autem
1140 1786 1615 1857 contemplationis
1664 1785 1710 1839 is
1761 1782 1850 1854 qui

1958 546 2258 615 intentione
2308 567 2401 608 sua
2452 568 2774 629 corporeum
2832 572 2991 614 omne
3046 563 3205 639 103
3258 567 3557 639 repellitur,

1958 652 2143 692 amore
2173 638 2527 695 invisibilium
2569 642 2927 701 abundantius
2955 648 3240 719 repleatur.
3284 655 3349 715 Et
3377 638 3561 714 notan-

1959 724 2087 778 dum
2120 727 2245 805 quia
2270 728 2383 797 jam
2408 733 2683 799 quaterad
2704 735 2878 791 somni
2908 736 3141 806 quietem
3170 742 3345 798 redire
3372 749 3560 817 praeci-

1954 813 2120 883 pitur,
2155 817 2279 886 quia
2302 818 2432 872 dum
2458 820 2799 893 negligenter
2828 824 3030 881 utimur
3056 828 3157 883 isto
3187 813 3389 888 saeculo
3414 813 3563 895 circa

1956 901 2211 973 visibilia,
2244 921 2429 975 opere,
2462 908 2742 967 locutione
2771 920 2824 968 et
2872 914 3203 986 cogitatione
3243 919 3552 993 vigilamus,

1954 990 2060 1045 Ter
2087 1008 2219 1064 ergo
2252 994 2487 1051 dormire
2516 999 2888 1071 praecipimur,
2906 1010 2965 1057 ut
2993 1003 3064 1059 ad
3092 990 3459 1079 cognitionem
3480 990 3561 1068 su-

1953 1094 2244 1149 pernorum
2274 1098 2376 1153 per
2403 1086 2638 1155 quietem
2668 1089 2870 1158 operis,
2903 1093 3014 1146 oris
3042 1093 3313 1151 silentium
3344 1106 3397 1155 et
3416 1102 3561 1175 cogi-

1954 1168 2213 1224 tationum
2273 1173 2664 1243 superﬂuarum
2723 1178 3085 1250 abjectionem
3167 1168 3560 1257 praeparemur.

1954 1253 2155 1331 Quarto
2185 1268 2363 1315 autem
2394 1262 2513 1318 loco
2543 1264 2613 1317 ad
2642 1281 2889 1322 somnum
2947 1270 3207 1328 mittimur
3234 1253 3358 1331 cum
3379 1280 3562 1350 majo-

1954 1361 2073 1399 rum
2103 1356 2409 1405 uostrorum
2440 1351 2653 1409 licentia
2681 1354 2749 1409 ab
2780 1356 2895 1411 utili
2926 1358 3085 1414 etiam
3117 1362 3414 1422 ministerio
3443 1384 3561 1426 ces-

1955 1449 2074 1489 sare
2103 1437 2473 1509 prmcipimur,
2498 1450 2555 1495 ut
2585 1442 2713 1497 dum
2736 1445 2883 1499 nulla
2910 1450 3281 1519 praepedimur
3307 1471 3434 1511 cura
3454 1460 3560 1514 sol-

1955 1520 2267 1594 licitudinis,
2301 1534 2469 1583 totam
2500 1546 2556 1585 se
2586 1548 2738 1587 mens
2786 1536 3009 1608 colligat
3056 1540 3126 1594 ad
3154 1540 3405 1599 intuitum
3461 1564 3557 1603 su-

1955 1627 2139 1681 pernae
2169 1617 2408 1670 visionis.

2030 1704 2117 1755 16.
2143 1703 2209 1759 Et
2254 1707 2549 1761 notandum
2581 1708 2706 1779 quia
2764 1712 3127 1782 quiescentem
3173 1735 3420 1791 puerum,
3453 1741 3554 1781 ne-

1957 1788 2155 1845 sciente
2185 1791 2325 1861 Heli,
2357 1794 2620 1853 Dominus
2659 1800 2875 1870 excitat,
2926 1805 3023 1859 sed
3072 1814 3251 1864 tamen
3298 1788 3550 1884 excitato,

311 1849 332 1854 ν
627 1849 635 1854 ν
1356 1849 1374 1857 ⁸
1777 1849 1795 1854 _
2315 1849 2324 1861 ,
2665 1849 2875 1870 -_---_-,
2927 1849 3023 1859 η..
3074 1849 3251 1864 ..........
3298 1849 3529 1871 νμιιιιιυ

252 1870 377 1935 {sine
404 1873 647 1928 innotuit
694 1872 854 1930 nobis
868 1874 1017 1930 velut
1062 1890 1132 1931 ex
1179 1876 1487 1931 ostensione
1534 1873 1839 1945 praesentia:
1869 1849 1923 1910 Β
1951 1878 2055 1933 nisi
2086 1880 2278 1936 eodem
2311 1882 2426 1937 Heli
2456 1886 2829 1958 praecipiente,
2862 1894 3161 1955 vocationis
3188 1914 3301 1954 sua:
3328 1856 3548 1961 causani

247 1959 504 2016 reveletur.
538 1961 691 2017 Bene
719 1970 899 2017 autem
927 1978 1027 2034 per
1072 1962 1437 2019 obedientiam
1485 1962 1835 2035 proﬁciscens

246 2047 630 2117 subditus,dnm
659 2051 729 2105 ad
759 2051 1578 2122 contemplationisaltitudinem
1602 2053 1832 2120 ducitur,

247 2136 429 2191 dudum
460 2139 757 2219 ignorasse
787 2140 1077 2194 Dominum
1108 2141 1442 2211 perhibetur,
1466 2142 1591 2212 quia
1620 2142 1665 2195 is
1684 2141 1833 2211 quasi

244 2240 299 2279 ex
324 2227 635 2296 prmsentiae
665 2229 889 2284 veritate
918 2229 1204 2296 invenitur,
1239 2230 1327 2301 qui
1351 2231 1496 2284 fama
1525 2229 1667 2285 velut
1690 2230 1833 2286 inco-

243 2315 483 2389 gnitus,et
513 2332 631 2387 non
660 2318 952 2386 prmsentia
965 2319 1515 2390 velutcognitus,ante
1529 2318 1829 2375 videbatur.

308 2405 385 2458 lt.
417 2403 525 2460 Sed
559 2405 693 2475 quia
721 2406 1011 2477 separatim
1059 2407 1256 2462 dicitur
1285 2426 1299 2463 :
1330 2408 1590 2465 Nondum
1619 2408 1833 2464 sciebat

247 2492 556 2561 Dominum,
582 2510 766 2568 neque
801 2496 1082 2552 revelatus
1103 2498 1157 2552 ei
1172 2500 1365 2567 fuerat
1383 2513 1566 2553 sermo
1587 2498 1828 2567 Domini,

243 2582 1081 2658 potestsubtiliusintelligi.Nam
1113 2585 1166 2639 in
1195 2585 1610 2656 unaeademque
1623 2586 1834 2643 interna

242 2668 329 2725 Dei
358 2671 827 2742 contemplatione
854 2681 907 2727 et
936 2673 1072 2728 mira
1101 2674 1336 2728 charitas
1352 2674 1734 2744 contemplanti
1756 2675 1833 2729 in-

237 2755 455 2827 funditur
483 2761 553 2817 de
593 2760 770 2815 fructu
800 2767 964 2817 tantae
995 2761 1208 2835 gloriae,
1242 2771 1294 2818 et
1324 2771 1511 2834 stupor
1530 2780 1762 2836 magnus
1782 2764 1837 2819 in

236 2848 409 2903 secreti
454 2848 617 2904 verbi
672 2850 1022 2907 revelatione.
1064 2849 1300 2919 Quidam
1356 2867 1488 2924 ergo
1543 2852 1834 2907 Dominum

232 2935 405 3004 sciunt,
455 2946 507 2992 et
560 2938 839 3003 sermonis
887 2938 1007 3008 ejus
1056 2940 1441 2996 revelationem
1504 2941 1834 3022 percipiunt,

231 3024 341 3094 quia
368 3028 420 3080 et
450 3026 602 3081 mira
633 3026 921 3083 dulcedine
952 3028 1247 3099 replentur,
1264 3045 1331 3084 ex
1363 3045 1427 3084 ea
1445 3046 1605 3101 quam
1636 3046 1696 3084 ex
1715 3046 1838 3085 con.

231 3113 493 3169 suetudine
508 3115 778 3171 hauriunt
790 3115 1062 3172 infusione
1081 3125 1241 3173 tantae
1254 3118 1555 3187 charitatis,
1570 3122 1836 3191 etmagna

1941 1982 2281 2038 nequaquam
2312 1972 2641 2043 manifestat,
2676 1977 2801 2046 quia
2830 1980 3035 2041 electos
3063 1984 3307 2042 subditos
3326 1990 3551 2046 occulta.

1940 2055 2289 2125 inspiratione
2318 2060 2387 2114 ad
2416 2078 2664 2132 superna:
2686 2068 2875 2135 patrias
2899 2071 3227 2129 desiderium
3265 2077 3559 2148 erigit,sed,

1940 2159 2039 2212 per
2085 2144 2317 2215 quietem
2350 2164 2545 2205 vocare
2575 2168 2669 2208 eos
2698 2155 2769 2209 ad
2799 2172 2921 2211 eam
2961 2176 3122 2229 quam
3153 2144 3387 2236 diligunt
3431 2144 3546 2239 ipa-

1941 2232 2099 2287 triam
2130 2234 2245 2289 sine
2275 2237 2541 2305 majorum
2574 2240 2790 2296 licentia
2820 2260 2927 2300 non
2954 2232 3385 2320 permittit.Quia
3412 2232 3545 2335 ergo

1940 2322 2150 2391 quoties
2179 2332 2403 2379 vocatur
2426 2330 2752 2398 pner,toties
2781 2332 2860 2387 ire
2889 2335 2957 2388 ad
2988 2337 3310 2409 magistrum
3329 2322 3540 2413 sinitur,

1940 2409 2070 2479 quid
2100 2419 2181 2464 est
2211 2411 2627 2485 aliud,nisiquia
2656 2417 3045 2488 ipsadivinitus
3066 2409 3546 2502 inspiratasubjec;

1940 2506 2116 2553 torum
2138 2500 2409 2556 desideria
2438 2505 2709 2575 majorum
2733 2509 2940 2578 judicio
2961 2512 3377 2577 submittuntur?
3394 2500 3547 2592 opus

1940 2602 2174 2657 namque
2203 2589 2430 2661 subjecti
2462 2592 2718 2650 divinitus
2747 2597 3058 2667 inspiratum
3095 2611 3218 2658 tunc
3245 2605 3362 2663 Deo
3400 2589 3538 2681 gra-

1940 2683 2053 2730 tum
2083 2693 2199 2732 esse
2228 2681 2589 2751 cognoscitur,
2614 2684 2657 2737 si
2688 2687 2910 2756 majoris
2938 2689 3166 2759 imperio
3196 2702 3288 2748 aut
3313 2699 3541 2765 permis-

1940 2763 2090 2819 sione
2119 2769 2644 2838 peragatur.Quater
2671 2789 2802 2845 ergo
2833 2786 3058 2833 vocatur
3084 2796 3220 2849 puer
3232 2763 3536 2857 aDomino,

1943 2862 2133 2923 quater
2158 2856 2331 2911 somni
2362 2858 2513 2927 quies
2540 2861 2855 2931 praecipitur
2881 2881 2913 2919 a
2961 2868 3245 2945 magistro,
3296 2874 3421 2942 quia
3467 2856 3551 2943 ad,

1942 2949 2424 3012 temperamentum
2455 2948 2653 3017 operis,
2693 2950 2964 3007 silentium
3012 2956 3145 3025 oris,
3177 2958 3539 3027 abjectionem

1940 3030 2165 3087 interna:
2194 3033 2596 3104 sollicitudinis,
2650 3040 3008 3097 cessationem
3057 3044 3362 3119 ministerii,
3438 3068 3542 3122 pro

1941 3134 2124 3174 amore
2152 3122 2453 3178 secretioris
2473 3124 2597 3179 vitae
2618 3142 2718 3195 per
2732 3127 2970 3183 divinam
2993 3130 3401 3203 inspiratioan
3422 3156 3541 3197 sue-

231 3202 524 3269 crudiuntur
573 3203 845 3274 sapientia
892 3206 1223 3269 revelatione
1266 3206 1440 3262 verbi.
1470 3209 1514 3261 A
1562 3208 1830 3263 nonnullis
1860 3209 1910 3279 C
1936 3208 2236 3278 cendimur,
2270 3218 2321 3265 et
2352 3219 2531 3267 tamen
2560 3214 2760 3271 amoris
2804 3219 2976 3273 nostri
3033 3221 3299 3279 desideria
3355 3228 3539 3283 adim-

232 3305 343 3345 vero
371 3293 537 3353 scitur
569 3292 860 3359 Dominus,
895 3294 1089 3364 quibus
1127 3311 1306 3351 sermo
1353 3295 1571 3352 Domini
1618 3312 1828 3367 nequa-

237 3394 378 3447 quam
407 3381 710 3447 revelatur;
760 3382 886 3452 quia
915 3383 1189 3453 simplices
1236 3385 1453 3455 quique,
1486 3385 1584 3440 sed
1631 3401 1832 3458 magna

242 3470 643 3526 conversatione
672 3470 900 3540 perfecti
932 3471 1052 3537 viri,
1101 3473 1169 3528 de
1215 3474 1684 3544 contemplationis
1738 3475 1828 3529 di-

242 3554 364 3617 vinae
392 3558 577 3629 gloria
610 3557 941 3616 ineffabilem
972 3560 1190 3632 quidem
1230 3563 1430 3617 amoris
1488 3562 1829 3619 dulcedinem

239 3647 649 3717 contemplanda
666 3648 1104 3719 percipiunt,sed
1127 3658 1304 3705 tamen
1333 3651 1403 3706 ad
1432 3652 1655 3707 revelati
1676 3651 1826 3708 verbi

239 3731 336 3802 ejus
363 3734 713 3791 altitudinem
738 3751 849 3792 non
874 3738 1208 3809 pertingant,
1258 3739 1383 3809 quia
1411 3741 1482 3795 ad
1529 3740 1825 3797 amantium

235 3820 457 3877 ordinem
488 3825 761 3894 assumpti
791 3833 930 3891 sunt,
964 3842 1073 3881 non
1101 3827 1171 3881 ad
1201 3826 1574 3884 celsitudinem
1614 3828 1824 3899 praedi-

232 3908 452 3967 cationis.
487 3911 790 3983 Revelatur
817 3913 1038 3983 quidem
1070 3915 1118 3969 ei
1150 3915 1396 3985 verbum,
1428 3925 1485 3971 ut
1513 3924 1739 3981 ametur;
1772 3925 1829 3974 et

228 4009 285 4066 nc
307 4000 657 4068 praedicetur,
690 4000 1055 4063 absconditur.
1087 4004 1230 4071 Bene
1273 4013 1453 4060 autem
1502 4006 1570 4061 de
1616 4022 1681 4062 eo
1731 4006 1821 4077 qui

232 4084 289 4137 ad
317 4087 679 4143 ministerium
709 4091 1115 4159 praedicationis
1144 4092 1388 4148 elevatur
1417 4093 1643 4151 dicitur:
1677 4096 1823 4154 Non-

225 4169 347 4229 dum
366 4177 582 4237 sciebat
596 4178 1112 4253 Dominum,neque
1124 4182 1409 4238 revelatus
1425 4185 1478 4238 ei
1492 4186 1688 4255 fuerat
1705 4200 1821 4243 ser-

227 4275 304 4317 mo
332 4263 586 4335 Domini,
611 4275 670 4321 ut
692 4266 822 4321 dum
843 4284 908 4331 ea
929 4284 1051 4338 quae
1073 4270 1312 4326 nondum
1331 4270 1496 4326 habet
1515 4272 1666 4328 rudis
1685 4272 1822 4329 insi-

227 4358 336 4404 nuat
348 4352 545 4422 quibus
564 4353 732 4421 bonis
745 4355 905 4412 ditari
917 4358 1249 4427 praedicator
1263 4359 1459 4415 debeat
1468 4368 1716 4431 patenter
1734 4378 1818 4419 os-

226 4439 567 4501 tendat.Nam
583 4442 854 4512 quitillam
866 4444 1041 4500 intimi
1072 4446 1271 4503 amoris
1302 4447 1551 4505 virtutem
1575 4451 1817 4511 nondum

226 4530 473 4636 percepit.
522 4531 773 4601 profecto
820 4533 1247 4604 omnipotentem
1293 4536 1606 4608 Dominum,
1656 4555 1817 4610 quem
1846 4572 1897 4636 Ι)

228 4610 322 4677 ﬁde
348 4618 495 4691 velut
524 4619 677 4683 fama
705 4621 1172 4691 novit,prassentia
1201 4624 1344 4680 illius
1373 4642 1576 4698 magna
1595 4629 1820 4697 charita:

227 4698 284 4773 tis
308 4706 493 4769 nescit.
524 4708 591 4771 Et
623 4708 667 4763 si
697 4709 951 4773 ardenter
979 4712 1197 4785 dilligit,
1229 4722 1282 4769 et
1310 4730 1507 4771 arcana
1527 4718 1815 4789 mysterio-

224 4804 330 4878 rum
351 4794 620 4852 discutere
645 4814 747 4868 per
774 4799 1024 4870 spiritum
1052 4803 1293 4859 nondum
1322 4804 1490 4872 novit,
1516 4805 1632 4875 jam
1688 4806 1813 4878 qui-

225 4875 333 4939 dem
360 4882 654 4947 Dominum
686 4887 987 4959 cognoscit,
1019 4890 1116 4944 sed
1146 4890 1215 4947 ad
1245 4892 1508 4959 sermonis
1544 4893 1661 4964 ejus
1703 4875 1808 4951 wre-

222 4966 533 5033 velationem
560 4990 669 5039 non
682 4976 955 5045 pervenit.
986 4977 1069 5036 De
1096 4977 1386 5047 obediente
1414 4989 1596 5039 autem
1637 4999 1810 5054 puero

221 5056 381 5119 statim
409 5060 698 5119 subditur:

280 5173 445 5244 (ἵει-ε.
473 5178 556 5248 9.)
577 5179 732 5237 Abiit
765 5195 899 5252 ago,
914 5182 1167 5257 Samuel,
1186 5189 1244 5244 et
1272 5185 1561 5244 dormivit.

279 5287 360 5343 15.
389 5291 514 5346 tam
544 5294 743 5366 quippe
772 5295 1074 5355 ad'divinse
1093 5299 1379 5357 locutionis
1407 5302 1655 5358 notitiam
1673 5317 1814 5374 puer

222 5372 495 5435 instructus
527 5383 900 5452 mittitur,cum
931 5387 1135 5444 electus
1163 5389 1409 5446 subditus
1423 5390 1650 5461 majoris
1673 5372 1813 5449 con-

225 5462 331 5557 uilio
359 5468 719 5557 adspiritalia
747 5478 1132 5548 cognoscenda
1166 5485 1525 5557 praeparatur.
1557 5481 1626 5536 Et
1682 5481 1815 5538 dor-

234 5552 585 5644 mirequidem
600 5560 648 5615 ei
662 5568 747 5617 est
778 5552 1355 5624 indesideriomternaa
1372 5568 1499 5625 vitae
1520 5569 1816 5644 quiescere,

233 5654 342 5698 cum
370 5643 622 5706 videlicet
647 5650 847 5709 animae
862 5653 982 5725 jam
1009 5655 1130 5713 sola
1156 5671 1394 5729 superna
1411 5657 1609 5717 sitienti
1627 5643 1819 5719 cuncta

1934 3294 2086 3365 plere
2116 3297 2233 3352 sine
2261 3300 2529 3370 majorum
2561 3309 2869 3359 nostrorum
2897 3308 3256 3375 permissione
3275 3316 3536 3385 prohibe-

1937 3400 2075 3439 mur.
2112 3386 2278 3441 Vocat
2306 3387 2484 3458 itaque
2513 3389 2795 3460 Dominus,
2823 3402 2876 3448 et
2898 3396 3199 3455 vocationis
3228 3415 3443 3461 causam
3467 3413 3539 3460 ta-

1935 3480 2039 3541 cet,
2072 3481 2130 3528 ut
2157 3476 2499 3544 permittente
2528 3479 2792 3549 magistro
2821 3484 3170 3554 semetipsum
3190 3497 3382 3547 vocato
3401 3493 3538 3549 sub-

1930 3561 2075 3631 jecto
2107 3562 2355 3619 insinuet.
2386 3565 2528 3619 Nam
2558 3566 2651 3636 qui
2682 3585 2791 3626 non
2815 3570 2965 3640 jusso
3013 3573 3201 3631 audire
3246 3585 3537 3651 postquam

1934 3650 2154 3706 vocavit
2201 3652 2366 3722 siluit,
2415 3654 2507 3707 ubi
2556 3654 2747 3712 doctor
2792 3658 2958 3716 homo
3003 3665 3287 3734 prmcepit,
3337 3684 3539 3727 vocans

1934 3737 2080 3793 Deus
2109 3740 2408 3797 vocationis
2437 3755 2656 3805 causam
2686 3744 2965 3805 indicavit.
2999 3749 3261 3822 Sequitur
3273 3756 3417 3812 enim
3444 3776 3456 3812 :

2003 3862 2533 3936 (Vers.9-tt.)Abiit
2557 3884 2684 3940 ergo
2715 3870 3308 3940 Samuet,etdormivit
3323 3883 3389 3938 in
3413 3884 3531 3943 loco

1931 3952 2126 4008 suo.Et
2148 3954 2305 4009 venit
2318 3955 2613 4024 Dominus,
2635 3961 2692 4013 et
2711 3962 2877 4016 stetit
2892 3964 3227 4033 ,etvocavit,
3256 3972 3409 4028 sicut
3437 3990 3537 4031 vo-

1930 4044 2161 4096 caverat
2200 4043 2464 4111 seeundo,
2496 4046 2744 4101 Samuel.
2772 4050 2844 4103 Et
2871 4052 2955 4106 ait
2972 4052 3235 4113 Samuel:
3263 4059 3530 4133 Loquere,

1926 4129 2186 4201 Domine,
2210 4132 2344 4204 quia
2356 4132 2523 4188 audit
2558 4149 2752 4192 servus
2775 4140 2930 4194 tuus.
2953 4139 3023 4195 Et
3041 4144 3128 4198 ait
3152 4129 3428 4206 Dominus
3456 4129 3531 4207 ad

1927 4233 2083 4275 eum.

1999 4325 2088 4382 17.
2121 4326 2330 4397 Quibus
2356 4327 2601 4398 profecto
2626 4328 2824 4401 verbis,
2857 4329 2983 4403 quia
3012 4333 3081 4390 de
3128 4335 3444 4413 incorporea
3473 4349 3528 4402 et

1925 4413 2182 4471 invisibili
2213 4416 2394 4473 divina
2423 4417 2722 4473 substantia
2749 4419 2887 4474 illud
2917 4421 3115 4479 dicitur
3131 4429 3277 4497 quod
3305 4430 3375 4486 ad
3395 4448 3526 4488 cor-

1927 4519 2029 4574 pus
2059 4505 2329 4575 pertinere
2358 4506 2723 4577 cognoscitur,
2757 4523 2987 4566 necesse
3015 4520 3097 4567 est
3141 4522 3199 4570 ut
3226 4517 3529 4578 rationabi-

1926 4591 2049 4647 liter
2079 4592 2433 4665 intelligatur.
2464 4594 2607 4650 Nam
2638 4610 2744 4665 quo
2791 4598 2974 4653 veniat
3020 4600 3109 4669 qui
3155 4602 3354 4676 ubique
3402 4612 3533 4666 est?

1932 4695 2038 4750 quo
2067 4689 2227 4751 pacto
2259 4690 2402 4737 stare
2429 4691 2481 4738 et
2510 4683 2658 4753 loqui
2687 4682 2883 4740 dicitur
2897 4686 2989 4757 qui
3004 4702 3267 4760 corporea
3288 4696 3529 4765 substan-

1926 4768 2001 4823 tia
2028 4784 2136 4825 non
2166 4769 2431 4826 formatur
2448 4771 2589 4827 ‘?Sed
2606 4770 2661 4825 in
2691 4772 2787 4827 illa
2815 4775 2999 4830 omnia
3017 4776 3252 4836 dictante
3272 4784 3529 4842 substan-

1922 4856 2002 4913 tia
2027 4867 2305 4928 ponuntur
2329 4858 2497 4915 verba
2524 4859 2725 4930 inopia:
2754 4869 2975 4934 nostrae,
3008 4880 3111 4935 per
3156 4885 3279 4938 quae
3301 4888 3528 4947 surgere

1915 4945 2194 5002 valeamus
2223 4947 2294 5002 ad
2323 4949 2707 5019 cognoscenda
2735 4952 2993 5022 mysteria
3031 4959 3361 5026 operationis
3388 4945 3521 5020 suae.

1916 5034 2057 5090 Nam
2079 5038 2266 5092 venire
2294 5036 2527 5092 Domino
2557 5045 2637 5093 est
2663 5040 2957 5107 praesentia
2985 5044 3177 5113 gratiae
3205 5063 3318 5103 suae
3356 5051 3523 5106 corda

1918 5125 2213 5182 electorum
2246 5132 2483 5197 tangere,
2519 5132 2663 5180 stare
2692 5126 2814 5197 ejus
2865 5137 2962 5195 est,
2996 5134 3236 5187 manenti
3278 5136 3523 5203 ejusdem

1916 5214 2105 5287 gratiae
2136 5230 2250 5269 sum
2282 5214 2425 5269 dono
2454 5229 2546 5269 eas
2575 5230 2709 5284 quas
2738 5216 2913 5287 tangit
2943 5226 3151 5273 mentes
3188 5220 3519 5282 inconcessa

1917 5304 2109 5377 gratiae
2139 5320 2252 5359 sum
2281 5302 2426 5359 dono
2455 5303 2924 5359 retinere.Vocare
2936 5313 3116 5360 autem
3146 5307 3263 5377 ejus
3291 5318 3371 5366 est
3399 5314 3520 5371 ele~

1919 5401 2067 5449 ctum
2088 5400 2325 5449 mentem
2355 5392 2425 5448 ad
2440 5396 2795 5463 augmentum
2813 5392 3035 5462 majoris
3051 5394 3242 5475 gratiae
3263 5400 3521 5461 excitare.

1923 5482 2086 5539 Venit
2116 5497 2349 5552 namque
2376 5480 2660 5548 Dominus,
2692 5487 2746 5534 et
2773 5494 2882 5534 non
2910 5488 3033 5551 stat,
3066 5498 3192 5539 cum
3222 5489 3390 5546 corda
3418 5510 3520 5561 ne-

1921 5570 2247 5645 gligentium
2279 5576 2568 5642 tanguntur
2592 5582 2693 5638 per
2710 5565 2960 5639 gratiam,
2974 5577 3028 5626 et
3056 5578 3237 5632 tamen
3255 5576 3312 5633 in
3332 5578 3525 5641 aﬂ'ectu

1920 5669 1974 5719 et
2002 5675 2192 5718 amore
2222 5656 2496 5734 tangentis
2530 5654 2721 5735 gratiae
2757 5671 3103 5745 nequaquam
3154 5679 3521 5747 persqvepam,
