4062 6182
454 336 555 393 135

1652 322 1897 383 SANCTI
1940 322 2283 383 GREGORII
2322 326 2547 383 MAGNI

3655 326 3755 383 136

448 451 607 508 Velut
635 448 778 505 enim
809 463 1047 519 praesens
1074 456 1157 504 est
1186 448 1428 517 veniens,
1460 455 1512 503 et
1542 461 1649 501 non
1690 452 1836 499 stans
1881 459 2037 500 reee-
2067 446 2122 506 A
2147 447 2250 516 vis,
2281 446 2566 519 faciamus
2587 452 2675 508 hic
2695 451 2808 507 tria
2831 448 3220 521 tabernacula,
3240 448 3344 507 tibi
3372 449 3763 523 unum,Moysi

448 541 601 607 dens,
626 554 748 593 cum
780 554 845 593 ex
874 537 1132 609 praesenti
1182 546 1323 594 tactu
1362 536 1562 592 divinae
1591 533 1782 607 gratiae
1828 541 2050 603 repente

444 630 587 684 bona
618 626 797 683 facere
826 634 1155 697 proponunt,
1189 635 1243 682 et
1272 626 1453 680 statim
1486 623 1751 689 derelicti,
1800 621 2047 691 ejusdem

441 716 571 772 boni
602 715 863 788 propositi
896 716 1246 771 intentionem
1276 716 1548 770 deserunt.
1581 712 1740 781 Quod
1769 711 1811 765 si
1842 710 1912 765 ad
1933 710 2049 765 vim

444 804 919 875 contemplationis
947 804 1199 873 refertur,
1231 805 1377 860 venit
1407 811 1458 858 et
1488 810 1591 856 stat
1631 799 1895 855 Dominus
1921 814 2047 854 cum

442 894 734 949 electorum
767 893 933 949 corda
980 901 1033 947 et
1082 901 1311 963 repente
1360 908 1459 962 per
1484 890 1716 962 gratiam
1757 888 1946 959 tangit,
1996 894 2050 942 et

446 991 587 1039 tacta
616 990 834 1052 repente
864 999 971 1036 non
1001 982 1219 1047 deserit,
1253 989 1309 1035 ut
1339 980 1605 1036 veniendo
1636 979 1834 1045 visitet,
1857 976 2048 1031 stando

442 1070 743 1138 conﬁrmet,
776 1078 827 1125 et
856 1070 945 1141 qui
977 1070 1045 1125 ad
1075 1071 1336 1142 gaudium
1366 1069 1466 1123 sibi
1500 1069 1712 1124 dilecta:
1760 1065 1952 1120 mentis
1972 1080 2051 1119 os-

444 1160 811 1227 tenditur,non
834 1159 1051 1214 recedat
1066 1159 1181 1229 ipse
1192 1159 1343 1229 prius
1359 1161 1393 1227 1
1406 1159 1681 1227 04quam
1704 1155 1799 1210 illa
1816 1153 2048 1209 vivendo

443 1251 683 1305 satietur.
718 1248 834 1304 Sed
865 1248 991 1319 quia
1020 1256 1161 1304 stare
1192 1247 1407 1316 dicitur,
1442 1246 1771 1302 discessurus
1800 1242 2048 1313 quando-

451 1354 555 1409 que
586 1338 918 1409 designatur,
954 1338 1079 1407 quia
1109 1337 1207 1392 etsi
1256 1335 1547 1406 aliquando
1595 1333 1793 1389 electas
1841 1330 2049 1385 animas

445 1429 501 1483 in
530 1444 628 1483 sua
664 1425 991 1483 revelatione
1021 1443 1122 1496 per
1150 1423 1540 1496 aliquantulam
1597 1437 1808 1477 moram
1866 1418 2046 1485 satiat,

444 1515 752 1589 praesentia:
782 1531 893 1570 sum
926 1515 1266 1569 dulcedinem
1298 1512 1583 1580 subtrahit,
1616 1518 1673 1565 ut
1720 1508 2049 1563 subtractam

449 1606 722 1661 ardentius
749 1604 1151 1675 concupiscant.
1172 1602 1328 1659 Venit
1356 1617 1487 1674 ergo
1518 1599 1781 1655 Dominus
1800 1597 2045 1662 visitans,

449 1704 556 1751 stat
584 1694 822 1748 suaviter
850 1708 906 1747 se
938 1692 1330 1759 demonstrans,
1364 1698 1521 1745 vocat
1566 1688 1637 1743 ad
1684 1702 1923 1741 amorem
1954 1698 2047 1740 os-

449 1793 615 1840 tensa:
637 1798 749 1836 sua:
779 1780 970 1854 gloriae
1000 1795 1099 1850 per
1127 1778 1563 1834 ardentissimum
1596 1775 1923 1831 desiderium
1954 1790 2045 1828 ex-
2073 1810 2128 1869 B

443 1872 635 1929 citans.
666 1870 820 1926 Unde
841 1877 893 1925 et
924 1869 1080 1923 toties
1108 1868 1369 1924 excitatus
1391 1883 1523 1938 puer
1552 1866 1780 1935 repetito
1804 1863 2044 1918 nomine.

445 1960 706 2026 Vocatur,
739 1958 863 2028 quia
894 1957 1107 2013 vacatio
1137 1973 1203 2012 ex
1234 1956 1456 2011 nomine
1505 1954 1755 2025 designat
1798 1950 2048 2006 affectum

445 2064 663 2120 magnae
692 2046 972 2102 eharitatis
1008 2055 1059 2101 et
1090 2043 1487 2099 familiaritatis.
1515 2042 1665 2099 Unde
1695 2050 1748 2097 et
1777 2040 1947 2110 Moysi
1980 2040 2054 2095 lo-

450 2138 648 2208 quitur,
682 2136 904 2190 dicens:
938 2136 1072 2191 Novi
1109 2139 1162 2190 te
1196 2150 1269 2190 ex
1289 2129 1729 2203 nomine(Ea:od.
1755 2132 2047 2196 xxxm,12,

454 2225 566 2296 1⁸7).
600 2223 784 2279 Vocati
817 2222 983 2296 igitur
1012 2238 1210 2278 nomen
1240 2222 1481 2289 iteratur,
1522 2236 1643 2276 eum
1691 2219 1746 2272 in
1794 2233 2050 2290 magnam

441 2315 555 2385 jam
609 2311 1033 2368 familiaritatem
1082 2312 1305 2365 internae
1328 2309 1619 2379 Majestatis
1648 2324 1799 2362 mens
1819 2304 2052 2361 videntis

448 2402 738 2472 excipitur,
773 2409 825 2456 et
856 2399 1151 2455 ferentibus
1181 2398 1466 2453 desideriis
1493 2398 1562 2451 ad
1592 2412 1835 2451 amorem
1857 2411 1913 2449 se
1944 2408 2049 2449 vo-

451 2491 623 2547 cantis
651 2490 911 2556 elevatur,
942 2495 1000 2542 ut
1029 2496 1227 2557 praeter
1254 2487 1311 2540 id
1350 2486 1495 2557 quod
1543 2485 1692 2540 audit
1738 2484 1812 2538 nil
1861 2482 2047 2551 libeat,

452 2588 612 2649 atque
641 2579 697 2631 in
736 2576 925 2631 laetitia
955 2576 1168 2630 auditus
1197 2576 1277 2630 sui
1309 2574 1583 2630 immorari
1612 2581 1872 2644 perpetuo
1914 2588 2050 2627 con-

456 2668 725 2738 cupiscat.
765 2665 919 2722 Unde
948 2673 1000 2720 et
1029 2665 1118 2721 hic
1149 2673 1333 2734 aperte
1362 2662 1741 2735 subjungitur:
1793 2662 1899 2716 Ait
1926 2677 2052 2733 ergo

455 2756 687 2812 Samuel
696 2753 1376 2827 :Loquere,Domine,quia
1388 2753 1553 2808 audit
1574 2768 1767 2808 servus
1787 2748 2051 2818 tuu:.Qui

449 2860 582 2917 ergo
614 2845 835 2916 loquere
876 2842 1076 2912 posuit,
1109 2859 1174 2896 ex
1206 2842 1525 2897 necessitate
1554 2839 1833 2895 conclusit.
1886 2837 2053 2908 Quasi

451 2934 597 2989 enim
624 2931 808 2987 verbis
836 2931 1198 3001 apertioribus
1226 2930 1371 2985 dicat
1400 2947 1413 2984 :
1473 2930 1592 3002 Ego
1640 2928 1894 2998 respondi
1950 2929 2055 2983 Lo-

449 3037 637 3095 quere,
669 3020 758 3090 qui
788 3020 944 3075 aliter
972 3020 1303 3090 respondere
1333 3035 1441 3074 non
1488 3018 1659 3090 potui.
1721 3019 1865 3071 Nam
1923 3016 2055 3086 quid

452 3109 598 3164 aliud
629 3108 939 3164 desiderare
965 3117 1139 3177 potest
1171 3124 1321 3163 mens
1342 3108 1395 3161 in
1427 3107 1520 3162 illo
1550 3106 1754 3179 gaudio
1785 3104 2053 3175 loquentis

449 3196 747 3268 Majestatis
775 3168 1098 3266 assumpta?
1129 3196 1319 3251 Dicere
1348 3195 1493 3251 enim
1550 3168 1714 3250 menti
1772 3168 1886 3249 Deo
1942 3195 2049 3249 Lo-
2082 3168 2131 3231 Ο

452 3300 653 3359 quere,
686 3285 835 3339 illam
866 3282 1211 3339 ineﬁ‘abiliter
1237 3284 1453 3339 dulcem
1478 3283 1807 3339 locutionem
1838 3298 2057 3352 semper

453 3374 661 3443 audire,
696 3372 1005 3428 desiderare
1036 3381 1139 3427 est.
1181 3372 1323 3427 Dicit
1351 3388 1482 3444 ergo
1514 3374 1773 3445 Loquere,
1813 3372 1902 3441 qui
1933 3373 2054 3427 vel-

452 3464 526 3518 let
550 3471 611 3517 ut
638 3477 911 3531 nunquam
942 3470 1161 3516 taceret.
1196 3461 1351 3517 Unde
1381 3469 1433 3515 et
1463 3461 1711 3515 subditur
1738 3461 1868 3533 quia
1893 3460 2057 3516 audit

452 3566 647 3608 servus
672 3554 831 3605 tuus.
871 3548 1035 3618 Quasi
1054 3550 1201 3605 dicat
1225 3549 1381 3620 :quia
1408 3550 1515 3605 hoc
1546 3550 1691 3619 quod
1721 3550 2058 3619 experientia

454 3638 654 3695 interni
685 3636 907 3693 aﬁ'eetus
935 3637 1148 3708 excipio
1183 3647 1380 3693 xterna
1403 3638 1504 3691 frui
1537 3637 1885 3709 perceptione
1930 3653 2057 3693 eon-

453 3728 693 3799 cupisco.
727 3727 863 3781 Petit
891 3741 1023 3797 ergo
1052 3733 1109 3780 ut
1137 3725 1406 3795 loquatur,
1451 3726 1538 3796 qui
1590 3727 1731 3781 hunc
1778 3743 2057 3797 nunquam

453 3816 507 3872 in
533 3815 755 3871 internis
784 3814 894 3869 suis
923 3812 1205 3869 affectibus
1233 3813 1391 3869 silere
1422 3814 1715 3883 desiderat,
1742 3830 1807 3869 ne
1837 3815 1926 3885 qui
1951 3823 2057 3869 tam

455 3904 674 3959 sublimi
705 3902 1065 3959 exsultatione
1094 3903 1327 3958 Domino
1358 3902 1610 3973 loquente
1630 3904 1947 3974 sustollitur,
1989 3904 2060 3959 ad

455 3991 810 4065 proferendas
839 3992 1111 4047 damnatae
1142 3991 1491 4047 humanitatis
1520 3994 1815 4065 angustias,
1849 4009 1914 4048 eo
1972 4002 2057 4048 ta-

456 4090 629 4151 cente,
661 4079 977 4151 deponatur.
1009 4081 1148 4135 Nam
1179 4081 1223 4135 si
1254 4096 1287 4135 a
1315 4081 1881 4151 corruptionisnostrae
1904 4090 2058 4137 tene-

457 4170 589 4238 bris,
621 4169 739 4239 ipso
769 4168 1040 4239 loquente,
1074 4169 1417 4237 assumimur,
1452 4184 1575 4225 cum
1605 4170 1762 4225 nobis
1789 4186 1887 4240 per
1923 4170 2059 4224 sub-

457 4258 805 4314 stractionem
821 4258 1017 4329 gratiae
1035 4257 1406 4324 tacet,eisdem
1438 4257 1673 4312 tenebris
1683 4258 2056 4330 subjugamur.

458 4346 648 4402 Merito
661 4345 826 4418 igitur
841 4352 987 4400 tanto
1008 4344 1294 4400 subvectus
1309 4344 1543 4399 culmine
1555 4346 1787 4401 Domino
1799 4346 2059 4403 dieitzLo-

463 4450 654 4508 quere,
689 4432 813 4502 quia
844 4447 907 4487 eo
937 4432 1357 4487 interniauditns
1377 4432 1582 4504 gaudio
1610 4432 1713 4487 sibi
1737 4434 2058 4507 eomplaeet,

2155 542 2620 604 unum,etlleliue
2634 557 2816 597 unum
2847 540 3070 611 (Matth.
3105 555 3242 607 XVII,
3275 542 3325 602 ις
3355 540 3490 595 Luc.
3519 554 3601 607 Ix,
3629 540 3748 611 33).

2157 621 2258 691 Qui
2290 627 2433 681 enim
2466 629 2617 694 dicit;
2650 633 2865 686 Bonum
2896 633 2984 684 est
3012 644 3114 684 nos
3132 628 3222 684 hic
3237 643 3374 694 esse,
3397 628 3440 682 si
3460 630 3754 698 posset,ab

2155 712 2249 767 illa
2280 715 2485 773 visione
2518 726 2675 774 tantae
2705 718 2895 790 gloriae
2933 732 3205 787 nunquam
3236 716 3434 787 deponi
3473 716 3750 772 voluisset.

2155 801 2295 855 Dum
2328 805 2477 860 enim
2509 808 2641 862 dicit
2672 809 2875 876 Petrus,
2899 807 3150 875 Domine,
3183 806 3387 862 bonum
3430 808 3515 861 est
3538 820 3640 862 nos
3663 806 3755 864 hic

2156 905 2292 959 esse,
2326 901 2379 948 et
2408 895 2629 951 Samuel
2661 896 2793 952 dicit
2816 913 2828 948 :
2848 893 3119 968 Loquere,
3151 895 3405 962 Domine,
3437 894 3570 965 quia
3590 895 3757 950 audit

2157 995 2351 1037 servus
2385 988 2536 1051 tuus,
2572 1000 2731 1040 voces
2762 985 2981 1055 quidem
3011 983 3240 1039 diversae
3269 991 3410 1050 sunt,
3444 981 3760 1037 affectiones

2157 1071 2413 1139 aequales.
2457 1073 2571 1128 lIoe
2601 1074 2746 1128 enim
2784 1072 3251 1145 signiﬁcatPetrus
3266 1072 3322 1126 in
3347 1079 3549 1140 monte,
3575 1080 3758 1125 trans-

2156 1155 2388 1229 ﬁgurato
2417 1161 2669 1224 Domino,
2696 1162 2838 1232 quod
2868 1160 3084 1217 Samuel
3107 1177 3139 1215 a
3161 1159 3417 1216 veniente
3446 1202 3459 1227 ,
3498 1176 3529 1215 a
3566 1167 3762 1230 stante,

2159 1254 2212 1301 et
2253 1255 2426 1304 stante
2456 1249 2693 1304 Domino
2752 1249 2987 1305 secundo
3026 1256 3265 1305 vocatur.
3317 1247 3426 1303 Sed
3471 1247 3568 1304 etsi
3600 1246 3754 1317 quasi

2158 1335 2404 1391 nesciens
2442 1338 2628 1392 Petrus
2658 1337 2788 1407 quid
2818 1338 3021 1393 diceret
3068 1336 3137 1392 ad
3184 1335 3518 1408 evangelista
3564 1351 3759 1405 repre-

2158 1425 2436 1495 henditur,
2472 1426 2595 1480 huic
2626 1435 2804 1482 tamen
2835 1426 3011 1481 sensui
3041 1425 3369 1481 contrarium
3399 1440 3507 1481 non
3522 1424 3757 1479 videtur.

2158 1512 2507 1586 Evangelista
2536 1515 2738 1586 quippe
2766 1530 2872 1570 non
2903 1513 3152 1569 affectum
3184 1512 3345 1581 Petri,
3375 1512 3471 1567 sed
3492 1513 3758 1568 rationem

2158 1603 2525 1672 reprehendit,
2559 1603 2684 1673 quia
2713 1620 2833 1659 eum
2866 1602 3097 1658 Dom'ino
3126 1610 3432 1673 assumptus
3479 1601 3534 1655 in
3579 1600 3761 1673 gloria

2157 1705 2418 1760 seorsum,
2451 1692 2527 1746 sic
2557 1708 2678 1747 esse
2708 1708 2924 1763 semper
2950 1691 3217 1762 cupiebat,
3263 1698 3315 1746 et
3362 1705 3461 1760 pro
3491 1688 3757 1761 redempé

2159 1777 2301 1833 tione
2330 1780 2603 1834 communi
2632 1796 2757 1835 eum
2813 1780 2882 1835 ad
2911 1779 3266 1852 ignominiam
3305 1778 3476 1833 crucis
3522 1778 3756 1833 descen-

2158 1866 2285 1922 dere
2318 1868 2556 1923 nolebat.
2589 1869 3029 1939 Nesciebatergo
3059 1867 3422 1937 quiddiceret,
3447 1866 3544 1921 sed
3567 1865 3758 1921 arden-

2160 1963 2238 2010 ter
2267 1957 2409 2026 quod
2440 1957 2661 2012 videbat
2690 1958 2927 2023 amabat,
2960 1956 3085 2026 quia
3100 1958 3258 2025 1.05
3282 1955 3525 2027 profecto
3548 1963 3755 2008 tantum

2159 2043 2361 2099 bonum
2392 2045 2632 2112 videbat,
2668 2047 2813 2115 quod
2842 2046 2918 2100 sic
2948 2061 3054 2100 non
3083 2045 3255 2098 amari
3276 2043 3583 2099 nullatenus
3604 2051 3757 2113 pote-

2158 2141 2260 2189 rat.
2293 2134 2447 2189 Unde
2476 2135 2572 2189 etsi
2598 2135 2742 2204 juste
2773 2136 2960 2189 Petrus
2991 2132 3422 2204 reprehenditur,
3482 2131 3532 2187 ei
3574 2139 3758 2187 tamen

2157 2222 2554 2293 rationabiliter
2567 2222 2897 2295 indulgetur,
2916 2222 3042 2293 quia
3069 2238 3253 2277 amore
3276 2229 3435 2276 tanta:
3455 2220 3760 2290 Majestatis

2158 2326 2258 2380 per
2286 2311 2590 2367 fruitionem
2621 2312 2955 2368 vincebatur.
2990 2311 3378 2368 Verumtamen
3408 2325 3528 2364 eum
3552 2308 3621 2363 de
3667 2307 3761 2363 di-

2158 2398 2316 2454 cendi
2345 2400 2649 2471 ignorantia
2678 2402 2861 2455 Petrus
2873 2399 3137 2472 arguitur,
3160 2398 3403 2468 ejusdem
3443 2396 3765 2470 ignorantia

2159 2503 2323 2543 causa
2353 2497 2703 2544 memoratur.
2749 2490 2891 2544 Nam
2947 2487 3183 2542 subdens
3237 2485 3591 2558 evangelista,
3647 2484 3761 2539 ait:

2160 2578 2505 2633 Erantenim
2520 2580 2722 2634 timore
2739 2576 3143 2634 exterritiJlla
3171 2574 3315 2630 enim
3346 2575 3567 2629 internae
3597 2573 3769 2644 Maje-

2162 2665 2315 2719 statis
2346 2665 2637 2720 ineﬂ‘abilis
2666 2665 3010 2736 pulchritudo
3049 2665 3278 2721 electam
3308 2672 3542 2719 mentem
3572 2662 3655 2718 cui
3703 2675 3764 2717 se

2162 2754 2558 2810 delectabiliter
2579 2754 2814 2811 ostendit
2842 2754 3134 2825 aliquando
3163 2752 3399 2808 mirabili
3414 2766 3615 2824 pavore
3636 2765 3767 2805 cun-

2163 2843 2312 2912 cutit,
2346 2860 2413 2899 ne
2445 2844 2513 2899 de
2544 2843 2766 2898 visionis
2796 2842 3178 2913 magnitudine
3208 2842 3280 2897 ad
3309 2840 3600 2897 elationem
3631 2853 3767 2910 pro-

2161 2931 2372 3000 siliat,si
2404 2947 2523 2987 eam
2541 2948 2702 3002 quam
2715 2931 2915 2987 blanda
2933 2929 3320 3001 contemplatio
3332 2929 3401 2985 ad
3426 2937 3533 2983 tam
3546 2941 3768 2983 summa

2164 3021 2345 3076 evehit
2371 3029 2656 3092 provector
2698 3039 2823 3076 suus
2871 3021 3088 3093 spiritus
3136 3018 3345 3074 timoris
3387 3014 3762 3072 moderamine

2163 3124 2270 3164 non
2300 3110 2552 3165 refrenat.
2585 3111 2644 3163 In
2673 3126 2780 3165 una
2809 3110 3029 3179 quidem
3059 3116 3111 3164 et
3139 3107 3330 3163 eadem
3359 3105 3614 3161 revelata!
3634 3104 3764 3177 glo-

2160 3197 2254 3253 riae
2282 3198 2507 3266 visione,
2541 3206 2593 3252 et
2620 3198 2832 3253 bonitas
2860 3195 3235 3268 Redemptoris
3276 3193 3532 3266 aspicitur
3568 3190 3765 3247 ineﬂ‘a-

2159 3285 2343 3342 biliter
2360 3286 2661 3353 blandiens,
2686 3295 2737 3341 et
2756 3286 2979 3356 aequitas
3001 3285 3143 3339 illius
3164 3281 3513 3338 ineﬁ‘abiliter
3535 3289 3759 3349 terrens,

2161 3382 2219 3429 ut
2248 3389 2355 3444 quo
2384 3374 2614 3430 videntis
2643 3374 2852 3429 animus
2881 3375 2948 3429 de
2976 3380 3225 3443 respectu
3255 3371 3353 3427 Dei
3383 3369 3622 3426 bonitate
3645 3368 3765 3424 dul-

2164 3462 2278 3517 cius
2309 3463 2560 3533 pascitur,
2611 3463 3038 3518 consideratione
3085 3460 3357 3531 aequitatis
3408 3458 3620 3514 territus
3666 3471 3768 3513 ca-

2165 3559 2307 3617 veat,
2340 3568 2407 3607 ne
2442 3552 2672 3606 inaniter
2712 3551 2951 3606 satietur.
2984 3551 3139 3607 Unde
3168 3558 3220 3605 et
3250 3549 3489 3617 Samuel,
3543 3563 3665 3603 eum
3696 3544 3769 3600 ad

2166 3639 2365 3696 divinae
2409 3640 2701 3695 locutionis
2730 3639 3153 3694 familiaritatem
3202 3636 3519 3706 sustollitur,
3569 3635 3618 3690 ei
3663 3649 3774 3690 non

2167 3728 2290 3783 laeta
2318 3730 2386 3784 de.
2416 3729 2709 3785 electorum
2742 3729 3005 3800 profectu,
3032 3728 3131 3783 sed
3152 3726 3220 3781 de
3234 3726 3650 3797 (a)magnorum
3681 3722 3771 3777 de-

2168 3817 2310 3872 fectu
2345 3818 2607 3873 terribilia
2636 3818 2962 3872 nuntiantur.
2994 3817 3139 3871 Nam
3171 3813 3456 3869 subditur:

2238 3907 2413 3974 (Veis.
2441 3907 2553 3977 11.)
2576 3907 2641 3962 Et
2663 3908 2747 3962 ait
2786 3906 3056 3963 Dominus
3104 3903 3177 3959 ad
3224 3902 3587 3959 Samuelem:
3635 3902 3773 3956 Ecce

2168 4009 2265 4066 ego
2294 3996 2444 4066 facio
2475 3996 2703 4051 verbum
2722 3996 2785 4050 in
2816 3994 3011 4060 Israel,
3044 3992 3189 4065 quod
3216 3994 3541 4064 quicunque
3572 3989 3775 4046 audie-

2165 4083 2265 4152 rit,
2298 4084 2553 4140 tinnient
2585 4084 2762 4140 amba:
2790 4097 2958 4139 aure:
2986 4084 3129 4154 ejus.

2228 4176 2327 4226 '19.
2361 4174 2505 4227 Inter
2534 4173 2672 4228 dona
2701 4172 2901 4243 quippe
2948 4170 3204 4225 sublimia
3261 4167 3437 4225 electa
3493 4182 3647 4224 mens
3702 4182 3772 4224 eo

2166 4260 2378 4315 cautius
2406 4260 2475 4315 ab
2504 4260 2740 4316 elatione
2761 4260 3141 4331 compescitur,
3193 4273 3298 4329 quo
3354 4271 3454 4329 per
3509 4255 3773 4327 omnipo-

2169 4349 2327 4404 tentis
2356 4350 2454 4405 Dei
2481 4349 2743 4418 justitiam
2774 4349 2937 4404 etiam
2968 4348 3090 4403 illos
3119 4347 3365 4416 repulsos
3402 4344 3615 4415 aspicit,
3676 4343 3776 4415 qui

2167 4435 2324 4492 donis
2353 4437 2760 4493 sublimioribus
2784 4437 2901 4491 fulti
2931 4451 3045 4491 esse
3062 4434 3399 4491 videbantur.
3426 4432 3606 4500 Quare
3627 4431 3778 4489 etde

464 4537 570 4593 quo
601 4521 655 4574 in
686 4519 1041 4575 exterioribus
1068 4519 1178 4573 suis
1207 4519 1338 4573 nihil
1370 4520 1567 4591 placet;
1612 4530 1665 4576 et
1692 4538 1910 4579 manere
1938 4541 2058 4580 cum
2088 4530 2140 4591 D
2170 4526 2337 4583 verbo
2367 4527 2510 4597 quod
2542 4527 2808 4582 facturum
2840 4540 2898 4580 se
2927 4540 3044 4579 esse
3073 4521 3335 4578 Dominus
3363 4521 3617 4589 minatur,
3660 4519 3776 4575 tin-

466 4609 810 4679 eolloqnente
838 4624 1021 4663 secum
1053 4614 1199 4662 tanto
1248 4608 1524 4663 ardentius
1572 4620 1811 4680 cuperet,
1864 4623 2063 4683 quanto

462 4697 533 4752 ad
562 4694 776 4751 inﬁrma
815 4712 912 4750 sua
942 4695 1194 4750 libentius
1223 4712 1495 4767 nunquam
1528 4698 1725 4769 deponi
1774 4701 2056 4759 voluisset.

534 4789 622 4840 18.
654 4784 853 4852 Etiam,
886 4791 1105 4840 auctore
1134 4784 1268 4853 Deo,
1301 4800 1425 4841 eum
1455 4787 1688 4843 Domino
1719 4790 1949 4846 dicimus
1972 4793 2066 4849 to-

458 4890 651 4950 querc,
682 4874 800 4945 ipso
832 4873 1066 4928 donante
1095 4872 1347 4941 dicimus,
1381 4874 1476 4931 sed
1518 4883 1700 4932 tamen
1728 4895 1833 4949 quo
1872 4879 2065 4936 affectu

459 4966 517 5021 id
546 4964 595 5020 ei
623 4961 977 5035 perfectiores
1017 4961 1173 5019 electi
1204 4962 1388 5019 dicant
1417 4964 1596 5020 dicere
1642 4982 1750 5021 non
1798 4967 2061 5038 valemus,

461 5053 590 5129 quia
618 5051 764 5124 quod
792 5050 1047 5107 desiderii
1080 5059 1159 5106 est
1188 5049 1477 5107 ineﬁ‘abilis
1506 5070 1613 5109 non
1642 5056 1963 5125 exprimitur
1990 5057 2065 5113 lo-

459 5144 674 5204 cutione
704 5139 946 5196 rationis.
973 5137 1147 5207 Quem
1174 5140 1418 5211 profecto
1448 5140 1701 5198 aifeetum
1757 5143 1896 5199 bene
1950 5145 2063 5200 Pe-

461 5240 571 5295 trus
625 5230 878 5297 insinuat,
938 5227 1027 5299 qui
1085 5244 1207 5283 cum
1262 5230 1643 5286 transformato
1698 5231 1932 5289 Domino
2006 5234 2063 5288 in

461 5325 647 5372 monte
674 5318 969 5385 assisteret,
1002 5315 1470 5388 refulgentemque
1517 5317 1711 5375 faciem
1760 5321 1878 5391 ejus
1924 5322 2064 5378 sicut

460 5405 542 5460 sol
572 5413 834 5473 cerneret,
867 5412 920 5460 et
946 5404 1019 5459 ad
1064 5405 1233 5461 instar
1275 5405 1416 5462 nivis
1461 5405 1700 5464 albentia
1745 5409 2063 5466 vestimenta

2172 4616 2289 4671 nire
2319 4631 2474 4670 aures
2521 4615 2856 4671 audientium
2903 4612 3288 4683 praedicuntur.
3336 4611 3512 4665 Aures
3569 4609 3777 4680 quippe

2172 4705 2417 4775 corporis
2446 4704 2696 4772 tinniunt,
2738 4702 2951 4773 quando
2982 4698 3308 4756 intolerabili
3355 4698 3532 4754 sonitu
3586 4697 3776 4769 impe-

2173 4800 2369 4850 tuntur.
2401 4794 2541 4847 Nam
2572 4808 2690 4847 eum
2713 4792 2857 4846 ultra
2878 4787 3088 4846 auditus
3116 4786 3473 4860 capacitatem
3496 4786 3545 4841 ei
3565 4785 3779 4842 clamor

2171 4882 2492 4950 infunditur,
2525 4882 2668 4937 hunc
2697 4895 2857 4952 quem
2895 4877 3054 4935 oﬂieii
3102 4876 3353 4948 angustia
3398 4874 3631 4931 sonitum
3686 4887 3774 4930 re-

2167 4970 2305 5042 jieit,
2353 4970 2409 5023 in
2456 4969 2704 5024 tinnitum
2750 4968 3034 5035 convertit,
3085 4966 3212 5036 quia
3259 4965 3388 5020 dum
3434 4978 3533 5035 per
3559 4962 3774 5018 aurium

2172 5067 2325 5116 antra
2353 5073 2459 5115 vox
2488 5057 2687 5126 sibilat,
2720 5073 2838 5127 quae
2868 5054 3046 5111 infusa
3073 5054 3254 5122 simul,
3279 5053 3349 5108 ad
3379 5051 3639 5107 interiora
3658 5065 3774 5107 non

2170 5148 2354 5203 intrat.
2377 5146 2463 5221 Ad
2509 5161 2665 5202 aures
2707 5160 2836 5201 vero
2880 5144 3124 5200 mentiun
3167 5139 3520 5198 intolerabilis
3564 5138 3777 5195 clamor

2171 5244 2250 5291 est
2278 5235 2511 5306 alicujus
2558 5234 2743 5307 magni
2790 5233 3023 5306 repulsio
3061 5229 3452 5304 pradicatoris.
3504 5227 3774 5283 Clamoris

2170 5340 2302 5397 ergo
2332 5323 2485 5380 effusi
2515 5324 2832 5396 magnitudo
2862 5338 2970 5379 non
2997 5321 3225 5392 capitur,
3257 5317 3383 5389 quia
3411 5316 3542 5371 dum
3587 5312 3771 5369 subli-

2172 5412 2281 5469 mia
2309 5412 2452 5469 dona
2478 5412 2819 5484 praedicatori
2847 5410 3085 5483 reprobo
3126 5420 3383 5465 concessa
3434 5403 3766 5473 recoluntur,

460 5494 578 5578 ejus
605 5492 995 5563 conspexisset,
1027 5492 1103 5548 ait
1133 5510 1147 5548 :
1186 5495 1401 5553 Bonum
1432 5500 1518 5553 est
1546 5512 1648 5555 nos
1687 5496 1778 5555 hic
1807 5513 1927 5557 esse
1958 5518 1976 5556 :
2005 5499 2058 5557 si
2163 5516 2270 5573 quo
2318 5501 2519 5563 divine
2559 5501 2827 5573 aequitatis
2854 5499 3105 5560 examine
3138 5495 3418 5569 projicitur
3462 5493 3765 5565 ignoratur,

472 5656 481 5666 -
532 5634 611 5708 (a)
642 5632 811 5691 Gilot.
841 5632 1183 5694 terribiliter
1208 5642 1583 5698 nuntiantur.
