4062 6182
295 298 370 356 137
1052 297 1125 351 IN
1182 294 1447 351 PRIMUM
1490 282 1733 349 REUUM
1791 293 1850 348 El

1961 275 2325 351 ismoNE's.
2370 327 2432 338 -
2480 297 2601 352 un.
2651 300 2716 353 ιι.

3428 309 3529 360 138

290 426 340 479 In
362 422 580 478 tinnitum
626 434 757 492 ergo
803 419 1015 475 aurium
1073 419 1256 477 effusae
1311 418 1462 476 vocis
1516 418 1838 493 magnitudo
1868 419 1921 481 A
1951 429 2105 492 repta
2132 420 2353 492 perenni
2396 430 2549 477 reatu
2593 438 2691 478 nos
2736 424 3016 498 obligant,
3067 426 3298 484 audacia
3344 430 3541 502 iniqui-
3580 428 3589 441 '

287 512 602 577 convertitur,
633 509 761 579 quia
788 509 886 562 etsi
918 525 1024 580 quo
1074 509 1174 563 Dei
1214 508 1422 578 judicio
1470 507 1589 577 ﬁat,
1635 508 1832 563 mentis

288 600 540 655 intentione
569 614 674 652 non
704 598 935 668 capitur,
959 599 1087 653 dum
1106 598 1198 653 diu
1228 614 1326 667 per
1342 596 1832 653 considerationem

285 697 517 761 pensatur,
549 687 712 743 corda
743 686 1178 743 consideratione
1224 686 1426 741 timore
1472 694 1833 741 consternan-

288 786 370 833 tur.
394 775 535 832 Velut
563 776 704 830 enim
736 776 803 830 de
833 777 1018 832 clauso
1046 790 1259 847 magna:
1294 776 1437 831 vocis
1466 775 1647 830 sonitu
1676 791 1836 829 aures

284 866 497 932 tinniunt,
524 865 739 935 quando
770 864 838 920 de
868 865 958 919 diu
988 864 1333 920 considerata
1350 878 1671 936 magnorum
1694 864 1835 919 viro-

283 972 379 1010 rum
405 952 771 1024 reprobatione
796 954 1069 1023 justorum
1101 952 1267 1008 corda
1299 953 1704 1024 pertimescunt.
1728 951 1836 1007 Sed

281 1044 426 1098 amba
451 1057 600 1096 aures
627 1041 825 1096 tinnire
865 1042 1192 1109 referuntur,
1225 1041 1441 1096 dextera
1488 1040 1739 1096 videlicet
1783 1049 1837 1096 et

278 1132 486 1187 sinistra.
515 1131 583 1185 Et
612 1132 739 1201 quia
769 1148 865 1201 per
890 1130 1166 1185 dexteram
1199 1137 1405 1184 aeterna
1435 1128 1560 1196 vita,
1593 1146 1690 1200 per
1709 1129 1836 1183 sini-

276 1229 422 1276 stram
444 1235 569 1274 vero
592 1235 837 1289 praesens
856 1219 1191 1289 designatur,
1209 1223 1263 1273 et
1290 1234 1391 1289 per
1420 1233 1607 1272 aurem
1628 1233 1693 1272 ea
1714 1234 1837 1288 quae

276 1310 491 1366 dicuntur
512 1308 787 1375 audimus,
812 1308 943 1380 quid
974 1325 1069 1380 per
1091 1308 1378 1362 sinistram
1411 1322 1598 1362 aurem
1631 1308 1739 1361 nisi
1760 1308 1837 1361 in-

275 1398 533 1453 tentionem
562 1397 671 1468 pias
700 1397 1051 1468 operationis,
1074 1404 1126 1452 et
1155 1396 1283 1467 quid
1313 1412 1410 1466 per
1436 1412 1625 1450 aurem
1655 1396 1837 1451 dexte-

274 1502 370 1543 ram
398 1486 495 1540 nisi
524 1485 890 1541 intentionem
938 1501 1184 1556 supernae
1233 1484 1453 1540 visionis
1499 1485 1839 1555 accipimus?

274 1575 432 1629 Ambae
458 1574 641 1645 itaque
664 1574 937 1630 audientis
956 1589 1116 1630 aures
1138 1573 1388 1639 tinnient,
1411 1573 1534 1644 quia
1553 1589 1676 1629 cum
1697 1589 1842 1628 sum-

272 1680 451 1719 morum
482 1664 727 1719 virorum
761 1664 915 1717 ruina
944 1662 1264 1729 ostenditur,
1298 1662 1587 1718 electorum
1617 1661 1842 1717 intentio

272 1761 468 1824 utraque
498 1752 766 1819 turbatur,
799 1753 929 1822 quia
959 1760 1011 1806 et
1038 1751 1257 1823 paventi
1304 1750 1469 1806 corde
1499 1752 1567 1805 ad
1596 1759 1841 1806 contem-
1872 1779 1926 1841 Β

272 1840 444 1913 ptanda
481 1848 697 1896 aeterna
728 1856 789 1895 se
814 1841 1053 1912 erigunt,
1087 1847 1141 1894 et
1170 1839 1286 1894 sine
1316 1838 1524 1911 ingenti
1554 1838 1846 1895 formidine

274 1930 563 2001 temporalia
619 1946 728 1985 non
773 1929 1085 1998 disponunt.
1148 1930 1301 1984 Ilunc
1349 1943 1585 2000 namque
1634 1927 1846 1982 aurium

275 2020 489 2074 tinnitum
546 2035 746 2090 passus
802 2017 1006 2085 fuerat,
1066 2016 1159 2089 qui
1220 2015 1453 2072 Domino
1507 2016 1843 2086 loquebatur,

271 2108 435 2163 dicens
458 2126 471 2162 :
493 2106 745 2165 Iustitia
772 2111 873 2163 tua
914 2108 1064 2162 sicut
1104 2111 1325 2162 montes
1354 2106 1473 2171 Dei,
1487 2105 1717 2177 judicia
1748 2109 1847 2160 tua

269 2196 468 2268 abyssus
515 2197 711 2253 multa
740 2196 918 2255 (Psal.
955 2210 1125 2260 xxxv,
1158 2196 1233 2263 7).
1275 2195 1484 2249 Montes
1514 2195 1714 2265 quippe
1745 2194 1847 2248 Dei

269 2285 438 2339 summi
483 2294 536 2341 et
589 2285 762 2341 electi
788 2284 894 2340 viri
924 2282 1317 2354 intelliguntur.
1350 2281 1567 2351 Quibus
1594 2282 1849 2353 profecto

266 2374 512 2429 montibus
543 2373 648 2429 Dei
672 2373 884 2442 justitia
911 2382 1169 2445 aequatur,
1203 2388 1325 2427 cum
1356 2371 1518 2425 ardua
1549 2371 1665 2441 ejus
1696 2388 1849 2426 man-

267 2462 369 2518 data
394 2479 555 2534 opere
589 2461 903 2533 perﬁciunt,
923 2464 1015 2518 sed
1050 2470 1225 2516 tamen
1253 2460 1436 2515 divina
1462 2459 1666 2530 judicia
1694 2459 1849 2529 abys-

265 2565 347 2606 sus
374 2550 537 2605 multa
568 2559 718 2616 sunt,
741 2552 873 2623 quia
902 2551 1000 2606 etsi
1030 2551 1088 2606 in
1120 2557 1433 2605 sanctorum
1456 2548 1701 2603 virorum
1723 2564 1851 2603 ocu-

262 2639 315 2693 lis
340 2648 474 2694 recta
505 2647 639 2694 sunt
667 2654 734 2694 ea
770 2642 874 2709 1ο
890 2642 934 2707 ὃ
966 2657 1086 2710 qua:
1105 2646 1296 2712 agunt,
1322 2645 1444 2692 ante
1468 2636 1855 2707 omnipotentis

262 2728 346 2782 Dei
375 2729 557 2784 oculos
591 2728 779 2801 qualia
812 2736 937 2782 sunt
966 2729 1104 2784 scire
1154 2743 1266 2783 non
1315 2734 1572 2797 possunt.
1612 2726 1771 2781 Unde
1801 2732 1855 2781 et

259 2816 389 2872 bona
433 2835 555 2889 qua}
598 2818 908 2889 praevalent
934 2817 1267 2873 incessanter
1294 2823 1487 2889 agunt,
1520 2822 1571 2870 et
1601 2831 1764 2886 super
1792 2830 1854 2870 se

261 2913 514 2961 tonantem
563 2906 722 2961 illum
766 2906 1096 2977 judiciorum
1143 2905 1401 2976 abyssum
1441 2904 1852 2975 pertimescunt,

258 2994 369 3065 quia
394 2994 461 3051 de
492 2995 646 3051 facto
670 2996 887 3051 Domini
912 2996 1075 3052 verbo
1106 2994 1251 3066 quod
1277 2993 1495 3049 audiunt
1528 2992 1720 3048 tinnitu
1741 3008 1854 3048 ma-

1942 510 2066 565 tatis
2095 511 2328 582 propria
2359 510 2554 583 quibus
2587 527 2683 568 nos
2721 515 2896 585 poenis
2941 514 3119 587 ligat?
3165 517 3358 574 Merito
3405 534 3542 592 ergo

1945 599 2211 655 audientis
2257 615 2414 654 aures
2463 601 2715 668 tinniunt,
2766 602 2890 673 quia
2932 604 3185 659 nimirum
3244 605 3540 663 electorum

1944 696 2172 753 mentes,
2205 704 2327 758 quae
2357 689 2459 744 hoc
2487 696 2687 745 attente
2733 691 3108 758 considerant,
3159 693 3228 749 de
3278 702 3421 750 tanta
3466 695 3544 750 di-

1947 775 2229 831 strictione
2270 777 2715 835 contremiscunt.
2747 779 2937 835 Merito
2984 781 3252 835 audientis
3300 781 3403 838 hoc
3450 800 3547 838 auv

1951 880 2038 919 res
2091 864 2351 933 tenniunt,
2385 866 2512 939 quia
2542 866 2784 937 profecto
2825 867 3245 924 immensitatem
3293 870 3547 927 clamoris

1951 953 2131 1019 habet,
2165 971 2327 1024 quam
2360 955 2533 1009 electa
2571 956 2737 1011 corda
2778 956 2867 1011 vix
2918 957 3199 1013 sustinent.
3235 959 3300 1013 Et
3328 959 3550 1015 dextera

1951 1042 2169 1112 quidem
2201 1042 2469 1098 audientis
2497 1044 2641 1099 auris
2673 1045 2848 1114 tinnit,
2885 1046 3012 1116 quia
3057 1046 3154 1101 etsi
3202 1047 3553 1118 perfectionis

1954 1146 2068 1185 suae
2097 1130 2287 1185 merito
2315 1147 2372 1186 se
2400 1131 2630 1203 quisque
2659 1133 2728 1188 ad
2757 1149 2993 1205 superna
3011 1136 3428 1207 contemplanda
3446 1137 3552 1192 eri-

1954 1219 2051 1289 git,
2084 1226 2263 1273 tamen
2292 1220 2359 1274 de
2392 1219 2513 1275 vitae
2541 1238 2651 1277 sum
2680 1222 3001 1278 celsitudine
3029 1239 3138 1279 non
3167 1223 3407 1280 conﬁdit.
3461 1224 3550 1279 Si-

1954 1307 2121 1361 nistra
2168 1307 2329 1362 etiam
2379 1309 2523 1362 auris
2571 1309 2755 1375 tinnit,
2803 1312 2930 1382 quia
2976 1312 3077 1367 etsi
3122 1312 3265 1368 dono
3311 1314 3552 1370 scientiae

1956 1391 2135 1462 habet,
2167 1405 2225 1450 ut
2252 1397 2569 1467 temporalia
2616 1400 2737 1469 quis
2787 1400 3022 1470 perfecte
3072 1400 3317 1470 ordinet,
3367 1410 3548 1458 tamen

1957 1484 2024 1538 de
2053 1485 2382 1554 perfectione
2427 1486 2708 1542 ministerii
2742 1488 2824 1541 sui
2855 1487 3104 1544 ﬁduciam
3135 1490 3338 1545 nullam
3368 1491 3549 1548 habet.

1956 1573 2100 1627 Inter
2126 1573 2265 1628 dona
2289 1574 2488 1644 quippe
2518 1575 2773 1630 sublimia
2794 1576 3015 1631 verbum
3040 1578 3280 1645 audiunt,
3302 1579 3370 1634 de
3398 1580 3552 1651 cujus

1956 1659 2195 1717 clamore
2242 1662 2385 1717 auris
2434 1671 2659 1734 utraque
2723 1664 2968 1719 tinnitum
3010 1666 3229 1737 patitur,
3274 1667 3372 1722 sub
3420 1683 3551 1739 quo,

1954 1748 2128 1804 donec
2163 1750 2266 1804 ista
2293 1750 2683 1806 iucertitudinis
2711 1753 2820 1808 vita
2848 1752 3077 1823 ducitur,
3110 1770 3306 1826 pavere
3334 1771 3444 1814 non
3462 1757 3553 1812 de-

1954 1837 2098 1892 sinit.
2134 1839 2290 1895 Unde
2321 1847 2374 1895 et
2401 1848 2525 1911 apte
2554 1840 2901 1914 subjungitur
2932 1859 2945 1897 :

2028 1945 2205 2010 (Vers.
2241 1947 2352 2014 15.)
2382 1947 2656 2002 Dormivit
2689 1947 2928 2004 Samuel
2957 1965 3131 2022 usque
3163 1967 3351 2008 mane.

2027 2036 2114 2087 21.
2147 2034 2326 2103 Usque
2356 2050 2514 2088 mane
2545 2034 2688 2089 enim
2732 2035 2931 2091 dormit
2977 2037 3070 2108 qui
3113 2055 3394 2112 quousque
3423 2057 3552 2099 ven-

1957 2120 2057 2175 turi
2090 2120 2432 2192 Redemptori
2464 2122 2722 2194 splendor
2748 2132 3008 2194 appareat
3032 2125 3086 2179 in
3116 2127 3369 2199 inemptas
3396 2128 3557 2187 bona

1955 2209 2285 2279 Operationis
2333 2210 2739 2266 conversatione
2796 2211 3099 2283 requiescit.
3165 2214 3351 2287 Usque
3397 2233 3556 2275 mane

1957 2297 2175 2365 dormit,
2198 2298 2286 2368 qui
2319 2306 2428 2353 tota
2459 2298 2734 2369 praesentis
2762 2298 2888 2355 vitae
2918 2308 3073 2356 nocte
3099 2317 3197 2373 per
3222 2305 3556 2375 propositum

1956 2385 2219 2443 inchoata
2241 2385 2470 2455 justitiae
2501 2394 2799 2458 exspectat,
2833 2395 2890 2442 ut
2918 2388 2986 2443 ad
3017 2390 3281 2460 gaudium
3318 2392 3556 2448 emerita:

1960 2474 2326 2530 retributionis
2354 2474 2567 2529 claritas
2596 2473 2701 2529 sibi
2732 2475 2977 2546 promissi
3010 2477 3389 2550 Redemptoris
3409 2480 3558 2536 efful-

1959 2571 2101 2636 geat.
2158 2563 2390 2618 Verbum
2420 2562 2562 2617 enim
2595 2564 2920 2635 promissum
2950 2563 3005 2618 in
3035 2565 3201 2621 Israel
3232 2567 3457 2638 audivit,
3489 2569 3559 2625 de

1961 2667 2067 2723 quo
2098 2668 2255 2706 aures
2285 2653 2402 2722 ejus
2433 2651 2629 2706 tinnire
2661 2667 2768 2707 non
2799 2652 3070 2717 desinunt,
3096 2653 3222 2724 quia
3243 2655 3310 2710 de
3333 2671 3562 2728 conspe-

1960 2750 2047 2796 cta
2094 2740 2430 2795 districtione
2496 2739 2696 2794 divinae
2761 2739 2983 2809 justitim
3045 2742 3253 2798 timoris
3315 2745 3563 2815 spiritum

1961 2830 2164 2897 hausit,
2197 2828 2296 2883 sub
2327 2830 2479 2895 cujus
2510 2827 2749 2898 pondere
2780 2828 2849 2882 ad
2883 2828 3072 2883 seculi
3105 2844 3349 2886 amorem
3380 2835 3564 2907 evigi-

1962 2917 2077 2972 lare
2108 2933 2215 2972 non
2244 2916 2460 2988 poterit.
2509 2916 2617 2971 Sed
2666 2917 2897 2971 fortasse
2937 2933 3110 2988 usque
3139 2935 3297 2975 mane
3327 2920 3567 2979 dormire

1963 3006 2178 3074 dicitur,
2212 3021 2309 3076 pro
2340 3005 2531 3059 tinnitu
2560 3004 2703 3057 auris
2734 3004 2993 3061 dextera).
3047 3006 3187 3061 Nam
3218 3008 3443 3066 dextera
3473 3026 3567 3067 au-

258 3083 343 3155 gni
386 3085 617 3139 terroris
667 3101 855 3140 eorum
904 3085 1071 3140 corda
1116 3083 1450 3156 quatiuntur.
1495 3085 1629 3153 Apte
1676 3090 1850 3137 autem

1968 3095 2040 3149 ris
2071 3095 2249 3159 tinnit,
2284 3093 2411 3165 quia
2449 3093 2576 3148 dum
2608 3093 2878 3163 perfectus
2899 3094 3174 3151 interioris
3204 3098 3329 3153 vitae
3360 3108 3570 3157 amator

256 3188 353 3228 non
385 3172 486 3228 nisi
514 3173 862 3229 audientium
894 3190 1051 3229 aures
1080 3174 1279 3227 tinnire
1301 3171 1682 3243 pradicuntur.
1715 3172 1854 3226 Nam

257 3269 301 3315 et
328 3262 377 3316 in
409 3262 731 3336 Evangelio
787 3264 892 3318 hoc
939 3262 1214 3327 admonet,
1274 3261 1511 3316 dicens:
1547 3261 1651 3329 Qui
1693 3259 1857 3316 habet

253 3366 405 3410 aures
428 3353 712 3412 audiendi
744 3352 945 3407 audiat
979 3351 1139 3420 (Luc.
1174 3364 1295 3416 vni,
1329 3353 1404 3418 8).
1438 3348 1540 3418 Qui
1574 3348 1718 3404 enim
1752 3356 1859 3403 tota

255 3445 537 3502 intentione
568 3443 646 3499 ad
677 3458 741 3497 ea
773 3457 897 3512 quae
925 3439 1059 3497 foris
1089 3447 1212 3494 sunt
1241 3438 1492 3510 vigilant,
1521 3440 1670 3493 hunc
1704 3438 1860 3493 timo-

256 3533 323 3589 ris
346 3536 606 3590 tinnitum
644 3531 916 3596 nesciunt,
940 3528 1067 3601 quia
1096 3543 1264 3599 super
1294 3543 1351 3582 se
1383 3525 1687 3581 divinorum
1713 3525 1858 3595 judi-

254 3624 437 3679 ciorum
469 3620 828 3679 altitudinem
852 3632 1197 3690 nequaquam
1217 3624 1467 3688 pensant.
1496 3615 1601 3671 Sed
1620 3631 1744 3670 ecce
1766 3614 1858 3687 qui

256 3712 450 3767 subtilia
482 3710 592 3767 Dei
624 3707 833 3780 judicia
881 3723 1047 3778 super
1088 3722 1148 3761 se
1194 3720 1427 3776 pensare
1456 3704 1650 3771 noluit,
1682 3703 1751 3759 de
1791 3720 1857 3760 eo

252 3801 560 3868 judiciorum
608 3796 896 3853 sententiae
925 3811 1086 3867 quam
1118 3803 1288 3850 acuta:
1322 3794 1670 3866 replicantur.
1717 3794 1857 3849 Nam

257 3889 478 3945 subdens
510 3889 654 3947 dicit
688 3905 699 3941 :

312 3997 485 4067 (Vera.
514 3996 586 4051 13
609 4002 667 4050 et
691 3995 801 4062 14.)
835 3991 1089 4048 Ρηεάίεὶ
1125 3992 1281 4048 cnim
1319 3988 1461 4059 quod
1497 3989 1856 4056 iudicatura:

254 4101 411 4142 essem
466 4086 711 4142 domum
761 4084 886 4153 ejus
943 4096 1116 4152 usque
1165 4079 1231 4134 in
1286 4081 1568 4135 wtcmum
1624 4084 1857 4151 praptcr

251 4176 645 4246 iniquitatem,
699 4187 761 4227 co
794 4169 940 4242 quod
988 4172 1225 4225 noverat
1268 4168 1415 4237 ﬁlios
1455 4184 1582 4224 suos
1620 4168 1855 4238 indigne

253 4279 424 4332 agerc,
472 4267 689 4318 etnon
721 4258 998 4329 corripuit
1037 4273 1149 4314 cos.
1193 4257 1403 4314 Idcirco
1447 4256 1633 4324 iuravi
1661 4256 1855 4312 domui

251 4352 360 4408 ficti
392 4351 540 4422 quod
582 4365 705 4405 non
730 4347 999 4419 expietur
1039 4347 1322 4419 iniquitas
1362 4346 1559 4402 domus
1590 4346 1712 4416 ejus
1742 4348 1851 4402 vic-

252 4441 393 4496 timis
420 4447 481 4496 et
511 4437 857 4495 muneribus
887 4437 951 4491 in
979 4439 1284 4491 wtcrnum.

310 4548 395 4603 20.
423 4546 579 4615 Quia
608 4541 755 4600 enim
779 4542 1103 4614 plerumque
1127 4541 1286 4610 justu-
1311 4540 1613 4596 severitatis
1643 4547 1854 4597 senten-

249 4634 316 4688 tia
341 4651 439 4705 per
466 4632 825 4690 clementiam
855 4638 1206 4701 temperatur,
1238 4645 1453 4701 magnae
1495 4628 1850 4685 districtionis

249 4725 343 4779 hoc
363 4724 641 4793 judicium
673 4728 776 4788 est,
803 4720 894 4775 ubi
923 4719 1423 4774 animadversionis
1452 4719 1717 4773 sententia
1757 4735 1849 4773 re-

247 4812 493 4882 plicando
539 4811 828 4866 asseritur.
881 4807 1144 4864 Praedixit
1204 4807 1346 4862 enim
1408 4807 1655 4878 superius
1710 4806 1849 4872 lleli,

247 4916 362 4959 cum
392 4917 494 4973 per
516 4900 702 4956 virum
752 4899 873 4964 Dei,
915 4912 1209 4967 suppresso
1249 4896 1489 4963 nomine,
1540 4896 1856 4964 dejectionis

249 4991 362 5062 ejus
388 4989 725 5045 sententiam
758 4986 1038 5041 nuntiavit.
1061 4984 1205 5055 Quia
1223 5001 1352 5041 vero
1377 4992 1430 5040 et
1459 5001 1600 5041 nunc
1619 4984 1763 5040 idem
1796 5000 1853 5040 se

248 5087 490 5135 acturum
518 5079 694 5149 jurat,
723 5076 973 5148 profecto
1001 5074 1364 5130 damnationis
1396 5073 1658 5144 judicium
1689 5073 1857 5144 repli-

250 5176 349 5223 cat.
380 5168 508 5237 Qua
540 5168 603 5221 in
630 5181 694 5222 re
723 5165 889 5222 etiam
927 5163 1220 5219 notandum
1249 5170 1326 5217 est
1356 5162 1482 5233 quia
1529 5163 1623 5235 qui
1672 5162 1856 5233 inique

250 5265 474 5330 agenteS
517 5254 667 5311 ﬁlios
705 5269 815 5309 non
842 5252 1120 5324 corripuit,
1148 5251 1489 5322 iniquitatem
1523 5251 1714 5307 fecisse
1759 5266 1855 5307 re-

255 5345 619 5418 prehenditur
652 5359 775 5414 qua;
801 5342 855 5397 in
885 5349 1147 5398 aeternum
1176 5339 1414 5397 victimis
1455 5347 1509 5394 et
1544 5341 1859 5397 muneribus

253 5447 608 5507 nequaquam
636 5431 899 5503 expietur.
931 5429 1068 5499 Quae
1115 5443 1249 5501 ergo
1294 5428 1401 5483 erit
1444 5428 1704 5485 districtio
1751 5429 1857 5484 ini-

257 5524 473 5595 quitatis
502 5521 772 5593 propriae,
799 5519 845 5574 si
866 5518 1282 5573 irremediabitis
1300 5518 1460 5588 culpa
1480 5526 1560 5573 est
1581 5518 1860 5591 negligen-

260 5609 329 5668 tia
353 5626 506 5670 curae
540 5608 776 5666 alienas?
805 5608 944 5663 Nam
974 5606 1019 5662 si
1047 5605 1383 5665 subditorum
1428 5615 1649 5683 peccata
1687 5607 1861 5668 incor-

472 5735 729 5815 Psraon.
769 5730 1022 5815 LXXIX,

1877 4477 1930 4538 D

1968 3184 2035 3238 de
2083 3183 2418 3254 perfectione
2464 3181 2931 3254 contemplationis
2973 3182 3215 3253 dubitat,
3266 3187 3440 3260 magis
3505 3203 3568 3245 ac

1967 3272 2144 3344 magis
2172 3270 2435 3341 proﬁcere
2483 3271 2538 3324 in
2586 3286 2651 3325 ea
2699 3286 2806 3341 qua
2853 3270 3020 3341 coepit
3065 3272 3192 3328 vitae
3238 3273 3569 3334 sublimitate

1967 3360 2196 3432 appetit.
2231 3360 2340 3415 Sed
2370 3359 2681 3430 quandiuin
2710 3359 2812 3414 hac
2849 3362 3008 3429 107
3043 3362 3255 3417 mortali
3287 3378 3453 3420 carne
3481 3382 3570 3421 su-

1966 3466 2104 3517 mus,
2137 3448 2363 3520 maligni
2403 3448 2626 3519 spiritus
2677 3446 2747 3502 ad
2794 3463 3004 3503 summa
3050 3447 3393 3502 tendentibus
3440 3448 3568 3504 insi-

1968 3539 2213 3601 diantur;
2241 3545 2291 3591 et
2320 3544 2378 3592 ut
2407 3551 2499 3591 eos
2526 3535 2596 3590 ab
2624 3536 2849 3592 internae
2898 3535 3093 3609 glorise
3133 3535 3342 3592 visione
3390 3544 3567 3593 retra-

1966 3628 2116 3694 hant,
2149 3626 2455 3696 ineptarum
2485 3624 2876 3697 cogitationum
2917 3624 3176 3697 ﬁgmenta
3203 3634 3563 3698 congregant,

1963 3732 2091 3786 quo-
2120 3714 2347 3769 internis
2378 3729 2564 3769 eorum
2594 3712 2767 3781 oculis
2808 3721 3139 3784 proponant.
3192 3714 3334 3769 Bene
3382 3714 3569 3785 itaque

1963 3804 2159 3859 dicitur
2190 3821 2202 3856 :
2225 3803 2502 3859 Dormioit
2527 3801 2769 3857 Samuel
2791 3816 2965 3875 usque
2983 3816 3174 3858 mane.
3191 3802 3444 3860 Tentatio
3465 3804 3564 3859 im-

1963 3894 2286 3948 mundorum
2319 3891 2605 3961 spirituum
2636 3905 2743 3945 nox
2772 3898 2885 3960 est;
2912 3891 3005 3962 qui
3035 3906 3167 3946 vero
3203 3906 3375 3962 usque
3404 3906 3566 3950 mane

1964 3982 2163 4037 dormit
2192 3981 2378 4035 oculos
2408 3988 2517 4034 tota
2548 3986 2705 4034 nocte
2733 3994 2842 4034 non
2871 3980 3065 4049 aperit.
3097 3980 3308 4035 Dormit
3336 3996 3468 4052 ergo
3508 3981 3565 4036 in

1962 4078 2118 4126 nocte
2149 4068 2239 4141 qui
2284 4067 2543 4139 ﬁgmenta
2587 4067 2899 4122 daemonum
2940 4067 3271 4138 dedignatur
3316 4068 3566 4138 aspicere

1961 4158 2015 4213 in
2057 4157 2369 4213 tentatione.
2403 4157 2537 4211 Tota
2578 4163 2735 4211 nocte
2766 4155 2927 4211 etiam
2981 4155 3198 4221 dormit,
3249 4157 3377 4227 quia
3422 4158 3562 4213 cali-

1958 4249 2085 4321 gine
2119 4244 2425 4301 tentationis
2471 4259 2582 4299 non
2629 4243 2878 4313 vincitur,
2911 4243 3007 4298 sed
3053 4242 3280 4299 viriliter
3312 4244 3557 4314 sustinet,

1959 4338 2134 4394 donec
2166 4351 2260 4407 per
2288 4334 2580 4389 adventum
2610 4332 2806 4405 gratiae
2836 4331 3098 4388 claritatis
3143 4347 3391 4403 supernae
3438 4333 3559 4392 luce

1961 4425 2225 4480 visitetur.
2260 4423 2325 4477 Et
2356 4430 2481 4476 tunc
2506 4420 2749 4491 profecto
2779 4418 2926 4476 velut
2963 4434 3127 4476 mane
3155 4420 3397 4492 evigilat,
3430 4423 3561 4493 quia

1954 4514 2365 4570 'oblectamento
2393 4509 2558 4565 refusi
2588 4509 2689 4563 sibi
2721 4516 2843 4580 post
2872 4508 3120 4563 tenebras
3161 4508 3384 4565 luminis
3429 4511 3562 4566 hila-

1956 4603 2139 4661 rescit.
2188 4598 2355 4669 Quasi
2402 4597 2667 4669 evigilans
2712 4597 2914 4669 quippe
2962 4606 3088 4654 tunc
3131 4597 3318 4653 oculos
3363 4601 3557 4670 aperit,

1958 4692 2086 4763 quia
2115 4689 2291 4743 lucem
2323 4701 2430 4757 qua
2458 4686 2789 4757 respergitur
2807 4686 3052 4741 lmtanter
3069 4687 3282 4756 aspicit,
3305 4688 3395 4758 qui
3419 4689 3561 4758 aspi-

1957 4795 2085 4836 cere
2128 4777 2231 4831 sibi
2277 4776 2457 4830 illatas
2490 4775 2741 4830 tenebras
2787 4790 2895 4829 non
2937 4775 3162 4831 curavit.
3228 4776 3307 4833 De
3352 4778 3560 4834 tinnitu

1960 4868 2180 4939 quidem
2211 4864 2449 4920 dexterae
2498 4863 2643 4917 auris
2691 4862 2899 4918 obtinet
2946 4871 3003 4917 ut
3048 4865 3140 4935 qui
3187 4866 3441 4936 supernis
3470 4867 3560 4922 in-

1960 4957 2148 5012 nititur
2197 4953 2382 5010 videre
2427 4951 2666 5021 reproba
2712 4950 3055 5024 dedignetur,
3087 4960 3140 5007 et
3176 4953 3559 5010 certitudinem

1962 5046 2042 5100 sui
2072 5044 2347 5115 profectus
2375 5041 2633 5107 insinuat,
2666 5041 2797 5095 dum
2844 5041 2993 5110 quod
3030 5057 3163 5112 pace
3209 5041 3421 5111 proﬁcit
3464 5058 3562 5115 per

1964 5141 2149 5207 aperta
2179 5140 2231 5187 et
2260 5130 2495 5186 violenta
2525 5128 2669 5185 bella
2698 5145 2804 5185 non
2834 5130 3028 5201 perdit.
3062 5129 3313 5201 Sequitur
3343 5149 3356 5185 :

2038 5258 2215 5326 (Vers.
2246 5255 2360 5322 15.)
2393 5256 2459 5310 Et
2490 5256 2691 5311 timuit
2716 5254 2972 5311 indicare
3004 5252 3277 5310 visionem
3308 5255 3451 5311 Heli.

2039 5346 2126 5397 22.
2177 5340 2319 5395 Illud
2366 5356 2600 5410 namque
2646 5339 2695 5394 ei
2744 5338 2985 5394 indicare
3034 5338 3209 5392 timuit
3254 5340 3402 5409 quod
3460 5340 3564 5397 sibi

1965 5430 2230 5486 Dominus
2258 5428 2514 5496 ostendit,
2546 5436 2602 5482 ut
2632 5428 2991 5482 temeritatem
3035 5428 3287 5482 humanae
3323 5429 3566 5485 audacia:

1968 5519 2272 5576 refrenaret
2302 5517 2496 5590 vigore
2524 5515 2858 5585 disciplinas.
2899 5515 3132 5583 Quidam
3163 5532 3397 5590 namque
3426 5518 3567 5577 adeo

1970 5615 2096 5669 sunt
2134 5606 2476 5685 praecipites,
2521 5612 2580 5665 ut
2619 5603 2691 5662 ad
2732 5603 3082 5681 praelatorum
3125 5621 3347 5671 suorum
3392 5622 3575 5684 1‘0pr

3328 5732 3365 5804 ὅ
