4062 6182
483 322 585 386 tas
1675 316 1922 381 SANCTI
1953 314 2297 382 GREGORII
2325 312 2551 381 MAGNI
3570 320 3591 333 ‘
3688 320 3789 390 tto

488 454 803 510 hensionem
856 446 1015 508 facile
1062 456 1337 525 proruunt,
1388 458 1549 523 atque
1593 467 1778 508 eorum
1820 452 2085 507 erratibus
2114 438 2165 495 Α
2196 467 2308 507 suae
2335 453 2655 507 sententiam
2689 455 3082 529 promulganti,
3114 457 3375 529 quidquid
3406 459 3474 515 de
3508 474 3567 515 se
3612 459 3795 516 facere

484 543 683 598 minari
733 541 914 597 futura
962 542 1229 613 supplicia
1277 558 1388 597 non
1434 549 1751 612 pavescant.
1795 539 1896 609 Qui
1928 540 2086 595 nimi-

486 648 624 699 rum,
669 630 794 703 quia
842 639 1039 686 sanctae
1081 630 1372 702 Scripturze
1422 646 1628 686 morem
1679 631 1948 698 nesciunt,
1998 629 2085 685 lo-

485 736 741 791 quemem
771 720 871 775 sibi
894 719 1186 777 Dominum
1218 735 1561 792 nequaquam
1593 719 1903 774 audierunt.
1937 719 2080 773 Nam

482 810 677 882 quibus
705 809 1046 880 omnipotens
1088 810 1234 864 Deus
1282 810 1508 881 loquens
1557 808 1907 880 prmlatorum
1958 824 2084 863 suo-

478 914 597 953 rum
647 913 839 969 ptenas
885 898 1145 964 insinuat,
1180 914 1243 953 ea
1274 914 1395 969 quae
1433 897 1728 952 audierunt
1777 897 1857 951 eis
1902 897 2083 953 dicere

481 987 792 1045 formidant.
844 987 988 1043 Hinc
1019 1002 1154 1059 ergo
1182 987 1599 1058 praepositorum
1632 1001 1857 1041 suorum
1894 1001 2083 1056 repre-

480 1076 751 1132 hensores
778 1074 1032 1147 colligant
1060 1082 1257 1147 quanta
1298 1091 1357 1129 se
1406 1074 1902 1130 inconsideratione
1933 1090 2080 1145 prte-

480 1163 727 1237 cipitent,
761 1170 813 1220 et
859 1164 1055 1235 lapsus
1100 1163 1183 1218 sui
1231 1163 1499 1234 profunda
1558 1163 1973 1235 pertimescant.
2023 1163 2080 1218 Si

482 1254 624 1308 enim
672 1254 711 1306 ii
762 1252 956 1324 quibus
1005 1253 1351 1324 omnipotens
1383 1253 1527 1307 Deus
1567 1251 1803 1323 loquitur
1843 1251 2083 1322 praelatis

480 1345 593 1398 suis
623 1342 770 1413 loqui
803 1348 1065 1409 metuunt,
1090 1341 1126 1395 ii
1157 1341 1352 1414 quibus
1382 1356 1726 1411 nequaquam
1758 1340 1967 1395 locutus
1997 1346 2081 1394 est

475 1433 620 1493 Deus
650 1430 945 1487 recondere
975 1446 1034 1485 se
1064 1429 1167 1484 sub
1216 1428 1416 1501 linguae
1459 1445 1571 1483 suae
1618 1428 1833 1483 silentio
1882 1436 2080 1499 quanto

475 1528 679 1576 terrore
709 1520 1060 1575 debuerunt?
1089 1519 1272 1575 Timor
1299 1534 1430 1589 ergo
1462 1517 1732 1573 Samuelis
1762 1533 1871 1573 non
1904 1533 2077 1587 pavo-

474 1626 590 1664 rem
623 1608 873 1664 servilem
905 1607 1158 1674 insinuat,
1181 1607 1276 1662 sed
1300 1606 1664 1662 reverentiam
1696 1605 1936 1661 debitam
1968 1604 2078 1661 cul-

473 1696 606 1751 mini
638 1694 915 1766 pastorali.
940 1695 1081 1749 Nam
1106 1694 1205 1749 etsi
1227 1694 1519 1765 negligens
1552 1693 1874 1764 przedicator
1898 1709 2077 1763 repre-

474 1784 794 1841 hensionem
824 1792 875 1839 et
904 1784 1079 1838 minas
1106 1800 1175 1837 ex
1204 1790 1353 1837 reatu
1381 1789 1624 1837 meretur
1654 1781 1895 1852 proprio,
1930 1781 2078 1837 timo-

2195 539 2357 595 vcllet
2386 541 2624 596 obtulit?
2653 542 2761 598 Sed
2792 545 3040 616 profecto
3069 548 3169 602 ista
3201 548 3574 619 responsionis
3622 547 3795 603 humi-

2195 628 2325 684 litas
2355 629 2400 683 si
2430 629 2698 687 subtiliter
2726 631 3058 704 inspiciatur,
3093 651 3215 691 vera
3247 637 3521 692 humilitas
3550 652 3659 693 non
3688 640 3793 693 est.

2196 717 2335 773 Vera
2383 735 2615 791 namque
2665 737 2787 777 esse
2836 725 3187 796 cognoscitur
3237 741 3357 798 quae
3402 726 3604 781 bonum
3657 726 3797 782 obe-

2192 806 2411 862 dientiaz
2459 808 2513 862 in
2570 810 2793 880 majoris
2824 810 3052 883 imperia
3081 814 3459 886 consequenda
3487 815 3792 870 comitatur.

2192 894 2333 951 Vere
2363 895 2541 967 itaque
2571 907 2717 954 esset
2746 900 2989 966 humilis,
3024 902 3069 955 si
3100 919 3220 958 sese
3251 904 3321 957 ad
3352 902 3794 959 emendationem

2191 983 2365 1055 culpm
2393 1000 2494 1054 pro
2524 1003 2630 1057 qua
2664 988 2992 1057 arguebatur
3020 990 3319 1047 obtulisset.
3347 991 3451 1048 Sed
3484 1000 3534 1046 et
3566 992 3791 1047 fortasse

2191 1072 2376 1127 verius
2407 1081 2545 1129 esset
2577 1076 2813 1144 humilis,
2847 1076 2889 1131 si
2919 1081 3278 1149 reprehensus
3307 1096 3649 1152 nequaquam
3682 1096 3795 1135 res-

2190 1160 2471 1231 ponderat,
2497 1162 2598 1219 sed
2626 1164 2930 1236 neglectam
2964 1169 3359 1239 correptionem
3390 1169 3636 1225 scelestis
3665 1167 3792 1224 ﬁliis

2191 1249 2493 1317 adhiberet,
2526 1250 2571 1305 si
2604 1252 2685 1307 vel
2737 1261 2867 1309 tunc
2912 1256 3175 1325 pastorali
3222 1256 3338 1313 zelo
3385 1257 3687 1324 insisteret,
3738 1266 3794 1313 et

2189 1337 2577 1410 ﬂagitiosorum
2610 1342 2959 1397 sacerdotum
2989 1345 3193 1400 scelera
3233 1346 3398 1419 digna
3443 1346 3644 1426 ultione
3672 1346 3790 1403 vin-

2190 1426 2416 1483 dicaret.
2449 1429 2589 1483 Dum
2621 1445 2759 1503 ergo
2789 1431 2951 1487 dicit:
2977 1434 3247 1491 Dominus
3284 1442 3386 1505 est,
3411 1437 3553 1508 quod
3582 1437 3791 1493 bonum

2190 1522 2272 1573 est
2292 1519 2354 1572 in
2372 1519 2552 1573 oculis
2570 1520 2688 1574 suis
2708 1522 2911 1590 faciat,
2932 1521 3216 1579 electionis
3246 1540 3360 1580 sum
3382 1525 3611 1580 verbum
3634 1541 3791 1597 aper-

2189 1605 2292 1659 tius
2320 1606 2609 1675 protulisse
2638 1610 2998 1680 cognoscitur
3026 1628 3185 1683 quam
3218 1614 3633 1685 responsionem
3691 1616 3789 1669 hu-

2187 1694 2444 1755 militatis,
2481 1695 2604 1767 quia
2653 1696 2902 1752 nimirum
2948 1701 3127 1770 potius
3177 1700 3343 1772 elegit
3388 1703 3652 1757 minarum
3686 1702 3788 1759 Dei

2187 1797 2388 1838 causas
2418 1784 2697 1841 incurrere
2736 1802 2898 1859 quam
2949 1789 3016 1843 de
3063 1791 3385 1861 perpetratis
3415 1792 3787 1864 iniquitatibus

472 1890 587 1929 rem
605 1873 918 1929 reverentiae
936 1871 1107 1942 exigit
1126 1871 1246 1941 ejus
1264 1871 1471 1926 ordinis
1487 1870 1766 1926 celsitudo.
1790 1869 2069 1941 Sequitur:
2104 1846 2155 1905 Β
2184 1870 2322 1927 filios
2377 1873 2758 1930 condemnare.
2801 1876 2847 1931 Ο
2877 1878 3062 1948 quanti
3092 1886 3217 1934 sunt
3262 1879 3438 1935 adhuc
3483 1881 3786 1937 imitatores

542 1990 716 2060 (Vers.
753 1987 863 2057 15.)
887 1988 1227 2060 Aperuitque
1260 1987 1406 2042 ostia
1439 1985 1638 2041 domus
1669 1985 1917 2041 Domini.

539 2082 629 2135 23.
663 2075 935 2146 Quidnam
968 2083 1049 2131 est
1082 2074 1231 2147 quod
1263 2075 1311 2128 is
1342 2074 1439 2145 qui
1472 2073 1618 2146 loqui
1651 2074 1846 2142 timuit,
1880 2073 2075 2130 domus

472 2165 691 2223 Domini
722 2164 863 2220 ostia
892 2163 1178 2229 reseravit,
1211 2162 1315 2217 nisi
1348 2163 1475 2234 quia
1518 2161 1743 2217 obedire
1786 2179 1892 2217 non
1943 2180 2073 2217 eru-

472 2256 609 2325 buit,
643 2255 739 2326 qui
770 2252 1009 2308 indicare
1040 2252 1211 2307 tristia
1241 2250 1501 2322 expavit?
1538 2251 1676 2305 Nam
1706 2250 1953 2321 superius
1984 2251 2072 2305 di-

467 2353 613 2401 ctum
643 2351 727 2400 est
751 2359 762 2394 :
789 2342 1018 2399 Samuel
1060 2340 1370 2398 dormiebat
1394 2341 1455 2395 in
1481 2344 1587 2396 tem
1595 2341 1688 2411 pto
1710 2341 1955 2406 Domini,
1981 2340 2075 2396 ubi

466 2436 591 2489 erat
621 2448 757 2487 arca
781 2431 899 2486 Dei.
920 2432 1067 2484 Puer
1095 2429 1261 2495 enim,
1286 2428 1377 2501 qui
1409 2428 1459 2482 in
1493 2428 1695 2499 templo
1720 2427 2072 2484 Dominidor-

465 2522 637 2579 misse
683 2525 736 2575 et
768 2535 910 2575 nunc
952 2519 1196 2589 ejusdem
1230 2517 1450 2588 aperire
1481 2516 1620 2573 ostia
1650 2516 1863 2584 dicitur,
1896 2516 2073 2587 injun-

466 2619 609 2666 ctum
685 2608 1051 2664 ministerium
1118 2607 1372 2663 habuisse
1429 2607 1750 2675 ostenditur,
1803 2615 1860 2660 ut
1914 2607 2069 2661 horis

468 2698 899 2771 congruentibus
954 2695 1195 2766 aperiret
1252 2695 1421 2759 ostia,
1482 2703 1535 2751 et
1590 2695 1893 2751 obseraret.
1964 2694 2069 2764 Qui

468 2803 601 2860 ergo
652 2787 918 2843 visionem
970 2785 1209 2840 indicare
1258 2783 1520 2853 expavit,
1577 2791 1630 2839 et
1677 2784 1817 2839 ostia
1876 2784 2069 2839 domus

465 2876 684 2932 Domini
742 2874 978 2946 aperuit,
1040 2873 1402 2929 reverentiam
1458 2872 1723 2944 magistro
1780 2872 2069 2943 dupliciter

460 2964 748 3036 impendit,
782 2962 1036 3020 videlicet
1066 2977 1193 3017 cura
1226 2960 1543 3028 ministerii,
1596 2967 1647 3016 et
1693 2960 1941 3016 custodia
1988 2961 2066 3015 lo-

462 3053 712 3110 cutionis.
755 3050 928 3120 Quam
978 3051 1224 3121 profecto
1272 3048 1526 3121 loquendi
1570 3049 1869 3104 custodiam
1904 3065 2066 3120 quam

465 3141 707 3198 districte
751 3140 1012 3196 tenuisset
1059 3138 1388 3206 ostenditur,
1422 3138 1466 3191 si
1498 3154 1561 3193 ea
1591 3154 1712 3209 qua:
1760 3146 2063 3209 sequuntur

460 3230 724 3288 subtiliter
754 3232 1116 3285 attendantur.
1148 3229 1288 3282 Nam
1321 3235 1545 3298 repente
1576 3227 1915 3282 subinfertur
1947 3245 1959 3281 :

534 3339 714 3408 (Vers.
750 3336 958 3399 16-18.)
997 3336 1154 3392 Venit
1198 3350 1324 3406 ergo
1363 3335 1485 3390 Heli
1525 3334 1599 3389 ad
1628 3333 1976 3402 Samuelem,
2005 3338 2062 3390 et

463 3428 617 3485 dixit
642 3445 658 3479 :
684 3425 915 3483 Samuel
945 3424 1031 3494 ﬁli
1062 3426 1161 3479 mi.
1193 3415 1298 3492 Qui
1326 3423 1616 3494 respondit
1643 3426 1892 3478 :Prwsto
1913 3439 2061 3479 sum.

461 3518 532 3572 Et
565 3515 933 3585 interrogavit
963 3528 1093 3568 eum
1116 3526 1134 3563 :
1172 3512 1303 3580 Quis
1330 3515 1413 3568 est
1443 3527 1625 3568 sermo
1646 3527 1807 3584 quem
1842 3513 2063 3567 locutus

461 3609 548 3662 est
578 3604 845 3661 Dominus
875 3601 952 3656 ad
983 3607 1037 3658 te
1072 3620 1088 3654 :
1118 3616 1234 3668 oro,
1290 3615 1363 3657 ne
1412 3600 1685 3657 ceIaveris
1732 3598 1901 3655 mihi.
1943 3602 2065 3656 Haec

468 3694 650 3767 faciat
685 3692 788 3748 tibi
814 3691 981 3757 Deus,
1005 3694 1060 3746 et
1089 3691 1203 3745 haec
1234 3689 1424 3757 addat,
1458 3690 1511 3744 si
1538 3689 1892 3745 absconderis
1920 3705 1955 3744 a
1976 3704 2064 3744 me

468 3797 784 3840 sermonem
814 3796 888 3836 ea:
918 3779 1172 3836 omnibus
1203 3794 1324 3851 quas
1354 3778 1508 3833 dicta
1537 3781 1675 3833 sunt
1697 3778 1815 3832 tibi.
1840 3777 2065 3833 Indica-

463 3870 551 3930 cit
576 3886 703 3942 ergo
746 3870 799 3926 ei
835 3869 1062 3926 Samuel
1118 3869 1408 3924 universos
1465 3881 1779 3933 sermones,
1839 3870 1896 3921 et
1950 3882 2065 3923 non

468 3959 765 4017 abscondit
794 3957 862 4013 ab
891 3972 972 4014 eo.

539 4050 635 4107 24.
675 4047 780 4117 Qui
809 4046 950 4101 enim
983 4053 1129 4101 tanta
1158 4044 1566 4117 imprecationis
1594 4044 1852 4100 instantia
1881 4043 1948 4100 ad
1978 4042 2066 4100 lo-

464 4139 743 4213 quendum
774 4139 810 4206 1
825 4136 934 4206 08
956 4144 1175 4192 coactus
1204 4135 1476 4203 asseritur,
1498 4149 1703 4205 magna
1726 4133 2066 4197 districtione

472 4228 677 4287 silentii
708 4227 976 4299 obligatus
1008 4225 1172 4280 fuisse
1201 4224 1523 4280 declaratur.
1569 4223 1637 4276 Et
1667 4222 1789 4293 quia
1819 4238 1925 4276 non
1957 4229 2065 4276 tam

471 4335 573 4393 pro
603 4315 845 4373 custodia
874 4313 1120 4384 puritatis
1167 4326 1329 4382 quam
1376 4310 1737 4366 obstinatione
1786 4308 2067 4378 proterviae

470 4408 699 4480 quidam
730 4413 908 4459 tacere
946 4399 1178 4469 subjecti
1220 4399 1420 4466 solent,
1470 4396 1689 4452 Samuel
1736 4396 1893 4452 electi
1937 4396 2067 4451 sub-

475 4496 575 4552 diti
604 4494 835 4549 formam
875 4488 1127 4556 ostendit,
1161 4486 1254 4555 qui
1285 4493 1591 4541 reverenter
1636 4485 1823 4553 tacuit,
1855 4485 1953 4540 sed
1989 4493 2068 4540 ta-

475 4598 597 4641 cere
625 4579 982 4651 loquijnssus
1012 4575 1252 4647 expavit.
1301 4577 1485 4644 Itaque
1532 4573 1747 4646 gemina
1778 4573 1898 4629 luce
1940 4589 2067 4630 con-

472 4668 800 4729 versationis
827 4665 1041 4733 enituit,
1073 4665 1203 4720 dum
1250 4664 1342 4735 qui
1390 4662 1564 4718 ﬁlialis
1611 4663 1818 4718 timoris
1871 4663 2066 4719 virtute

470 4759 638 4827 siluit,
670 4754 929 4829 loquendi
958 4754 1237 4815 utilitatem
1269 4751 1540 4826 loquendo
1570 4752 1915 4825 conquisivit.
1968 4752 2063 4809 Se»

465 4848 647 4925 quitur
678 4863 691 4902 :

536 4958 715 5031 (Vers.
753 4955 862 5025 18.)
896 4954 966 5009 Et
995 4951 1096 5008 ille
1125 4949 1416 5022 respondit
1441 4968 1456 5003 :
1486 4949 1752 5008 Dominus
1781 4955 1887 5021 est,
1919 4951 2061 5025 quod

463 5048 672 5106 bonum
702 5047 788 5102 est
817 5045 877 5099 in
910 5041 1087 5098 oculis
1113 5041 1232 5096 suis
1261 5042 1462 5111 faciat.

534 5168 623 5223 25.
658 5162 762 5234 Qui
792 5158 1094 5232 simplicius
1124 5171 1287 5227 quam
1319 5156 1477 5211 debet
1507 5156 1662 5210 istam
1683 5155 1804 5212 Ileli
1835 5173 2059 5228 respon-

466 5253 675 5311 sionem
708 5250 1038 5312 considerat,
1065 5254 1169 5300 tam
1192 5253 1343 5301 recte
1363 5245 1507 5300 hunc
1528 5244 1877 5315 respondisse
1898 5261 2058 5316 quam

461 5341 738 5398 humiliter
767 5341 947 5412 putat.
999 5338 1144 5392 Nam
1188 5334 1328 5390 sicut
1375 5332 1592 5388 auditur
1636 5333 1892 5398 exterius,
1925 5334 2058 5404 quid

459 5429 724 5487 humilius
779 5426 1129 5500 respondisse
1201 5421 1404 5496 potuit,
1467 5421 1558 5493 qui
1615 5420 2055 5493 reprobationem

454 5532 612 5578 suam
641 5515 866 5586 audivit,
912 5519 968 5573 et
1007 5512 1231 5571 minanti
1288 5513 1427 5581 Deo,
1485 5511 1595 5569 imo
1653 5510 2054 5583 reprobationie

2093 3182 2142 3246 C

2183 1960 2322 2029 Ilcli,
2356 1961 2446 2032 qui
2491 1977 2614 2018 cum
2658 1964 2951 2021 minantem
3002 1966 3104 2020 sibi
3154 1968 3577 2040 omnipotentem
3609 1971 3785 2025 Deum

2183 2051 2427 2119 quotidie
2472 2050 2541 2107 de
2587 2068 2739 2108 sacro
2770 2054 2991 2125 eloquio
3022 2056 3272 2125 sentiant,
3306 2066 3360 2113 et
3388 2066 3568 2113 tamen
3599 2060 3785 2115 homi-

2183 2138 2341 2193 nibus
2386 2138 2674 2211 displicere
2726 2143 3019 2215 trepidant,
3053 2152 3105 2200 et
3136 2146 3335 2203 divinae
3386 2147 3787 2219 indignationis

2180 2226 2356 2282 minas
2387 2229 2663 2286 incurrere
2694 2246 2799 2286 non
2832 2231 3147 2300 formidant,
3198 2242 3249 2290 et
3298 2236 3423 2291 dum
3472 2236 3787 2294 inimicitias

2180 2316 2477 2385 hominum,
2512 2318 2653 2373 velut
2686 2319 3057 2392 implacabiles
3087 2329 3350 2394 metuunt,
3381 2324 3449 2381 de
3478 2325 3580 2382 Dei
3610 2327 3783 2383 mise-

2177 2404 2416 2459 ricordia
2444 2406 2603 2461 etiam
2637 2410 2914 2478 peccando
2946 2410 3242 2467 conﬁdunt.

2248 2494 2336 2546 26.
2389 2494 2495 2548 Sed
2545 2494 2848 2552 inordinata
2904 2497 3100 2555 ﬁducia
3156 2501 3297 2572 apud
3351 2503 3781 2576 omnipotentem

2179 2581 2349 2635 Deum
2381 2583 2637 2640 vindictae
2686 2586 2859 2641 locum
2909 2587 3111 2643 habere
3141 2598 3346 2661 potest,
3381 2591 3782 2666 indulgentiam

2176 2686 2305 2725 vero
2336 2670 2581 2727 obtinere
2629 2689 2735 2728 non
2784 2682 2981 2745 potest.
3033 2679 3341 2748 Incorrepto
3391 2681 3534 2736 enim
3583 2697 3778 2754 pecca-

2174 2759 2299 2824 tori,
2335 2763 2387 2814 et
2420 2760 2469 2814 in
2502 2762 2674 2833 culpae
2705 2780 2817 2819 suae
2848 2766 3120 2835 proposito
3151 2769 3487 2838 perduranti,
3519 2772 3647 2842 quid
3696 2780 3784 2829 est

2177 2847 2245 2902 de
2259 2848 2479 2903 minanti
2508 2850 2738 2907 sibiDeo
2762 2852 3258 2913 dicere:Dominus
3277 2860 3540 2931 est,quod
3566 2860 3778 2918 bonum

2175 2943 2261 2991 est
2307 2937 2365 2992 in
2403 2940 2584 2995 oculis
2625 2941 2743 2996 suis
2784 2944 2988 3013 faciat,
3015 2943 3113 2998 nisi
3146 2946 3213 3000 de
3243 2947 3641 3004 ordinatissime
3673 2951 3778 3006 Dei

2174 3024 2548 3083 misericordia
2576 3027 2884 3086 inordinate
2914 3031 3191 3089 conﬁdere
3215 3034 3243 3088 ?
3282 3036 3361 3091 De
3392 3038 3781 3109 omnipotentis

2174 3115 2376 3169 etenim
2408 3115 2507 3171 Dei
2553 3117 2928 3174 misericordia
2976 3120 3225 3177 ordinate
3272 3123 3492 3180 confidit
3537 3128 3629 3198 qui
3672 3130 3781 3184 hoc

2171 3203 2316 3272 quod
2348 3206 2625 3274 peccando
2668 3206 2933 3280 delinquit
2980 3210 3291 3279 pcenitendo
3322 3215 3562 3287 corrigit,
3593 3217 3779 3273 ﬂendo

2172 3292 2353 3364 tergit.
2396 3293 2627 3350 Peccare
2672 3311 2827 3368 ergo,
2861 3306 2913 3352 et
2943 3297 3010 3353 de
3042 3299 3136 3354 Dei
3169 3300 3441 3357 Creatoris
3483 3303 3779 3361 clementia

2170 3396 2517 3449 praesumere,
2552 3384 2749 3455 pelago
2773 3385 2997 3454 justitiaa
3027 3388 3144 3458 ejus
3174 3390 3378 3461 exponi
3407 3400 3508 3448 est.
3560 3394 3650 3450 Sic
3681 3394 3776 3449 ni-

2171 3468 2365 3523 mirum
2397 3480 2619 3541 peccata
2649 3482 2952 3544 perpetrata
2983 3492 3090 3531 non
3122 3485 3331 3551 tergere
3358 3483 3695 3551 paenitendo,
3718 3492 3779 3540 et

2173 3554 2241 3610 de
2273 3556 2368 3612 Dei
2403 3558 2769 3616 misericordia
2814 3579 3164 3635 przesumere,
3198 3567 3251 3621 in
3274 3568 3541 3637 judicium
3590 3570 3774 3628 distri-

2174 3644 2369 3700 ctionis
2400 3647 2520 3716 ejus
2558 3646 2837 3705 offendere
2886 3660 2986 3708 est.
3029 3654 3168 3709 Dum
3216 3671 3346 3728 ergo
3396 3658 3515 3713 ileli
3562 3661 3669 3716 vita
3712 3661 3774 3717 in

2172 3733 2525 3805 reproborum
2582 3740 2993 3808 praedicatorum
3045 3743 3217 3799 forma
3264 3746 3602 3818 describitur,
3660 3766 3779 3807 non

2173 3822 2345 3877 solum
2376 3825 2534 3896 culpa
2564 3825 2744 3899 lapsus
2782 3831 3100 3899 ostenditur,
3133 3833 3229 3889 sed
3277 3834 3437 3889 etiam
3487 3837 3665 3908 culpes
3714 3840 3775 3895 in

2173 3914 2602 3983 praecipitatione
2630 3926 2918 3973 securatas.
2942 3921 3080 3975 Nam
3111 3922 3202 3992 qui
3234 3923 3421 3980 timore
3444 3928 3780 3997 poenitentiae

2177 4000 2375 4057 divinae
2403 4003 2457 4057 in
2488 4004 2800 4075 lignationis
2841 4009 3271 4080 magnitudinem
3313 4014 3528 4083 placare
3574 4017 3773 4095 potuit,

2176 4088 2302 4144 dum
2334 4092 2578 4163 neglexit
2607 4096 2753 4165 quod
2782 4096 3011 4166 audivit,
3044 4099 3263 4155 incurrit
3291 4102 3433 4173 quod
3462 4105 3678 4160 meruit.

2246 4180 2341 4235 27.
2383 4180 2737 4251 Omnipotens
2768 4184 2909 4239 enim
2949 4186 3110 4256 Deus,
3154 4189 3253 4244 etsi
3299 4192 3551 4261 aequitate
3591 4193 3781 4263 justus

2177 4273 2276 4333 est,
2320 4266 2679 4326 abundantior
2724 4280 2903 4328 tamen
2953 4276 3196 4332 creditur
3241 4279 3585 4338 miseratione
3629 4284 3775 4355 pius.

2177 4355 2330 4411 Unde
2359 4363 2413 4411 et
2442 4373 2540 4428 per
2567 4360 2887 4431 Prophetam
2940 4363 3139 4419 dicitur
3167 4382 3179 4418 τ
3216 4368 3604 4427 Miserationes
3649 4374 3781 4442 eius

2177 4460 2346 4515 super
2374 4447 2566 4503 omnia
2583 4463 2748 4521 opera
2779 4453 2900 4522 ejus
2929 4453 3104 4522 (Psal.
3138 4469 3314 4522 cxuv,
3338 4457 3414 4528 9).
3448 4459 3584 4516 Hinc
3612 4468 3693 4516 est
3713 4460 3778 4518 id

2097 4539 2153 4603 D
2174 4533 2319 4603 quod
2351 4550 2448 4605 per
2473 4537 2665 4592 Ionam
2695 4541 3015 4610 prophetam
3044 4543 3297 4599 Ninivitis
3334 4546 3506 4602 minas
3551 4548 3780 4606 subver-

2175 4622 2342 4678 sionis
2370 4624 2612 4695 protulit,
2646 4635 2700 4682 et
2729 4636 2908 4684 tamen
2940 4646 3155 4700 poenam
3186 4636 3501 4692 evertendas
3536 4637 3780 4695 civitatis

2171 4711 2561 4782 paenitentibus
2589 4715 2812 4772 indulsit
2844 4715 3030 4788 (Joan.
3068 4736 3148 4787 ut,
3175 4725 3223 4790 1,
3248 4726 3302 4791 2,
3323 4727 3482 4797 seq).
3514 4726 3651 4782 Hinc
3681 4736 3784 4786 est

2172 4800 2313 4855 enim
2345 4802 2491 4871 quod
2520 4804 2766 4861 Ezechiae
2795 4807 2911 4879 regi
2941 4809 3033 4876 (IV
3059 4811 3185 4881 Reg.
3236 4828 3330 4881 xx,
3381 4815 3432 4880 1,
3482 4819 3621 4888 seq.)
3668 4832 3780 4886 per

2170 4891 2450 4960 propheta:
2497 4893 2773 4948 oraculum
2831 4896 3021 4951 mortis
3066 4912 3224 4969 paena
3268 4901 3596 4971 promittitur
3632 4906 3772 4975 (Isa.

2167 4990 2402 5044 xxxvm,
2440 4978 2490 5045 1,
2521 4978 2677 5047 seq.),
2701 4978 2795 5034 sed
2827 4981 2953 5052 quia
2981 4997 3094 5048 rex,
3120 4983 3256 5039 mori
3287 4992 3548 5055 metuens,
3579 5002 3778 5048 coram

2167 5064 2399 5119 Domino
2437 5079 2495 5120 se
2530 5067 2692 5135 109
2724 5068 3051 5137 poenitentiae
3086 5070 3343 5142 lacrymis
3375 5073 3586 5145 aﬂlixit,
3618 5093 3775 5134 mor-

2167 5162 2295 5223 tem,
2328 5169 2435 5224 qua
2464 5163 2782 5222 moreretur,
2816 5157 2961 5227 apud
3003 5175 3148 5227 eum,
3198 5177 3361 5232 quem
3413 5163 3609 5235 timuit,
3652 5182 3774 5226 non

2165 5243 2389 5299 invenit.
2434 5244 2497 5298 Et
2528 5260 2691 5315 supra
2720 5245 2938 5315 quidem
2985 5263 3046 5303 se
3094 5248 3172 5319 (a)
3215 5251 3477 5308 Dominus
3522 5254 3770 5314 locutum

2164 5333 2329 5388 fuisse
2358 5333 2605 5403 asseruit,
2637 5341 2693 5389 ut
2724 5335 2921 5392 domus
2946 5336 3069 5393 Heli
3097 5345 3154 5392 et
3179 5338 3345 5408 patris
3374 5340 3495 5411 ejus
3524 5341 3580 5397 in
3607 5358 3772 5402 cons-

2161 5430 2323 5493 pectu
2349 5439 2449 5480 suo
2477 5439 2645 5496 usque
2674 5424 2728 5479 in
2758 5426 3150 5497 sempiternum
3174 5425 3521 5500 ministraret,
3539 5433 3639 5490 sed
3669 5434 3774 5506 qui

2160 5511 2232 5568 de
2260 5511 2405 5569 bono
2434 5521 2653 5587 agente,
2687 5512 2831 5572 bona
2858 5513 3067 5573 locutus
3109 5515 3304 5593 fuerat,
3349 5516 3419 5578 de
3464 5518 3629 5582 domo
3676 5538 3773 5585 re-

528 5642 608 5730 (a)
642 5636 807 5727 Gilot.
840 5648 893 5698 et
920 5640 1118 5715 Vatic.,
1150 5655 1208 5699 se
1241 5637 1543 5700 Dominum
1575 5635 1829 5699 loculum
1857 5636 2041 5712 fuisse
2069 5637 2333 5697 asseruit.
