4062 6182
267 350 337 417 ltl
1046 343 1118 411 lN
1150 349 1413 411 PRIMUM
1444 350 1687 411 REGUM
1720 342 2267 411 EXPOSITIONES.
2299 385 2369 395 —
2416 344 2549 411 Lm.
2590 348 2654 412 tt.

3399 359 3502 421 H2

262 485 393 557 prob,
411 484 515 555 jam
542 480 733 538 effecta
769 478 1095 536 sententiam
1150 479 1500 551 permutavit,
1561 479 1750 534 dicens
1785 509 1797 545 ε
1830 478 1887 540 Α
1915 478 2316 551 gligentiaesua)
2332 479 2559 536 verbum
2575 483 2900 553 exponebat,
2922 482 3144 543 dicens:
3167 488 3495 562 Quicunque

266 578 390 633 Nunc
415 577 588 630 autem
618 571 767 627 absit
798 570 899 626 hoc
927 588 961 626 a
982 586 1073 626 me
1104 570 1151 641 (ι
1179 572 1305 641 Reg.
1341 585 1399 637 ιι,
1435 572 1546 639 30).
1579 568 1634 624 Si
1665 583 1799 638 ergo

269 666 380 721 bona
405 660 655 732 promissa
683 665 915 715 revocat
966 658 1322 730 omnipotens
1359 659 1525 726 Deus,
1588 657 1716 727 quia
1768 657 1806 712 ii

271 754 425 824 quibus
449 750 771 822 promiserat
798 750 942 804 male
971 755 1367 821 permutantur,
1400 754 1598 818 quanto
1626 746 1805 819 magis

262 845 485 899 minarum
526 837 755 894 eﬂ‘eetus
809 838 1058 903 retrahit,
1118 851 1249 893 eum
1307 836 1449 892 bene
1501 850 1804 892 conversus

262 947 335 989 eos
353 929 516 999 aspicit
543 926 742 998 quibus
761 941 862 997 pro
891 925 1156 980 admissis
1177 924 1559 996 iniquitatibus
1585 937 1802 994 poenam

260 1016 696 1075 animadversionis
751 1014 1070 1070 intimavit?
1125 1013 1270 1083 Quid
1327 1028 1461 1086 ergo
1538 1012 1607 1068 ad
1684 1012 1805 1067 huic

256 1108 459 1172 dicimus,
485 1105 574 1177 qui
599 1103 844 1175 quotidie
872 1102 1256 1173 delinquimus,
1292 1110 1453 1174 atque
1510 1101 1565 1155 in
1616 1107 1801 1157 reatus

258 1197 391 1254 nostri
408 1193 730 1267 obligatione
794 1192 970 1249 securi
1004 1193 1234 1247 sumus?
1277 1192 1394 1247 Hoc
1414 1190 1578 1262 igitur
1601 1190 1797 1260 ipsum,

255 1286 368 1359 quod
392 1284 770 1340 districtionem
831 1281 1029 1338 divinae
1078 1280 1309 1351 justicite
1355 1296 1467 1336 non
1530 1286 1800 1348 tenemus,

252 1375 377 1431 nobis
400 1372 543 1430 valde
580 1370 879 1428 timendum
910 1379 1015 1440 est,
1051 1370 1185 1442 quia
1215 1385 1344 1426 ecce
1376 1368 1469 1441 qui
1497 1368 1680 1424 divina
1708 1368 1799 1422 in-

248 1463 513 1537 dignatione
544 1461 834 1533 projicitur
861 1475 964 1531 pro
986 1460 1147 1530 culpa
1167 1466 1494 1530 perpetratae
1514 1457 1803 1530 negligen-

246 1553 460 1608 tianullo
489 1550 687 1607 timore
742 1549 1013 1606 sollicitus
1065 1548 1233 1605 fuisse
1290 1547 1628 1619 perhibetur.
1690 1544 1799 1601 Sed

243 1642 345 1714 quia
389 1641 450 1697 ad
501 1640 757 1695 timorem
788 1637 1009 1710 reprobi
1037 1636 1414 1709 praedicatoris
1443 1634 1800 1707 repulsionem

242 1732 464 1795 novimus,
492 1730 663 1786 electi
687 1727 987 1797 profectum
1016 1727 1318 1782 audiamus.
1350 1726 1491 1781 Nam
1511 1724 1759 1795 sequitur
1783 1742 1796 1778 :

1910 569 2137 626 solverit
2162 584 2336 624 unum
2351 585 2425 625 ea:
2437 569 2730 627 mandatis
2746 572 2874 628 istis
2886 573 3223 643 minimis,et
3239 575 3498 635 docuerit

1913 658 1995 713 sic
2010 656 2278 721 homines,
2296 658 2569 714 minimus
2587 662 2878 717 vocabitur
2904 662 2968 718 in
3003 678 3171 736 regno
3195 666 3499 734 caelorum,-

1913 748 2007 819 qui
2026 748 2216 804 autem
2241 749 2442 808 fecerit
2458 752 2513 803 et
2528 748 2802 816 docuerit,
2835 766 3086 824 magnus
3121 752 3409 811 vocabitur
3437 757 3499 812 in

1911 851 2081 907 regno
2113 838 2380 893 caelorum
2399 835 2560 907 (Ibid.
2584 854 2636 905 v,
2666 840 2775 909 19).
2800 839 3119 897 Mandatum
3145 857 3378 913 namque
3400 858 3502 901 nec

1910 924 2195 979 minimum
2235 929 2271 992 1
2293 928 2394 994 10
2423 926 2745 996 prtedicator
2773 927 2956 995 solvit,
2988 929 3149 1000 cujus
3180 930 3402 987 verbum
3434 948 3499 988 ex

1909 1013 2087 1069 verbis
2115 1013 2367 1069 omnibus
2396 1014 2451 1069 iu
2479 1023 2675 1070 terram
2707 1032 2817 1071 non
2846 1017 3011 1072 cadit.
3053 1019 3191 1073 Dum
3222 1026 3401 1075 autem
3432 1035 3501 1076 ex

1907 1103 2159 1158 omnibus
2188 1102 2371 1158 verbis
2402 1103 2667 1159 Samuelis
2694 1105 2920 1160 verbum
2952 1105 3008 1160 in
3040 1114 3239 1162 terram
3268 1123 3379 1163 non
3406 1124 3503 1165 ce-

1906 1191 2107 1247 cidisse
2137 1191 2352 1256 dicitur,
2386 1193 2539 1262 cujus
2562 1210 2743 1249 mores
2760 1193 2996 1249 insinuat
3015 1194 3261 1264 Samuel,
3284 1196 3388 1251 nisi
3407 1198 3500 1270 qui

1905 1281 2100 1336 merito
2132 1289 2186 1335 et
2214 1281 2616 1353 praedicationis
2634 1289 2689 1338 et
2710 1283 2895 1352 operis
2909 1285 3097 1356 magni
3114 1292 3235 1340 sunt
3256 1285 3309 1339 in
3326 1301 3497 1359 regno

1906 1369 2164 1425 caelorum
2185 1370 2213 1426 ?
2243 1372 2432 1442 Itaque
2461 1387 2523 1427 ex
2554 1371 2808 1427 omnibus
2837 1372 3020 1428 verbis
3048 1372 3170 1443 ejus
3200 1374 3258 1428 in
3298 1381 3497 1431 terram

1904 1475 2009 1514 nou
2040 1459 2202 1525 cadit,
2236 1459 2360 1531 quia
2391 1475 2552 1516 omne
2601 1460 2745 1532 quod
2793 1461 2959 1516 altum
2998 1469 3200 1519 sanctae
3240 1462 3500 1522 Ecclesia

1904 1547 2175 1620 perfectus
2203 1548 2524 1620 praedicator
2543 1547 2801 1619 loquitur,
2844 1550 2913 1605 ab
2972 1566 3038 1606 eo
3089 1550 3251 1605 etiam
3281 1552 3498 1610 sublimi

1904 1638 2239 1707 praedicatur
2266 1637 2692 1707 conversatione,
2725 1654 2877 1708 cum,
2908 1639 3056 1697 velut
3083 1640 3138 1694 iu
3169 1641 3338 1697 ardua
3366 1659 3497 1715 spe-

1905 1726 2024 1782 cuia
2053 1727 2279 1795 positus,
2312 1735 2365 1781 et
2383 1727 2658 1797 sapientes
2681 1728 2856 1785 verbo
2878 1729 3074 1797 erudit,
3098 1729 3503 1802 etsimplicibus

291 1835 445 1906 (Vera.
476 1837 593 1906 t9.)
625 1833 810 1891 Crevit
867 1838 1062 1891 autem
1116 1833 1365 1896 Samuel,
1415 1836 1470 1887 el
1519 1829 1792 1886 Dominus
1822 1833 1875 1893 B
1907 1814 2157 1906 item)“
2186 1816 2329 1886 QUOd
2355 1816 2425 1906 {id
2455 1824 2720 1906 δίιθῑῖηαηι
2749 1817 2981 1888 Patriam
2994 1818 3212 1890 ingredi
3243 1819 3497 1891 debeam:

244 1931 345 1982 erat
367 1942 485 1982 eum
511 1941 601 1982 eo.

295 2018 367 2070 28.
392 2015 507 2071 Hoc
529 2012 784 2086 profecto
815 2013 860 2067 si
894 2012 963 2068 ad
996 2012 1278 2067 historiam
1329 2010 1535 2083 ligitur,
1562 2009 1800 2066 crevisse

246 2120 350 2175 puer
376 2104 586 2160 Samuel
614 2110 772 2159 aetate
801 2102 1052 2174 corporis
1075 2101 1394 2174 designatur
1419 2118 1430 2163 ;
1465 2100 1511 2155 si
1557 2115 1688 2155 vero
1743 2105 1802 2153 ut

243 2201 401 2249 cetera
426 2192 657 2265 spiritali
686 2191 1221 2264 investigationeista
1252 2189 1643 2261 perquirimus,
1676 2204 1802 2244 cum

246 2298 298 2337 eo
320 2283 564 2337 Dominus
587 2297 710 2336 esse
731 2281 1079 2345 describitur,
1101 2279 1189 2352 qui
1213 2279 1454 2334 crevisse
1475 2285 1807 2333 memoratur

244 2371 405 2428 Crescit
433 2379 613 2427 autem
651 2370 743 2442 qui
772 2370 832 2425 in
864 2370 1044 2427 virum
1076 2368 1379 2440 perfectum
1412 2367 1611 2423 mentis
1643 2373 1803 2422 aetate

240 2460 432 2531 proﬁcit.
460 2460 623 2517 Unde
651 2468 702 2515 et
733 2476 828 2531 per
857 2459 1181 2530 PrOphetam
1210 2457 1278 2513 de
1302 2456 1491 2513 electis
1521 2453 1805 2527 prolicien-

241 2548 354 2603 tibus
369 2550 599 2604 dicitur?
618 2548 1080 2606 Ambulabuntde
1100 2549 1313 2603 virtute
1328 2547 1388 2602 in
1404 2545 1700 2611 virtutem,
1715 2544 1803 2600 vi-

242 2637 435 2694 debitur
446 2640 600 2695 Deus
623 2638 857 2694 deorum
874 2639 938 2693 in
953 2634 1090 2693 Sion
1112 2634 1298 2705 (Psal.
1319 2648 1548 2701 Lxxxm,
1571 2634 1645 2704 8).
1671 2633 1808 2687 Hinc

239 2726 399 2781 Paulus
414 2727 484 2782 ait
500 2746 512 2782 :
531 2728 724 2784 Donec
736 2741 1101 2784 occurramus
1123 2725 1175 2780 ei
1189 2725 1253 2780 in
1266 2724 1317 2781 vi
1325 2739 1451 2779 rum
1465 2725 1655 2796 pcrfec
1665 2726 1779 2778 tum
1789 2763 1805 2792 ,

233 2816 282 2870 in
294 2832 605 2873 mensuram
625 2818 822 2872 wtatis
832 2813 1218 2887 plenitudinis
1241 2813 1453 2870 Christi
1482 2812 1705 2884 (Ephes.
1727 2826 1805 2877 tv,

234 2905 305 2975 13)
338 2905 517 2960 Veram
539 2904 798 2960 nonnulii
821 2911 946 2960 sunt
977 2903 1064 2973 qui
1083 2902 1212 2957 dum
1228 2901 1517 2959 virtutibus
1535 2906 1804 2966 crescunt,

234 2992 435 3049 elatione
461 2999 744 3050 corruunt.
801 2992 870 3047 Hi
913 2991 1167 3047 nimirum
1227 3006 1471 3047 crescere
1525 2989 1804 3057 videntur,

235 3082 315 3136 sed
342 3091 510 3139 tamen
537 3098 672 3140 cum
701 3080 783 3137 eis
819 3081 1085 3138 Dominus
1110 3095 1224 3136 non
1256 3087 1356 3146 est,
1414 3079 1541 3149 quia
1569 3094 1628 3134 se
1659 3093 1804 3145 eum,

236 3169 328 3225 alta
353 3172 638 3228 sentiendo
667 3171 737 3226 de
766 3187 846 3237 se,
879 3170 1124 3241 ejiciunt,
1156 3185 1319 3242 quem
1347 3168 1401 3223 in
1430 3168 1676 3240 profectu
1701 3167 1807 3222 vir-
1836 3193 1885 3257 C

236 3266 383 3315 totum
408 3262 567 3332 positi
602 3277 704 3332 per
731 3260 1089 3315 humilitatem
1121 3275 1305 3317 secum
1342 3258 1547 3313 habere
1602 3260 1802 3327 potue-

230 3357 345 3405 runt.
370 3350 462 3407 Vel
488 3352 532 3406 si
567 3366 676 3421 per
704 3350 1033 3406 exteriorem
1055 3349 1375 3421 dignitatem
1393 3347 1628 3403 crevisse
1644 3347 1803 3402 intel-

230 3436 407 3510 ligitur,
439 3440 716 3496 Dominus
743 3456 864 3495 cum
894 3454 960 3495 eo
990 3454 1109 3493 esse
1131 3445 1481 3505 memoratur,
1514 3435 1642 3509 quia
1670 3450 1803 3507 pro-

228 3526 342 3583 lecto
364 3529 617 3602 plerique
643 3530 696 3583 in
726 3528 953 3584 bumilio
984 3525 1483 3600 inordinereligiosi
1512 3532 1669 3589 sunt;
1705 3524 1802 3581 sed

226 3628 327 3672 etim
355 3618 533 3673 subito
564 3617 641 3672 ad
673 3617 892 3673 culmen
921 3616 1207 3687 dignitatis
1236 3614 1600 3687 pervenerint,
1629 3613 1803 3686 prima

229 3719 369 3775 opera
391 3723 513 3763 cum
546 3706 860 3763 humilitate
879 3706 952 3761 de
976 3706 1283 3777 relequunt.
1310 3704 1532 3760 Samuel
1558 3703 1729 3775 igitur
1749 3710 1802 3758 et

225 3792 431 3863 proﬁcit,
462 3805 517 3852 et
546 3793 849 3867 proﬁciens
862 3795 1157 3849 Dominum
1180 3808 1363 3849 secum
1383 3792 1802 3862 habuit,utpro-

226 3880 348 3938 facto
370 3886 675 3941 electorum
707 3883 1122 3956 praedicatorum
1152 3897 1359 3937 morem
1391 3879 1687 3950 praeferret,
1708 3879 1797 3949 qui

224 3986 323 4026 cum
349 3974 510 4040 dona,
545 3982 607 4029 et
636 3972 946 4043 dignitates,
977 3971 1174 4043 quibus
1214 3969 1422 4041 prosint
1469 3968 1609 4036 aliis,
1641 3983 1799 4023 asse-

225 4071 450 4131 quuntur,
481 4063 556 4119 de
588 4061 903 4133 semetipsis
928 4061 1143 4131 placere
1191 4061 1306 4115 Deo
1336 4074 1442 4114 non
1489 4058 1795 4130 negligunt,

220 4157 259 4203 et
284 4167 341 4206 ex
368 4168 433 4207 eo
463 4152 558 4207 illa
590 4167 716 4222 qua:
744 4166 842 4222 pro
871 4150 994 4205 aliis
1013 4148 1504 4219 acceperuntdona
1530 4145 1807 4217 multiplia

218 4247 335 4306 eant,
363 4242 506 4297 unde
534 4241 596 4296 in
627 4240 939 4311 semetipsis
969 4237 1258 4295 ostendunt
1287 4237 1516 4303 bonum,
1550 4235 1693 4306 quod
1724 4235 1779 4289 in

215 4326 280 4382 eis
304 4328 585 4403 loquendo
611 4343 931 4402 propagare
960 4327 1367 4400 concupiscunt.
1385 4325 1561 4396 Quare
1590 4328 1646 4379 et
1672 4324 1797 4379 sub-

215 4414 374 4473 ditur:

270 4525 432 4595 (Vera.
467 4529 589 4599 19.)
624 4528 691 4583 Et
745 4542 862 4585 non
921 4524 1127 4583 cecidit
1158 4540 1232 4581 ea:
1282 4521 1547 4581 omnibus
1605 4521 1781 4579 verbis
1815 4555 1869 4617 Β

211 4618 312 4689 ejus
338 4620 397 4674 in
427 4623 671 4674 terram.

264 4710 343 4763 29.
374 4707 432 4763 In
466 4716 609 4763 terra
655 4705 860 4779 quippe
912 4703 1140 4760 verbum
1192 4698 1566 4774 praedicatoris
1618 4699 1784 4784 cadit,

210 4810 310 4851 cum
338 4813 401 4852 ex
428 4796 673 4868 reprobo
703 4794 1085 4866 praedicatoris
1115 4790 1525 4849 conversatione
1558 4790 1784 4847 vilescit.

212 4884 341 4942 Unde
366 4897 418 4942 et
449 4885 717 4941 Veritatis
747 4900 881 4939 voce
895 4882 1090 4936 dicitur
1115 4900 1127 4936 :
1150 4881 1229 4937 Ad
1248 4881 1498 4936 nihilum
1520 4881 1668 4936 valet
1691 4880 1786 4935 ul-

212 4978 302 5042 tra,
314 4978 423 5031 nisi
442 4979 508 5030 ut
523 4974 990 5043 emittatur/bras,
1005 4976 1060 5027 et
1074 4971 1441 5027 conculcetur
1453 4966 1525 5024 ab
1544 4969 1783 5025 homini-

208 5062 290 5118 bus
332 5062 559 5131 (Matth.
593 5077 646 5130 v,
684 5063 795 5129 13).
831 5061 898 5115 Et
926 5059 1221 5114 notandum
1249 5057 1376 5129 quia
1406 5072 1479 5113 ex
1536 5056 1786 5113 omnibus

207 5152 380 5207 rei-bus
407 5152 534 5222 ejus
574 5166 687 5206 non
716 5147 982 5206 cecidisse
1009 5147 1064 5203 in
1096 5156 1294 5205 terram
1325 5145 1538 5214 dicitur,
1571 5152 1626 5201 ut
1652 5161 1783 5215 pro-

212 5236 331 5295 iecto
356 5238 707 5313 praedicatori
741 5236 881 5292 nihil
913 5251 1077 5308 agere
1107 5235 1269 5290 liceat
1288 5234 1434 5307 quod
1456 5234 1576 5289 licet
1597 5250 1783 5304 repro-

208 5326 335 5384 bate.
364 5330 507 5385 Nam
542 5325 809 5399 quidquid
843 5325 935 5398 agi
965 5324 1235 5396 prohibet,
1251 5324 1299 5378 is
1320 5322 1565 5394 profecto
1584 5323 1627 5378 si
1646 5322 1779 5395 agit,

208 5416 407 5472 verbum
438 5418 496 5472 in
527 5424 731 5472 terram
762 5413 925 5481 cadit,
959 5414 1082 5484 quia
1112 5412 1241 5468 dum
1274 5428 1304 5466 a
1352 5411 1605 5482 loquente
1645 5427 1780 5468 con-

204 5507 455 5577 temnitur,
514 5507 625 5563 hoc
677 5501 965 5561 audientes
1018 5516 1368 5576 nequaquam
1425 5507 1776 5559 venerantur.

206 5592 427 5652 Verbum
450 5609 693 5670 namque
722 5590 952 5667 aliquod
980 5592 1035 5649 in
1063 5599 1265 5649 terram
1293 5591 1488 5649 cadere
1515 5591 1776 5662 prohibe-

210 5678 287 5743 bat
309 5685 605 5759 Dominus,
633 5697 758 5745 cum
776 5681 1182 5761 negligentibus
1204 5680 1654 5756 praedicatoribus
1676 5695 1778 5740 ne-

1906 1905 2160 1976 operibus
2189 1904 2442 1960 ostendit.
2475 1904 2629 1961 Unde
2660 1914 2713 1962 et
2741 1905 2990 1962 subditur
3021 1924 3037 1964 :

1978 2014 2152 2082 (Vers,
2188 2012 2298 2077 20).
2333 2014 2399 2068 Et
2428 2015 2689 2084 cognovit
2717 2016 3020 2071 universus
3078 2015 3257 2073 Israel
3296 2035 3330 2074 α
3381 2020 3503 2077 Dan

1909 2117 2081 2173 usque
2148 2100 2445 2171 Bersabee,
2507 2102 2651 2175 quod
2706 2102 2894 2173 fidelis
2952 2103 3181 2162 Samuel
3227 2107 3504 2180 propheta

1910 2195 2057 2248 esset
2089 2191 2342 2247 Domini.

1981 2283 2075 2335 30.
2116 2278 2258 2349 Quid
2288 2280 2436 2337 enim
2466 2298 2565 2353 per
2592 2283 2709 2339 Dan
2740 2283 2843 2339 nisi
2872 2283 3164 2356 simplices,
3188 2291 3240 2340 et
3259 2284 3388 2358 quid
3406 2301 3506 2358 per

1911 2369 2176 2427 Bersabee
2206 2370 2313 2424 nisi
2341 2371 2614 2441 sapientes
2643 2372 3002 2445 designantur
3024 2374 3052 2427 ?
3083 2377 3126 2430 A
3157 2375 3278 2429 Dan
3333 2390 3506 2448 usque

1914 2459 2187 2515 Bersabee
2216 2458 2392 2515 ﬁdelis
2423 2460 2639 2517 Samuel
2667 2463 2939 2534 prepheta
2967 2461 3183 2518 Domini
3212 2478 3509 2537 recognos-

1913 2548 2067 2615 citur,
2101 2548 2317 2620 quando
2346 2549 2502 2605 electi
2530 2550 2903 2621 praedicatoris
2931 2550 3040 2609 vita
3070 2551 3411 2622 simplicibus
3437 2554 3507 2610 ad

1915 2638 2105 2693 salutis
2136 2638 2447 2709 exemplum
2475 2640 2819 2711 proponitur,
2835 2647 2888 2695 et
2908 2640 3246 2712 sapientibus
3261 2657 3359 2713 per
3371 2642 3510 2699 doc-

1916 2727 2115 2782 trinam
2148 2727 2266 2796 ejus
2291 2735 2492 2784 sanctae
2505 2728 2795 2800 Scriptores
2819 2744 3019 2786 arcana
3031 2731 3356 2787 revelantur.
3370 2731 3512 2801 Quia

1916 2832 2045 2873 vero
2077 2816 2346 2871 Bersabee
2395 2824 2590 2887 puteus
2618 2818 2890 2888 septimus
2919 2819 3317 2889 interpretatur,
3376 2837 3511 2893 pos-

1917 2913 2036 2961 sunt
2067 2921 2166 2975 per
2193 2906 2463 2960 Bersabee
2494 2921 2602 2962 non
2630 2907 2811 2962 solum
2852 2906 3140 2977 sapientes,
3199 2909 3293 2964 sed
3348 2910 3510 2965 etiam

1886 3006 1889 3009 ·
1912 2990 2044 3059 justi
2075 2988 2372 3062 designari.
2419 2990 2625 3046 Puteus
2652 2990 2797 3046 enim
2829 2991 3095 3061 septimus
3124 2992 3255 3064 quid
3285 3001 3386 3059 est,
3406 2994 3512 3050 nisi

1918 3079 2095 3151 gratia
2125 3076 2358 3149 Spiritus
2388 3079 2721 3149 septiformis
2734 3080 2763 3133 ‘P
2784 3080 2886 3135 Per
2901 3080 3021 3135 Dan
3037 3089 3390 3150 peccatorum
3402 3082 3513 3140 vita

1919 3167 2231 3235 ostenditur,
2261 3166 2387 3239 quia
2404 3183 2502 3239 per
2517 3176 2753 3224 veterem
2776 3168 3102 3241 prophetam
3123 3170 3316 3227 dicitur
3338 3188 3350 3227 :
3381 3173 3509 3229 Fiat

1912 3260 2038 3315 Dan
2052 3257 2277 3313 coluber
2288 3259 2350 3313 in
2364 3258 2729 3323 via,cerastes
2740 3258 2802 3313 in
2819 3260 3313 3326 semita,mordens
3324 3277 3507 3335 ungu-

1916 3348 2028 3404 lam
2051 3346 2199 3419 equi,
2216 3350 2284 3401 ut
2299 3346 2465 3402 cadat
2480 3361 2742 3403 ascensor
2759 3347 2880 3417 ejus
2890 3348 3215 3417 retro(Gen.
3232 3366 3379 3419 xux,
3397 3351 3506 3421 17).

1862 3488 1865 3491 λ
1916 3439 1961 3492 Δ
1988 3436 2108 3491 Dan
2138 3436 2322 3507 itaque
2351 3451 2524 3505 usque
2554 3434 2828 3492 Bersabee
2856 3435 3073 3492 Samuel
3102 3438 3323 3493 Domini
3367 3455 3506 3510 pro-

1910 3526 2070 3598 pheta
2100 3524 2468 3598 cognoscitur,
2500 3525 2633 3580 dum
2666 3524 2822 3581 electi
2850 3526 3220 3597 praedicatoris
3268 3527 3397 3595 vita,
3423 3535 3504 3585 at-

1909 3629 2016 3686 que
2032 3613 2310 3680 doctrina,
2342 3614 2731 3684 peccatoribus
2747 3622 2831 3669 est
2852 3615 3202 3685 venerabilis,
3224 3624 3309 3673 est
3323 3617 3505 3688 justis,

1910 3708 1971 3757 ut
1996 3702 2052 3756 in
2081 3718 2147 3758 eo
2176 3701 2433 3759 videlicet
2460 3710 2513 3759 et
2542 3701 2685 3773 lapsi
2716 3702 2918 3758 bonum
2947 3702 3184 3773 videant,
3216 3704 3272 3759 in
3304 3721 3411 3778 quo
3446 3722 3505 3762 se

1909 3791 2223 3862 paenitendo
2253 3790 2550 3863 corrigunt,
2587 3800 2641 3847 et
2670 3791 2796 3846 boni
2827 3791 3096 3848 mirentur
3125 3794 3254 3850 vitae
3281 3793 3505 3853 celsitu-

1909 3879 2112 3945 dinem,
2142 3879 2211 3934 ad
2240 3895 2402 3952 quam
2426 3879 2667 3953 quotidie
2695 3877 3036 3950 proﬁciendo
3092 3882 3496 3940 convalescant.

1906 3968 2162 4041 Sequitur
2196 3982 2209 4022 :

1980 4076 2152 4146 (Vers.
2171 4078 2231 4130 2t
2245 4075 2283 4145 .)
2300 4075 2367 4130 Et
2379 4073 2599 4131 addidit
2612 4074 2882 4132 Dominus
2894 4080 2959 4133 ut
2971 4079 3347 4149 appareretin
3362 4081 3496 4138 Silo.

1979 4166 2065 4221 3t.
2099 4163 2361 4234 Superius
2392 4163 2459 4218 de
2490 4171 2733 4236 tempore
2763 4164 2988 4234 reprobi
3014 4166 3245 4236 pastoris
3263 4166 3493 4226 dicitur:

1905 4253 1970 4311 In
2001 4253 2192 4309 diebus
2222 4250 2345 4308 illis
2372 4267 2488 4309 non
2509 4256 2634 4309 erat
2654 4254 2793 4309 visio
2806 4254 3138 4325 manifesta.
3159 4255 3293 4309 Cum
3312 4254 3494 4329 itaque

1903 4359 1973 4400 ex
2001 4357 2157 4398 sacro
2188 4341 2404 4412 eloquio
2434 4341 2678 4412 optimus
2706 4341 3036 4413 praedicator
3058 4344 3378 4413 ostenditur,
3401 4361 3495 4417 ap-

1901 4447 2097 4504 parare
2125 4431 2317 4487 iterum
2349 4431 2614 4487 Dominus
2669 4430 3007 4502 perhibetur,
3067 4432 3194 4503 quia
3236 4431 3493 4492 nimirum

1901 4521 2121 4594 cegnito
2151 4520 2317 4574 divini
2350 4518 2585 4588 consilii,
2642 4535 2762 4592 quae
2812 4519 3172 4577 absconditur
3216 4523 3490 4595 reprobis,

1896 4610 2145 4683 puritatis
2166 4609 2360 4665 merito
2384 4608 2655 4664 reveletur
2684 4609 2889 4664 electis.
2921 4609 2976 4666 Si
3010 4609 3154 4665 enim
3199 4619 3253 4667 et
3309 4613 3492 4669 homi-

1898 4717 2025 4756 num
2055 4698 2280 4755 consilia
2310 4697 2415 4752 nisi
2448 4696 2806 4753 familiaribus
2836 4714 2943 4754 non
2967 4699 3287 4770 creduntur,
3315 4704 3492 4759 omni-

1896 4796 2090 4861 potens
2140 4790 2287 4844 Deus
2333 4793 2547 4843 secreta
2579 4802 2692 4841 suae
2730 4785 3104 4857 dispositionis
3142 4789 3490 4847 aestimandus

1897 4886 1977 4935 est
2002 4878 2112 4933 suis
2134 4876 2445 4948 patefacere
2466 4874 2705 4930 inimicis
2727 4876 2755 4927 ‘I
2784 4875 2934 4931 Prius
2963 4893 3096 4951 ergo
3119 4878 3257 4948 justi
3287 4880 3487 4938 docto-

1884 4967 1970 5023 ris
2001 4966 2110 5021 vita
2138 4965 2488 5036 praedicatur,
2521 4963 2718 5020 deinde
2772 4964 3047 5022 addidisse
3106 4975 3166 5023 ut
3219 4964 3484 5040 apparere

1888 5057 2154 5114 Dominus
2182 5054 2400 5119 dicitur,
2432 5053 2555 5123 quia
2586 5052 2834 5124 profecto
2863 5054 3065 5111 divine
3094 5055 3235 5113 lucis
3249 5058 3482 5114 ostensio

1884 5144 2148 5217 reprobus
2176 5149 2231 5199 et
2258 5142 2414 5199 fictos
2442 5141 2603 5213 fugit,
2635 5158 2766 5214 quae
2790 5159 2852 5199 se
2881 5143 3092 5212 electis,
3149 5152 3205 5200 et
3260 5146 3478 5201 mundis

1887 5233 2142 5290 cordibus
2174 5230 2369 5303 aperit.
2403 5231 2558 5289 Unde
2586 5239 2640 5287 et
2664 5247 2761 5302 per
2801 5232 3151 5301 semetipsum
3205 5248 3334 5291 vera
3386 5233 3484 5292 lux

1886 5322 2185 5395 loquendo,
2210 5335 2309 5376 nos
2339 5318 2624 5386 illuminat,
2647 5320 2859 5376 dicens:
2878 5320 3041 5376 Beati
3058 5321 3272 5379 mundo
3293 5323 3478 5393 corde,

1886 5414 2151 5487 quoniam
2166 5411 2272 5483 ipsi
2286 5412 2459 5466 Deum
2476 5408 2980 5477 videbunt(Matth.
3014 5425 3069 5476 v,
3101 5410 3179 5481 8).
3200 5411 3394 5485 Igitur,
3412 5418 3483 5472 ut

1885 5504 2183 5576 appareret
2205 5499 2496 5565 Dominus,
2528 5495 2732 5551 addidit
2767 5495 2893 5565 quia
2924 5497 3181 5554 mundum
3207 5502 3481 5572 praedica-

1886 5590 2018 5647 toris
2046 5589 2125 5644 sui
2154 5588 2370 5644 oculum
2400 5586 2553 5641 vidit.
2588 5583 2695 5640 Sed
2714 5598 2836 5642 cum
2858 5584 3067 5643 addidit
3087 5589 3154 5648 Ut
3172 5597 3480 5666 appareret

1882 5682 1948 5740 in
1979 5676 2113 5750 Silo,
2136 5675 2195 5735 in
2217 5675 2411 5736 eodem
2430 5673 2553 5732 loco
2581 5672 2735 5731 illum
2761 5674 3088 5749 apparuisse
3110 5678 3227 5740 vice
3258 5678 3366 5739 alia
3388 5680 3482 5740 deo
