4062 6182
511 365 610 433 its

1702 363 1950 433 SANCTI
1988 361 2332 429 GREGORII
2373 363 2610 429 MAGNI

3708 367 3808 430 lii

502 501 771 573 signatur.
811 496 950 567 Quia
979 498 1162 552 autem
1191 493 1334 551 dixit
1362 494 1454 551 ubi
1478 497 1744 568 apparuit,
1775 513 1844 553 ne
1873 496 1993 553 Heli
2011 515 2105 571 ap-
2127 499 2182 561 A
2286 499 2375 553 33.
2410 496 2517 553 Sed
2549 502 2750 551 attente
2778 488 3232 552 considerandum
3265 505 3347 553 est
3395 496 3542 571 quod
3572 498 3808 570 subjun-

510 589 760 661 paruisse
792 587 1124 651 crederetur,
1158 585 1556 657 subsequenter
1585 595 1637 642 et
1666 603 1955 658 personam
1985 588 2107 657 ejus

505 678 593 735 cui
625 677 882 751 apparuit
913 673 1180 740 ostendit,
1216 675 1405 730 dicens
1437 690 1450 729 :

578 778 764 852 (Vers.
800 778 911 846 21.)
943 777 1219 845 Quoniam
1250 778 1531 833 revelatus
1579 780 1777 850 fuerat
1836 778 2106 836 Dominus

508 869 762 928 Samueli
791 869 851 923 in
870 866 1009 931 Silo,
1032 869 1207 935 juxta
1230 866 1457 922 verbum
1496 869 1739 924 Domini.

580 962 668 1013 32.
698 959 850 1013 Tunc
877 970 1115 1025 namque
1144 971 1203 1009 se
1235 953 1285 1008 ei
1313 955 1591 1023 revelavit,
1624 973 1745 1010 cum
1768 957 1816 1011 ei
1839 965 2105 1013 secretum

510 1046 593 1103 sui
620 1045 843 1102 consilii
864 1046 933 1100 de
964 1043 1285 1116 repulsione
1314 1044 1536 1115 reprobi
1566 1045 1938 1116 praedicatoris
1968 1062 2106 1119 ape-

507 1136 631 1191 ruit.
665 1134 822 1204 Quod
854 1132 1100 1204 profecto
1120 1133 1273 1202 juxta
1297 1133 1521 1188 verbum
1554 1134 1770 1190 Domini
1800 1134 1996 1191 factum
2018 1151 2105 1190 as-

507 1224 726 1289 seritur,
760 1231 818 1277 ut
845 1223 953 1278 hoc
984 1221 1129 1295 quod
1159 1237 1265 1276 non
1300 1222 1457 1278 valde
1486 1224 1735 1293 superius
1785 1240 1885 1295 per
1926 1223 2105 1280 virum

508 1313 606 1369 Dei
638 1313 706 1367 ad
736 1311 857 1367 Heli
875 1310 1079 1367 dictum
1104 1310 1481 1375 fuerat,etiam
1504 1312 1800 1368 secundum
1828 1312 2104 1368 historium

510 1401 796 1474 impletum
830 1415 949 1456 esse
980 1398 1277 1455 sentiatur:
1304 1399 1373 1454 Et
1387 1400 1669 1457 suscitabo
1690 1400 1833 1457 mihi
1854 1400 2109 1458 sacerdo-

510 1495 625 1547 tem
637 1490 858 1561 ﬁdelem
875 1490 977 1560 qui
979 1489 1160 1559 juxta
1171 1505 1266 1545 cor
1276 1491 1814 1557 meum,etanimam
1829 1506 2009 1547 meam
2021 1491 2108 1561 fa-

507 1578 625 1636 ciat
641 1583 697 1635 et
716 1577 1031 1634 ambulabit
1050 1592 1244 1633 coram
1262 1577 1483 1634 Christo
1498 1594 1616 1635 meo
1641 1578 1900 1635 omnibus
1916 1579 2108 1636 diebus

507 1668 564 1739 (Ι
580 1671 707 1740 Reg.
736 1682 794 1736 ιι,
816 1667 925 1733 35).
945 1667 1017 1721 Et
1041 1666 1172 1721 item
1199 1683 1210 1720 :
1242 1666 1451 1723 Videbis
1469 1666 1742 1724 wmulum
1759 1672 1921 1724 tuum
1948 1672 1980 1736 ι
2002 1673 2035 1734 1
2064 1674 2096 1737 1,

506 1759 569 1813 in
589 1758 815 1830 templo,
837 1758 899 1812 in
930 1756 1212 1813 universis
1242 1756 1525 1829 prosperis
1556 1757 1729 1813 Israel
1760 1756 1952 1829 (lbid.,
1987 1759 2098 1828 32).

2213 587 2358 659 gitur
2380 603 2391 642 :
2412 589 2592 644 Jumta
2623 586 2853 642 verbum
2877 583 3136 643 Domini.
3166 587 3406 643 Verbum
3434 603 3566 661 ergo
3582 590 3805 645 Domini

2213 676 2657 748 cognoscendum
2690 683 2789 742 est,
2823 683 3111 747 antequam
3140 676 3209 732 ad
3240 676 3634 748 apparitionem
3691 679 3811 735 Do-

2214 765 2343 820 mini
2377 765 2684 837 pertingere
2712 779 3038 832 mereamur,
3069 779 3138 820 ne
3186 765 3383 835 injuste
3438 774 3493 822 et
3519 767 3811 824 indiscreta

2211 854 2359 910 visio
2389 854 2532 925 ignis
2561 859 2617 909 et
2635 854 2815 921 nubis,
2850 869 2957 910 non
2990 854 3164 909 solum
3195 856 3356 910 nobis
3408 856 3803 925 perfectionem

2212 958 2321 997 non
2352 943 2600 999 ostendat
2631 943 2865 998 euﬂestis
2893 942 3118 1011 itineris,
3151 944 3249 999 sed
3281 944 3350 999 ad
3372 944 3806 1001 submersionem

2212 1032 2410 1087 erroris
2441 1047 2540 1087 nos
2570 1031 2834 1103 impellat.
2854 1030 3114 1103 Origines
3128 1032 3332 1104 quippe
3368 1038 3399 1101 1
3418 1038 3454 1101 1
3478 1037 3519 1100 2
3545 1033 3678 1089 dum
3705 1051 3809 1106 ap-

2212 1127 2496 1192 parentem
2517 1120 2810 1177 Dominum
2831 1120 2946 1175 sine
2969 1120 3139 1176 verbo
3169 1121 3389 1177 Domini
3408 1121 3598 1180 videre
3617 1123 3807 1192 voluit,

2211 1208 2483 1265 visionem
2497 1210 2657 1264 nubis
2671 1209 2979 1265 inordinate
2999 1210 3386 1282 conspexit,(a)
3413 1211 3541 1283 quia
3556 1212 3701 1284 ignis
3717 1228 3814 1283 ap.

2211 1299 2535 1370 paritionem
2566 1299 2798 1354 horruit.
2836 1298 2976 1354 Nam
3007 1298 3159 1366 dum,
3191 1299 3460 1373 abnegata
3491 1299 3576 1356 vel
3601 1302 3811 1359 minuta

2207 1387 2418 1457 justitia
2448 1388 2568 1456 Dei,
2602 1387 2934 1460 superﬂuam
2956 1389 3074 1457 ejus
3094 1387 3435 1444 clementiam
3457 1391 3808 1462 praedicaret,

2212 1476 2443 1531 asseruit
2473 1477 2619 1549 quod
2648 1492 2758 1532 non
2790 1477 2963 1532 solum
2995 1476 3248 1533 omnibus
3275 1477 3541 1534 damnatis
3568 1480 3810 1537 homini-

2214 1565 2315 1621 bus
2345 1574 2615 1637 parceret,
2645 1566 2741 1621 sed
2769 1566 2935 1622 etiam
2964 1565 3033 1622 de
3090 1575 3292 1622 aeterna
3345 1583 3506 1638 paena
3550 1571 3813 1640 reprobus

2212 1655 2442 1728 angelos
2472 1655 2796 1725 quandoque
2825 1654 3112 1715 liberaret.
3151 1656 3397 1712 Novatus
3426 1664 3604 1713 autem
3665 1660 3812 1731 ignis

2207 1744 2452 1815 aspicere
2488 1744 2759 1799 visionem
2787 1743 3020 1814 amplius
3047 1745 3266 1810 amavit,
3292 1745 3383 1816 qui
3415 1745 3538 1801 dum
3560 1763 3807 1803 severam

509 1845 666 1914 Quod
694 1844 740 1899 si
764 1844 917 1914 juxta
965 1844 1261 1914 spiritalem
1320 1844 1730 1915 intelligentiam
1788 1854 2099 1917 perscruta-

2226 1833 2601 1903 amnipotentis
2620 1833 2718 1887 Dei
2735 1832 3003 1902 justitiam
3034 1833 3439 1904 implacabilem
3476 1835 3679 1893 diceret
3712 1853 3811 1910 spe

509 1949 649 1999 mur,
685 1932 956 2003 quomodo
987 1930 1140 1986 addit
1168 1931 1440 1987 Dominus
1494 1937 1553 1987 ut
1601 1933 1786 1989 electis
1816 1942 2098 2005 appareat,

505 2021 611 2076 nisi
637 2021 768 2094 quia
799 2021 887 2091 qui
919 2020 1121 2076 electos
1150 2035 1280 2075 suos
1310 2019 1377 2074 de
1400 2022 1862 2092 contemplatione
1878 2022 2104 2091 justitise

502 2126 612 2166 sua:
640 2109 960 2165 mirabiliter
990 2117 1176 2177 terret,
1210 2109 1376 2164 etiam
1436 2109 1504 2164 de
1569 2110 1877 2165 ostensione
1915 2111 2105 2183 glorise

501 2199 852 2255 ineﬁ'abiliter
880 2197 1178 2254 demulcet.
1219 2197 1323 2266 Qui
1355 2198 1497 2253 enim
1543 2200 1862 2270 apparendo
1899 2200 2103 2269 justus,

503 2288 669 2345 corda
699 2296 1013 2344 sanctorum
1044 2294 1245 2342 terrore
1278 2287 1534 2355 concutit,
1594 2296 1651 2341 ut
1706 2297 1965 2359 appareat
2001 2289 2104 2343 ad-

506 2377 607 2443 dit,
661 2376 880 2448 quando
936 2374 1087 2431 cordi
1149 2374 1333 2430 territo
1387 2375 1620 2431 dulcedo
1660 2376 1963 2432 refunditur
1991 2393 2107 2433 sum

503 2465 744 2537 pietatis.
776 2465 915 2520 Hinc
937 2471 1019 2518 est
1046 2462 1187 2518 enim
1219 2462 1366 2532 quod
1393 2462 1565 2533 Moysi
1623 2478 1729 2518 non
1784 2478 2003 2535 semper
2049 2466 2102 2521 in

505 2555 633 2625 igne
660 2551 930 2623 apparuit,
967 2551 1062 2607 sed
1094 2550 1148 2605 in
1180 2550 1308 2622 igne
1362 2550 1674 2620 aliquando,
1707 2550 1998 2621 aliquando
2050 2554 2105 2608 in

512 2641 680 2698 nube.
713 2642 774 2695 In
806 2640 933 2712 igne
966 2640 1167 2712 quippe
1198 2649 1370 2695 terror
1395 2640 1582 2708 judicii
1612 2648 1713 2695 est.
1745 2642 1901 2697 Unde
1929 2651 1983 2697 et
2037 2643 2108 2699 de

511 2730 753 2787 secundo
783 2727 1160 2800 Redemptoris
1187 2728 1353 2784 nostri
1376 2728 1611 2783 adventu
1639 2746 1740 2799 per
1767 2731 2104 2787 Psalmistam

515 2819 745 2875 dicitur:
771 2817 928 2890 Ignis
952 2821 1090 2874 ante
1119 2833 1248 2873 eum
1267 2817 1516 2889 prwibit,
1550 2822 1605 2873 et
1634 2820 1697 2874 in
1715 2820 1967 2876 circuitu
1987 2821 2108 2892 ejus

510 2912 820 2981 tempestas
852 2907 1039 2963 valida
1073 2907 1414 2976 (Psal.x1.1x,
1430 2909 1512 2977 3).
1540 2907 1597 2961 In
1620 2908 1764 2963 nube
1785 2917 1965 2965 autem
1983 2925 2110 2981 pro-

507 2997 669 3053 tectio
700 2995 1074 3051 miserationis
1104 2995 1443 3067 exprimitur,
1464 2995 1590 3067 quia
1617 2996 1869 3066 ejusdem
1891 3006 2115 3067 protec-

509 3084 677 3141 tionis
705 3101 815 3140 suae
838 3084 1270 3140 blandimentum
1299 3083 1485 3139 electis
1514 3084 1627 3139 suis
1657 3086 1976 3155 promittens
2007 3088 2116 3143 Do-

2214 1921 2388 1977 venize
2446 1921 2842 1991 eonsequendm
2870 1929 2922 1977 et
2952 1922 3284 1993 poenitentia:
3314 1939 3474 1980 omne
3502 1925 3808 1982 remedium

2213 2006 2591 2076 peccatoribus
2616 2005 2852 2061 abstulit.
2884 2006 3001 2062 Nec
3030 2007 3243 2063 Novato
3274 2008 3463 2079 igitur,
3488 2024 3588 2065 nec
3608 2009 3685 2064 illi
3710 2010 3804 2064 alii

2212 2090 2479 2145 Dominus
2508 2091 2778 2161 apparuit,
2812 2091 2937 2160 quia
2969 2099 3193 2162 uterque
3248 2107 3431 2148 eorum
3459 2093 3616 2163 juxta
3656 2093 3802 2164 quod

2212 2191 2310 2246 per
2339 2175 2618 2230 veritatem
2649 2175 2787 2230 sacri
2820 2175 3020 2246 eloquii
3062 2176 3318 2245 cernitur,
3375 2177 3804 2247 omnipotentem

2210 2265 2504 2319 Dominum
2537 2280 2645 2320 non
2675 2265 2977 2333 conspexit.
3011 2265 3159 2319 Tunc
3187 2280 3318 2337 ergo
3363 2265 3516 2335 juxta
3571 2268 3797 2324 verbum

2212 2353 2475 2409 Dominus
2504 2360 2750 2424 apparet,
2782 2367 2907 2409 cum
2939 2368 3001 2408 ea
3027 2354 3335 2409 ostensione
3366 2370 3425 2409 se
3452 2355 3620 2410 menti
3649 2373 3817 2414 reve-

2211 2441 2306 2509 lat,
2340 2457 2500 2511 quam
2531 2457 2701 2496 sacrm
2725 2440 3016 2513 Scriptura:
3045 2440 3178 2496 ﬁdes
3207 2459 3314 2499 non
3342 2444 3621 2516 reprobat.
3665 2447 3822 2505 Unde

2213 2539 2267 2587 et
2293 2540 2420 2601 apte
2451 2529 2576 2601 subj
2586 2530 2805 2603 ungitur
2838 2549 2852 2586 :

2286 2638 2447 2706 (Vers
2477 2637 2590 2709 2L)
2621 2638 2690 2693 Et
2726 2639 2879 2695 venit
2908 2654 3093 2697 sermo
3120 2640 3402 2698 Samuelis
3427 2641 3491 2697 in
3545 2641 3812 2699 universo

2215 2726 2434 2783 Israeli.

2291 2816 2383 2870 34.
2423 2814 2809 2871 Haeretieorum
2849 2815 3052 2889 quippe
3086 2832 3265 2873 sermo
3306 2833 3414 2874 non
3432 2818 3816 2874 venit.Novati

2219 2904 2365 2959 enim
2395 2919 2573 2959 sermo
2601 2904 2719 2973 fuit,
2739 2905 2866 2976 quia
2888 2905 3075 2975 justus
3092 2907 3241 2962 Deus
3257 2908 3429 2964 semel
3447 2907 3615 2979 lapsis
3630 2906 3782 2963 ﬁdeli
3795 2937 3826 2950 -

2225 2993 2327 3048 bus
2356 3008 2701 3064 nequaquam
2728 2993 2916 3064 parcit.
2950 2994 3207 3067 Origenis
3235 3012 3415 3052 sermo
3437 2996 3541 3052 fuit
3559 2996 3688 3069 quia
3706 2996 3821 3050 mi-

2227 3081 2460 3136 sericors
2491 3082 2756 3137 Dominus
2783 3082 3004 3137 mullam
3035 3093 3342 3139 creaturam
3370 3085 3687 3141 rationalem
3716 3100 3824 3156 pe—

512 3173 712 3242 minus,
728 3173 834 3227 ait:
858 3174 1009 3229 Tunc
1024 3172 1513 3230 videbuntFilium
1528 3172 1773 3230 hominis
1786 3177 2106 3232 venientem
2139 3208 2190 3273 Ο
2227 3169 2337 3224 fire
2366 3186 2466 3239 per
2491 3178 2752 3225 aeternam
2782 3170 3187 3228 damnationem
3218 3173 3369 3228 sinit.
3408 3173 3520 3229 Sed
3548 3174 3673 3243 quia
3689 3188 3825 3229 con-

512 3264 578 3319 in
607 3263 754 3319 nube
777 3262 971 3332 (Mare.
998 3264 1196 3328 xut,26
1228 3279 1241 3325 ;
1277 3262 1408 3317 Luc.
1435 3264 1671 3327 xx1,27).
1706 3262 1764 3317 In
1781 3263 1907 3336 igne
1930 3264 2111 3335 itaque

520 3359 575 3407 et
603 3350 749 3406 nube
774 3366 876 3420 per
903 3350 1123 3405 deserta
1148 3349 1525 3420 gradientibus
1564 3350 1828 3405 Dominus
1866 3360 2112 3423 apparet,

518 3439 644 3510 quia
671 3446 885 3494 mentes
902 3436 1395 3509 contemplantium
1426 3454 1483 3492 se
1512 3437 1568 3492 in
1594 3438 1701 3495 hac
1729 3440 1909 3495 exsilii
1957 3456 2119 3512 pere-

521 3527 866 3599 grinatione,
899 3525 1001 3583 etsi
1032 3525 1330 3596 aliquando
1361 3533 1523 3582 terret
1551 3526 1621 3582 de
1653 3527 1882 3597 justitia,
1913 3544 2117 3599 pavore

523 3615 765 3687 dejectas
795 3614 959 3688 erigit
996 3614 1370 3670 blandimento
1427 3616 1793 3686 protectionis.
1851 3618 2120 3674 Dominus

519 3706 707 3777 itaque
733 3704 975 3761 Samueli
1006 3704 1280 3775 apparuit,
1312 3710 1385 3773 et,
1432 3712 1490 3759 ut
1537 3713 1848 3775 appareret,
1894 3707 2123 3775 addidit,

526 3793 656 3866 quia
683 3793 776 3865 qui
808 3792 881 3848 ab
909 3792 1208 3848 electorum
1242 3793 1520 3847 mentibus
1551 3793 1608 3848 in
1639 3794 1766 3865 igne
1797 3796 2017 3851 terroris
2044 3812 2130 3852 as-

521 3882 741 3955 picitur,
773 3882 829 3936 in
859 3880 1003 3937 nube
1034 3880 1196 3936 etiam
1255 3880 1560 3937 dulcedinis
1618 3882 1930 3938 exhibetur.
1985 3885 2134 3956 Ignis

529 3986 768 4041 namque
802 3969 1062 4025 visionem
1095 3969 1241 4025 intus
1275 3969 1502 4036 viderat,
1537 3970 1628 4042 qui
1662 3972 1953 4028 nuntiabat
1980 3974 2134 4041 foris,

533 4061 750 4116 dicens:
772 4060 1045 4116 Sanctum
1072 4063 1130 4115 et
1161 4058 1414 4115 terribile
1440 4075 1650 4116 nomen
1678 4062 1801 4133 ejus
1833 4063 2008 4123 (Psal.
2044 4078 2133 4128 cx,

533 4150 650 4221 10).
679 4150 739 4206 In
769 4147 899 4220 igne
928 4148 1061 4204 item
1092 4163 1214 4203 eum
1246 4146 1425 4203 visum
1444 4148 1733 4204 ostendere
1747 4150 1990 4219 cupiens,
2018 4150 2095 4205 ait
2122 4168 2134 4205 :

538 4239 732 4298 Venite
749 4241 803 4294 et
820 4237 1001 4293 videte
1019 4252 1190 4309 opera
1214 4238 1461 4305 Domini,
1484 4238 1755 4293 terribilis
1786 4239 1848 4293 in
1879 4237 2130 4295 consiliis

539 4343 712 4399 super
735 4327 889 4396 ﬁlios
920 4325 1211 4382 hominum
1231 4326 1410 4394 (Psal.
1444 4340 1576 4393 va,
1606 4325 1680 4393 £3).
1715 4324 1823 4379 Sed
1853 4325 1943 4395 qui
1973 4325 2022 4380 ei
2078 4327 2134 4380 in

533 4415 665 4486 igne
694 4413 968 4484 apparuit,
1001 4419 1058 4465 ut
1093 4418 1381 4481 appareret
1408 4410 1634 4479 addidit,
1657 4410 1782 4482 quia
1809 4413 2134 4470 suavitatem

538 4502 748 4574 gloria,
784 4508 837 4555 et
866 4498 1169 4555 dulcedinis
1196 4514 1327 4564 suae,
1362 4498 1410 4553 ei
1441 4498 1601 4554 etiam
1619 4499 1688 4555 de
1709 4500 1851 4556 nube
1873 4502 2133 4573 propina-

540 4589 642 4644 vit.
678 4587 858 4655 Quare
887 4585 1315 4654 etexhilaratus,
1347 4586 1437 4656 qui
1480 4587 1695 4642 territus
1725 4588 1918 4656 fuerat,
1952 4592 2088 4648 dixit
2120 4612 2132 4652 :

547 4673 727 4740 Quam
759 4687 964 4743 magna
986 4670 1298 4726 multitudo
1326 4671 1642 4727 dulcedinis
1682 4678 1815 4741 tute,
1872 4675 2134 4747 Domine,

2226 3258 2366 3315 versi
2397 3258 2466 3313 ad
2496 3259 2787 3314 Dominum
2818 3268 3136 3329 peccatores
3166 3277 3508 3332 nequaquam
3564 3271 3818 3332 pereunt,

2226 3355 2280 3403 et
2308 3347 2478 3402 semel
2509 3347 2651 3416 lapsi
2681 3349 2859 3420 angeli
2889 3356 2946 3403 et
2974 3349 3029 3403 in
3058 3358 3286 3419 peccato
3314 3366 3415 3405 suo
3446 3351 3641 3406 mortui
3689 3367 3829 3423 pec-

2228 3444 2438 3491 calores
2468 3451 2749 3508 nunquam
2779 3436 3083 3507 salvantur,
3144 3439 3525 3495 barreticorum
3571 3439 3832 3510 profecto

2230 3540 2418 3579 sermo
2448 3540 2557 3579 non
2585 3525 2750 3580 venit.
2768 3526 2960 3582 Sermo
2981 3526 3148 3596 igitur
3176 3527 3446 3583 Samuelis
3461 3528 3606 3584 venit
3625 3528 3681 3582 in
3700 3529 3835 3583 uni-

2231 3628 2392 3669 verso
2422 3613 2633 3678 Israeli,
2665 3613 2795 3684 quia
2822 3614 3073 3671 catholici
3107 3615 3213 3672 viri
3245 3616 3562 3684 praedicatio
3591 3617 3837 3689 comple-

2231 3708 2339 3768 tur,
2371 3717 2493 3771 qum
2521 3700 2576 3755 in
2598 3702 2822 3759 veritate
2853 3703 2995 3759 sacri
3025 3703 3229 3775 eloquii
3261 3709 3408 3761 recte
3450 3706 3825 3778 cognoscitur.

2235 3790 2298 3844 Et
2327 3791 2623 3845 notandum
2654 3790 2780 3863 quia
2809 3791 2929 3862 ejus
2958 3807 3136 3848 sermo
3167 3793 3381 3849 venisse
3402 3794 3618 3863 dicitur,
3636 3795 3725 3851 cui
3743 3795 3835 3851 vi-

2235 3879 2441 3935 sionem
2466 3895 2619 3934 suam
2636 3880 2899 3936 Dominus
2928 3881 3208 3937 addidisse
3243 3882 3575 3955 perhibetur,
3608 3884 3733 3954 quia
3753 3885 3837 3940 ni-

2237 3967 2435 4023 mirum
2464 3967 2583 4037 ejus
2612 3969 2930 4038 prasdicatio
2960 3986 3087 4026 vera
3116 3978 3217 4038 est,
3239 3972 3324 4028 cui
3346 3973 3428 4029 sic
3447 3971 3839 4045 divinmjusti-

2238 4055 2327 4111 tias
2360 4063 2530 4110 terror
2555 4055 2873 4123 ostenditur,
2907 4065 2964 4112 ut
3019 4056 3370 4130 benignitatis
3399 4058 3519 4129 ejus
3544 4059 3839 4117 abundans

2238 4143 2416 4214 gratia
2445 4158 2552 4198 non
2583 4142 2787 4199 celetur
2806 4144 3079 4208 ;videlicet
3106 4154 3165 4201 ut
3194 4155 3429 4203 mentem
3476 4147 3710 4204 videntis
3756 4150 3839 4208 sic

2239 4240 2528 4301 conspecta
2560 4233 2756 4287 veritas
2783 4240 2997 4304 terreat,
3031 4242 3088 4290 ut
3115 4236 3277 4292 etiam
3307 4243 3525 4292 ostensa
3573 4236 3839 4311 benigni-

2241 4328 2326 4375 tas
2356 4330 2595 4376 mentem
2626 4322 2864 4377 territam
2895 4322 2952 4377 in
2979 4323 3415 4395 desperationem
3466 4326 3664 4382 cadere
3724 4342 3841 4383 non

2240 4408 2550 4479 permittat;
2585 4417 2641 4464 ut
2671 4410 2751 4467 sic
2770 4410 2840 4466 de
2867 4410 3205 4484 benignitate
3228 4422 3541 4483 praesumat,
3568 4422 3842 4487 quatenus

2250 4497 2317 4553 ad
2348 4498 2810 4569 praevaricationis
2833 4514 3022 4556 ausum
3052 4515 3162 4556 non
3189 4509 3437 4571 proruat.

2326 4587 2455 4643 Ilaec
2482 4595 2660 4642 autem
2690 4588 2745 4642 in
2783 4589 3023 4644 secundo
3075 4588 3258 4645 libello
3315 4591 3600 4661 praesentis
3657 4594 3848 4664 aperis

2246 4675 2517 4746 disputata
2545 4675 2824 4747 suﬂiciant,
2857 4686 2914 4733 ut
2939 4678 3066 4732 dum
3098 4694 3164 4733 ea
3193 4695 3315 4751 quae
3342 4689 3647 4752 sequuntur
3694 4698 3848 4742 novo

546 4777 718 4833 quam
737 4757 1432 4814 abscondistilimentibus
1445 4760 1851 4829 te(Psal.xxx,
1872 4764 1980 4833 20).
2002 4764 2141 4823 Hinc
2246 4764 2515 4835 principio
2545 4764 2802 4821 inchoare
2831 4766 3191 4838 disponimus,
3223 4768 3441 4824 dicendi
3499 4768 3660 4825 etiam
3718 4778 3849 4829 stu-

546 4847 681 4904 item
710 4847 956 4903 additam
988 4845 1386 4915 appar-itionem
1402 4846 1700 4919 admirans,
1718 4849 1790 4905 ait
1816 4865 1828 4904 :
1853 4852 2028 4919 Quam
2042 4853 2138 4911 bo-

539 4952 652 4999 nus
667 4934 846 4993 Israel
858 4936 1002 4992 Deus
1020 4934 1089 4990 iis
1100 4935 1195 5005 qui
1209 4939 1360 4992 recto
1372 4939 1509 4991 sunt
1523 4937 1686 4994 corde
1698 4937 1852 5008 (Psal
1877 4942 2136 5015 Lxxn,l).

2247 4852 2395 4908 dium
2425 4869 2522 4926 per
2550 4853 2896 4912 devotionem
2923 4863 3229 4916 renovetur.

616 5059 696 5133 (a)
724 5059 806 5115 De
834 5056 1031 5113 iisdem
1061 5054 1362 5127 Gregorius
1391 5057 1505 5130 agit
1531 5057 1627 5112 lib.
1658 5074 1836 5116 xxxiv
1864 5063 2079 5133 Moral.,
2110 5082 2261 5123 num.
2304 5070 2390 5136 38,
2423 5068 2512 5124 ubi
2545 5067 2669 5126 vide
2699 5077 2875 5127 notas.
2946 5028 2953 5033 .

570 5180 3843 5225 Μ

1748 5319 2078 5417 LIBER
2132 5323 2618 5424 TERTIUS

975 5474 1014 5540 1
1035 5472 1072 5540 1
1091 5471 1131 5540 1
1168 5460 1389 5526 CAPUT
1410 5459 1706 5526 PRIMUM.

619 5572 671 5636 1.
705 5578 837 5633 Cum
867 5592 1038 5634 sacrae
1065 5576 1305 5636 historia
1334 5592 1523 5635 sensus
1562 5578 1792 5650 qualiter
1846 5579 2142 5641 electorum

546 5663 792 5725 moribus
818 5663 1135 5721 conveniret
1165 5664 1412 5745 studiose
1444 5681 1832 5743 quaereremus,
1864 5670 2143 5748 allegoriae

2251 5495 2500 5554 ordinem
2534 5506 2781 5571 repetere
2808 5499 3137 5570 exponendo
3164 5500 3493 5559 distulimus.
3522 5470 3595 5560 Ut
3622 5519 3769 5577 ergo
3784 5522 3863 5565 ea

2253 5602 2373 5655 quae
2404 5587 2656 5645 omisisse
2685 5589 2961 5646 cernimur
2987 5590 3363 5661 suppleamus,
3383 5592 3674 5664 quaeritur:
3700 5592 3864 5663 Quid

2251 5683 2331 5735 est
2361 5676 2506 5756 quod
2524 5676 2652 5733 dum
2685 5675 2906 5755 Samuel
2925 5677 3231 5743 ministrare
3256 5680 3491 5745 Domino
3513 5696 3701 5744 coram
3719 5682 3859 5753 Heli
