4062 6182
103 85 543 119 _r__

274 216 363 275 145

1104 214 1175 272 IN
1204 216 1472 274 PRIMUM
1498 212 1745 275 REGUM
1777 214 2309 277 EXPOSITIONES.
2342 252 2410 264 —-
2443 223 2565 280 LIB.
2598 222 2691 278 lll.

3463 216 3562 279 146

271 354 618 412 memoratur,
632 343 900 418 pretiosus
912 361 1094 403 sermo
1114 345 1330 403 Domini
1353 362 1470 403 esse
1486 324 1861 404 describitur?
1888 344 1946 408 A
1973 347 2202 404 credidit
2229 350 2299 406 ad
2332 359 2589 409 tormenta
2616 350 2880 424 pervenit.
2911 352 3149 424 Tempus
3173 363 3408 420 namque
3434 354 3565 405 tunc

274 436 389 504 Sed,
416 435 558 491 sicut
591 436 844 507 superius
876 443 959 492 est
995 435 1221 504 dictum,
1254 452 1352 507 per
1381 436 1687 493 Samuelem
1716 452 1862 507 prae-

1971 438 2258 508 eratquois
2285 443 2877 510 quiemebatursermo,
2902 456 3009 497 non
3029 442 3107 511 (a)
3143 448 3270 511 typo
3317 436 3565 511 ﬁgurata!

273 526 529 582 dicatores
561 534 766 582 sanctae
794 524 1076 591 Ecclesia},
1105 543 1205 595 per
1236 525 1357 582 Heli
1378 527 1543 581 etiam
1573 526 1728 582 electi
1759 542 1862 597 pa-
1968 527 2316 596 moralitatis,
2348 529 2441 586 sed
2462 539 2663 601 apertae
2688 530 2980 585 locutionis
3012 537 3281 600 prmoepto
3304 527 3562 583 hortaba-

275 623 373 671 tres
400 616 715 671 testamenti
764 618 972 672 veteris
1008 614 1385 687 designantur.
1420 617 1562 671 Puer
1589 630 1723 686 ergo
1753 615 1861 670 Sa-

277 706 405 760 muel
431 704 782 760 ministrabat
824 705 1056 761 Domino
1113 720 1296 761 coram
1333 704 1477 769 Heli,
1530 720 1653 761 cum
1684 720 1860 760 novus

275 793 543 850 doctorum
575 793 714 849 ordo
742 793 1119 865 Redemptoris
1174 792 1337 849 ﬁdem
1377 792 1730 865 praedicabat.
1779 794 1859 849 De

274 898 371 953 quo
397 882 657 937 nimirum
697 882 999 939 ministerio
1050 883 1247 939 Paulus
1297 882 1556 958 loquitur,
1615 882 1853 938 dicens:

274 971 532 1040 Quandiu
541 987 668 1028 sum
683 988 789 1043 gen
798 973 946 1028 tium
958 972 1654 1045 apostolus,minislerium
1667 988 1857 1028 meum

269 1061 637 1130 honoriﬁcabo
668 1063 849 1131 (Rom.
883 1078 960 1128 at,
1014 1062 1127 1132 t3).
1166 1062 1305 1118 Hinc
1331 1062 1524 1118 iterum
1554 1061 1719 1118 dicit:
1744 1063 1853 1118 He-

267 1150 387 1206 ιιι-αἱ
414 1155 578 1215 sunt,
612 1154 668 1207 et
693 1166 790 1223 ego
822 1170 839 1204 :
868 1150 1141 1207 Israelita
1170 1156 1327 1218 sunt,
1350 1156 1407 1208 et
1425 1168 1560 1224 ego:
1596 1150 1856 1208 ministri

268 1238 469 1295 Christi
495 1243 656 1304 sunt,
675 1243 734 1296 et
752 1254 847 1310 ego
880 1239 957 1309 (Il
974 1239 1093 1297 Cor.
1126 1256 1201 1303 ιι,
1236 1242 1310 1310 2).
1356 1243 1391 1308 1
1413 1243 1449 1309 1
1468 1242 1511 1307 2
1546 1238 1853 1295 Ministrare

260 1343 387 1401 ergo
414 1328 680 1397 Domino,
713 1329 771 1382 in
789 1327 1035 1384 laborem
1068 1328 1463 1399 praedicationis
1487 1344 1717 1401 pergere
1748 1336 1849 1384 est.

262 1413 409 1484 Quod
440 1415 697 1487 proiecto
726 1414 1082 1471 ministerium
1124 1416 1341 1471 Samuel
1372 1432 1555 1473 coram
1586 1416 1705 1472 Heli
1733 1416 1850 1472 Do—

257 1504 392 1559 mino
423 1504 747 1575 impendice
776 1503 996 1571 dicitur,
1028 1505 1152 1577 quia
1193 1504 1459 1577 quidquid
1489 1505 1557 1560 de
1583 1504 1850 1577 religione

255 1608 399 1650 novae
428 1592 585 1661 ﬁdei,
619 1608 790 1649 novus
838 1594 1255 1666 praedicatorum
1284 1592 1423 1650 ordo
1452 1594 1713 1661 asseruit,
1745 1596 1849 1650 hoc

1969 621 2074 683 tur,
2107 616 2295 674 dicens
2319 636 2330 672 :
2366 619 2471 688 Qui
2491 622 2610 676 vult
2639 621 2828 676 venire
2842 624 2968 691 post
2987 635 3098 682 me,
3132 618 3299 673 tollat
3327 632 3557 674 crucem

1966 721 2129 761 suam
2158 709 2423 778 quotidie,
2478 712 2535 764 et
2581 713 2853 780 sequatur
2910 724 2995 764 me
3035 707 3259 770 (Matth.
3294 721 3408 770 xvi,
3438 707 3556 775 2i).

1966 790 2107 844 Hinc
2121 791 2245 846 item
2262 791 2419 848 dicit:
2448 793 2552 861 Qui
2564 797 2760 849 autem
2771 796 2931 848 amat
2945 795 3167 864 patrem
3189 794 3291 846 aut
3311 794 3557 845 matrem

1963 879 2094 949 plus
2124 896 2291 952 quam
2320 896 2431 947 me,
2480 898 2596 938 non
2650 884 2734 937 est
2766 896 2854 938 me
2906 881 3112 952 dignus
3134 878 3321 949 (Ibid,
3342 894 3401 945 ιι,
3426 878 3543 946 37).

1965 966 2068 1022 Et:
2104 967 2207 1035 Qui
2236 985 2353 1025 non
2382 972 2807 1026 renuntiaverit
2835 968 3096 1025 omnibus
3142 984 3264 1039 qua:
3287 966 3555 1039 possidet,

1963 1071 2079 1111 non
2098 1061 2283 1128 potest
2313 1074 2470 1115 meus
2491 1074 2609 1115 esse
2623 1059 2937 1130 discipulus
2968 1059 3124 1126 (Luc.
3149 1072 3268 1126 xxv,
3301 1056 3411 1125 33).
3444 1055 3561 1111 Ita-

1963 1157 2072 1211 que
2100 1158 2222 1197 cum
2249 1143 2605 1199 ministerium
2635 1143 2908 1199 Samuelis
2947 1142 3234 1209 asseritur,
3267 1138 3557 1213 pretiosius

1961 1245 2139 1288 sermo
2168 1232 2387 1287 Domini
2416 1249 2537 1290 esse
2582 1232 2921 1303 perhibetur,
2955 1232 3081 1303 quia
3138 1230 3383 1301 profecto
3412 1227 3558 1284 inter

1961 1317 2113 1374 initia
2141 1318 2289 1389 ﬁdei,
2322 1320 2400 1376 illi
2430 1320 2520 1391 qui
2549 1319 2972 1392 praedicantibus
3001 1327 3218 1399 aeternas
3256 1318 3383 1373 vitae
3415 1317 3558 1372 doc-

1960 1408 2166 1465 toribus
2195 1408 2564 1478 crediderunt,
2590 1425 2691 1479 pro
2721 1415 2944 1480 accepto
2989 1407 3156 1463 verbo
3187 1405 3313 1461 ﬁdei
3366 1404 3557 1476 magni

1960 1497 2160 1554 laboris
2188 1514 2355 1571 opera
2383 1497 2705 1570 expendisse
2736 1495 2993 1554 credendi
3023 1503 3166 1551 sunt.
3198 1495 3271 1551 Et
3300 1493 3427 1565 quia
3453 1495 3556 1549 Ju-

1956 1585 2142 1642 daicus
2168 1588 2401 1660 populus
2424 1588 2539 1658 jam
2567 1586 2753 1643 lumen
2803 1584 3001 1642 divina
3055 1582 3381 1659 cognitionis
3409 1582 3554 1638 ami-

256 1683 463 1739 Patrum
492 1690 734 1738 veterum
757 1682 1076 1739 auctoritate
1097 1682 1389 1739 roboravit.
1424 1683 1658 1739 Domino
1687 1682 1845 1756 quip-
1872 1693 1927 1754 Β
1958 1683 2123 1746 serat,
2156 1676 2400 1748 seqllitur
2431 1694 2442 1730 :

253 1787 315 1844 pe
341 1771 695 1828 ministrabat
714 1771 1186 1845 Samuel,quando
1207 1788 1381 1828 novus
1410 1772 1739 1844 prmdicator
1765 1787 1846 1828 as-

254 1862 479 1927 serebat,
514 1861 741 1917 dicens:
775 1863 909 1919 Dico
938 1863 1090 1917 enim
1113 1860 1400 1918 Christum
1429 1862 1846 1919 Jesumminis—

260 1954 398 2006 trum
415 1951 615 2022 fuisse
642 1950 1093 2007 circumcisionis
1139 1953 1371 2023 propter
1396 1951 1697 2007 veritatem
1727 1951 1844 2018 Dei,

256 2043 439 2111 gentes
472 2043 674 2095 autem
712 2055 883 2111 super
927 2039 1321 2097 misericordia
1368 2040 1644 2096 honorare
1671 2040 1849 2095 Deum

258 2129 419 2197 (Rom.
458 2144 564 2195 xv,
599 2130 675 2197 8).
707 2127 811 2197 Qui
836 2129 1082 2198 profecto
1103 2136 1161 2184 ut
1182 2128 1556 2194 ministerium,
1578 2127 1725 2200 quod
1744 2128 1849 2183 Do-

256 2216 389 2273 mino
417 2216 751 2285 exhibebat,
775 2231 961 2273 coram
989 2216 1107 2273 Heli
1130 2232 1346 2291 quoque
1378 2216 1737 2288 impenderet,
1757 2217 1850 2273 ad-

249 2306 415 2376 junxit
438 2306 642 2362 dicens
674 2325 686 2360 :
716 2306 864 2368 Sicut
894 2307 1155 2377 scriptum
1185 2314 1299 2361 est:
1336 2306 1611 2374 Laudate,
1656 2323 1850 2364 omnes

248 2400 449 2467 gentes,
490 2396 820 2462 Dominum,
850 2400 907 2451 et
923 2395 1248 2452 collaudato
1264 2411 1415 2464 eum,
1446 2411 1641 2451 omnes
1654 2395 1853 2468 populi

253 2486 417 2553 (Psal.
444 2500 608 2551 cxvr,
642 2489 712 2550 1).
742 2485 806 2539 Et
828 2491 885 2539 ut
912 2500 972 2540 se
1002 2484 1202 2540 arctius
1222 2500 1407 2541 coram
1429 2484 1549 2541 Heli
1580 2484 1636 2539 in
1666 2484 1851 2540 minis-

250 2573 372 2630 tario
402 2572 633 2629 Domini
651 2572 952 2639 cohiberet,
984 2572 1232 2643 adiunxit
1256 2591 1268 2627 :
1298 2572 1479 2630 Isaias
1498 2574 1652 2629 enim
1670 2573 1852 2630 dicit:

252 2661 358 2717 Erit
380 2662 558 2718 radiu
575 2663 747 2726 Iesse,
767 2662 865 2735 qui
885 2666 1154 2734 exsurget
1172 2677 1362 2731 regere
1387 2666 1605 2734 gentes,
1640 2663 1701 2717 in
1723 2678 1854 2718 eum

242 2755 424 2823 gentes
466 2751 785 2822 sperabunt
839 2750 1020 2821 (Rom.
1083 2766 1182 2814 xv,
1216 2754 1318 2814 t2;
1361 2767 1437 2807 ex
1490 2752 1597 2807 lsa.
1625 2767 1698 2819 ιι,
1738 2753 1847 2821 10).

244 2840 374 2895 Puer
406 2839 643 2895 Samuel
665 2839 899 2895 Domino
921 2838 1414 2908 ministrabat,cum
1438 2839 1727 2896 dominicae
1747 2841 1850 2894 Re-

247 2927 598 2985 surrectionis
621 2926 853 3001 gloriam
897 2932 934 2996 1
958 2933 990 2995 1
1009 2929 1055 2996 3
1090 2929 1280 2983 Petrus
1301 2937 1591 2993 assereret,
1624 2927 1812 2985 dicens
1838 2945 1851 2982 :

250 3018 425 3074 Iesum
452 3018 827 3075 Nazarenam
857 3017 1044 3073 virum
1075 3018 1453 3091 approbatum
1484 3034 1519 3073 a
1551 3019 1656 3074 Deo
1682 3018 1746 3072 in
1768 3033 1853 3074 vo-

251 3103 324 3158 bis
350 3103 539 3174 signis
566 3107 626 3158 et
649 3102 947 3174 prodigiis,
981 3102 1259 3160 traditum
1282 3118 1384 3176 per
1408 3118 1618 3158 manus
1644 3102 1853 3174 impio-

251 3208 370 3247 rum
398 3188 793 3247 interemistis
821 3209 844 3255 ;
888 3192 1041 3247 hunc
1096 3191 1242 3247 Deus
1300 3192 1606 3247 suscitavit
1637 3207 1672 3246 a
1699 3207 1856 3247 mor-

253 3280 357 3335 tuis
381 3280 681 3352 prie/inito
709 3280 952 3335 consilio
1000 3280 1172 3335 tertia
1195 3280 1303 3346 die,
1338 3280 1487 3336 sicut
1517 3279 1857 3351 impossibile

252 3374 367 3424 erat
399 3368 594 3426 teneri
625 3384 754 3424 eum
779 3368 1061 3424 doloribus
1085 3369 1307 3441 in/erni
1328 3369 1481 3438 (Act.
1518 3384 1579 3434 ιι,
1606 3372 1695 3436 22,
1716 3368 1855 3441 seq.)

316 3462 364 3513 2.
396 3457 509 3513 Sed
546 3458 650 3512 hoc
679 3456 1065 3525 ministerium,
1095 3456 1242 3528 quod
1296 3455 1533 3512 Domino
1591 3456 1856 3525 exhibuit,

251 3545 402 3600 etiam
433 3562 627 3603 coram
658 3546 781 3600 Heli
812 3544 1087 3614 exhibuit,
1120 3545 1242 3616 quia
1298 3543 1594 3614 subjunxit,
1622 3544 1808 3601 dicens
1838 3562 1850 3598 :

253 3635 414 3691 David
429 3635 596 3691 enim
610 3633 785 3690 dicit:
806 3633 1083 3701 Quoniam
1098 3649 1210 3690 non
1228 3632 1585 3705 derelinques
1601 3633 1856 3689 animam

253 3738 422 3780 meam
444 3726 513 3780 in
542 3723 799 3794 inferno,
818 3738 924 3779 nec
946 3722 1105 3779 dabis
1160 3726 1429 3779 sanctum
1469 3727 1636 3778 tuum
1667 3722 1858 3777 videre

258 3815 683 3885 corruptionem
740 3812 890 3878 (Act.
929 3828 986 3877 ιι,
1020 3813 1087 3867 27
1118 3828 1130 3874 ;
1164 3812 1314 3867 Psal.
1363 3827 1456 3879 xv,
1491 3813 1600 3879 10).
1660 3809 1855 3865 Coram

260 3900 369 3958 Heli
401 3902 597 3972 itaque
629 3899 850 3956 Samuel
880 3898 1195 3955 ministrare
1223 3898 1457 3955 Domino
1487 3906 1609 3970 apte
1637 3897 1855 3965 dicitur,

262 3992 380 4061 quia
406 3990 574 4047 electi
605 3996 811 4045 sancta:
842 3988 1104 4045 Ecclesia:
1138 3987 1550 4060 praedicatores,
1580 3987 1710 4043 dum
1740 3994 1858 4042 sta-

263 4086 364 4134 tum
394 4095 561 4135 nova:
581 4077 717 4133 ﬁdei
747 4076 1094 4149 prmdicando
1140 4076 1439 4150 erigerent,
1472 4074 1619 4148 quod
1651 4075 1861 4131 ratione

265 4181 505 4224 asserere
537 4166 719 4223 conati
758 4173 909 4233 sunt,
968 4167 1184 4221 Patrum
1240 4172 1480 4221 veterum
1540 4164 1860 4220 auctoritate

264 4253 634 4313 ﬁrmaverunt.

335 4350 390 4400 3.
421 4348 495 4402 Et
527 4354 658 4401 tunc
686 4345 911 4419 quidem
942 4359 1120 4400 sermo
1150 4342 1367 4399 Domini
1405 4344 1673 4415 pretiosus
1696 4341 1865 4398 fuisse

2029 1766 2074 1831 (Ι
2105 1766 2241 1838 Reg,
2273 1768 2325 1836 3,
2362 1765 2437 1837 1.)
2466 1765 2527 1821 In
2571 1763 2767 1822 diebus
2795 1765 2915 1821 illis
2959 1779 3075 1819 non
3101 1766 3225 1820 erat
3268 1762 3404 1818 visio
3436 1778 3556 1819 ma-

1955 1856 2193 1928 nifesta.

2029 1948 2080 2001 4.
2114 1945 2404 2002 Manifesta
2430 1959 2666 2014 namque
2699 1942 2837 1999 visio
2877 1941 2995 2012 ejus
3025 1954 3190 2009 esset,
3223 1940 3271 1996 si
3327 1939 3385 1995 in
3439 1939 3553 1996 Re-

1959 2035 2316 2106 demptorem,
2348 2049 2509 2103 quem
2539 2032 2608 2087 ad
2639 2031 3002 2088 visitationem
3034 2046 3189 2085 suam
3222 2029 3434 2085 venisse
3464 2043 3555 2085 au-

1959 2124 2155 2193 dierat,
2185 2121 2525 2178 credidisset.
2558 2121 2639 2177 De
2688 2135 2797 2193 qua
2850 2118 3109 2174 nimirum
3165 2118 3278 2188 ejus
3306 2115 3556 2174 caecitate

1958 2212 2309 2286 subjungitur
2340 2226 2353 2266 :

2028 2313 2209 2382 (Vers.
2243 2312 2322 2382 2.)
2352 2313 2587 2367 Factum
2616 2311 2700 2365 est
2732 2311 2947 2374 autem,
2979 2305 3111 2363 Heli
3122 2305 3349 2377 jacebat
3381 2305 3442 2361 in
3476 2304 3557 2362 lo-

1956 2417 2021 2459 co
2051 2418 2172 2467 suo,
2204 2417 2306 2458 nec
2334 2402 2562 2472 poterat
2586 2398 2770 2454 videre
2795 2397 3073 2453 lucernan
3090 2394 3216 2463 Dei,
3248 2398 3556 2467 antequam

1959 2491 2445 2562 exstingueretur.

2035 2579 2184 2635 Visio
2215 2594 2448 2649 namque
2478 2576 2597 2633 Heli
2618 2576 2910 2632 manifesta
2930 2589 3039 2630 non
3059 2580 3160 2641 est,
3193 2572 3319 2644 quia
3343 2571 3558 2628 Iudaeo—

1961 2684 2082 2724 rum
2112 2668 2480 2724 sacerdotium
2509 2666 2565 2720 in
2594 2664 2837 2737 perﬁdiae
2872 2680 2985 2720 suae
3013 2663 3255 2720 caecitate
3286 2659 3559 2733 sepultum

1962 2765 2064 2814 est.
2098 2756 2217 2811 Ileli
2247 2771 2378 2828 ergo
2403 2756 2557 2827 jacet
2584 2756 2641 2810 in
2669 2755 2789 2810 loco
2819 2769 2939 2816 suo.
2973 2752 3099 2823 quia
3127 2759 3180 2807 et
3206 2750 3442 2807 litteram
3474 2751 3559 2804 le—

1960 2846 2049 2918 gis
2078 2845 2264 2913 habet,
2296 2853 2349 2899 et
2377 2845 2435 2898 in
2466 2844 2591 2916 lege
2621 2847 2675 2899 et
2713 2842 2994 2913 prophetis
3024 2855 3130 2895 non
3160 2838 3323 2895 habet
3353 2845 3553 2893 statum

1961 2933 2201 3002 luminis,
2235 2933 2331 2988 sed
2362 2932 2579 3003 lapsum
2609 2930 2884 2987 caecitatis.
2936 2930 3110 2985 Locus
3141 2942 3383 2998 namque
3410 2924 3555 2992 Heli,

1885 3047 1936 3110 ο
1964 3023 2213 3080 videlicet
2252 3022 2461 3077 Judaici
2509 3018 2911 3091 praedicatoris,
2971 3033 3127 3074 sacra
3166 3017 3253 3072 lex
3285 3024 3385 3072 est.
3410 3012 3561 3110 .Quitt

1964 3128 2103 3185 ergo
2130 3110 2421 3167 Iudaicum
2448 3109 2810 3165 sacerdotium
2858 3108 3040 3163 adhuc
3067 3121 3275 3162 sacram
3306 3105 3566 3175 Scriptu-

1963 3218 2081 3257 ram
2110 3201 2295 3269 habet,
2328 3200 2385 3254 in
2415 3200 2534 3255 loco
2563 3213 2663 3254 suo
2694 3205 2795 3254 est.
2823 3197 2893 3251 Et
2926 3194 3053 3267 quia
3083 3195 3330 3250 virtutem
3361 3199 3564 3249 sanctas

1967 3290 2258 3362 Scriptura:
2289 3288 2539 3344 nesciens
2562 3286 2646 3358 :ad
2675 3289 2878 3343 statum
2908 3283 3031 3339 fidei
3062 3299 3171 3339 non
3200 3282 3441 3355 erigitur,
3471 3282 3562 3337 ni-

1966 3380 2162 3434 mirum
2192 3377 2248 3432 in
2276 3376 2399 3433 loco
2424 3392 2523 3432 suo
2553 3392 2661 3431 non
2702 3383 2868 3443 stare,
2900 3372 2996 3429 sed
3018 3373 3199 3442 jacere
3228 3370 3561 3443 perhibetur.

1968 3467 2109 3538 Quia
2135 3467 2266 3522 item
2294 3481 2466 3537 usque
2495 3466 2565 3521 ad
2594 3463 2778 3519 mundi
2836 3462 2997 3519 ﬁnem
3029 3462 3303 3532 proiectus
3333 3465 3440 3526 est,
3471 3457 3561 3512 lu-

1967 3572 2187 3613 cernam
2216 3555 2315 3612 Dei
2346 3554 2529 3612 videre
2559 3569 2667 3609 non
2694 3567 2856 3623 posse
2908 3556 3263 3606 memoratur.
3324 3545 3480 3605 Unde
3510 3553 3565 3603 et

1968 3661 2089 3702 cum
2121 3643 2362 3715 quotidie
2392 3650 2522 3698 tota
2542 3650 2698 3697 santa
2715 3640 2960 3696 Ecclesia
2986 3635 3398 3710 praedicationis
3429 3636 3564 3691 hor-

1970 3740 2206 3789 tamenta
2236 3731 2554 3802 suscipiant,
2585 3745 2708 3786 cum
2728 3736 2804 3785 tot
2824 3743 2993 3784 sacrae
3023 3725 3149 3781 ﬁdei
3171 3722 3567 3780 assertionibus

1967 3822 2141 3878 Judaei
2173 3821 2300 3877 victi
2331 3836 2438 3875 non
2468 3820 2713 3886 credant,
2747 3817 2877 3890 quid
2933 3815 3099 3884 aliud,
3150 3812 3259 3869 nisi
3287 3813 3389 3869 hoc
3420 3811 3568 3883 quod

1968 3911 2026 3967 in
2054 3918 2236 3966 sancta
2265 3908 2541 3980 Scriptura
2579 3910 2615 3975 1
2638 3909 2740 3975 14
2767 3905 2836 3961 de
2864 3905 2944 3961 eis
2997 3903 3247 3975 legimus,
3299 3909 3354 3957 et
3400 3901 3565 3955 etiam

1969 4014 2069 4070 per
2096 3997 2527 4068 experimentum
2571 4003 2834 4061 tenemus,
2890 3991 3011 4063 quia
3061 3989 3314 4048 videlicet
3341 3986 3569 4060 proiecti

1971 4095 2113 4154 sunt,
2142 4101 2251 4142 non
2282 4085 2457 4140 solum
2486 4092 2542 4139 ut
2571 4099 2680 4138 non
2709 4081 2948 4148 videant,
2981 4079 3077 4135 sed
3107 4078 3268 4133 etiam
3299 4084 3356 4132 ut
3386 4076 3570 4133 videre

1972 4191 2085 4232 non
2114 4172 2323 4247 possint
2350 4174 2378 4225 ‘l
2409 4170 2565 4229 Unde
2594 4179 2648 4226 et
2702 4168 2935 4240 apostoli
2962 4165 3291 4237 superﬂuum
3322 4163 3565 4219 laborem

1970 4272 2280 4337 reputantes
2309 4276 2494 4317 eorum
2525 4260 2614 4331 qui
2655 4258 2838 4314 videre
2893 4272 3003 4312 non
3029 4261 3295 4326 poterant,
3327 4252 3384 4307 in
3410 4251 3565 4308 Acti-

1972 4354 2076 4408 bus
2104 4353 2216 4408 suis
2244 4351 2428 4406 dicunt
2459 4367 2472 4403 :
2509 4349 2650 4417 Quia
2679 4347 2942 4418 indignos
2968 4361 3058 4401 vos
3087 4343 3307 4415 fecistis
3336 4343 3567 4397 aeterna:

268 4436 598 4505 perhibetur.
632 4413 872 4491 Pretiosa
912 4434 1111 4506 quippe
1164 4449 1254 4490 res
1306 4413 1472 4505 parvo
1526 4432 1701 4503 pretio
1758 4430 1866 4488 emi

1974 4445 2124 4509 vita,
2155 4456 2279 4498 ecce
2298 4413 2683 4498 convertimur
2704 4435 2781 4491 ad
2804 4413 3000 4506 gentes
3025 4413 3306 4504 (Ariona,
3329 4430 3439 4501 46).
3459 4428 3570 4485 Sed

270 4540 373 4580 non
405 4532 610 4596 potest.
648 4523 881 4580 Pretium
913 4531 1115 4590 autem,
1148 4537 1255 4595 quo
1284 4536 1463 4577 sermo
1494 4520 1591 4575 Dei
1647 4520 1864 4588 emitur,

1976 4531 2068 4602 qui
2097 4529 2281 4586 videre
2304 4543 2415 4584 non
2442 4542 2601 4598 posse
2619 4525 2817 4582 relatus
2836 4532 2933 4590 est,
2956 4522 3056 4578 Dei
3077 4522 3299 4577 lucerna
3328 4526 3567 4587 vocatur.

271 4612 423 4669 labor
450 4622 532 4669 est
564 4621 770 4669 sancta:
798 4612 1151 4683 operationis.
1202 4610 1355 4666 Velut
1386 4608 1530 4665 enim
1560 4625 1676 4665 rem
1707 4624 1869 4679 quam
1977 4621 2283 4691 synagoga,
2312 4631 2546 4686 namque
2603 4611 2960 4668 ministerium
3014 4610 3113 4666 Dei
3171 4609 3393 4665 lucerna
3450 4606 3569 4674 fuit,

273 4701 477 4759 habere
515 4703 762 4759 νοιυωυε
790 4700 966 4772 Pl"!lio
994 4700 1241 4767 emimus:
1285 4714 1407 4754 cum
1434 4714 1535 4770 Per
1564 4712 1871 4753 sermonem
1978 4706 2195 4780 quando
2224 4706 2279 4760 in
2309 4702 2498 4761 electis
2528 4702 2774 4757 Patribus
2803 4709 2857 4756 et
2883 4716 2986 4771 per
3013 4715 3156 4755 verte
3173 4694 3575 4770 praedicationis

274 4790 676 4863 praedicationis
706 4805 868 4861 quem
899 4788 1198 4859 δεοίρίπλυδ
1229 4786 1468 4843 laborem
1499 4786 1684 4859 ορεΐίε
1713 4783 1872 4841 ubi“
1980 4798 2181 4863 lumen,
2214 4802 2267 4850 et
2301 4810 2404 4865 per
2460 4791 2672 4850 venturi
2724 4786 3101 4858 Redemptoris
3156 4783 3573 4858 promissionem

274 4879 488 4937 bemus.
519 4881 668 4936 Tunc
697 4887 876 4934 autem
908 4886 1023 4933 erat
1072 4892 1253 4932 sermo
1304 4875 1588 4947 pretiosus,
1621 4890 1741 4931 cum
1773 4887 1873 4946 pro

1981 4886 2134 4942 luxit.
2168 4883 2302 4954 Quae
2329 4882 2579 4954 profecto
2610 4881 2853 4946 lucerna,
2911 4876 3250 4932 ministrante
3299 4868 3572 4938 Samuele,

279 4969 639 5041 qualicunque
669 4968 855 5023 labore
886 4965 1069 5038 operis
1101 4982 1208 5021 non
1265 4964 1514 5033 dabatur,
1548 4979 1668 5019 cum
1698 4962 1873 5018 omnis

1984 4973 2158 5030 videri
2204 4988 2309 5030 non
2326 4972 2518 5045 potuit,
2552 4969 2676 5041 quia
2699 4978 2939 5038 tempore
2964 4982 3120 5021 novas
3151 4958 3572 5035 praedicationis,

281 5058 365 5130 qui
404 5066 711 5129 emptorem
742 5054 1015 5112 sermonis
1035 5053 1389 5110 interﬁciebat
1408 5053 1731 5124 obsequium
1763 5052 1877 5107 Deo
1984 5064 2294 5136 synagoga;
2324 5058 2691 5134 magisterium
2711 5071 2931 5129 poenam
2954 5059 3228 5126 perpetuae
3250 5045 3576 5119 repulsionis

283 5162 341 5201 se
367 5154 632 5218 praestare
661 5145 967 5218 cogitabat.
1008 5144 1083 5199 Eo
1124 5142 1289 5215 igitur
1344 5151 1585 5213 tempore
1615 5139 1881 5196 sermonis
1983 5152 2226 5209 incuri-ii,

283 5244 495 5307 emptor
527 5233 692 5291 multo
724 5232 903 5305 pretio
932 5231 1099 5306 eguit,
1128 5231 1253 5304 quia
1290 5230 1409 5286 sine
1440 5245 1645 5303 magno
1695 5228 1879 5284 labore

286 5335 514 5393 verbum
547 5332 668 5391 ﬁdei
697 5346 919 5390 servare
949 5346 1057 5389 non
1085 5329 1279 5404 potuit,
1313 5328 1403 5402 qui
1460 5343 1559 5401 pro
1615 5342 1681 5384 eo
1734 5326 1880 5398 quod

2057 5245 2111 5297 5.
2146 5241 2211 5297 Et
2240 5241 2537 5297 notandum
2566 5236 2693 5309 quia
2721 5250 2828 5291 non
2887 5230 3102 5295 dicitur,
3135 5225 3314 5282 lucere
3346 5240 3453 5281 non
3484 5242 3581 5297 po-

1990 5334 2145 5397 terat,
2176 5325 2303 5399 quia
2330 5323 2577 5397 profecto
2605 5320 2781 5375 adhuc
2826 5315 3009 5371 lumen
3035 5317 3235 5368 sanctis
3294 5309 3583 5384 Scriptura:

360 5536 439 5605 (τι)
470 5534 672 5594 Vitiosa
701 5536 758 5592 in
787 5533 955 5594 Gilot.
989 5541 1044 5593 et
1073 5532 1248 5592 Vatic.
1285 5534 1411 5606 typo
1439 5531 1703 5604 ﬁgurata
1731 5529 2130 5590 mortalitatis.
