4062 6182
520 270 559 334 ii
571 275 637 335 47

1731 267 1982 330 SANCTI
2012 264 2357 328 GREGORII
2385 266 2611 333 MAGNI

3712 275 3804 332 148

516 414 635 475 pro
664 397 821 459 nobis
848 403 1044 474 portat,
1075 397 1174 458 sed
1228 397 1376 472 quod
1417 403 1595 472 portat
1624 395 1857 472 ignorat.
1890 395 2048 455 Unde
2076 403 2131 454 et
2157 395 2215 459 A
2243 394 2518 455 delictum
2539 397 2700 456 estin
2722 397 2868 456 vobis
2883 398 3027 472 quod
3037 398 3259 471 judicia
3294 396 3505 457 habetis
3530 399 3679 457 inter
3703 416 3803 459 vos.

536 496 826 562 antequam
855 489 1313 563 exstingueretur,
1347 488 1532 544 videre
1560 503 1672 543 non
1700 502 1868 558 posse
1924 486 2136 541 dicitur.

534 577 790 635 Nondum
822 580 967 636 enim
1023 579 1397 651 exstinguitur,
1458 584 1512 633 et
1552 576 1744 633 videre
1795 590 1906 630 non
1941 577 2137 645 potest,

540 669 669 740 quia
698 676 862 737 certe,
893 675 950 723 ut
972 668 1087 739 jam
1111 668 1245 735 dixi,
1272 668 1451 723 lumen
1475 665 1637 738 gerit,
1662 665 1807 735 quod
1835 679 1943 718 non
1971 671 2141 717 atten-

519 757 641 826 dit,
671 765 793 813 ante
822 756 968 814 enim
998 771 1161 828 quam
1203 756 1602 828 exstinguatur,
1634 761 1736 820 est,
1768 753 1941 808 donec
1966 751 2136 809 lucet.

541 845 614 900 Et
643 847 766 916 quia
795 847 864 901 ab
885 860 952 902 eo
975 862 1150 916 usque
1171 847 1242 902 ad
1263 845 1451 900 mundi
1492 842 1654 897 tinem
1678 857 1837 898 sacra
1867 841 2145 911 Scriptura

544 949 656 990 non
686 935 912 1005 tollitur,
946 935 991 990 si
1038 942 1331 1005 antequam
1384 932 1779 1004 exstinguatur,
1835 945 1943 986 non
1971 929 2139 997 videt,

545 1039 669 1079 cum
708 1024 898 1078 mundi
926 1023 1034 1080 ﬁne
1063 1022 1375 1079 extenditur
1404 1021 1459 1075 in
1487 1020 1747 1077 caecitate.
1782 1018 1942 1088 Quod
1970 1018 2013 1072 si
2046 1033 2142 1072 ac-

546 1112 731 1169 censio
760 1115 884 1184 ejus
913 1111 1143 1168 refertur
1169 1112 1240 1167 ad
1269 1110 1440 1166 zelum
1489 1108 1752 1181 perﬁdiae,
1811 1107 2012 1163 idcirco
2035 1120 2144 1161 non

544 1209 725 1272 potest
749 1202 951 1270 videre,
984 1202 1110 1272 quia
1156 1216 1266 1255 non
1301 1199 1680 1271 exstinguitur.
1713 1199 1851 1253 Nam
1881 1196 1927 1251 si
1956 1198 2141 1269 ignem

546 1290 790 1360 perﬁdiae
820 1292 888 1346 de
935 1298 1116 1346 mente
1170 1287 1557 1361 exstingueret,
1616 1287 1800 1342 ablato
1856 1285 2147 1357 impietatis

546 1377 682 1445 zelo,
714 1379 786 1434 ad
816 1378 1074 1452 placitum
1130 1393 1275 1435 verae
1332 1376 1459 1432 ﬁdei
1515 1376 1698 1431 lumen
1729 1374 1926 1431 mentis
1956 1373 2144 1429 oculos

547 1468 797 1541 aperiret.
832 1468 941 1525 Sed
970 1469 1098 1523 dum
1130 1466 1317 1524 videre
1344 1481 1453 1521 non
1482 1480 1647 1536 posse
1674 1463 1888 1532 dicitur,
1921 1462 2147 1534 indigna

543 1556 762 1614 lucerna
792 1557 1127 1629 perhibetur,
1159 1564 1212 1611 et
1241 1555 1311 1611 ad
1351 1554 1644 1612 videndum
1674 1569 1741 1609 ea
1797 1568 1918 1624 quae
1975 1551 2144 1624 digna

544 1655 629 1704 est
657 1648 936 1718 quaeritur.
968 1646 1106 1701 Nam
1139 1643 1324 1700 subdit
1355 1643 1542 1700 dicens
1574 1659 1586 1696 :

2255 487 2436 555 Quare
2464 503 2581 543 non
2612 490 2791 558 magis
2819 488 3081 559 fraudem
3111 488 3387 561 patimini
3414 487 3460 559 (Ι
3483 489 3601 545 Cor.
3630 504 3702 555 γι,
3723 491 3809 561 7)?

2248 577 2497 632 Dormire
2526 577 2727 647 quippe
2756 578 2809 631 in
2841 578 3041 647 templo
3080 578 3180 633 Dei
3212 593 3317 632 non
3340 593 3502 648 posse
3528 592 3811 649 conspexe-

2249 673 2354 729 rat,
2388 681 2523 735 quos
2546 666 2871 734 judiciorum
2901 668 3191 737 occupatio
3228 682 3262 721 a
3286 667 3511 737 spiritali
3540 668 3816 723 meditatio-

2249 769 2318 808 ne
2349 754 2669 809 retrahebat.
2701 754 2988 810 Dormiens
3018 771 3151 827 ergo
3190 756 3244 809 in
3300 754 3502 825 templo
3556 764 3762 811 vocatus
3786 770 3816 811 a

2248 843 2483 899 Domino
2512 843 2727 912 dicitur,
2755 845 2877 915 quia
2894 845 2986 899 ille
3007 852 3131 899 tunc
3150 845 3338 901 doctor
3365 845 3435 899 ad
3464 845 3820 915 cognoscenda

2251 932 2434 988 divina
2478 941 2687 989 secreta
2728 941 3037 1003 assumptus
3067 940 3166 1000 est,
3194 934 3287 1003 qui
3313 948 3416 1003 per
3453 932 3628 987 cordis
3654 931 3821 986 inten-

2251 1021 2449 1077 tionem
2481 1038 2589 1077 non
2619 1022 2672 1076 in
2700 1022 3077 1091 exterioribus,
3092 1022 3190 1078 sed
3211 1022 3265 1076 in
3294 1021 3633 1077 interioribus
3659 1034 3821 1075 mora-

2248 1109 2427 1166 batur.
2468 1110 2719 1182 Sequitur
2746 1130 2759 1168 :

2323 1218 2494 1284 (Vers.
2544 1219 2596 1287 4,
2629 1219 2719 1289 5.)
2761 1217 2871 1284 Qui
2926 1218 3292 1291 respondens,
3342 1216 3430 1274 ait
3464 1236 3482 1270 :
3528 1219 3661 1273 Ecce
3706 1231 3817 1288 ego.

2250 1308 2320 1362 Et
2367 1307 2626 1362 cucurrit
2679 1307 2751 1363 ad
2808 1307 2941 1363 Heli
2969 1311 3027 1364 et
3055 1307 3209 1363 dixit
3240 1326 3259 1363 :
3292 1308 3508 1362 Vocasti
3538 1306 3686 1361 enim
3713 1320 3818 1359 me.

2254 1391 2365 1457 Qui
2419 1394 2569 1450 dixit
2604 1412 2623 1447 .·
2680 1395 2802 1451 Νοη
2849 1395 3039 1453 vocavi
3095 1400 3169 1464 te,
3224 1396 3313 1466 ﬁli
3345 1397 3447 1464 mi,
3476 1397 3746 1450 revertere
3774 1397 3825 1449 et

2250 1481 2448 1539 dormi.

2321 1575 2372 1625 8.
2408 1572 2514 1627 Cur
2540 1571 2587 1626 is
2617 1571 2706 1643 qui
2752 1580 3034 1631 vocantem
3087 1590 3144 1630 se
3200 1573 3493 1630 Dominum
3523 1570 3739 1639 audivit,
3769 1570 3833 1625 ad

2247 1659 2369 1715 Heli
2398 1661 2647 1731 cucurrit,
2681 1661 2785 1716 nisi
2815 1662 2940 1734 quia
2959 1680 3016 1718 se
3059 1663 3128 1719 ab
3166 1664 3285 1718 Heli
3308 1670 3562 1719 vocatum
3592 1660 3834 1731 putavit?

618 1755 794 1823 (Vers.
820 1754 895 1824 3.)
923 1753 1153 1810 Samuel
1208 1754 1404 1808 autem
1456 1749 1771 1807 dormiebat
1817 1749 1881 1804 in
1930 1747 2135 1820 templo
2163 1758 2219 1820 Β
2250 1748 2318 1804 Et
2347 1749 2472 1819 quia
2503 1750 2898 1821 explanationis
2931 1752 3124 1822 typicaa
3154 1752 3400 1808 ordinem
3424 1760 3684 1817 tenemus,
3715 1763 3835 1820 quo-

545 1843 795 1911 Domini,
833 1843 929 1900 ubi
958 1844 1082 1900 erat
1111 1857 1247 1898 arca
1278 1840 1525 1907 Domini,
1545 1842 1604 1897 et
1630 1839 1849 1896 vocavit
1870 1838 2140 1894 Dominus

544 1932 885 1989 Samuelcm.

620 2026 672 2077 6.
706 2020 1035 2077 Continuata
1090 2022 1330 2075 eiecitate
1367 2017 1509 2085 Heli,
1542 2016 1850 2071 Samuelem
1878 2013 2142 2071 Dominus

546 2112 779 2177 vocavit,
821 2110 967 2182 quia,
1028 2110 1281 2164 damnato
1336 2107 1650 2162 Iudaeorum
1706 2104 2038 2171 sacerdotio,
2069 2105 2138 2158 ad

544 2201 807 2269 majorem
837 2198 1067 2271 gratiam
1093 2212 1294 2253 novum
1340 2194 1752 2268 praadicatorum
1784 2194 2033 2250 ordinem
2063 2209 2142 2248 as-

543 2288 794 2360 sumpsit.
828 2288 937 2343 Sed
968 2286 1057 2358 qui
1090 2285 1341 2358 exposuit
1362 2300 1523 2356 quem
1554 2283 1784 2351 vocavit,
1808 2281 1949 2336 unde
1978 2281 2140 2337 etiam

544 2385 767 2435 vocaret
805 2376 1057 2444 ostendit,
1105 2374 1231 2446 quia
1260 2373 1313 2427 in
1371 2371 1579 2442 templo
1629 2370 1845 2427 Domini
1884 2370 1999 2425 ubit
2027 2378 2141 2425 erat

541 2482 697 2535 area,
730 2464 1039 2521 Samuelem
1072 2462 1312 2518 dormire
1352 2459 1644 2533 perhibuit.
1683 2458 1965 2529 Templum
1997 2459 2138 2513 enim

537 2554 640 2610 Dei
669 2563 745 2608 est
775 2553 927 2608 locus
954 2552 1048 2607 ubi
1077 2551 1290 2605 habitat
1316 2551 1482 2605 Deus.
1514 2549 1671 2605 Unde
1701 2556 1754 2603 et
1780 2562 1879 2618 per
1908 2548 2139 2602 Psalmi-

540 2650 679 2699 stam
708 2641 938 2696 dicitur:
975 2641 1245 2697 Dominus
1272 2639 1335 2694 in
1369 2638 1575 2711 templo
1605 2641 1805 2694 sancto
1832 2653 1929 2693 suo
1946 2638 2137 2693 Domi-

537 2748 649 2789 nus
667 2732 729 2787 in
752 2732 886 2787 caelo
916 2730 1073 2787 sedes
1101 2731 1225 2801 ejus
1257 2729 1431 2799 (Psal.
1463 2744 1519 2795 ι,
1553 2728 1628 2797 5).
1661 2725 1834 2795 Quem
1889 2727 2137 2797 profecto

535 2821 718 2876 locum
749 2819 944 2875 Paulus
973 2818 1231 2885 insinuat,
1264 2817 1487 2872 dicens:
1529 2817 1817 2888 Templum
1845 2816 1946 2871 Dei
1973 2831 2138 2871 sane-

539 2914 666 2966 tum
698 2913 801 2977 est,
834 2907 976 2981 quod
1004 2909 1141 2964 estis
1168 2921 1260 2963 vos
1279 2905 1331 2978 (I
1348 2906 1470 2963 Cor.
1493 2921 1570 2974 tu,
1604 2905 2007 2976 17).Templum
2037 2904 2137 2959 ita-

537 3014 641 3071 que
669 2999 770 3053 Dei
800 2996 1222 3067 uniuscujusque
1251 3003 1332 3049 est
1371 2995 1558 3050 anima
1613 2994 1792 3049 electi.
1852 2994 2136 3065 Templum

535 3087 627 3142 ubi
659 3102 689 3141 a
720 3102 784 3142 ea
820 3087 918 3142 Dei
950 3086 1259 3141 reconditur
1295 3099 1450 3139 mens
1480 3091 1578 3151 est,
1611 3083 1666 3137 in
1695 3098 1797 3154 qua
1830 3082 1993 3138 divini
2025 3080 2133 3136 elo-
2165 3114 2215 3179 Ο

538 3175 647 3247 quii
676 3182 1016 3230 sacramenta
1045 3189 1148 3244 per
1165 3172 1578 3244 intelligentiam
1602 3178 1965 3226 reservantur.
1991 3170 2133 3239 Quid

539 3279 671 3337 ergo
700 3264 751 3319 ei
780 3263 930 3318 aliud
962 3261 1197 3318 dormire
1225 3260 1280 3315 in
1318 3265 1539 3332 templo,
1571 3259 1673 3314 nisi
1701 3276 1799 3330 per
1822 3260 2136 3314 intentionis

543 3352 844 3409 custodiam
874 3352 927 3406 in
982 3349 1203 3422 propria
1230 3349 1431 3405 circum
1486 3348 1738 3418 pectione
1783 3348 2079 3419 persistere
2107 3350 2136 3401 ‘l

515 3450 521 3460 ‘
546 3441 768 3498 Samuel
795 3439 977 3510 itaque
1006 3438 1310 3495 dormiebat
1339 3437 1394 3492 in
1426 3438 1627 3509 templo
1654 3436 1774 3505 Dei,
1808 3437 1934 3507 quia
1980 3453 2137 3493 novae

545 3530 735 3603 gratiae
776 3527 1142 3600 unusquisque
1198 3526 1545 3598 praedicator,
1607 3526 1736 3580 dum
1793 3534 1987 3581 cuncta
2016 3541 2137 3596 quae

545 3618 732 3673 mundi
762 3625 882 3672 sunt
911 3615 1148 3687 perfecte
1177 3615 1524 3685 contempsit,
1556 3614 1611 3669 in
1634 3613 1820 3669 electae
1849 3630 1961 3669 suae
1991 3629 2139 3669 men-

544 3707 612 3763 tis
642 3707 833 3762 intima
864 3706 1350 3775 circumspectione
1388 3702 1674 3773 requievit.
1705 3702 1775 3757 Et
1806 3704 1931 3773 quia
1958 3702 2012 3758 in
2043 3719 2138 3758 sa-

546 3795 831 3853 cramentis
860 3794 1059 3851 divinae
1091 3794 1384 3864 Scriptura:
1432 3790 1668 3847 eruditus
1698 3791 1818 3861 fuit,
1851 3792 1905 3846 in
1937 3791 2140 3863 templo

546 3885 868 3955 dormiebat,
899 3883 994 3940 ubi
1023 3890 1139 3939 erat
1166 3898 1308 3939 arca.

615 3977 671 4030 7.
702 3975 771 4029 Et
800 3974 1095 4030 notandum
1155 3971 1278 4043 quia
1327 3985 1436 4028 non
1493 3970 1688 4026 dicitur
1743 3968 2017 4038 dormivit,
2043 3970 2138 4026 sed

546 4063 871 4132 dormiebat,
905 4062 1035 4137 quia
1065 4060 1321 4116 nimirum
1379 4061 1627 4116 eamdem
1656 4060 1853 4115 mentis
1885 4075 1999 4114 suae
2030 4059 2138 4115 cir-

545 4151 1006 4225 cumspectionem
1037 4166 1147 4207 non
1183 4150 1240 4205 in
1298 4149 1520 4205 transitu
1550 4164 1765 4205 servare
1794 4149 2016 4217 studuit,
2044 4148 2138 4203 sed

544 4243 603 4299 in
651 4241 994 4298 diuturnitate
1048 4239 1486 4311 perseverantiae.
1548 4238 1783 4294 Somnus
1811 4238 1991 4308 itaque
2045 4238 2140 4292 Sa-

540 4331 739 4388 muelis
803 4331 1106 4401 perfectum
1162 4328 1353 4382 mundi
1408 4334 1781 4396 contemptum
1812 4326 2060 4397 designat
2086 4326 2141 4380 in

541 4428 723 4475 mente
751 4417 1003 4473 doctoris.
1035 4416 1247 4471 Dormit
1302 4430 1434 4485 ergo
1472 4414 1799 4483 praedicator
1825 4414 1880 4468 in
1910 4414 2133 4484 templo,

2247 1838 2411 1894 modo
2432 1838 2552 1894 Heli
2572 1847 2807 1910 putatur,
2833 1856 2957 1896 cum
2980 1850 3173 1897 vocato
3195 1857 3362 1912 puero
3391 1842 3544 1896 Deus
3565 1837 3836 1910 loquitur?

2245 1928 2354 1983 Sed
2385 1944 2723 1999 quaecunque
2777 1929 2830 1984 in
2889 1930 3180 2001 Scripturis
3226 1932 3431 1985 sanctis
3460 1931 3647 1985 Patres
3675 1926 3835 1982 nostri

2244 2026 2453 2072 veteres
2478 2017 2638 2073 locuti
2659 2027 2800 2086 sunt,
2854 2021 2924 2075 ad
2972 2020 3089 2075 Heli
3136 2020 3445 2075 referuntur
3495 2017 3836 2074 locutionem.

2245 2103 2349 2174 Qui
2380 2105 2651 2177 nimirum,
2677 2107 2803 2178 quia
2833 2123 2865 2162 a
2892 2108 3197 2178 semetipsis
3222 2124 3333 2164 non
3354 2114 3481 2162 sunt
3502 2106 3686 2175 locuti,
3711 2106 3831 2160 dum

2244 2193 2388 2250 Deus
2417 2212 2517 2266 per
2547 2212 2640 2251 eos
2669 2213 2790 2267 quas
2822 2197 2992 2253 voluit
3013 2197 3226 2254 locutus
3248 2207 3347 2266 est,
3380 2214 3447 2252 ea
3478 2212 3600 2268 qua:
3630 2196 3685 2249 in
3704 2192 3843 2249 Scri-

2242 2285 2415 2354 pturis
2443 2286 2646 2340 sanctis
2677 2286 2890 2341 auditur
2920 2301 3022 2342 vox
3052 2287 3152 2343 Dei
3183 2303 3298 2343 esse
3329 2284 3706 2359 cognoscitur,
3731 2298 3844 2354 quae

2243 2388 2342 2443 per
2370 2374 2487 2428 Heli
2516 2373 2808 2443 profertur.
2842 2376 2981 2430 Puer
3008 2384 3208 2445 autem,
3242 2376 3393 2447 quia,
3441 2376 3697 2445 loquente
3716 2372 3846 2440 Deo,

2245 2462 2314 2516 ad
2341 2462 2461 2516 Heli
2494 2463 2745 2532 cucurrit,
2779 2479 2967 2520 vocem
2994 2465 3237 2536 profecto
3287 2466 3437 2520 Deus
3468 2463 3591 2519 Heli
3622 2461 3850 2516 similem

2242 2551 2482 2621 protulit.
2517 2550 2658 2619 Quid
2689 2568 2820 2624 ergo
2852 2561 2933 2609 est
2991 2555 3135 2624 quod
3191 2553 3397 2609 divinae
3429 2550 3721 2609 locutionis
3750 2565 3850 2605 vox

2244 2638 2312 2692 ab
2343 2639 2460 2695 Heli
2493 2656 2628 2695 voce
2657 2656 2766 2695 non
2797 2640 2994 2710 diﬂ‘ert,
3026 2642 3132 2696 nisi
3162 2642 3288 2713 quia
3317 2650 3370 2697 et
3403 2658 3510 2713 per
3539 2642 3728 2696 Patres
3759 2653 3851 2693 ve-

2246 2735 2381 2783 teres
2413 2728 2529 2798 ipse
2587 2728 2912 2785 locutionem
2968 2731 3239 2801 profert?
3294 2733 3421 2785 Vox
3469 2743 3709 2799 namque
3739 2724 3851 2782 Heli

2243 2815 2347 2871 Dei
2378 2832 2498 2871 esse
2529 2820 3173 2890 cognoscitur,'quoniam
3204 2819 3357 2876 electi
3381 2820 3577 2874 Patres
3599 2815 3857 2889 quidquid

2243 2920 2342 2975 per
2368 2921 2522 2960 sacra
2560 2907 2777 2977 eloquia
2807 2908 3116 2980 loquuntur,
3149 2924 3259 2964 non
3306 2925 3337 2964 a
3398 2907 3730 2978 semetipsis,
3761 2903 3852 2960 sed

2243 3008 2274 3047 a
2305 2993 2534 3049 Domino
2561 3003 2913 3065 acceperunt.
2946 2998 3101 3052 Unde
3122 3005 3175 3051 et
3204 2997 3259 3051 in
3286 2996 3589 3067 prophetis
3616 3011 3718 3067 per
3746 3008 3856 3048 om-

2242 3097 2366 3136 nem
2416 3082 2527 3138 fere
2584 3083 2908 3140 locutionem
2956 3085 3257 3156 repetitur:
3309 3087 3440 3142 Haec
3486 3086 3634 3141 dicit
3675 3084 3857 3140 Domi-

2242 3186 2372 3239 nus,
2404 3179 2460 3227 ut
2484 3187 2548 3226 ea
2579 3188 2698 3243 quae
2755 3174 3035 3244 prophetae
3082 3174 3302 3229 oraculo
3333 3191 3447 3230 vox
3478 3182 3707 3231 resonat
3733 3190 3857 3229 sen-

2245 3259 2438 3314 tiamus
2467 3276 2574 3315 non
2602 3277 2718 3316 esse
2746 3261 3013 3333 loquentis
3058 3263 3312 3333 hominis,
3345 3266 3452 3320 sed
3482 3262 3860 3337 praecipientis

2243 3348 2363 3403 Dei.

2317 3440 2367 3491 9.
2403 3437 2701 3509 Aliquando
2726 3447 2903 3496 autem
2933 3457 3029 3511 per
3059 3441 3391 3512 Scripturam
3414 3442 3667 3515 loquitur
3693 3445 3859 3509 Deus,

2245 3525 2536 3597 aliquando
2564 3543 2663 3597 per
2692 3530 2958 3584 occultam
2999 3531 3435 3602 inspirationem.
3503 3532 3867 3589 Revelatione

2247 3619 2446 3679 autem,
2480 3611 2691 3667 occulta
2719 3613 2955 3685 loquitur
2981 3631 3103 3671 cum
3135 3617 3320 3673 electas
3348 3619 3529 3673 menti
3551 3635 3657 3690 per
3686 3616 3865 3688 Spiri-

2251 3707 2362 3754 tum
2409 3709 2501 3755 aut
2547 3702 2778 3774 agenda,
2828 3712 2934 3773 _aut
2955 3704 3199 3759 docenda
3227 3705 3576 3776 panduntur.
3643 3705 3865 3762 Samuel

2249 3788 2450 3859 itaque,
2483 3804 2606 3846 cum
2637 3799 2920 3847 vocantem
2948 3808 3006 3848 se
3035 3793 3336 3850 Dominum
3368 3796 3613 3867 audivit,
3648 3797 3718 3851 ad
3748 3794 3869 3851 Heli

2247 3879 2501 3947 cucurrit,
2561 3878 2687 3950 quia
2742 3881 2940 3937 electus
3007 3884 3141 3938 ordo
3170 3884 3612 3953 praedicatorum
3664 3891 3865 3940 sanctae

2248 3966 2504 4023 Ecclesiae
2535 3968 2639 4025 hoc
2668 3969 2834 4041 quod,
2866 3969 2986 4026 Deo
3013 3973 3284 4028 revelaute
3311 3983 3690 4047 cognoverat,
3711 3973 3873 4046 quale

2248 4065 2391 4111 esset
2420 4055 2473 4111 in
2504 4073 2657 4113 sacro
2686 4058 2900 4129 eloquio
2955 4060 3318 4132 perquirebat.
3380 4064 3610 4136 Regula
3662 4064 3870 4135 quippe

2248 4153 2409 4199 recta:
2432 4145 2803 4218 intelligentiae
2824 4147 2878 4202 in
2901 4148 3194 4221 Scripturae
3215 4167 3382 4207 sacrm
3405 4152 3580 4208 libris
3603 4169 3877 4224 expressa

2248 4241 2346 4301 est,
2380 4233 2504 4303 quia
2533 4234 2712 4291 divina
2743 4235 2971 4292 consilia
3009 4237 3083 4293 ibi
3133 4255 3235 4309 per
3287 4241 3653 4298 venerabiles
3683 4244 3876 4297 Patres

2248 4330 2463 4378 nostros
2493 4326 2743 4394 exposita
2772 4334 2912 4395 sunt,
2945 4328 3032 4397 qui
3065 4328 3321 4398 Spiritum
3349 4345 3627 4387 sanctum
3662 4331 3876 4387 habue-

2248 4420 2389 4466 runt.
2426 4413 2657 4467 Vocatus
2686 4429 2817 4485 ergo
2839 4418 2914 4485 (a)
2940 4424 3045 4470 tam
3068 4418 3267 4488 sapius
3287 4433 3318 4472 a
3338 4419 3598 4476 Domino
3623 4419 3875 4486 Samuel,

544 4506 693 4575 dum,
724 4504 947 4576 repulsa
975 4519 1006 4559 a
1035 4519 1094 4558 se
1148 4503 1366 4572 penitus
1420 4501 1699 4556 mundana
1751 4501 2131 4572 sollicitudine,
2165 4475 2217 4535 Ῑ)
2247 4500 2317 4553 ad
2348 4499 2465 4555 Heli
2495 4475 2777 4572 cucurrit:
2797 4475 2919 4573 quia
2950 4506 3084 4561 ordo
3134 4475 3574 4577 praedicatorum
3607 4475 3670 4564 in
3725 4475 3882 4566 omni

541 4610 663 4651 sese
690 4610 788 4665 per
814 4592 1301 4649 considerationem
1331 4604 1517 4646 rerum
1548 4590 1904 4662 spiritualium
1934 4607 2133 4647 recon-

543 4683 622 4738 dit
649 4683 705 4737 in
733 4689 929 4737 mente.
962 4681 1130 4750 Hujus
1158 4695 1394 4751 namque
1424 4679 1598 4735 somni
1656 4679 1887 4750 quietem
1948 4682 2134 4737 Petrus

542 4770 799 4844 elegerat,
832 4784 954 4824 cum
983 4769 1197 4825 dicebat
1229 4786 1240 4821 :
1288 4769 1405 4826 Non
1442 4772 1528 4825 est
1558 4769 1768 4824 bonum
1815 4770 2136 4842 relinquere

546 4861 589 4930 1
608 4862 645 4928 1
660 4861 707 4929 5
742 4857 970 4915 verbum
991 4858 1111 4927 Dei,
1126 4861 1181 4913 et
1204 4857 1538 4913 ministrare
1558 4859 1770 4914 mensis
1790 4858 1934 4928 (Act.
1958 4874 2032 4924 vt,
2056 4860 2131 4932 2).

538 4949 675 5004 Hinc
700 4948 849 5003 Jetro
877 4946 1168 5001 Madianita
1224 4946 1442 5017 Moysen
1490 4955 1781 5019 cognatum
1813 4964 1967 5001 suum
1991 4947 2133 5016 juste

536 5037 739 5112 arguit,
762 5036 945 5092 dicens
961 5054 972 5091 :
997 5036 1122 5093 Stul
1128 5040 1181 5091 to
1207 5036 1391 5092 labore
1407 5037 1756 5093 consumeris
1770 5040 1831 5091 tu
1842 5055 1861 5101 ;
1883 5036 1978 5093 sed
1998 5038 2133 5093 audi

535 5129 700 5185 verba
714 5142 861 5193 mea,
880 5131 937 5182 et
959 5125 1069 5182 erit
1090 5124 1363 5181 Dominus
1384 5128 1590 5181 tecum.
1615 5126 1746 5181 Esto
1770 5129 1833 5180 tu
1845 5126 2052 5197 papula
2068 5127 2131 5180 in

536 5219 610 5275 iis
636 5233 760 5289 quae
774 5216 846 5272 ad
876 5216 1050 5272 Deum
1062 5215 1379 5288 pertinent,
1407 5217 1473 5269 ut
1492 5216 1708 5285 referas
1721 5230 1843 5282 qua:
1857 5214 2132 5270 dicuntur

532 5306 604 5361 ad
628 5322 757 5362 eum
788 5303 1003 5373 (Exod.
1024 5318 1179 5372 xvm,
1206 5306 1292 5372 l8,
1321 5302 1428 5374 19).
1460 5303 1597 5357 Hinc
1626 5302 1821 5357 Paulus
1842 5302 1909 5357 ad
1943 5303 2130 5373 templi

534 5407 784 5448 somnum
813 5393 1118 5450 Corinthios
1160 5400 1402 5463 revocat,
1447 5392 1634 5449 dicens
1668 5409 1679 5447 :
1726 5391 1859 5448 Jam
1901 5392 2126 5465 quidem

606 5592 682 5665 (a)
713 5590 902 5663 Gilot.,
923 5595 1048 5664 jam
1075 5594 1281 5667 saepius
1311 5611 1350 5651 a
1379 5595 1613 5652 Domino
1645 5592 1892 5650 Samuel.

2243 4590 2388 4658 quod
2418 4589 2644 4659 spiritali
2699 4591 3027 4649 revelatione
3084 4594 3273 4651 didicit
3329 4597 3571 4652 Palmm
3623 4608 3881 4654 veterum

2246 4676 2387 4732 dicta
2417 4679 2703 4749 consuluit,
2734 4684 2794 4734 ut
2822 4689 2947 4738 tunc
2976 4683 3193 4739 demum
3216 4700 3247 4739 a
3277 4686 3522 4743 Domino
3556 4688 3677 4743 sibi
3709 4687 3885 4744 fuisse

2241 4767 2537 4822 revelatum
2567 4769 2828 4838 crederet,
2861 4785 2983 4826 cum
3014 4772 3083 4827 ab
3115 4789 3180 4829 eo
3236 4776 3380 4846 quod
3411 4775 3475 4830 in
3511 4793 3689 4833 sacra
3722 4777 3880 4834 Seri-

2240 4865 2399 4927 ptura
2428 4856 2643 4929 legebat
2663 4874 3006 4932 nequaquam
3031 4860 3245 4919 differre
3301 4866 3705 4936 cognovisset.
3732 4868 3883 4922 Nam

2241 4944 2403 5001 facile
2433 4945 2630 5001 fallitur
2658 4946 2747 5017 qui
2778 4948 2884 5003 hoc
2912 4950 3054 5019 quod
3112 4952 3321 5007 occulta
3377 4957 3889 5027 contemplatione

2240 5035 2451 5107 colligit
2479 5036 2533 5089 in
2571 5037 2833 5105 praeclara
2861 5048 3058 5094 sanctae
3097 5042 3376 5113 scriptura)
3406 5044 3669 5101 veritate
3702 5047 3889 5102 nescit

2239 5122 2504 5180 discutere
2544 5125 2700 5195 quale
2756 5126 2841 5181 sit.
2903 5128 3057 5184 Unde
3103 5138 3155 5185 et
3213 5130 3515 5200 Apostolus
3551 5134 3886 5203 denuntiat,

2237 5213 2457 5268 dicens:
2498 5214 2884 5284 Transﬁgurat
2925 5232 2984 5274 se
3012 5220 3255 5275 Satanas
3287 5221 3351 5276 In
3380 5223 3694 5292 angelum
3734 5226 3890 5281 lucis

2236 5302 2312 5374 (Il
2334 5304 2452 5359 Cor.
2488 5318 2567 5368 χι,
2593 5306 2700 5372 14).
2734 5302 3020 5372 Quomodo
3048 5308 3237 5379 [autem
3270 5308 3403 5364 falsa
3435 5309 3500 5365 in
3535 5327 3712 5371 vera:
3748 5315 3896 5373 lucis

2236 5391 2479 5448 claritate
2517 5392 2887 5450 discernuntur
2906 5395 2935 5448 ‘l
2972 5396 3054 5452 Ad
3085 5398 3202 5455 Heli
3232 5414 3363 5472 ergo
3391 5403 3581 5458 currit
3616 5404 3889 5477 Samuel,
