4062 6182
1006 6 1107 33 ὲ.ιὴ
1122 12 1149 29 ιι

278 288 360 355 H9

1065 290 1139 350 IN
1174 288 1444 349 PRIMUM
1478 288 1726 348 REGUM
1762 287 2306 352 EXPOSITIONES.
2346 325 2414 339 --
2452 294 2583 353 LIB.
2631 297 2725 354 Ill.

3442 290 3543 355 150

276 416 454 492 quoties
482 431 513 474 s
541 414 776 475 Domino
805 423 1052 485 vocatur,
1080 417 1207 490 quia
1225 416 1397 474 sancti
1425 416 1828 490 praedicatores,
1859 416 1915 479 A
1946 420 2168 478 minime
2199 426 2443 494 possunt.
2479 422 2620 495 Quid
2652 430 2735 479 est
2763 438 2898 496 ergo
2919 421 3099 479 dicere
3122 420 3241 480 Non
3258 424 3311 479 te
3331 421 3538 488 vocavi,

278 526 332 564 ne
358 508 500 564 falsae
528 507 665 563 lucis
692 507 935 581 imagine
966 508 1018 562 in
1050 508 1234 562 intima
1265 507 1721 579 contemplatione
1752 507 1847 562 fal-

275 593 439 663 lantur,
484 597 703 651 modum
732 597 966 654 occultae
995 596 1342 653 revelationis
1380 596 1433 651 in
1474 600 1511 666 1
1532 599 1631 666 16
1660 603 1844 667 aperta

287 686 551 759 Scriptura:
579 694 785 742 sancta:
811 686 1037 742 veritate
1067 686 1387 741 discutiunt.

336 776 410 829 to.
462 774 599 844 Quia
660 775 716 830 in
775 792 838 831 re
896 776 1255 848 quaerendum
1309 777 1389 830 est
1419 774 1691 846 quomodo
1721 760 1840 829 Heli

271 863 424 921 dicere
450 870 757 934 competat:
789 865 913 921 Non
935 868 989 920 te
1010 865 1220 931 vocavi,
1252 865 1340 933 [lli
1373 864 1473 919 mi.
1521 863 1627 918 Sed
1653 864 1837 918 Patres

266 952 544 1024 nostri,qui
578 969 676 1024 per
705 967 920 1010 sacrum
958 952 1232 1026 eloquium
1292 952 1450 1007 novis
1497 952 1833 1024 praedicato-

262 1042 386 1098 ribus
410 1044 721 1113 loquuntur,
757 1058 867 1096 non
915 1058 1009 1097 eos
1037 1050 1253 1109 vocant,
1286 1041 1379 1096 sed
1412 1042 1587 1112 qualis
1618 1041 1687 1095 sit
1743 1041 1832 1096 in-

260 1138 386 1186 terna
414 1145 597 1186 eorum
625 1130 899 1187 revelatio
929 1131 1186 1187 indicant.
1219 1132 1425 1187 Vocare
1479 1130 1679 1185 etenim
1729 1126 1829 1186 Dei

258 1219 525 1276 electorum
559 1236 783 1275 suorum
813 1228 1025 1276 mentes
1082 1219 1415 1291 aspiratione
1470 1236 1583 1275 suae
1635 1219 1829 1292 gratiae

257 1309 462 1364 excitare
491 1316 598 1364 est.
633 1307 859 1381 Antiqui
909 1324 1039 1365 vero
1096 1309 1280 1365 Patres
1331 1324 1429 1379 per
1482 1307 1827 1380 Scripturam

263 1397 452 1467 quidem
480 1413 698 1453 sacram
740 1397 1051 1469 loquuntur,
1109 1396 1204 1452 sed
1258 1401 1443 1453 tamen
1499 1396 1826 1467 aspiratione

258 1487 432 1541 divinae
457 1486 656 1559 gratiae
685 1485 853 1542 corda
881 1487 1217 1542 audientium
1250 1486 1487 1542 excitare
1540 1501 1651 1541 non
1690 1502 1823 1556 pos-

252 1582 371 1631 sunt.
403 1575 666 1631 Consulta
697 1590 832 1647 ergo
864 1590 1017 1631 sacra
1047 1574 1283 1644 eloquia,
1316 1574 1443 1629 dum
1500 1590 1559 1629 se
1614 1574 1820 1629 donum

251 1664 520 1734 spiritualia
554 1664 750 1737 gratiae
786 1664 921 1719 dare
951 1680 1055 1720 non
1075 1680 1238 1733 posse
1262 1663 1339 1733 (a)
1358 1662 1612 1729 indicant,
1634 1670 1821 1720 aucto-

1952 512 2059 566 nisi
2088 512 2418 568 desiderium
2442 513 2702 569 donorum
2736 512 3093 582 spiritualium
3126 527 3232 584 ego
3264 509 3541 566 nondedi?

1950 601 2089 655 Nam
2122 602 2164 656 si
2197 618 2349 657 sacra
2379 602 2679 673 Scriptura,
2715 610 2807 656 aut
2837 601 3030 673 aliquis
3059 601 3376 677 scriptorum
3395 599 3540 654 dona

1949 688 2207 762 spiritalia
2237 691 2523 757 conferret,
2557 698 2820 763 quotquot
2846 706 2994 745 sacra
3026 689 3237 760 eloquia
3267 689 3532 761 legerent,

1948 787 2212 851 quotquot
2242 789 2441 835 sanctae
2472 780 2767 851 Scripturze
2797 785 3111 833 tractatores
3140 778 3403 842 audirent,
3430 776 3535 831 do-

1944 866 2032 921 nis
2063 868 2403 938 spiritalibus
2435 876 2775 923 ornarentur.
2808 868 2965 922 Nunc
3011 882 3141 922 vero
3196 883 3318 920 cum
3377 865 3531 919 multi

1940 971 2155 1012 sacram
2186 958 2520 1029 Scripturam
2553 958 2754 1029 legant,
2771 964 2823 1011 et
2843 963 3127 1011 tractantes
3139 954 3531 1024 praedicatores

1937 1044 2267 1111 audiant,-et
2296 1055 2415 1117 post
2444 1045 2684 1101 studium
2715 1045 2988 1112 lectionis,
3024 1052 3076 1099 et
3126 1040 3531 1114 praedicationis

1936 1133 2388 1203 adhortationem,
2421 1134 2511 1190 alii
2537 1136 2594 1189 in
2624 1132 2851 1204 pristino
2882 1134 3088 1206 [rigore
3116 1132 3362 1187 vitiorum
3396 1145 3527 1186 suo-

1934 1238 2057 1278 rum
2086 1233 2421 1291 remaneant,
2455 1223 2548 1278 alii
2579 1240 2675 1295 per
2701 1223 2932 1297 gratiam
2963 1222 3019 1278 in
3049 1236 3293 1277 amorem
3313 1227 3527 1276 sancta-

1933 1327 2055 1367 rum
2084 1313 2339 1368 virtutum
2369 1312 2648 1376 ferveant;
2701 1319 2887 1382 aperte
2938 1310 3108 1382 liquet
3162 1309 3289 1381 quia
3355 1310 3511 1378 117

1931 1401 2070 1457 ordo
2100 1402 2317 1457 Patrum
2350 1401 2739 1458 venerabilium
2770 1403 2910 1456 dona
2932 1399 3091 1456 nobis
3122 1398 3373 1455 virtutum
3429 1413 3531 1468 per

1931 1489 2107 1546 editas
2138 1491 2443 1562 Scripturas
2499 1490 2756 1555 ostendit,
2811 1490 2907 1545 sed
2966 1503 3208 1544 amorem
3269 1486 3525 1544 virtutum

1930 1594 2061 1649 quas
2090 1579 2346 1645 insinuat,
2379 1580 2530 1635 solus
2562 1579 2722 1634 nobis
2751 1578 2999 1634 conditor
3024 1576 3232 1632 tribuit.
3265 1575 3446 1644 Quare
3474 1582 3529 1633 et

1926 1668 2162 1723 Jacobus
2176 1667 2263 1740 pie
2281 1670 2561 1735 admonet,
2588 1668 2779 1724 dicens
2805 1687 2816 1722 :
2842 1669 3015 1725 Omne
3031 1667 3229 1723 datum
3250 1666 3528 1737 optimum

250 1752 383 1808 ritate
411 1752 684 1809 Samuelis
711 1768 836 1808 sese
869 1753 986 1807 Heli
1017 1751 1163 1807 velut
1219 1751 1538 1821 quibusdam
1588 1752 1815 1807 locutio-
1847 1777 1903 1839 Β
1934 1760 1991 1812 et
2003 1758 2391 1814 omnedonum
2412 1761 2731 1830 perfectum
2745 1756 3043 1812 desursum
3062 1762 3167 1823 est,
3186 1753 3528 1812 descendens

251 1841 386 1897 uibus
413 1850 716 1898 excusant.
750 1841 864 1897 Sed
896 1843 999 1897 hoc
1026 1841 1300 1909 nimirum,
1334 1840 1476 1911 quod
1517 1840 1649 1895 dare
1708 1856 1820 1896 non

250 1938 465 2001 possunt,
496 1931 783 1985 insinuare
812 1930 1043 2000 qualiter
1073 1929 1277 2000 acquiri
1306 1928 1501 1984 debeat
1557 1936 1810 1999 possunt.

251 2019 380 2076 Unde
406 2027 458 2074 et
484 2018 615 2075 Heli
646 2034 783 2075 voce
811 2018 880 2074 ad
911 2017 1220 2075 Samuelem
1252 2016 1484 2074 dicitur:
1526 2019 1819 2075 Revertere

242 2112 290 2164 et
316 2108 507 2164 dormi.

305 2199 378 2251 tt.
410 2195 551 2265 Quid
586 2204 668 2252 est
698 2195 841 2267 quod
875 2202 1121 2251 vocatum
1153 2212 1377 2267 puerum
1400 2194 1575 2251 redire
1608 2193 1723 2249 Heli
1753 2195 1820 2249 ad

247 2301 472 2339 somnum
503 2285 784 2357 praecipit,
818 2284 921 2341 nisi
953 2284 1076 2355 quia
1106 2284 1557 2356 praedicatoribus
1586 2283 1820 2338 ostendit

247 2373 380 2429 ntad
405 2374 822 2445 percipiendum
855 2373 1054 2428 donum
1086 2374 1313 2429 interna:
1368 2373 1558 2446 gratiae
1614 2389 1674 2427 se
1726 2388 1823 2442 per

245 2463 416 2517 mentis
439 2464 691 2537 quietem
722 2464 957 2534 parent?
985 2464 1050 2518 Ει
1081 2462 1377 2519 notandum
1408 2462 1530 2533 quia
1577 2461 1773 2516 dicitur
1803 2480 1814 2516 :

238 2554 530 2608 Revertere.
573 2552 798 2607 Samuel
829 2566 1067 2621 namque
1098 2553 1387 2607 revertitur
1441 2567 1564 2606 cum
1613 2550 1819 2605 electus

236 2641 538 2711 praedicator
572 2656 610 2696 ει
640 2639 995 2697 meditatione
1024 2640 1161 2696 sacri
1192 2640 1393 2712 eloquii
1423 2640 1493 2696 ad
1547 2647 1817 2695 secretum

234 2728 361 2784 redit
384 2729 620 2785 interna:
650 2728 1150 2801 contemplationis.
1182 2728 1446 2784 Reversus
1471 2744 1599 2801 ergo
1622 2727 1820 2783 dormi-

236 2817 317 2882 vit,
347 2818 470 2888 quia
500 2819 555 2873 in
594 2817 826 2874 internae
858 2818 1333 2889 contemplationis
1382 2816 1679 2873 intentione
1727 2832 1817 2873 re-

234 2907 438 2977 quievit.
470 2908 606 2977 Quo
638 2908 695 2962 in
726 2907 846 2963 loco
877 2906 1038 2963 etiam
1071 2906 1176 2962 hoc
1204 2907 1501 2962 notandum
1532 2915 1633 2972 est,
1686 2905 1818 2977 quia

232 2994 483 3052 Samuela
515 2980 763 3052 Domino
789 3003 875 3052 ter
905 3003 1150 3065 vocatur,
1192 3003 1275 3051 ter
1328 2995 1521 3050 iterum
1578 2994 1647 3051 ab
1696 2993 1816 3050 Heli

236 3082 449 3141 dormire
479 3084 798 3156 praecipitur
830 3102 840 3140 :

294 3177 375 3228 12.
412 3172 554 3243 Quid
595 3182 674 3229 est
699 3174 823 3241 hoc,
857 3173 958 3229 nisi
989 3174 1115 3248 quia
1145 3182 1253 3230 tres
1282 3173 1484 3246 gradus
1514 3172 1815 3229 dilectionis

234 3277 339 3317 esse
366 3264 479 3334 ipsa
510 3263 752 3319 veritate
779 3263 1028 3328 docente,
1054 3263 1380 3319 didicimus?
1397 3264 1605 3334 Diliges
1635 3264 1820 3318 Domi-

232 3366 357 3408 num
371 3354 545 3409 Deum
577 3357 747 3408 tuum
770 3369 844 3408 ex
876 3357 993 3410 toto
1009 3351 1174 3410 corde
1194 3358 1307 3421 tuo,
1323 3357 1378 3408 et
1393 3369 1465 3407 ea:
1486 3355 1603 3407 tota
1617 3354 1815 3407 anima

232 3443 334 3508 tua,
349 3446 401 3497 et
421 3458 498 3497 ea:
516 3445 650 3497 tota
674 3443 884 3498 virtute
904 3446 1000 3497 tua
1024 3441 1242 3512 (Matth.
1269 3457 1403 3507 xm,
1424 3441 1535 3509 t7).
1559 3439 1664 3495 Sed
1681 3440 1810 3512 quid

231 3527 276 3583 in
301 3530 456 3586 corde
485 3530 814 3601 accipimus,
846 3530 951 3585 nisi
982 3530 1268 3586 consilium
1290 3531 1318 3583 ε)
1375 3528 1515 3599 Quid
1546 3537 1723 3583 autem
1752 3527 1809 3583 in

229 3627 405 3687 mente,
437 3619 543 3674 nisi
583 3618 927 3674 voluntatem
949 3621 977 3674 ἰ)
1007 3618 1151 3688 Quid
1181 3634 1313 3674 vero
1343 3619 1396 3673 in
1428 3618 1643 3686 virtute,
1704 3617 1805 3672 nisi

220 3708 402 3763 amoris
433 3707 662 3765 affectio
693 3707 1007 3780 designatur
1027 3710 1055 3762 εἶ
1114 3707 1222 3764 Sed
1277 3715 1330 3764 et
1386 3723 1485 3778 per
1512 3705 1802 3763 consilium

222 3797 328 3866 quid
340 3796 487 3853 aliud
510 3813 684 3869 quam
698 3797 949 3853 veritatis
964 3795 1343 3853 certitudinem
1366 3796 1758 3868 investigamus
1772 3796 1799 3849 ‘2

219 3883 272 3938 Et
296 3902 383 3956 per
408 3885 750 3943 voluntatem
783 3885 911 3957 quid
935 3884 1248 3959 diligentes,
1283 3884 1387 3941 nisi
1437 3885 1580 3940 bona
1637 3885 1795 3941 valde

214 3977 633 4046 concupiscimus
650 3976 680 4027 ‘I
712 3975 820 4031 Per
837 3974 1177 4030 aﬂ'ectionem
1192 3975 1319 4046 quid
1340 3975 1446 4029 nisi
1467 3975 1584 4030 veri
1606 3975 1792 4048 gaudii

212 4064 602 4131 pertmitionem
635 4063 929 4137 quaerimus
958 4065 986 4119 7
1014 4064 1117 4119 Per
1143 4064 1343 4137 gradus
1372 4080 1606 4136 namque
1640 4065 1787 4120 dile-

208 4150 373 4208 ctionis
401 4156 471 4208 ad
503 4169 729 4209 summa
746 4152 1106 4222 sustollimur,
1133 4168 1255 4210 cum
1273 4152 1453 4209 cordis
1475 4153 1640 4209 nostri
1658 4170 1788 4209 con-

210 4238 307 4295 silio
332 4242 536 4297 veritas
569 4241 868 4309 revelatur,
904 4249 956 4297 et
1001 4241 1267 4297 voluntati
1324 4241 1519 4297 mentis
1572 4241 1785 4297 bonitas

208 4344 318 4385 vera
344 4331 692 4398 conceditur,
725 4339 886 4402 atque
914 4329 1187 4387 aﬂ‘ectioni
1217 4330 1428 4387 virtutis
1453 4338 1652 4386 nostra:
1683 4349 1783 4402 per

204 4415 505 4477 infusionem
536 4420 742 4477 divinae
770 4420 959 4493 gratia:
980 4420 1221 4491 spiritale
1241 4423 1297 4475 et
1320 4435 1500 4477 verum
1521 4420 1777 4492 gaudium

202 4503 353 4563 datur.

259 4598 335 4653 13.
359 4598 464 4654 Ter
491 4598 667 4671 igitur
697 4606 778 4653 est
806 4597 1031 4655 Samuel
1062 4606 1283 4655 vocatus
1312 4614 1344 4654 a
1370 4597 1621 4667 Domino,
1651 4599 1777 4672 quia

201 4681 309 4740 dum
338 4687 474 4743 ordo
504 4686 928 4758 praedicatorum
960 4686 1107 4743 rudis
1159 4688 1338 4744 adhuc
1392 4688 1652 4745 Ecclesia:
1707 4687 1777 4743 ad

198 4794 409 4851 superna
429 4800 491 4839 se
523 4783 713 4838 studia
741 4783 1004 4850 extendit,
1037 4791 1091 4839 et
1120 4784 1407 4839 veritatem
1453 4784 1520 4839 de
1563 4784 1774 4842 ratione

196 4871 403 4940 consilii,
437 4879 493 4928 et
523 4872 824 4928 bonitatem
851 4873 920 4928 de
949 4872 1220 4931 electione
1250 4873 1556 4939 voluntatis,
1591 4881 1644 4930 et
1674 4890 1772 4930 ve-

197 4972 295 5013 mm
323 4962 591 5032 gaudium
620 4962 844 5032 appetiit
872 4961 941 5018 de
972 4961 1272 5019 intentione
1298 4962 1616 5019 aﬁ‘ectionis.
1666 4965 1772 5019 Ter

196 5045 339 5103 etiam
368 5048 440 5105 ad
472 5050 598 5105 Heli
628 5057 851 5106 vocatus
880 5051 1131 5120 accessit,
1161 5051 1291 5124 quia
1318 5051 1384 5108 de
1414 5051 1563 5107 omni
1597 5068 1771 5124 appe-

197 5135 278 5189 titu
303 5153 397 5193 suo
425 5153 661 5194 sacram
683 5138 1019 5210 Scripturam
1041 5140 1405 5196 meditationis
1432 5140 1772 5199 festinatione

197 5226 460 5282 consuluit.
499 5229 616 5283 Ter
642 5228 788 5295 item,
830 5229 925 5301 qui
953 5230 1024 5285 ab
1054 5245 1121 5286 eo
1150 5245 1258 5285 non
1289 5239 1580 5286 vocaretur
1611 5231 1770 5287 audi-

197 5313 273 5380 vit,
301 5316 424 5386 quia
454 5315 776 5373 meditando
805 5317 994 5374 didicit
1042 5318 1188 5390 quod
1243 5321 1432 5376 Patres
1486 5321 1659 5375 nostri
1702 5322 1773 5377 ad

201 5402 535 5461 eruditionem
568 5413 810 5462 nostram
840 5421 997 5463 sacra
1025 5405 1181 5463 nobis
1210 5406 1428 5479 eloquia
1446 5408 1644 5480 scripta
1662 5418 1771 5466 tra-

198 5488 463 5559 dibernnt;
498 5502 869 5553 verumtatem
910 5495 1055 5553 dona
1107 5496 1266 5553 nobis
1320 5497 1584 5569 spiritalia
1639 5499 1773 5558 dare

262 5622 330 5691 (a)
359 5621 556 5694 Guss.,
578 5621 874 5696 judicent.

1841 3137 1894 3202 Ο

1930 1860 1963 1900 α
1984 1848 2154 1902 Patre
2176 1848 2461 1903 luminum
2481 1848 2622 1916 (Jac.
2647 1863 2686 1911 1,
2717 1847 2821 1915 17).
2843 1845 2980 1900 Hinc.
3003 1844 3197 1899 Paulus
3215 1843 3319 1898 ait:
3340 1844 3529 1915 Neque

1934 1934 2031 2005 qui
2060 1936 2293 2005 plantat
2328 1939 2414 1991 est
2446 1934 2681 2006 aliquid,
2713 1934 2808 1990 sed
2833 1935 2930 2006 qui
2959 1934 3378 1989 incrementum
3407 1931 3527 1996 dat,

1937 2024 2147 2093 Deus(l
2161 2025 2281 2079 Cor.
2296 2040 2373 2089 ιιι,
2392 2023 2468 2093 7).
2486 2022 2627 2092 Quid
2648 2030 2732 2077 est
2751 2039 2885 2093 ergo
2898 2022 3044 2077 aliud
3073 2022 3254 2078 dicere
3283 2039 3295 2074 :
3322 2022 3443 2078 Non
3477 2024 3531 2076 te

1936 2112 2141 2178 vocavi,
2174 2112 2275 2166 nisi
2297 2120 2483 2182 aperta
2499 2111 2805 2166 eruditione
2821 2110 3110 2166 ostendere
3126 2110 3255 2183 quia
3271 2110 3375 2165 hoc
3387 2109 3533 2179 quod

1930 2199 2107 2255 ﬁdelis
2137 2199 2318 2255 anima
2345 2201 2415 2255 ad
2445 2216 2676 2271 superna
2705 2199 2981 2255 desideria
3009 2199 3255 2270 erigitur,
3288 2214 3358 2253 ex
3410 2198 3530 2253 sola

1870 2275 1874 2280 ’
1930 2289 2126 2345 divinae
2156 2288 2649 2361 gmtiaainl'usione
2679 2289 3016 2361 generatur?
3073 2286 3215 2355 Quia
3267 2301 3400 2357 ergo
3449 2293 3531 2341 ter

1930 2387 2159 2433 vocatur
2188 2392 2219 2433 a
2248 2378 2504 2445 Domino,
2540 2384 2625 2433 ter
2649 2378 2719 2432 ad
2748 2375 3128 2432 dormiendum
3169 2392 3202 2430 a
3252 2374 3528 2447 magistro

1930 2468 2133 2522 reverti
2152 2467 2484 2538 praecipitur,
2505 2474 2615 2522 tres
2633 2466 2722 2522 ille
2743 2465 2948 2538 gradus
2963 2463 3272 2521 dilectionis
3294 2462 3532 2517 insinuat

1931 2557 2162 2628 qualiter
2190 2557 2559 2628 acquiritatur.
2592 2557 2735 2610 Nam
2758 2553 2881 2626 quia
2902 2553 3052 2609 cordi
3075 2551 3360 2609 consilium
3375 2558 3530 2622 apta-

1927 2645 2125 2711 vimus,
2157 2646 2453 2701 consilium
2482 2659 2613 2699 vero
2644 2643 2891 2699 invenire
2922 2642 3204 2697 veritatem
3234 2640 3533 2708 desiderat,

1928 2748 2163 2803 magnus
2194 2733 2380 2804 utique
2410 2748 2578 2803 sopor
2605 2731 3060 2799 estnecessarius,
3079 2747 3149 2786 ne
3173 2730 3321 2801 prius
3342 2744 3533 2784 amans

1928 2823 2156 2894 evigilet
2186 2837 2352 2893 quam
2382 2821 2608 2894 quaesita
2635 2821 2836 2878 veritas
2859 2820 3178 2875 inveniatur.
3207 2819 3535 2875 Revertatur

1927 2927 2062 2983 ergo
2092 2927 2246 2983 puer,
2278 2918 2329 2965 et
2359 2911 2612 2974 dormiat,
2646 2914 2705 2964 ut
2733 2909 2822 2979 qui
2854 2908 3098 2964 veritatis
3145 2907 3322 2962 lucem
3365 2907 3526 2963 inve—

1924 3001 2045 3055 nire
2073 3000 2365 3067 desiderat,
2397 3015 2495 3071 per
2526 2998 2763 3070 quietem
2795 3005 3003 3063 caveat,
3034 3003 3091 3051 ut
3111 2996 3181 3050 ad
3201 3012 3262 3050 se
3282 3010 3525 3050 errorum

1927 3089 2180 3145 tenebras
2210 3105 2319 3145 non
2349 3089 2614 3144 admittat.
2649 3086 2903 3143 Secundo
2956 3085 3123 3141 etiam
3179 3084 3431 3151 dormiat,
3464 3089 3525 3140 ut

1923 3178 2133 3234 amoris
2164 3178 2488 3248 obsequium
2516 3175 2871 3246 omnipotenti
2924 3175 3038 3230 Deo
3096 3191 3165 3229 ex
3194 3178 3306 3229 tota
3334 3179 3520 3229 mente

1921 3267 2219 3337 impendat,
2254 3275 2311 3322 ut
2341 3267 2483 3322 bona
2513 3281 2633 3336 quae
2661 3273 2807 3320 amat
2834 3278 2972 3334 pura
3013 3262 3359 3334 simplicitate
3388 3262 3518 3317 nul—

1919 3356 2081 3427 loque
2113 3356 2381 3412 malorum
2412 3355 2680 3412 velamine
2707 3353 3015 3425 pallientur.
3071 3352 3229 3421 Quod
3274 3350 3516 3421 profecto

1919 3445 2046 3516 quia
2064 3460 2172 3501 non
2202 3444 2307 3500 nisi
2324 3459 2526 3517 magna
2546 3441 2893 3499 discretionis
2908 3440 3200 3496 subtilitate
3216 3440 3512 3511 cognosci-

1915 3540 2019 3601 tur,
2052 3542 2276 3590 vocatus
2309 3549 2442 3605 puer
2457 3548 2489 3587 a
2506 3532 2743 3588 Domino
2755 3530 2825 3586 ab
2837 3529 2955 3585 Heli
2978 3527 3177 3584 reverti
3199 3536 3262 3582 ut
3276 3527 3511 3584 dormiat

1906 3622 2148 3692 jubetur.
2181 3623 2321 3677 Nam
2352 3622 2398 3677 si
2428 3620 2671 3676 dormire
2692 3634 2790 3691 pro
2820 3616 3165 3675 ascendendo
3180 3616 3285 3672 isto
3300 3616 3506 3672 amoris

1908 3710 2084 3781 gradu
2105 3710 2352 3783 negligit,
2373 3710 2477 3764 hoc
2499 3707 2644 3779 quod
2664 3707 2733 3764 de
2757 3706 2952 3762 virtute
2973 3704 3299 3777 appetitnon
3313 3704 3503 3776 acqui-

1905 3800 1994 3869 rit,
2032 3798 2158 3869 quia
2189 3798 2291 3853 etsi
2316 3798 2431 3867 jam
2452 3798 2611 3862 bona,
2639 3797 2756 3852 Deo
2775 3795 3264 3866 aspirante,amare
3296 3808 3498 3864 possu-

1904 3904 2045 3951 mus,
2078 3888 2184 3941 nisi
2215 3901 2417 3959 magna
2445 3885 2644 3939 mentis
2672 3884 2852 3955 quiete
2881 3882 3064 3955 qualia
3083 3881 3194 3936 sint
3211 3883 3333 3951 ipsa
3354 3881 3497 3937 bona

1902 3994 2021 4049 quas
2040 3975 2293 4032 volumus
2315 3991 2423 4030 non
2450 3974 2833 4042 dijudicamus.
2853 3973 2957 4027 Ter
2983 3986 3119 4043 ergo
3130 3970 3202 4026 ad
3220 3970 3493 4025 dormien-

1898 4067 2027 4122 dum
2045 4062 2265 4120 Samuel
2314 4062 2551 4127 mittitur,
2586 4061 2710 4133 quia
2755 4059 2994 4131 profecto
3022 4074 3194 4114 novus
3221 4058 3491 4129 praedica-

1894 4157 2069 4211 torum
2097 4153 2231 4208 ordo
2260 4159 2320 4206 ut
2347 4165 2418 4206 ex
2450 4157 2559 4204 tota
2593 4149 2784 4205 virtute
2822 4148 3014 4219 diligat
3044 4147 3386 4203 admonetur.
3420 4147 3486 4201 Et

1893 4243 2017 4313 quia
2047 4242 2295 4299 virtutem
2324 4240 2393 4295 ad
2422 4238 2760 4294 atfectionem
2792 4235 3095 4302 retulimus,
3125 4235 3338 4292 aﬂ‘ectio
3380 4251 3482 4289 au.

1891 4340 1998 4388 tem
2029 4332 2226 4388 mentis
2255 4331 2323 4385 de
2352 4331 2554 4403 gaudio
2603 4328 2829 4399 spiritali
2883 4326 3176 4399 perficitur,
3221 4338 3479 4396 magnam

1888 4422 2066 4477 somni
2096 4420 2333 4492 quietem
2363 4418 2580 4475 Samuel
2610 4417 2796 4472 habuit
2814 4435 2829 4483 ;
2849 4416 3043 4472 etdum
3063 4412 3367 4487 spiritualia
3382 4427 3482 4484 per

1804 4495 1858 4556 D
1890 4510 2126 4583 quietem
2156 4509 2293 4565 ordo
2321 4509 2732 4581 prmdicatorum
2752 4513 2932 4562 certus
2951 4504 3157 4570 didicit,
3176 4503 3280 4559 sub
3297 4501 3478 4573 specie

1886 4599 2002 4655 veri
2031 4599 2212 4672 gaudii
2240 4599 2498 4671 gaudium
2529 4604 2850 4653 extraneum
2899 4610 3008 4650 non
3065 4593 3290 4664 recepit.
3331 4592 3471 4647 Nam

1884 4687 2016 4744 sicut
2046 4689 2114 4743 de
2139 4688 2421 4745 virtutibus
2450 4687 2675 4752 caeteris,
2708 4685 2783 4739 ita
2798 4684 2935 4741 etde
2958 4682 3472 4754 profectucontem-

1885 4777 2133 4848 plationis
2162 4793 2317 4833 mens
2344 4775 2758 4847 contemplantis
2786 4773 3104 4844 plerumque
3123 4770 3353 4827 inaniter
3380 4770 3471 4825 lii-

1883 4866 2119 4922 larescit.
2139 4867 2412 4923 Dormiuit
2428 4882 2552 4938 ergo
2567 4866 2783 4921 iterum
2793 4863 3045 4930 Samuel,
3067 4862 3192 4933 quia
3215 4859 3466 4914 nimirum

1882 4955 2019 5012 ordo
2047 4956 2331 5012 doctorum
2387 4955 2492 5010 nisi
2548 4960 2704 5010 caute
2754 4969 2813 5008 se
2869 4950 3330 5022 contemplatione
3360 4948 3469 5004 cir-

1881 5046 2261 5116 cumspiceret,
2293 5042 2583 5114 aliquando
2612 5057 2752 5098 vane
2781 5041 3074 5115 gaudendo
3096 5056 3154 5095 se
3182 5054 3312 5094 vero
3327 5054 3468 5110 gau-

1881 5134 1973 5191 dio
2001 5136 2246 5207 gaudere
2265 5134 2621 5191 existimaret.
2641 5132 2819 5188 Primo
2837 5132 3019 5201 itaque
3038 5126 3317 5191 dormivit,
3340 5124 3467 5195 quia

1880 5224 2011 5279 dum
2042 5224 2436 5297 cognoscenda:
2465 5222 2676 5279 veritati
2706 5220 2949 5276 animum
2980 5215 3228 5282 intendit,
3261 5228 3465 5286 magna

1880 5322 2096 5379 consilii
2114 5322 2407 5377 subtilitate
2436 5334 2664 5376 errones
2719 5323 2911 5372 cuncta
2966 5311 3305 5383 reprobavit.
3357 5312 3462 5368 Se-

1880 5413 2058 5468 cundo
2086 5411 2360 5479 dormivit,
2393 5410 2521 5482 quia
2548 5422 2670 5465 cum
2722 5403 3054 5460 conditorem
3114 5400 3342 5473 diligere
3399 5418 3468 5456 ex

1880 5508 1992 5559 tota
2020 5510 2199 5559 mente
2229 5500 2437 5568 didicit,
2470 5511 2670 5569 magna
2702 5491 2845 5565 apud
2875 5506 2933 5547 sc
2964 5491 3144 5566 quiete
3200 5490 3465 5566 disposuit
