4062 6182
547 307 642 370 ibi

544 523 725 582 Tertio
756 524 922 581 etiam
952 525 1228 595 dormivit,
1257 535 1314 581 ut
1341 525 1469 581 dum
1513 540 1828 597 supremum
1874 521 2132 595 gaudium

545 610 616 669 de
645 612 835 670 divina
873 615 1324 687 contemplatione
1379 615 1685 686 perciperet
1740 628 1936 667 vanam
1994 610 2135 667 laeti-

542 700 678 757 tiam
704 705 995 774 reprobare
1024 704 1273 760 consulta
1293 711 1472 759 mante
1494 701 1864 775 potuisset.‘Et
1892 700 2021 773 quia
2035 700 2140 755 hoc

545 788 616 847 de
645 791 897 848 Samuele
922 792 1102 848 adhuc
1133 792 1448 866 proliciente
1478 793 1689 858 dicitur,
1739 798 1862 862 apte
1908 789 2139 859 subjun-

543 878 689 954 gitur
718 898 732 934 :

616 997 793 1065 (Vers.
826 996 906 1070 7.)
944 999 1118 1055 Porro
1147 999 1376 1056 Samuel
1403 997 1645 1053 necdum
1693 996 1906 1052 sciebat
1946 995 2137 1053 Domi-

543 1104 704 1154 num,
737 1102 841 1147 nec
870 1089 1158 1148 revelatus
1187 1090 1237 1146 ei
1267 1089 1464 1161 fuerat
1478 1102 1664 1142 sermo
1686 1086 1927 1141 Domini.

618 1201 710 1255 11.
749 1199 1040 1257 Dominum
1071 1194 1397 1268 namque(a)
1418 1198 1544 1248 tunc
1560 1192 1694 1249 ordo
1720 1190 2137 1262 praedicatorum

548 1288 741 1344 nesciit
765 1304 831 1344 ea
861 1286 1195 1360 perfectione
1225 1300 1327 1356 qua
1353 1289 1541 1355 postea
1569 1280 1818 1353 proiecit.
1871 1279 1967 1335 Vel
2022 1278 2136 1335 l‘or-

548 1384 696 1432 tasse
751 1375 952 1433 idcirco
1002 1374 1214 1431 nescire
1270 1373 1562 1428 Dominum
1618 1368 1830 1435 dicitur,
1879 1368 2004 1441 quia
2033 1368 2139 1422 alta

550 1472 605 1521 et
626 1464 896 1537 profunda
924 1480 1045 1536 qua:
1073 1469 1306 1519 noverat
1333 1459 1563 1516 infirmis
1591 1458 1769 1513 adhuc
1797 1456 1868 1512 ad
1914 1456 2141 1512 rudibus

550 1553 894 1611 auditoribus
920 1569 1028 1611 non
1059 1552 1352 1626 pandebat.
1384 1548 1538 1606 Unde
1565 1556 1617 1603 et
1647 1546 1953 1604 volentibus
1992 1544 2140 1601 diem

553 1642 815 1700 dominici
844 1644 1118 1699 adventus
1137 1654 1436 1713 agnoscere
1457 1653 1523 1693 ea
1553 1652 1672 1709 qua:
1693 1634 1873 1691 omnia
1893 1642 2140 1702 noverat,

553 1738 608 1787 et
640 1731 883 1790 indicare
912 1731 1150 1798 nolebat,
1185 1728 1393 1784 Veritas
1421 1724 1555 1783 dicit
1574 1743 1586 1781 :
1605 1727 1682 1782 De
1700 1724 1793 1780 die
1810 1727 2005 1780 autem
2033 1723 2139 1778 illa

550 1786 608 1877 et
624 1786 943 1879 horanemo
958 1786 1100 1888 scit,
1139 1786 1319 1892 neque
1348 1815 1539 1887 angeli
1554 1815 1710 1879 exta,
1736 1829 1915 1885 neque
1931 1812 2133 1878 Filius,
2166 1786 2219 1844 Β

549 1909 667 1966 nisi
693 1910 847 1967 solus
878 1908 1249 1978 Pater(Marc.
1268 1921 1386 1972 xm,
1402 1902 1515 1975 32).
1535 1901 1676 1971 Quid
1694 1908 1777 1956 est
1797 1900 1940 1971 quod
1962 1899 2139 1954 sciens

554 1998 740 2053 omnia
769 1998 935 2055 Filius
952 1996 1145 2067 judicii
1175 1995 1321 2051 diem
1350 1992 1541 2057 nescit,
1580 1994 1619 2058 1
1637 1990 1729 2059 18
1762 1988 1861 2043 nisi
1888 1988 2010 2058 quia
2042 1987 2139 2042 in-

556 2088 640 2137 ter
658 2090 853 2138 cuncta
879 2098 1003 2155 qua:
1031 2083 1275 2144 noverat,
1307 2078 1452 2134 diem
1481 2079 1678 2144 sciens,
1709 2077 1971 2132 nescebat
2013 2092 2138 2131 eum

553 2179 614 2226 ut
640 2171 864 2237 diceret,
895 2171 995 2226 sed
1024 2170 1143 2240 ejus
1170 2176 1384 2239 tempus
1414 2174 1469 2223 et
1514 2166 1824 2238 qualitatem
1882 2164 2141 2220 sciebat?

556 2260 693 2316 Hinc
717 2262 957 2316 Joannes
986 2257 1245 2330 Baptista,
1278 2257 1369 2327 qui
1393 2256 1684 2312 Dominum
1713 2255 1949 2326 perfecte
1978 2268 2143 2307 nove-

552 2357 659 2418 rat,
684 2349 755 2404 ad
786 2364 911 2404 eum
941 2347 1094 2418 quasi
1127 2345 1374 2401 nesciens
1399 2343 1696 2415 discipulos
1751 2342 2016 2407 mittebat,
2048 2341 2140 2396 di-

554 2452 718 2493 cens:
746 2438 822 2493 Tu
845 2452 901 2493 es
920 2436 1018 2508 qui
1032 2439 1308 2491 venturus
1328 2450 1407 2500 es,
1437 2450 1513 2489 an
1542 2433 1720 2488 alium
1744 2437 2142 2503 exspectamus

556 2527 713 2596 (Luc.
746 2540 845 2591 vn,
873 2526 986 2594 20).
1010 2522 1170 2579 Velut
1190 2523 1337 2577 enim
1357 2522 1647 2576 Dominum
1665 2520 1911 2575 nesciens
1924 2518 2143 2575 Samuel

557 2613 912 2686 prmdicabat,
944 2627 1067 2668 cum
1087 2610 1425 2683 evangelista
1448 2608 1751 2675 Mattheus,
1809 2608 2143 2663 divinitatem

553 2700 930 2773 Redemptoris
956 2699 1296 2771 praeteriens,
1329 2715 1361 2754 a
1389 2698 1504 2754 sola
1534 2699 1867 2753 humanitate
1907 2697 2028 2767 ejus
2057 2696 2145 2751 in-

555 2790 792 2858 choavit,
821 2790 1009 2845 dicens
1035 2807 1048 2844 :
1072 2788 1238 2844 Liber
1256 2788 1643 2859 generationis
1671 2789 1803 2843 Jesn
1819 2786 2031 2844 Christi
2039 2787 2149 2854 ﬁlii

551 2880 747 2947 David,
792 2879 1200 2950 ﬁliiAbraham
1234 2878 1457 2946 (Matth.
1481 2892 1520 2943 ι,
1542 2879 1593 2942 1,
1617 2877 1774 2949 seq.).
1810 2875 1918 2931 Sed
1947 2876 2149 2930 sciebat

553 2969 802 3041 profecto
831 2968 1145 3035 Dominum,
1175 2974 1231 3022 et
1263 2966 1528 3022 revelatus
1556 2974 1673 3021 erat
1692 2965 1741 3021 ei
1762 2981 1944 3021 sermo
1964 2965 2150 3020 Domi-

554 3059 632 3125 ni,
661 3073 785 3113 cum
813 3059 1070 3124 Joannes,
1102 3055 1438 3112 divinitatem
1477 3055 1598 3125 ejus
1657 3055 1769 3111 alta
1822 3055 2148 3124 exponendo

551 3145 875 3218 suscipiens,
900 3146 975 3201 ait
996 3163 1009 3200 :
1030 3146 1096 3200 In
1115 3146 1402 3218 principio
1423 3149 1548 3200 erat
1575 3144 1825 3209 Verbum,
1846 3148 1899 3199 et
1926 3145 2150 3199 Verbum

547 3239 674 3292 erat
702 3234 854 3305 apud
884 3235 1081 3299 Deum,
1100 3237 1157 3290 et
1177 3235 1323 3288 Deus
1343 3237 1468 3289 erat
1505 3233 1735 3289 Verbum
1760 3234 1950 3303 (Joan.
1997 3249 2036 3297 ι,
2072 3232 2145 3300 1).

555 3322 848 3380 Nesciebat
877 3322 1192 3389 Dominum,
1224 3336 1348 3377 cum
1371 3321 1563 3376 Paulus
1585 3321 1910 3393 loqueretur,
1932 3322 2145 3376 dicens:

553 3413 757 3469 Factus
771 3427 897 3468 sum
913 3413 1102 3469 omnia
1116 3411 1392 3477 omnibus,
1414 3414 1480 3465 ut
1498 3426 1691 3466 omnes
1706 3414 1953 3481 facerem
1969 3411 2055 3465 sal
2062 3426 2149 3465 vos

549 3500 606 3572 (1
623 3500 744 3557 Cor.
770 3515 850 3567 ix,
875 3501 986 3570 22).
1019 3498 1124 3569 Qui
1154 3498 1298 3554 enim
1330 3496 1561 3553 infirmis
1592 3498 1861 3565 inﬁrmus,
1910 3506 1961 3552 et
2018 3514 2151 3569 par-

550 3588 697 3645 vulis
728 3588 893 3643 ﬁebat
922 3588 1205 3658 parvulus,
1237 3594 1296 3642 et
1324 3586 1580 3641 omnibus
1636 3586 1838 3654 omnia,
1896 3587 2155 3642 nimirum

550 3692 674 3733 cum
704 3675 1085 3750 ignorantibus
1113 3675 1275 3730 etiam
1308 3674 1617 3747 ignorabat.
1648 3675 1788 3729 Nam
1832 3683 1892 3730 ut
1917 3676 2158 3743 ejusdem

554 3764 877 3837 ignorantiae
907 3764 1074 3820 verbo
1122 3771 1385 3829 uteretur,
1412 3763 1704 3819 Corinthiis
1741 3764 1987 3835 loquens,
2036 3764 2106 3819 ait
2142 3784 2153 3819 :

553 3854 711 3914 Nihil
714 3853 974 3926 judicavi
991 3868 1080 3909 me
1092 3853 1238 3909 scire
1252 3853 1410 3908 inter
1424 3854 1656 3919 vos,nisi
1671 3852 1953 3909 Christum
1969 3855 2160 3910 Iesum

554 3943 779 3999 ethunc
799 3942 1148 4011 cruciﬁxum
1165 3941 1351 4013 (lbid.,
1373 3956 1436 4011 ιι,
1459 3944 1535 4011 2).
1569 3942 1708 3996 Nam
1739 3957 1864 3998 cum
1894 3942 2160 4013 sapienti-

552 4030 658 4086 bus
686 4038 740 4087 et
768 4030 1059 4086 Dominum
1089 4039 1336 4100 noverat,
1369 4038 1421 4085 et
1444 4045 1751 4086 sermonem
1796 4031 1917 4100 ejus
1946 4032 2159 4088 revela-

557 4127 679 4176 tum
710 4119 958 4177 habebat.
990 4119 1148 4176 Unde
1165 4126 1217 4175 et
1234 4119 1364 4175 dicit
1383 4136 1396 4175 :
1418 4120 1526 4176 Nos
1542 4124 1732 4176 autem
1751 4122 2001 4176 revelata
2023 4122 2174 4191 [acie

558 4209 784 4267 Domini
808 4209 1051 4282 gloriam
1070 4210 1448 4281 speculantes,
1478 4210 1541 4263 in
1576 4209 1829 4264 eamdem
1852 4210 2164 4279 imaginem

560 4301 1065 4368 transformamur,
1077 4302 1349 4369 tanquam
1368 4314 1402 4352 a
1415 4296 1642 4352 Domini
1652 4298 1795 4368 spiri
1805 4298 1917 4359 tut’l
1924 4299 1943 4351 Ι
1956 4296 2023 4353 Co
2032 4313 2146 4352 r.m
2156 4339 2169 4364 ,

559 4387 670 4455 18).
684 4386 822 4442 Hinc
840 4386 973 4441 item
988 4385 1242 4456 loquitur,
1266 4384 1455 4440 dicens
1477 4402 1488 4436 :
1507 4386 1858 4456 Sapientiam
1880 4386 2168 4457 loquimur

558 4473 717 4528 inter
732 4475 1037 4544 perfectos,
1056 4488 1170 4528 non
1190 4473 1536 4543 sapientiam
1555 4473 1725 4543 hujus
1739 4473 1961 4539 mundi,
1980 4490 2164 4547 neque
2193 4486 2244 4546 ι)

561 4560 890 4633 principum
901 4561 1071 4632 hujus
1080 4559 1402 4629 swculi,sed
1414 4561 1697 4633 loquimur
1708 4563 1807 4616 Dei
1820 4563 2169 4634 sapientiam

567 4665 690 4721 quae
711 4650 776 4704 in
811 4650 1080 4721 mysterio
1113 4649 1446 4705 abscondita
1484 4653 1568 4706 est
1590 4649 1647 4718 (I
1680 4650 1800 4706 Cor.
1833 4666 1892 4719 ιι,
1927 4657 1998 4721 6).
2032 4653 2168 4710 lliac

571 4736 699 4792 item
730 4752 853 4791 eum
883 4752 1043 4807 quem
1075 4744 1301 4792 noverat
1329 4737 1617 4793 Dominum
1642 4739 1921 4810 praedicat,
1941 4741 2163 4798 dicens:

577 4824 681 4892 Qui
692 4841 821 4880 rum
839 4826 915 4880 sit
930 4825 1198 4896 splendor
1210 4827 1487 4898 glorise,“
1501 4827 1683 4896 ﬁgura
1700 4827 2037 4885 substantiae
2048 4831 2169 4898 eius

574 4917 920 4986 portamque
936 4916 1130 4971 omnia
1167 4916 1325 4972 verba
1364 4916 1595 4972 virtutis
1622 4932 1759 4981 suae,
1774 4919 2170 4987 purgationem

573 5005 939 5074 peccatorum
953 5002 1348 5071 [aciens,sedet
1364 5003 1436 5058 ad
1455 5003 1750 5059 dexteram
1769 5006 2088 5075 majestatis
2109 5007 2170 5061 in

579 5087 849 5158 excelsis,
866 5093 965 5145 tan
976 5094 1029 5144 to
1062 5090 1265 5145 melior
1279 5092 1498 5162 angelis
1519 5092 1769 5162 effectus,
1783 5097 1995 5161 quanto
2007 5094 2171 5165 diffe-

582 5180 805 5237 rentius
815 5194 934 5250 pra:
944 5178 1063 5235 illis
1076 5193 1282 5235 nomen
1308 5179 1685 5236 hxreditavit.
1711 5181 1813 5236 Cui
1829 5181 1983 5235 enim
2020 5182 2174 5238 dixit

581 5269 937 5339 angelorum:
950 5268 1128 5325 Filius
1142 5283 1300 5324 meus
1311 5283 1368 5323 es
1381 5272 1566 5338 tu,ego
1583 5267 1743 5324 hodie
1751 5270 1922 5340 genui
1936 5270 2172 5331 tetHebr.

583 5368 625 5420 ι,
657 5355 779 5422 3-5)
796 5355 825 5407 ?
844 5356 1068 5412 Nescire
1094 5371 1230 5428 ergo
1250 5356 1540 5412 Dominum
1556 5355 1770 5422 dicitur,
1792 5372 1898 5410 non
1919 5357 2176 5428 ignoran-

582 5439 657 5494 tia
684 5441 1030 5515 cognitionis,
1061 5446 1160 5501 sed
1188 5451 1455 5514 pratextu
1484 5444 1859 5517 simplicitatis.
1890 5444 2173 5517 Sequitur:

1738 302 1986 368 SANCTI
2025 302 2367 366 GREGORII
2406 302 2631 365 MAGNI

546 439 606 491 ut
634 431 791 492 bonis
810 449 931 510 qua
959 442 1177 509 cuperet
1208 432 1387 511 aliqua
1416 433 1648 508 reproba
1704 450 1812 491 non
1852 434 2123 490 misceret.
2155 432 2212 495 Α

3709 313 3803 375 152

2310 435 2487 503 (Vers.
2539 432 2621 504 9.)
2668 430 2970 490 Intellexit
3026 445 3155 505 ergo
3204 428 3334 488 Heli
3373 434 3499 505 quia
3544 434 3802 499 Dominus

2242 527 2468 580 vocaret
2496 540 2761 595 puerum.

2317 616 2409 667 15.
2449 614 2585 667 Nam
2612 613 2658 667 si
2685 628 2791 668 non
2822 612 3167 686 intelligeret,
3201 628 3302 683 per
3330 629 3483 671 sacra
3513 613 3712 688 eloquia
3762 618 3807 676 ei

2245 700 2435 757 salutis
2465 701 2690 756 consilia
2737 718 3081 773 nequaquam
3139 702 3509 761 ministrasset.
3566 705 3813 764 lntellexit

2245 805 2481 860 namque
2493 790 2617 863 quia
2629 790 3173 861 praevidit.Quidquid
3191 791 3333 845 enim
3345 795 3488 847 omni
3498 796 3810 863 potensDeus

2247 879 2303 933 in
2337 879 2740 935 constructione
2759 880 2950 935 futurae
2968 879 3225 937 Ecclesiae
3249 897 3414 952 agere
3431 882 3699 953 disposuit,
3719 887 3814 941 hoc

2246 968 2516 1023 veteribus
2542 968 2788 1023 Patribus
2829 984 2926 1038 per
2976 977 3217 1022 sanctum
3257 969 3535 1038 prophetas
3583 972 3810 1041 spiritum

2245 1056 2524 1112 revelavit.
2558 1056 2697 1111 Nam
2746 1073 2844 1126 per
2890 1058 3062 1113 Amos
3104 1059 3427 1127 prophetam
3464 1058 3813 1117 dicitueron

2245 1146 2421 1216 faciet
2448 1147 2720 1201 Dominus
2740 1146 2884 1201 Deus
2914 1146 3161 1211 verbum,
3180 1147 3321 1219 quod
3360 1163 3471 1203 non
3502 1150 3812 1204 revelaverit

2245 1234 2423 1290 servis
2442 1236 2561 1290 suis
2583 1234 2871 1307 prophetis
2891 1234 3103 1306 (Amos,
3124 1251 3205 1302 ιιι,
3238 1236 3315 1297 7).
3348 1234 3488 1303 Quid
3517 1236 3655 1291 enim
3683 1237 3816 1293 aliud

2248 1339 2407 1393 quam
2426 1339 2688 1378 novorum
2710 1323 3122 1393 praedicatorum
3145 1324 3483 1379 vocationem
3505 1324 3817 1380 intellexerat

2249 1412 2337 1482 qui
2378 1411 2577 1467 dicibat
2603 1430 2614 1467 :
2638 1414 2744 1469 Pro
2783 1414 3042 1485 patribus
3081 1412 3200 1468 tuis
3239 1415 3369 1468 nati
3398 1417 3535 1469 sunt
3565 1414 3664 1468 tibi
3699 1415 3816 1481 lilii,

2247 1502 2558 1557 constitues
2577 1518 2667 1557 eos
2679 1501 2962 1574 principes
2983 1517 3152 1574 super
3176 1518 3401 1558 omnem
3424 1506 3629 1558 terram
3660 1502 3819 1570 (Psal.

2248 1604 2398 1653 xuv,
2442 1589 2550 1657 17).
2605 1588 2711 1644 Sed
2760 1590 2806 1644 ei
2856 1606 3015 1659 quem
3045 1589 3347 1645 vocandum
3390 1589 3645 1645 intellexit
3671 1590 3820 1646 etiam

2248 1673 2531 1728 consilium
2562 1672 3005 1741 subministravit,
3037 1673 3221 1728 dicens
3249 1692 3259 1728 :

2322 1772 2495 1840 (Vers.
2528 1773 2608 1837 9.)
2641 1771 2778 1827 Vade
2800 1772 3071 1837 etdormi,
3105 1776 3161 1827 et
3190 1774 3239 1827 si
3264 1771 3529 1843 deinceps
3560 1772 3823 1829 vocaverit

2250 1863 2323 1926 te,
2357 1860 2506 1915 dices
2525 1880 2543 1915 :
2560 1860 2826 1932 Loquere,
2858 1861 3113 1927 Domine,
3134 1861 3264 1930 quia
3282 1861 3449 1916 audit
3469 1877 3658 1917 servus
3681 1865 3820 1917 tuus.

2320 1951 2407 2005 16.
2438 1949 2557 2002 Jam
2590 1949 2805 2019 quidem
2836 1949 2902 2003 de
2932 1965 3120 2004 somno
3152 1949 3423 2004 Samuelis
3450 1949 3596 2017 satis,
3647 1957 3699 2003 ut
3749 1965 3824 2003 ar-

2248 2035 2417 2091 bitror
2446 2037 2572 2107 quia
2624 2036 2846 2092 internae
2904 2037 3265 2092 meditationis
3318 2037 3556 2107 quietem
3597 2037 3827 2109 designet

2248 2134 2519 2180 ostensum
2550 2133 2647 2181 est.
2681 2125 2783 2195 Qui
2815 2126 3056 2196 profecto
3086 2142 3307 2181 somnus
3352 2127 3426 2181 ab
3455 2126 3573 2181 Heli
3605 2125 3825 2182 Samueli

2248 2214 2575 2284 prmcipitur,
2628 2214 2753 2285 quia
2806 2215 2874 2269 ad
2904 2215 3321 2284 contemplanda
3352 2214 3565 2270 interna
3594 2214 3834 2285 mysteria

2248 2319 2442 2358 vacare
2463 2302 2653 2358 doctor
2670 2319 2768 2371 per
2796 2318 3009 2358 sacrum
3034 2303 3307 2372 eloquium
3330 2304 3575 2358 docetur.
3598 2302 3698 2358 Sed
3716 2300 3835 2372 quid

2249 2401 2331 2447 est
2361 2391 2505 2462 quod
2536 2391 2753 2446 Samuel
2785 2392 2993 2462 quoties
3024 2400 3262 2458 vocatur,
3288 2393 3449 2447 toties
3488 2391 3557 2447 ad
3574 2392 3837 2448 dormien-

2251 2480 2381 2535 dum
2410 2480 2715 2548 remittitur,
2755 2488 2806 2535 et
2838 2489 3013 2534 tamen
3069 2480 3116 2534 ei
3172 2480 3348 2536 adhuc
3388 2497 3725 2552 nequaquam
3747 2479 3837 2549 ju-

2252 2570 2409 2625 betur
2450 2578 2506 2623 ut
2551 2569 2697 2623 dicat
2737 2569 2852 2624 Deo
2891 2587 2902 2622 :
2940 2571 3202 2640 Loquere,
3239 2571 3496 2637 Domine,
3530 2570 3660 2644 quia
3688 2568 3839 2625 audit

2254 2674 2446 2714 servus
2478 2662 2628 2713 tuus.
2664 2657 2743 2711 lbi
2775 2657 2918 2712 enim
2950 2658 3185 2713 dormire
3210 2658 3452 2727 jubetur,
3512 2675 3617 2714 non
3676 2666 3841 2713 tamen

2255 2747 2440 2817 loqui;
2476 2747 2564 2802 hic
2595 2755 2771 2801 autem
2795 2746 2961 2801 etiam
2994 2764 3115 2801 cum
3147 2747 3456 2803 obedienda
3486 2748 3661 2803 somni
3691 2747 3842 2802 etiam

2257 2836 2472 2890 licentia
2520 2834 2819 2905 injungitur
2848 2836 3154 2891 locutionis.
3224 2838 3389 2905 119
3440 2837 3519 2891 Ibi
3572 2836 3729 2891 etiam
3782 2832 3846 2888 ad

2258 2923 2598 2981 dormiedum
2627 2924 2811 2991 misso,
2846 2941 2951 2979 non
2981 2924 3175 2979 dicitur
3221 2943 3232 2979 :
3283 2925 3456 2991 Vade,
3508 2925 3621 2990 sed,
3655 2927 3845 2979 Rever-

2263 3017 2414 3081 tere;
2440 3013 2527 3068 bic
2557 3029 2769 3082 quoque
2799 3028 3138 3083 nequaquam
3165 3013 3359 3068 dicitur
3421 3016 3732 3081 Revertere,
3762 3009 3849 3066 sed

2181 3134 2232 3198 C
2269 3103 2425 3159 Vade.
2472 3100 2616 3170 Quid
2652 3102 2793 3155 enim
2825 3102 2926 3155 sibi
2960 3102 3069 3157 vult
3105 3110 3247 3156 tanta
3278 3101 3639 3173 praecipiendi
3678 3099 3847 3155 varie-

2266 3192 2386 3247 tas?
2416 3190 2589 3260 Quam
2621 3190 2875 3245 nimirum
2908 3190 3219 3245 varietatem
3261 3192 3466 3246 clarius
3496 3189 3849 3262 agnoscimus,

2259 3280 2300 3333 si
2333 3279 2466 3334 illud
2499 3279 2644 3349 quod
2670 3280 2773 3334 hoc
2802 3279 2857 3332 in
2896 3278 3017 3335 loco
3050 3279 3318 3334 Samuelis
3339 3297 3568 3335 somnus
3597 3275 3853 3351 signiﬁcat

2259 3368 2614 3423 attendamus.
2674 3368 2737 3422 Et
2794 3366 2921 3439 quia
2976 3367 3281 3437 superiores
3336 3368 3518 3423 somni
3552 3368 3741 3423 modos
3792 3364 3857 3419 ad

2260 3456 2635 3526 probationem
2665 3456 2931 3511 donorum
2971 3464 3172 3511 sancta)
3229 3456 3541 3511 dilectionis
3590 3455 3857 3512 retulimus

2260 3546 2486 3616 (Supra,
2519 3562 2680 3601 num.
2718 3548 2802 3611 11,
2840 3545 2945 3613 12),
2980 3544 3108 3614 quid
3139 3553 3215 3599 est
3272 3547 3378 3601 hoc
3435 3546 3561 3601 loco
3609 3542 3859 3611 Samueli,

2264 3633 2320 3688 id
2349 3642 2427 3688 est
2455 3649 2595 3689 novo
2626 3633 2965 3703 prmdicatori
2998 3633 3252 3700 dormire,
3286 3633 3389 3687 nisi
3421 3635 3655 3703 probata
3677 3633 3786 3701 jam
3814 3639 3863 3684 et

2267 3722 2485 3793 cognita
2514 3721 2701 3776 eadem
2720 3722 2861 3777 dona
2879 3738 2999 3775 cum
3022 3722 3325 3777 securitatis
3339 3722 3526 3792 quiete
3548 3721 3818 3793 possidere
3834 3719 3861 3771 ‘l

2268 3810 2455 3866 Merito
2488 3809 2653 3883 igitur
2680 3809 2732 3865 ei
2764 3809 2913 3880 prius
2953 3826 3057 3865 non
3088 3810 3368 3865 dicebatur
3418 3810 3593 3877 Vade,
3655 3810 3745 3865 sed
3778 3811 3864 3865 Re-

2267 3904 2521 3962 vertere:
2566 3914 2707 3954 nunc
2736 3907 2915 3953 autem
2947 3915 3052 3953 non
3085 3901 3401 3968 Revertere,
3438 3899 3538 3954 sed
3579 3899 3736 3955 Vade.
3769 3894 3865 3966 Qui

2270 3990 2415 4044 enim
2447 3988 2626 4043 adhuc
2657 3988 3000 4043 examinabat
3038 3988 3230 4042 reverti
3246 3988 3566 4057 jubebatur,
3602 3997 3657 4042 ut
3688 3985 3869 4041 mentis

2274 4077 2657 4149 tranquillitate
2688 4076 2836 4130 aliud
2862 4076 3063 4130 donum
3098 4075 3415 4145 discuteret,
3452 4078 3545 4147 qui
3578 4075 3725 4131 aliud
3763 4074 3867 4144 jam

2272 4166 2461 4220 eadem
2498 4166 2690 4219 mentis
2718 4164 2893 4234 quiete
2909 4166 3272 4235 cognovisset.
3308 4165 3369 4219 Ei
3392 4174 3580 4220 autem
3612 4165 3737 4235 quia
3760 4163 3870 4233 jam

2272 4262 2463 4308 cuncta
2494 4253 2853 4308 examinando
2883 4253 3225 4322 probaverat,
3269 4253 3410 4310 Vade
3441 4254 3664 4321 dicitur,
3678 4251 3797 4322 quia
3810 4248 3872 4303 ad

2274 4341 2601 4411 possidenda
2632 4342 2849 4415 Cognita
2880 4358 3065 4397 secura
3080 4342 3197 4411 jam
3230 4342 3531 4399 intentione
3553 4342 3873 4397 mittebatur.

2276 4431 2382 4484 Cur
2410 4446 2541 4502 ergo
2571 4430 2723 4499 prius
2782 4446 3001 4485 somnus
3056 4430 3169 4485 sine
3227 4430 3507 4486 locutione
3549 4429 3873 4501 praecipitur,

2274 4533 2417 4573 nunc
2447 4526 2625 4571 autem
2657 4532 2879 4571 somnus
2908 4533 3028 4571 cum
3061 4518 3347 4585 locutione,
3381 4519 3488 4572 nisi
3522 4518 3651 4589 quia
3680 4532 3784 4571 non
3812 4514 3879 4568 li-

2277 4597 2433 4653 cebat
2463 4597 2647 4651 dicere
2668 4598 2931 4670 Loquere,
2955 4597 3053 4650 nisi
3085 4596 3133 4651 ci
3163 4598 3249 4666 qui
3284 4613 3416 4651 vera
3438 4598 3758 4668 cognitione
3776 4610 3882 4650 cer.

2280 4693 2363 4738 tus
2393 4684 2645 4738 existeret
2674 4683 2800 4753 quia
2838 4684 2886 4736 is
2916 4683 3005 4752 qui
3036 4683 3347 4752 loqueretur
3403 4684 3610 4739 mentis
3659 4698 3769 4737 suae
3799 4679 3883 4735 af-

2282 4763 2508 4818 fectibus
2539 4765 2681 4819 Deus
2717 4763 2899 4817 esset“?
2958 4762 3301 4817 Examinanti
3329 4778 3470 4833 ergo
3531 4780 3645 4819 non
3673 4763 3882 4823 dicitur,

2279 4849 2404 4919 quia
2433 4848 2533 4902 nisi
2566 4849 2872 4918 loquentem
2899 4847 3042 4901 intus
3095 4847 3332 4916 perfecte
3389 4847 3689 4916 dijudicet,
3736 4845 3884 4902 locu-

2281 4934 2478 4987 tionem
2508 4931 2807 5001 spiritalem
2839 4930 2945 4984 sibi
2977 4930 3153 4986 adhuc
3182 4930 3447 4986 incertam
3470 4947 3581 4987 non
3613 4931 3778 4986 debet
3798 4944 3890 4986 cu-

2278 5031 2427 5087 pere,
2451 5024 2503 5070 et
2532 5016 2781 5086 excipere
2811 5014 2964 5085 quasi
2995 5023 3216 5070 certam.
3277 5015 3476 5070 Dicere
3535 5016 3687 5071 enim
3734 5004 3892 5068 menti

2281 5098 2397 5152 Deo
2425 5096 2695 5166 Loquere,
2728 5103 2811 5149 est
2838 5095 3100 5149 internam
3133 5095 3248 5162 ejus
3280 5094 3683 5163 aspirationem
3713 5106 3894 5150 secure

2283 5182 2553 5251 excipere.
2585 5181 2757 5251 Igitur
2782 5179 3023 5249 perfecte
3060 5178 3414 5245 cognoscenti
3449 5180 3560 5234 hoc
3617 5176 3891 5249 competit,

2282 5287 2390 5327 non
2419 5268 2687 5340 probanti,
2722 5268 2847 5339 quia
2875 5275 2998 5322 ante
3020 5266 3287 5335 judicium
3344 5266 3553 5322 interni
3614 5266 3893 5332 examinis,

2283 5361 2421 5416 sicut
2448 5359 2630 5413 divina
2656 5356 2855 5412 locutio
2882 5372 2990 5410 non
3032 5355 3311 5425 probatur,
3367 5356 3449 5409 ita
3503 5356 3658 5426 quod
3689 5356 3758 5411 de
3786 5355 3896 5409 Deo

2281 5449 2439 5506 nobis
2468 5457 2519 5504 et
2550 5446 2882 5518 incognitum
2911 5460 3014 5515 pro
3045 5452 3191 5501 certo
3220 5451 3272 5500 et
3300 5441 3535 5515 cognito
3585 5460 3698 5502 non
3744 5443 3898 5501 exci-

656 5614 727 5683 ta)
756 5613 957 5683 Gilot.,
989 5633 1144 5675 nunc
1172 5620 1305 5677 ordo
1322 5621 1761 5694 praedicatorum
1792 5623 1996 5679 nesciit
2027 5638 2093 5681 ea
2122 5619 2498 5695 perfectione.
