4062 6182
309 284 396 346 153
1041 285 1115 343 IN
1145 281 1419 344 PRIMUM
1449 282 1693 343 REGUM
1726 276 2272 339 EXPOSITIONES.
2311 314 2381 326 --
2411 283 2543 341 LIB.
2584 282 2677 341 Ill.

3506 280 3606 344 ibi

307 415 455 489 pitur.
485 410 700 471 Dictum
738 429 969 489 namque
1006 419 1089 471 est
1133 411 1373 468 Samueli
1407 409 1556 468 Vade
1585 413 1643 467 et
1689 407 1899 477 dormi,
1931 405 1987 464 Α
2016 406 2425 479 praedicationis
2463 409 2696 467 ofﬁcium
2725 409 2938 484 duplex
2968 410 3215 485 praebuit,
3259 416 3315 468 ut
3353 409 3612 470 videlicet

308 505 419 577 quia
448 519 574 560 cum
607 503 741 560 ordo
770 512 1077 560 sanctorum
1106 502 1525 575 praedicatorum
1556 501 1701 556 dona
1732 498 1897 570 spiri-

306 594 421 648 talia
452 610 550 663 per
569 593 712 649 sacri
751 594 953 666 eloquii
982 591 1359 665 probationem
1403 589 1610 658 didicit,
1642 588 1897 660 ejusdem

290 680 494 738 sancta:
522 683 805 754 scripturae
835 682 1141 738 eruditione
1170 682 1449 753 cognovit,
1492 686 1549 734 ut
1578 678 1629 733 in
1657 678 1896 748 ejusdem

304 771 453 828 donis
504 787 570 827 eo
614 772 857 827 securius
901 787 1001 842 per
1049 785 1290 826 amorem
1352 768 1737 841 requiesceret,
1790 783 1898 838 quo

304 876 483 916 eorum
517 861 776 915 virtutem
807 859 1064 930 apertiori
1094 859 1301 913 ratione
1346 857 1715 930 cognovisset.
1748 857 1899 912 Prte—

302 958 511 1019 ceptum
533 965 753 1020 quoque
784 956 864 1003 est
885 949 933 1004 ei
957 957 1011 1002 ut
1042 947 1383 1003 vocantiDeo
1400 946 1615 1001 diceret
1638 947 1897 1017 Loquere»

300 1039 547 1093 Domine.
582 1036 720 1106 Quia
740 1052 907 1092 sacrae
940 1036 1222 1091 locutionis
1241 1036 1413 1090 studio
1437 1035 1629 1090 doctus
1658 1042 1761 1099 est,
1796 1048 1902 1087 non

300 1127 462 1182 solum
523 1142 626 1198 per
677 1126 908 1181 interna:
950 1124 1274 1180 visitationis
1315 1124 1547 1197 gratiam
1595 1124 1904 1195 loquentem

301 1216 590 1271 Dominum
646 1216 845 1270 devote
902 1214 1107 1280 audire,
1161 1214 1265 1268 sed
1325 1214 1573 1267 silentem
1611 1213 1792 1279 etiam,
1848 1218 1908 1266 ut

304 1304 440 1374 loqui
470 1304 808 1375 dignaretur,
842 1303 1059 1374 magnis
1100 1302 1388 1357 desideriis
1417 1300 1732 1371 implorare.

275 1382 291 1423 ί
367 1395 545 1463 (\‘ers.
559 1393 640 1462 9.)
658 1393 809 1450 Abiit
820 1408 950 1465 ergo
964 1391 1217 1456 Samuel,
1238 1395 1294 1448 et
1308 1390 1571 1449 dormivit
1584 1392 1645 1445 in
1662 1391 1775 1446 loco
1787 1405 1908 1444 suo.

368 1484 457 1537 17.
492 1483 595 1537 Tot
635 1481 801 1536 habet
844 1481 968 1535 loca
1016 1481 1343 1550 praedicator
1387 1487 1581 1535 sanctae
1627 1479 1906 1543 Ecclesiae,

304 1580 423 1641 quot
487 1570 769 1642 profectus
818 1569 964 1625 vitae.
1025 1570 1178 1625 Unde
1218 1576 1273 1624 et
1323 1568 1595 1639 profectus
1652 1568 1737 1622 sui
1790 1568 1911 1623 loca

299 1659 493 1714 divinis
538 1658 798 1714 laudibus
827 1673 1178 1724 consecrans,
1220 1657 1412 1713 beatus
1437 1658 1541 1712 Job
1584 1657 1714 1712 dicit
1752 1675 1763 1711 :
1798 1658 1907 1712 Per

2009 497 2325 571 Synagogae
2363 500 2674 571 superbiam
2727 502 3042 572 repellendo
3082 510 3402 565 contereret.
3426 507 3483 557 et
3502 502 3609 558 bu-

2005 587 2286 642 militatem
2325 590 2647 660 gentilitatis
2678 591 2745 645 ad
2776 590 2937 646 ﬁnem
2978 592 3226 647 vocando
3267 592 3600 648 sublevaret.

2011 676 2105 730 Vel
2160 687 2303 732 certe
2360 679 2598 734 secundo
2647 688 2885 745 vocatur,
2928 680 3050 750 quia
3091 681 3145 734 in
3189 680 3608 736 destructionem

2007 765 2205 820 veteris
2233 768 2466 822 hominis
2494 776 2656 838 atque
2697 768 2755 822 in
2798 768 2919 823 novi
2951 768 3365 824 aediﬁcationem
3397 770 3608 826 excita-

2009 858 2110 906 tur.
2134 852 2380 909 Vocatus
2400 864 2481 910 est
2496 871 2628 928 ergo
2649 857 2819 912 semel
2842 872 2961 911 eum
2986 873 3084 926 per
3103 858 3349 926 spiritum
3368 858 3608 911 instrue-

2011 940 2166 995 batur
2184 943 2415 1013 qualiter
2428 954 2650 1013 peecata
2678 952 2729 998 et
2752 944 2887 1000 vitia
2910 945 2963 999 in
2992 953 3336 1016 peccatorum
3360 944 3611 999 cordibus

2010 1028 2195 1085 delere
2234 1032 2525 1101 potuisset,-
2564 1034 2806 1089 secundo
2835 1043 3075 1099 vocatus,
3109 1050 3232 1090 cum
3266 1032 3459 1089 interni
3490 1049 3611 1089 ma-

2011 1118 2214 1190 gisterii
2234 1136 2356 1175 eum
2390 1123 2545 1177 Deus
2573 1122 2905 1179 documento
2935 1123 3202 1191 instruxit,
3235 1130 3311 1191 ut,
3345 1124 3615 1178 destructa

2012 1207 2066 1260 in
2098 1217 2276 1265 mente
2297 1225 2681 1266 conversorum
2704 1212 2995 1283 impietatis
3013 1211 3390 1277 zediticatione,
3417 1226 3612 1267 novam

2015 1308 2320 1352 sanctarum
2351 1298 2606 1354 virtutum
2632 1300 2900 1356 fabricam
2936 1301 3146 1374 erigere
3180 1300 3420 1355 deberet.
3453 1300 3614 1370 Quod

2015 1387 2262 1457 profecto
2293 1389 2683 1460 magisterium,
2736 1390 2863 1460 quia
2904 1391 3038 1445 ordo
3068 1397 3378 1444 sanctorum
3408 1387 3612 1459 praedi-

2016 1479 2259 1530 catorum
2308 1485 2361 1531 et
2402 1478 2632 1533 libenter
2677 1478 2883 1549 didicit,
2931 1487 3093 1551 atque
3130 1478 3200 1533 ad
3247 1477 3611 1533 obediendum

2016 1563 2211 1619 devote
2240 1582 2299 1620 se
2328 1566 2541 1634 obtutit,
2573 1568 2845 1624 subditur:

2089 1653 2263 1724 (Vers.
2286 1656 2399 1724 10.)
2434 1657 2524 1711 Ait
2558 1673 2690 1727 ergo
2721 1658 2987 1713 Samuel:
3036 1655 3309 1729 Loquere,
3352 1657 3609 1723 Domine,

302 1750 562 1821 singulos
590 1748 797 1819 gradus
825 1764 975 1804 meos
994 1748 1377 1820 pronuntiabo
1412 1763 1539 1803 eum
1574 1746 1708 1815 (Job.
1742 1762 1898 1814 xxxi,
1931 1756 1983 1816 Β
2016 1744 2151 1814 quia
2180 1744 2344 1799 audit
2372 1761 2565 1801 servus
2598 1750 2748 1802 tuus.

302 1839 398 1903 37).
432 1838 565 1893 Non
588 1837 738 1892 enim
778 1836 897 1907 jam
934 1837 986 1891 in
1026 1835 1149 1891 loco
1170 1836 1456 1902 examinis,
1493 1834 1589 1889 sed
1615 1843 1777 1891 certae
1806 1849 1902 1890 co-

300 1926 556 1997 gnitionis
588 1926 809 1993 s’stitur,
846 1940 973 1980 cum
1020 1925 1089 1979 ad
1120 1924 1315 1980 altiora
1354 1923 1690 1979 sublevatur.
1731 1923 1903 1978 Locus

303 2029 538 2086 namque
586 2013 958 2086 pradicatoris
989 2030 1172 2069 rerum
1219 2013 1723 2084 cognoscendarum
1756 2019 1903 2068 certa

295 2104 539 2177 cognitio
573 2111 676 2160 est.
726 2104 868 2159 Nam
915 2102 984 2157 de
1014 2102 1259 2173 reprobis
1304 2101 1748 2172 praedicatoribus
1795 2102 1902 2155 Do-

300 2195 476 2248 minus
510 2192 645 2248 dicit
670 2210 683 2247 :
726 2194 998 2248 Tenentes
1018 2193 1191 2263 legem
1221 2207 1430 2257 meam,
1453 2193 1786 2247 nescierunt
1813 2206 1904 2245 me

298 2282 520 2351 (lerem.
548 2296 611 2349 ιι,
631 2282 706 2351 8).
729 2284 790 2336 In
808 2281 930 2337 loco
952 2280 1123 2353 igitur
1140 2294 1236 2334 suo
1254 2278 1468 2334 Samuel
1486 2278 1754 2347 dormivit,
1779 2293 1903 2334 cum

294 2371 419 2426 ordo
466 2370 769 2426 doctorum
802 2369 1123 2440 spiritalium
1163 2385 1342 2423 rerum
1379 2369 1747 2440 cognitionem
1779 2383 1903 2423 cum

297 2459 617 2515 eertitudine
646 2458 891 2513 veritatis
936 2457 1169 2512 retinuit.
1204 2457 1317 2512 Sed
1362 2456 1414 2511 in
1464 2473 1626 2528 quem
1674 2457 1904 2528 gradum

299 2547 550 2621 proﬁciat
565 2547 951 2615 ostendiditur,
972 2546 1096 2616 quia
1126 2554 1351 2616 repente
1380 2545 1731 2601 subint‘ertur.

360 2638 548 2707 (Vers.
586 2638 701 2707 10.)
746 2635 913 2692 Venit
937 2651 1062 2707 ergo
1089 2636 1378 2703 Dominus,
1412 2639 1467 2691 et
1496 2635 1681 2690 stetit.

364 2730 451 2781 18.
490 2723 635 2793 Quia
666 2740 781 2779 non
811 2724 1010 2790 redire,
1044 2723 1139 2779 sed
1172 2723 1356 2778 venire
1398 2722 1660 2777 Dominus
1689 2722 1900 2791 dicitur,

302 2814 505 2869 Iudaeae
535 2814 818 2868 destitutio
847 2820 899 2868 et
944 2821 1144 2868 sanctae
1192 2811 1458 2867 Ecclesiae
1490 2811 1719 2867 visitatio
1750 2812 1903 2867 desi-

295 2912 519 2975 gnatur.
553 2902 713 2959 Unde
730 2917 838 2956 non
858 2900 1033 2957 solum
1055 2901 1260 2967 venire,
1281 2900 1374 2955 sed
1393 2907 1533 2955 stare
1562 2900 1900 2971 perhibetur.

295 2991 373 3046 Ad
397 2992 607 3047 Iudaeae
626 2992 704 3060 (a)
723 2988 1082 3046 visitationem
1103 3005 1160 3044 se
1175 2987 1388 3044 venisse
1408 2989 1658 3057 insinuat,
1687 2990 1899 3045 dicens:

2083 1835 2172 1886 20.
2206 1832 2415 1886 Audire
2453 1833 2764 1904 loquentem
2813 1835 2987 1891 Deum
3019 1841 3285 1906 praecepta
3325 1836 3443 1905 ejus
3471 1849 3612 1905 ope-

2009 1919 2161 1974 ribus
2191 1920 2493 1991 adimplere
2532 1930 2635 1977 est.
2670 1922 2829 1992 Quod
2879 1933 3061 1979 contra
3093 1924 3148 1977 in
3186 1922 3488 1995 Evangelia
3518 1939 3610 1978 re-

2008 2009 2198 2080 probis
2227 2026 2328 2079 per
2352 2011 2696 2083 semetipsum
2731 2013 2936 2067 Veritas
2964 2012 3124 2067 dicit:
3165 2015 3268 2082 Qui
3296 2029 3370 2069 ea:
3392 2014 3498 2069 Deo
3528 2016 3614 2068 est

2012 2099 2173 2154 verba
2205 2100 2303 2154 Dei
2326 2100 2525 2168 audit;
2546 2106 2841 2174 propterea
2865 2119 2954 2157 vos
2983 2118 3100 2157 non
3121 2102 3357 2168 auditis,
3378 2105 3513 2173 quia
3533 2118 3606 2158 ea:

2009 2187 2120 2243 Deo
2149 2204 2264 2243 non
2289 2190 2461 2259 estis(
2492 2191 2653 2247 Joan.
2678 2205 2796 2258 vm,
2822 2193 2930 2253 47).
2956 2191 3065 2246 Sed
3085 2191 3324 2245 audienti
3355 2190 3499 2261 quod
3529 2189 3611 2244 in-

2011 2276 2227 2331 sinuare
2258 2278 2463 2347 appetit
2485 2277 2665 2333 subdit
2691 2297 2705 2345 ;
2741 2295 2974 2349 namque
3005 2279 3284 2352 sequitur:

2083 2365 2241 2435 (Vera
2272 2367 2384 2435 11.)
2417 2369 2483 2422 Et
2510 2370 2597 2422 ait
2643 2368 2916 2423 Dominus
2945 2369 3017 2424 ad
3071 2369 3397 2424 Samuelem
3425 2387 3440 2421 :
3471 2370 3609 2424 Ecce

2011 2457 2161 2526 facio
2183 2455 2410 2511 verbum
2430 2457 2493 2511 in
2513 2457 2707 2523 Israel,
2731 2458 2873 2530 quod
2885 2458 3200 2531 quicunque
3217 2456 3468 2514 audierit
3487 2458 3609 2512 tin-

2011 2546 2179 2599 nient
2209 2546 2388 2601 ambw
2413 2562 2581 2601 aures
2612 2547 2752 2617 ejus.

2084 2632 2153 2687 Et
2182 2633 2325 2688 idem
2356 2634 2579 2689 verbum
2610 2635 2878 2707 aperiens,
2911 2635 2985 2691 ait
3010 2651 3023 2690 :

2084 2732 2259 2798 (Vers.
2282 2734 2344 2784 13
2368 2736 2423 2786 et
2446 2735 2555 2801 14.)
2578 2732 2838 2788 Prwdixi
2855 2736 3008 2789 enim
3022 2734 3072 2789 ei
3086 2735 3228 2807 quod
3236 2732 3610 2806 jurlicaturus

2012 2835 2190 2875 essem
2232 2819 2457 2876 domum
2479 2822 2599 2889 ejus
2624 2838 2793 2894 usque
2828 2825 2890 2877 in
2925 2827 3202 2878 aeternum
3236 2827 3466 2895 propter
3488 2822 3609 2877 ini-

2012 2911 2309 2981 quitatem,
2341 2925 2402 2965 eo
2423 2910 2565 2981 quod
2584 2915 2817 2966 noverat
2842 2911 3075 2981 indigne
3095 2927 3258 2983 agere
3287 2912 3437 2980 ﬁlios
3458 2927 3609 2977 suos,

2012 3004 2068 3052 et
2115 3014 2231 3053 non
2279 2998 2553 3070 corripuit
2594 3014 2704 3054 eos.
2750 2999 2962 3055 Idcirco
3000 3000 3196 3072 juravi
3235 3000 3428 3056 domui
3475 2999 3613 3055 Heli

296 3080 407 3135 Non
426 3097 557 3135 sum
594 3080 807 3134 missus
836 3079 952 3134 nisi
983 3078 1054 3133 ad
1087 3094 1209 3134 oves
1233 3095 1354 3149 qua:
1381 3080 1677 3149 perierunt
1707 3078 1905 3135 domus
1935 3115 1983 3176 ε
2011 3087 2152 3160 quod
2182 3103 2295 3141 non
2327 3090 2597 3158 expietur
2616 3087 2894 3161 iniquitas
2917 3088 3110 3145 domus
3133 3089 3252 3159 ejus
3278 3089 3522 3144 victimis
3553 3091 3611 3145 et

293 3169 462 3224 Israel
494 3169 719 3237 (Matth.
754 3184 845 3232 xv,
876 3168 992 3234 24).
1023 3166 1130 3221 Sed
1171 3166 1397 3221 veniens
1435 3182 1544 3221 non
1576 3166 1742 3236 stetit,
1776 3168 1903 3237 quia

291 3257 475 3312 salutis
500 3273 620 3311 suae
658 3256 863 3310 bonum
902 3262 1338 3310 contemnentem
1374 3255 1631 3311 deseruit.
1665 3257 1818 3312 Unde
1848 3261 1903 3311 et

293 3344 606 3418 Synagogae
636 3344 977 3415 principibus
995 3344 1250 3410 minatur,
1274 3343 1460 3399 dicens
1486 3364 1498 3399 :
1535 3345 1905 3416 Relinqu‘tur

294 3435 436 3491 vobis
465 3436 674 3492 domus
705 3437 893 3489 vestra
934 3432 1161 3488 deserta
1191 3431 1381 3502 (Ibid.,
1425 3449 1584 3502 χχιιι,
1620 3434 1728 3500 38).
1764 3433 1905 3488 Hinc

294 3522 415 3578 item
438 3522 799 3590 denuntians,
819 3520 896 3574 ait
917 3537 931 3577 :
956 3522 1131 3575 Amen
1150 3521 1275 3575 dico
1299 3521 1441 3575 vobis
1460 3522 1590 3594 quia
1609 3523 1907 3592 auferetur

296 3629 328 3667 α
373 3614 524 3668 vobis
583 3612 746 3679 120
796 3626 1057 3680 regnum,
1104 3613 1163 3665 et
1201 3610 1434 3665 dabitur
1470 3612 1630 3680 genti
1665 3611 1909 3680 facienti

295 3702 523 3769 fructus
554 3701 698 3770 ejus.
734 3698 821 3753 Ad
871 3698 1184 3752 Samuelem
1226 3697 1410 3768 itaque
1450 3698 1616 3765 venit,
1655 3705 1709 3753 et
1739 3698 1907 3766 stetit,

297 3790 415 3857 quia
446 3787 845 3859 praedicatores
874 3792 1074 3841 sanctae
1105 3784 1362 3841 Ecclesiae
1393 3786 1560 3840 semel
1592 3788 1907 3858 assumpsit,

295 3892 321 3930 a
334 3876 528 3948 quibus
539 3892 641 3946 per
656 3873 961 3929 custodiam
982 3891 1091 3929 sum
1107 3874 1300 3946 gratim
1319 3874 1542 3930 ulterius
1558 3890 1664 3931 non
1681 3875 1908 3931 recedit.

294 3966 422 4019 Nam
440 3966 508 4018 ad
530 3964 845 4020 Samuelem
868 3971 1110 4027 venerat,
1137 3979 1256 4018 cum
1287 3979 1460 4019 novos
1475 3963 1778 4035 praeferens
1794 3965 1913 4033 orbi

292 4054 703 4124 praedicatores,
738 4052 956 4108 dicebat
983 4069 995 4106 :
1044 4051 1136 4108 Ite
1172 4053 1234 4108 in
1263 4053 1449 4109 orbem
1481 4055 1825 4120 universam,
1857 4057 1915 4110 et

300 4144 609 4212 pradicate
642 4143 1012 4213 Evangelium
1051 4142 1205 4197 omni
1240 4146 1560 4208 creaturae;
1608 4145 1707 4214 qui
1737 4143 1917 4198 credi-

300 4230 467 4300 derit,
490 4235 548 4286 et
572 4230 902 4303 baptizatus
922 4232 1125 4299 fuerit,
1150 4230 1338 4285 salvus
1358 4230 1504 4296 erit;
1526 4230 1620 4301 qui
1642 4247 1767 4287 vero
1788 4246 1905 4286 non

296 4317 626 4383 crediderit,
658 4318 1134 4375 condemnabitur
1157 4319 1340 4385 (Marc.
1368 4333 1486 4384 xvi,
1512 4318 1597 4384 15,
1618 4322 1775 4391 seq.).
1801 4318 1909 4374 Sed

302 4408 344 4462 si
372 4416 517 4463 stare
563 4407 762 4463 debeat
802 4407 896 4478 qui
938 4407 1083 4462 venit
1113 4406 1401 4474 Dominus,
1435 4405 1607 4461 dicat:
1646 4408 1781 4463 Ecce
1810 4423 1908 4479 ego

2010 3175 2339 3232 muneribus
2368 3176 2428 3230 in
2452 3184 2757 3233 wternum.

2083 3268 2169 3318 21.
2205 3262 2346 3332 Quid
2376 3264 2520 3318 enim
2569 3265 2654 3319 his
2685 3265 2863 3321 verbis
2891 3265 3035 3321 aliud
3084 3283 3243 3339 quam
3293 3267 3453 3323 toties
3492 3266 3612 3337 jam

2013 3351 2280 3423 explicata
2325 3352 2646 3408 Judaeorum
2698 3355 2935 3425 repulsio
2983 3355 3350 3428 designatur?
3410 3358 3614 3411 Domus

2014 3456 2250 3511 namque
2297 3440 2672 3510 prmdicatoris
2702 3450 2785 3498 est
2817 3444 3102 3499 multitudo
3145 3444 3328 3516 pepuli
3360 3444 3609 3515 subjecti,

2015 3544 2174 3598 quam
2206 3529 2352 3583 velut
2382 3531 2709 3601 possidendo
2754 3532 3035 3601 inhabitat,
3068 3534 3196 3588 dum
3226 3551 3326 3605 per
3353 3550 3466 3588 suae
3497 3535 3620 3589 sol-

2015 3617 2308 3673 licitudinis
2354 3635 2536 3675 curam
2568 3629 2770 3676 servat.
2829 3623 3033 3678 Domus
3063 3639 3197 3696 ergo
3244 3623 3385 3691 Heli,
3436 3622 3487 3677 id
3538 3630 3618 3678 est

2017 3707 2302 3763 sacerdotii
2333 3710 2544 3778 veteris,
2592 3709 2782 3767 Iudaea
2812 3711 2930 3777 fuit,
2976 3729 3137 3784 quam
3178 3711 3304 3766 dum
3349 3729 3445 3784 per
3479 3728 3616 3767 con-

2018 3798 2384 3853 versationem
2416 3799 2701 3869 reprobam
2725 3800 2907 3865 coluit,
2931 3800 3217 3869 pravitatis
3248 3817 3357 3856 sum
3387 3801 3617 3857 maculis

2020 3884 2359 3940 immundam
2412 3887 2554 3941 fecit.
2607 3887 2712 3955 Qui
2771 3888 3018 3958 profecto
3067 3888 3206 3944 ﬁlios
3238 3905 3366 3944 suos
3396 3890 3617 3961 indigne

2023 3990 2186 4045 agere
2216 3976 2518 4045 conspexit,
2552 3976 2680 4046 quia
2709 3992 2973 4031 summum
2998 3977 3359 4033 sacerdotium
3393 3978 3621 4033 minoris

2022 4062 2226 4119 ordinis
2270 4062 2576 4117 sacerdotes
2604 4064 2659 4117 in
2688 4064 3108 4135 Redemptorem
3139 4066 3421 4121 saevientes
3459 4066 3619 4131 vidit,

2023 4159 2077 4207 et
2107 4167 2202 4206 eos
2230 4167 2336 4205 non
2366 4151 2648 4221 corripuit,
2675 4167 2773 4207 nec
2802 4153 2870 4207 ab
2894 4153 3155 4209 effusione
3189 4155 3318 4208 tanti
3341 4154 3622 4227 sanguinis

2019 4242 2132 4297 ulla
2162 4255 2255 4295 eos
2285 4239 2610 4295 auctoritate
2640 4242 2930 4296 revocavit.
2956 4243 3168 4299 Idcirco
3190 4244 3238 4298 ei
3260 4242 3442 4298 divina
3463 4257 3619 4298 com-

2018 4330 2321 4387 minatione
2354 4329 2682 4399 promittitur
2701 4330 2846 4402 quod
2890 4331 3079 4387 domus
3109 4334 3227 4402 ejus
3256 4333 3307 4386 in
3354 4338 3619 4386 aiternum

2014 4419 2306 4489 judicetur.
2354 4416 2601 4473 Judicarc
2623 4417 2821 4473 ctenim
2846 4418 2941 4474 Dei
2965 4419 3226 4475 damnare
3248 4427 3344 4475 est.
3369 4421 3430 4473 In
3458 4426 3622 4475 aeter-

260 4540 265 4545 .
300 4496 586 4552 vobiscum
618 4512 745 4551 sum
764 4495 1025 4550 omnibus
1046 4494 1235 4550 diebus
1255 4510 1429 4567 usque
1450 4496 1522 4551 ad
1551 4510 1908 4551 consumma-
1941 4471 1993 4530 D
2015 4523 2142 4561 num
2185 4521 2316 4578 ergo
2363 4508 2509 4574 121
2542 4506 2835 4577 judicatup,
2869 4508 2995 4579 quia
3025 4508 3202 4579 perire
3222 4518 3429 4564 εειει-ηει
3457 4524 3621 4581 poena

310 4586 527 4640 tionem
586 4585 786 4641 saeculi
833 4584 1054 4655 (Matth.
1110 4598 1305 4649 xxvin,
1346 4585 1458 4654 20).
1499 4585 1732 4639 Venerat
1774 4600 1908 4658 ergo

303 4673 588 4741 Dominus,
626 4689 732 4729 non
758 4676 818 4727 ut
839 4672 1131 4738 recederet,
1166 4672 1260 4727 sed
1282 4680 1339 4727 ut
1373 4679 1561 4738 staret,
1584 4674 1709 4743 quia
1737 4689 1909 4728 novos

305 4760 431 4817 ﬁdei
454 4763 742 4817 ministros
764 4761 954 4835 elegit,
987 4776 1094 4832 quo
1127 4777 1295 4831 usque
1326 4762 1378 4816 in
1402 4761 1586 4815 mundi
1621 4760 1780 4817 finem
1811 4778 1913 4832 per

303 4858 619 4907 sanctarum
673 4851 934 4904 virtutum
980 4849 1084 4903 sibi
1142 4849 1528 4921 patrimonium
1560 4851 1912 4905 succedentes

303 4940 568 5011 pr0tegit.
588 4939 700 4995 Sed
736 4939 829 5011 qui
865 4938 1011 4993 venit
1034 4954 1132 5009 per
1151 4939 1382 5010 gratiam
1402 4937 1646 5003 visitans,
1684 4939 1777 5010 qui
1806 4946 1909 4993 stat

304 5044 401 5097 per
418 5028 705 5083 electionis
728 5043 844 5083 suae
865 5026 1361 5099 immutabilitatem
1384 5041 1761 5097 perseverans,
1782 5027 1910 5100 quid

305 5117 573 5190 adjungat
601 5117 915 5172 audiamus.

372 5217 553 5285 (γει-ε.
582 5216 693 5286 10.)
742 5214 826 5269 Et
864 5212 1101 5283 vocavit,
1138 5216 1287 5272 sicut
1318 5220 1606 5272 vocaverat
1644 5217 1908 5286 secundo,

307 5303 568 5370 Samuel,
598 5303 860 5360 Samuel.

378 5393 469 5449 19.
506 5392 758 5449 Secundo
788 5392 992 5463 quippe
1029 5392 1265 5461 vocavit,
1291 5393 1417 5465 quia
1442 5393 1490 5449 ei
1523 5395 1578 5449 in
1611 5393 1913 5453 ministerio

382 5599 462 5664 (a)
497 5595 658 5666 Gilot,
694 5598 967 5654 visionem
995 5612 1054 5655 se
1083 5596 1305 5655 venisse
1333 5598 1615 5655 insinuat.

2016 4594 2339 4652 decernitur.
2392 4596 2457 4650 Et
2487 4599 2612 4668 quia
2643 4595 2747 4652 hoc
2788 4603 2992 4652 aeterna
3025 4598 3119 4653 Dei
3150 4598 3620 4655 animadversione

2019 4683 2095 4751 tit,
2116 4684 2475 4754 jurejurando
2508 4700 2566 4739 se
2597 4684 2890 4740 afﬁrmasse
2928 4686 3206 4757 perhibuit
3236 4687 3385 4759 quod
3417 4688 3619 4760 iniqui-

2025 4780 2102 4827 tas
2152 4773 2347 4828 domus
2379 4772 2498 4828 Heli
2530 4772 2581 4827 in
2630 4781 2890 4828 aeternum
2922 4776 3179 4845 precibus
3209 4784 3260 4831 et
3306 4777 3623 4833 muneribus

2020 4876 2129 4916 non
2159 4862 2427 4933 expietur.
2471 4859 2628 4930 Quod
2661 4862 2902 4933 profecto
2934 4872 3120 4934 aperta
3152 4866 3375 4921 veritate
3406 4865 3626 4936 impleri

2017 4949 2401 5021 conspicimus,
2436 4950 2565 5023 quia
2593 4952 2847 5007 Iudaicus
2879 4955 3110 5023 populus
3138 4954 3192 5008 in
3220 4971 3331 5009 suae
3374 4954 3619 5024 perﬁdiae

2022 5038 2384 5094 obstinatione
2415 5047 2747 5109 perseverat.
2785 5038 2924 5108 Quid
2958 5043 3097 5096 enim
3130 5050 3211 5095 est
3238 5058 3483 5112 praesens
3512 5041 3622 5095 du-

2022 5126 2159 5199 ritia,
2195 5136 2243 5183 et
2274 5128 2489 5184 caecitas
2514 5129 2786 5201 quondam
2820 5137 2925 5184 tam
2949 5130 3101 5185 electi
3126 5129 3333 5199 populi,
3367 5130 3469 5183 nisi
3494 5130 3622 5199 jus-

2018 5217 2312 5288 jurandum
2345 5218 2545 5273 divinae
2578 5218 3061 5273 animachrsionis
3082 5219 3109 5270 ξ’
3136 5219 3273 5272 Nam
3297 5217 3465 5289 digno
3486 5234 3623 5291 sup-

2020 5306 2187 5378 plicio
2216 5323 2273 5363 se
2303 5307 2403 5361 sub
2431 5312 2631 5362 aeterna
2662 5314 2832 5360 morte
2870 5305 3129 5371 cohibuit,
3177 5306 3265 5376 qui
3298 5306 3366 5360 ad
3397 5318 3621 5364 mortem

2022 5398 2289 5468 temporis
2338 5404 2595 5453 aternam
2628 5394 2791 5450 vitam
2838 5407 3038 5465 cogere
3069 5408 3175 5450 non
3218 5396 3467 5469 expavit.
3510 5398 3620 5455 Sed
