4062 6182
518 296 622 357 155

1658 294 1910 361 SANCTI
1948 293 2295 361 GREGORII
2333 292 2532 354 MAGN
2537 298 2558 353 Ι

3690 298 3780 360 136

504 419 625 482 ’hoc
670 423 816 497 quod
858 423 1219 500 jurejurando
1260 429 1455 487 asserit
1490 430 1808 504 praedixisse
1855 446 1913 485 se
1959 429 2107 497 dicit,
2141 421 2197 485 A
2223 422 2321 481 sed
2350 422 2403 479 in
2434 421 2766 481 audientium
2794 419 3000 481 lucrum
3031 431 3309 498 spargant.
3333 422 3605 497 Sequitur:

518 513 643 586 quia
698 514 950 573 nimirum
1000 526 1203 577 sancta
1243 521 1501 577 Ecclesia
1557 520 1866 577 doctoribus
1920 520 2120 575 subse-

506 603 803 674 quentibus
822 607 889 661 de
920 607 1126 664 Judaa
1172 611 1485 680 repulsione
1526 611 1656 666 illud
1688 609 1935 675 innotuit,
1970 608 2118 681 quod

516 706 701 749 eorum
733 696 1231 766 pradecessoribus
1273 709 1395 755 ante
1426 700 1806 766 manifestavit,
1859 699 1985 770 quia
2017 700 2119 753 hoc

500 793 615 849 per
643 778 951 836 Samuelem
983 783 1051 837 ad
1084 784 1202 838 Heli
1232 802 1372 841 nunc
1401 786 1617 853 dicitur,
1652 784 1796 855 quod
1826 784 1874 839 ei
1904 800 2003 854 per
2032 784 2115 839 vi-

516 877 637 918 rum
667 863 767 917 Dei
797 866 1042 935 superius
1071 867 1369 924 dicebatur.
1402 872 1687 942 Sequitur:

586 952 765 1021 (Vers.
808 956 929 1023 15.)
964 957 1241 1015 Dormivit
1258 960 1486 1016 Samuel
1508 978 1680 1033 usque
1709 978 1900 1020 mane.

588 1044 674 1097 22.
709 1040 849 1111 Quid
880 1052 963 1099 est
994 1047 1139 1117 quod
1168 1064 1265 1118 per
1290 1064 1500 1104 sacrum
1531 1052 1809 1124 eloquium
1838 1051 2113 1109 Samuelis

515 1144 744 1186 somnus
773 1141 879 1189 tam
911 1143 1110 1192 attente
1140 1137 1462 1194 describitur
1481 1140 1509 1193 ‘i
1555 1141 1619 1195 Et
1639 1142 1763 1212 quia
1780 1144 1893 1213 jam
1926 1152 2116 1213 quater

514 1220 770 1290 repetisse
798 1238 1043 1280 somnum
1075 1226 1297 1296 dicitur,
1329 1227 1557 1284 multum
1602 1230 1803 1303 desipit
1831 1234 1922 1305 qui
1951 1250 1984 1289 a
2012 1234 2113 1291 Dei

517 1307 717 1378 Spiritu
749 1312 851 1368 hoc
877 1329 985 1369 non
1015 1315 1368 1385 spiritualiter
1392 1317 1596 1374 dictum
1626 1322 1817 1377 credit.
1842 1323 1980 1378 Nam
2012 1325 2109 1380 etsi

514 1396 781 1456 dormisse
827 1404 984 1458 toties
1013 1413 1156 1462 recte
1182 1405 1506 1479 intelligitur
1533 1426 1632 1479 pro
1681 1411 1905 1469 veritate
1938 1413 2108 1469 histo-

509 1484 626 1555 ria,
678 1489 746 1543 ad
778 1492 883 1547 hoc
929 1493 1198 1564 scribitur,
1249 1504 1309 1551 ut
1348 1496 1402 1552 in
1434 1499 1662 1554 veritate
1710 1500 1906 1557 litterae
1934 1503 2108 1559 intel-

512 1574 685 1663 lectus
732 1580 1078 1649 proferantur
1125 1585 1426 1658 allegoria.
1479 1586 1624 1656 Quid
1671 1604 1808 1662 ergo
1858 1591 2108 1663 designat

512 1662 782 1722 Samuelis
826 1670 946 1725 hac
974 1672 1163 1744 quinta
1208 1674 1512 1733 dormitio‘?
1555 1677 1664 1733 Sed
1694 1680 1817 1748 quia
1864 1662 2102 1751 primum

2297 514 2475 584 (Vers.
2512 516 2624 585 15.)
2655 516 2723 571 Et
2755 514 2950 571 timuit
2982 514 3233 571 indicare
3256 515 3514 571 visionem
3542 516 3671 573 Heli.

2300 606 2386 657 23.
2421 602 2690 672 Quidnam
2723 611 2800 658 est
2831 603 2976 675 quod
3008 603 3250 671 timebat,
3283 604 3378 658 nisi
3400 605 3520 676 quia
3548 606 3640 661 hoc
3665 605 3782 662 dor-

2226 691 2443 747 miendo
2485 692 2791 748 didicerat?
2824 693 2965 747 Nam
2998 691 3087 762 qui
3136 692 3438 748 meditando
3467 693 3674 749 verbum
3702 710 3782 749 oro

2224 779 2393 847 dinat,
2444 781 2655 836 ratione
2701 782 2887 835 statuit
2918 781 3132 852 quando
3181 782 3339 836 etiam
3387 782 3599 838 verbum
3628 782 3777 837 dicat.

2225 869 2500 925 Visionem
2549 869 2751 941 quippe
2782 870 3001 925 Samuel
3053 870 3204 937 vidit,
3255 879 3303 925 et
3334 870 3449 925 Heli
3476 870 3697 925 indicare
3724 870 3785 925 ti-

2224 957 2379 1025 muit,
2403 959 2531 1030 quia
2560 960 2844 1014 doctorum
2866 958 2998 1015 ordo
3018 968 3220 1015 sancta
3247 957 3519 1024 Ecclesia,
3541 968 3588 1014 et
3607 958 3787 1014 Judaa

2222 1047 2591 1117 repulsionem
2638 1047 2876 1103 debitam
2926 1047 3228 1119 conspexit,
3271 1055 3428 1119 atque
3465 1047 3510 1103 ei
3548 1064 3662 1103 eam
3697 1047 3791 1102 ob-

2220 1135 2390 1205 jicere
2437 1144 2560 1191 ante
2608 1135 2939 1206 repulsionis
2986 1153 3097 1191 sua
3166 1144 3408 1206 tempora
3472 1135 3782 1192 formidavit.

2220 1224 2374 1280 Unde
2404 1232 2456 1280 et
2485 1223 2559 1278 ad
2582 1224 2915 1294 panitentia
2945 1224 3245 1280 remedium
3280 1240 3394 1280 eam
3420 1223 3597 1295 potius
3621 1223 3794 1280 cohor-

2220 1320 2378 1382 tatur,
2430 1314 2655 1369 dicens:
2701 1315 3114 1370 Paenitentiam
3180 1316 3348 1387 agite,
3399 1317 3454 1370 et
3499 1313 3792 1384 baptizetur

2216 1402 2601 1474 unusquisque
2624 1406 2871 1458 vestrum
2893 1403 3034 1468 (Act.
3056 1420 3117 1471 ιι,
3142 1404 3251 1471 38).
3273 1400 3447 1472 Quare
3469 1409 3519 1456 et
3537 1399 3795 1476 subditur:

2288 1491 2465 1561 (Vers.
2492 1493 2603 1561 15.)
2627 1491 2863 1564 Aperuit
2884 1492 3033 1548 ostia
3053 1493 3251 1548 domus
3275 1491 3513 1546 Domini.

2285 1580 2372 1634 24.
2407 1579 2671 1648 Quanam
2700 1588 2779 1634 est
2809 1580 2917 1635 alia
2944 1580 3139 1635 domus
3178 1579 3401 1636 Domini
3430 1594 3587 1650 quam
3616 1586 3789 1634 sancta

2214 1665 2466 1724 Ecclesia
2482 1670 2509 1722 ‘2
2540 1670 2617 1739 (a)
2638 1670 2707 1723 Et
2732 1685 2853 1740 qua
2877 1678 3000 1724 sunt
3020 1668 3180 1738 hujus
3201 1670 3395 1725 domus
3409 1669 3562 1735 ostia,
3586 1667 3678 1721 nisi
3699 1666 3795 1737 spi-

511 1767 762 1810 somnum
811 1760 1092 1816 retulimus
1139 1764 1209 1817 ad
1257 1766 1673 1837 exquisitionem
1703 1769 1964 1841 veritatis,
2015 1789 2104 1828 se-
2138 1785 2188 1851 α
2218 1756 2442 1813 rituales
2471 1757 2737 1851 νίτίιῆίθδῗ
2779 1756 2931 1851 05F“
2968 1773 3199 1828 namque
3237 1758 3432 1851 deus
3470 1755 3673 1851 9°‘Dil‘i
3701 1755 3796 1810 sa-

509 1844 753 1899 cundum
776 1846 845 1902 ad
867 1849 1250 1919 probationem
1282 1854 1402 1909 veri
1423 1857 1625 1927 cperis,
1665 1860 1885 1914 tertium
1914 1863 1983 1916 ad
2013 1880 2114 1917 ex-

507 1929 863 2020 plorationem
913 1939 1025 1994 veri
1055 1941 1259 2012 gaudii,
1311 1955 1553 2015 quartum
1586 1948 1656 2002 ad
1705 1950 2115 2020 perfruitionem

510 2018 751 2080 inventa
782 2033 836 2081 et
866 2029 1112 2098 probata
1143 2032 1489 2106 cognitaque
1519 2018 1891 2107 perfectionis,
1926 2042 2116 2113 quinta

510 2113 685 2198 somni
716 2114 925 2185 species
954 2120 1186 2174 refertur
1214 2122 1281 2176 ad
1310 2124 1547 2180 studium
1578 2126 1936 2198 disponenda
1965 2131 2115 2188 locu-

512 2197 696 2256 tionis.
754 2203 972 2262 Samuel
1022 2208 1188 2281 igitur
1233 2212 1419 2283 quinta
1466 2197 1786 2285 repetitione
1835 2220 2108 2276 dormivit,

513 2287 639 2357 quia
684 2291 822 2349 ordo
871 2297 1316 2368 pradicatorum,
1352 2303 1452 2357 etsi
1484 2320 1583 2374 per
1610 2306 1794 2361 cordis
1823 2308 2109 2364 consilium

512 2376 794 2435 veritatem
825 2383 1038 2453 didicit,
1069 2403 1169 2456 per
1193 2397 1526 2445 voluntatem
1544 2395 1739 2448 mentis
1760 2394 1903 2450 bona
1924 2397 2107 2467 elegit,

506 2480 607 2535 per
638 2467 977 2527 affectionem
1016 2475 1227 2530 virtutis
1264 2494 1451 2533 verum
1469 2481 1729 2549 gaudium
1761 2485 1982 2554 recepit,
2015 2502 2113 2555 per

509 2555 883 2612 certitudinem
923 2560 1154 2618 inventa
1188 2573 1239 2618 et
1274 2567 1511 2638 cognitae
1532 2568 1881 2627 beatitudinis
1911 2574 1964 2628 in
1996 2575 2109 2629 vir-

514 2649 685 2697 tutum
716 2645 1030 2703 sublimium
1082 2653 1366 2710 securitate
1431 2658 1712 2728 requievit,
1768 2660 1874 2716 hoc
1931 2670 2108 2718 tamen

507 2732 653 2799 quod
674 2732 730 2788 in
754 2737 1050 2807 semetipso
1072 2745 1332 2812 cognovit
1357 2744 1472 2800 sine
1490 2748 1673 2819 magni
1705 2749 2109 2819 dispensatione

508 2820 720 2876 consilii
769 2824 1004 2883 subditis
1034 2831 1336 2899 pradieare
1384 2850 1493 2890 non
1539 2838 1733 2906 potuit.
1786 2840 2108 2912 Plerumque

501 2909 700 2999 etenim
749 2912 939 2970 doctor
984 2926 1037 2972 et
1087 2936 1207 2989 qua
1255 2923 1516 2991 pradicet
1564 2928 1710 2996 apud
1758 2909 2103 2999 semetipsum

500 2995 684 3067 habet,
705 3001 798 3056 sed
830 3012 1007 3061 tamen
1027 3022 1232 3079 eaquae
1255 3011 1414 3068 habet
1428 2995 1778 3083 proutidebet
1806 2995 2104 3087 praedicare

501 3101 566 3141 ea
595 3103 703 3144 non
727 3098 924 3161 potest,
948 3095 1075 3165 quia
1108 3097 1150 3150 si
1182 3114 1247 3153 ea
1277 3117 1397 3169 qua
1438 3103 1582 3158 dicat
1606 3104 1720 3173 jam
1750 3107 1983 3163 Domino
2013 3125 2100 3164 re—

500 3175 714 3267 velante
753 3177 960 3250 didicit,
1008 3185 1230 3241 modum
1254 3191 1399 3258 quod
1440 3192 1509 3246 ad
1530 3194 1795 3262 p0pulum
1818 3204 1939 3251 sunt
1969 3213 2101 3267 pro-

500 3263 723 3320 ferenda
750 3284 858 3323 non
902 3273 1069 3327 novit.
1121 3275 1390 3331 Dormivit
1436 3295 1569 3353 ergo
1616 3281 1833 3339 Samuel
1881 3263 2096 3353 iterum,

497 3354 625 3444 quia
653 3357 789 3412 ordo
817 3360 1235 3428 pradicatorum
1282 3368 1430 3437 apud
1460 3384 1520 3425 se
1565 3386 1765 3443 magna
1794 3373 1988 3444 quietis
2017 3375 2102 3429 in-

496 3442 732 3498 tentione
777 3445 1044 3517 disposuit
1085 3467 1152 3506 ne
1196 3454 1549 3521 pradicando
1579 3442 1726 3513 verbi
1772 3442 1864 3515 Dei
1912 3477 2096 3518 semen

495 3528 756 3587 inutiliter
782 3547 1082 3608 spargeret,
1134 3544 1279 3610 quod
1328 3544 1443 3598 utili
1474 3548 1929 3617 contemplatione
1973 3552 2096 3607 col-

494 3617 735 3710 legisset.
767 3624 908 3679 Nam
940 3628 1068 3681 dum
1099 3631 1429 3699 pradicator
1473 3635 1815 3693 considerare
1844 3641 2091 3710 compel-

493 3706 621 3800 litur
666 3710 796 3800 quid
826 3722 877 3768 et
908 3725 1186 3785 quantum,
1238 3722 1354 3776 sive
1384 3723 1621 3794 quando,
1660 3725 1918 3797 loquitur,
1966 3706 2089 3800 qua

494 3795 640 3852 dicat
677 3798 834 3854 simul
874 3805 1143 3875 omnibus,
1168 3810 1399 3880 qualiter
1436 3823 1651 3868 moneat
1697 3795 1910 3887 aliquos
1934 3795 2087 3873 seor-

490 3895 631 3951 sum,
657 3883 784 3978 quia
821 3902 1020 3980 magna
1059 3901 1260 3948 sancta
1300 3895 1665 3953 meditationis
1694 3883 1873 3971 quiete
1902 3902 2088 3984 utitur,

491 3973 617 4048 apte
644 3967 806 4023 nimis
835 3971 892 4025 in
915 3980 1039 4044 typo
1078 3977 1203 4031 novi
1242 3980 1616 4048 pradicatoris
1645 3967 1861 4039 Samuel
1891 3967 2086 4042 iterum

490 4047 727 4137 dormire
763 4057 1093 4123 perhibetur.
1127 4047 1374 4119 Dormire
1422 4066 1624 4137 quippe
1653 4068 1700 4122 ei
1735 4076 1856 4124 tunc
1885 4080 1966 4126 est
1992 4072 2082 4127 di-

488 4134 642 4229 cendi
665 4138 894 4229 modum
928 4145 1214 4216 tranquilla
1261 4134 1455 4203 mente
1470 4134 1775 4221 disponere.
1808 4155 1876 4209 Et
1905 4156 2084 4229 evigi-

487 4216 600 4312 lare
629 4220 679 4275 ei
708 4231 786 4278 est
807 4241 838 4279 a
858 4226 1035 4296 quiete
1058 4231 1423 4287 meditationis
1451 4236 1521 4312 ad
1550 4216 1884 4306 loquendum
1912 4216 2077 4295 exire.

580 4305 707 4376 quia
736 4310 1128 4368 rationabiliter
1148 4332 1253 4370 non
1276 4302 1502 4389 evigilat
1532 4302 1822 4391 antequam
1852 4322 2081 4378 dicenda

484 4387 757 4459 disponat,
798 4396 1073 4465 sequitur:
1132 4400 1303 4470 Usque
1332 4387 1520 4457 inane.
1554 4387 1710 4458 Mane
1758 4405 1902 4459 enim
1948 4422 2079 4477 per-

485 4476 627 4531 fecta
667 4483 1047 4548 pronuntiandi
1079 4487 1230 4541 verbi
1264 4489 1502 4559 cognitio
1532 4490 1584 4544 in
1624 4501 1801 4548 mente
1844 4493 2080 4552 doctoris
2111 4478 2162 4538 D

482 4571 579 4655 est.
614 4565 865 4655 Unde_et
909 4573 1216 4644 praecipites
1260 4575 1510 4633 doctores
1556 4579 1830 4650 Propheta
1877 4585 2073 4655 arguit,

481 4646 701 4703 dicens:
749 4651 969 4712 Vanum
991 4661 1075 4714 est
1098 4660 1243 4716 vobis
1265 4666 1401 4718 ante
1425 4665 1606 4722 lucem
1626 4646 1853 4737 surgere
1884 4646 2067 4738 (P‘sali

482 4747 670 4801 cxxvn,
721 4739 797 4807 2).
847 4742 984 4796 Ante
1032 4743 1207 4799 lucem
1256 4747 1456 4818 quippe
1500 4760 1725 4821 surgunt
1773 4754 1861 4823 qui
1910 4771 2078 4825 usque

481 4841 639 4882 mane
668 4846 775 4886 non
804 4832 1092 4906 dormiunt,
1124 4838 1219 4893 sed
1248 4839 1303 4894 in
1324 4857 1517 4896 vanum
1540 4843 1818 4916 evigilant,
1851 4848 1973 4918 quia
1995 4847 2075 4902 in-

482 4916 683 4974 utiliter
709 4921 932 4976 verbum
961 4927 1259 4997 proferunt,
1292 4931 1435 5000 quod
1461 4933 1691 5004 qualiter
1716 4916 1945 5005 proferri
1976 4937 2077 4992 de-

479 5006 605 5063 beat
635 5010 981 5068 meditatione
1021 5015 1165 5071 nulla
1213 5017 1468 5074 didicere.
1518 5022 1671 5078 Unde
1700 5032 1753 5078 et
1794 5025 2073 5080 consilium

479 5097 558 5153 eis
584 5099 837 5170 ostendit,
870 5101 1056 5159 dicens
1080 5122 1092 5159 :
1128 5105 1364 5179 Surgite
1389 5114 1684 5182 postquam
1714 5112 1994 5181 sederitis,
2017 5124 2076 5170 ut

474 5187 726 5247 videlicet
753 5208 853 5262 per
879 5192 1110 5263 quietem
1149 5197 1459 5254 meditando
1498 5188 1535 5249 1
1560 5187 1655 5249 42
1689 5201 1913 5257 verbum
1952 5205 2072 5259 col-

475 5275 666 5349 ligant,
698 5282 843 5353 quod
871 5299 970 5354 per
1015 5284 1254 5342 laborem
1286 5286 1573 5345 locutionis
1611 5306 1718 5346 non
1748 5290 1804 5347 in
1848 5309 2067 5358 vanum,

546 5523 626 5594 (a)
657 5523 862 5608 Gilotu;
912 5529 995 5608 Et
1041 5538 1343 5608 quce_sunt
1375 5535 1542 5608 hujus
1590 5536 1785 5595 domus
1834 5537 2066 5597 Domini

483 5591 723 5661 Samuel
743 5591 987 5677 aperuit,
1010 5591 1229 5674 quando
1262 5591 2055 5672 concuktentibus'M-u'nita:

2131 3143 2180 3205 C

2223 1846 2367 1901 muel
2424 1847 2636 1917 aperuit
2691 1846 2907 1917 quando
2955 1847 3396 1903 concurrentibus
3438 1845 3503 1901 ad
3557 1845 3796 1901 unitatem

2222 1951 2365 1991 vera
2415 1934 2539 1989 ﬁdei
2568 1936 2992 2005 praedicatorum
3025 1937 3158 1991 ordo
3206 1935 3461 1991 virtutum
3502 1933 3796 2005 spiritalium

2221 2023 2363 2079 dona
2392 2025 2670 2095 patefecit.
2707 2026 2863 2082 Velut
2892 2025 3037 2080 enim
3067 2026 3253 2081 clausa
3274 2034 3426 2081 erant
3453 2024 3642 2079 domus
3669 2021 3798 2077 ostia

2220 2129 2341 2168 cum
2389 2122 2589 2169 sancta
2638 2114 2899 2169 Ecclesia
2950 2114 3169 2169 virtutes
3217 2113 3618 2187 ignorabantur.
3667 2112 3799 2166 Bene

2220 2211 2420 2271 autem,
2469 2218 2591 2258 cum
2622 2203 2887 2259 visionem
2936 2202 3054 2258 Heli
3083 2201 3324 2258 indicare
3356 2202 3569 2259 Samuel
3616 2199 3794 2267 timuit,

2217 2291 2414 2347 domus
2468 2292 2686 2347 Domini
2735 2293 2873 2348 ostia
2945 2292 3218 2362 aperuisse
3282 2299 3633 2358 memoratur,
3686 2287 3798 2362 quia

2214 2380 2364 2451 prius
2394 2396 2555 2451 quam
2577 2389 2820 2451 apertam
2840 2382 3044 2437 Judaa
3092 2382 3463 2452 repulsionem
3490 2378 3802 2451 pradicato-

2214 2484 2333 2521 rum
2364 2469 2499 2524 ordo
2548 2468 2832 2538 indicaret,
2885 2470 3015 2524 dum
3062 2469 3131 2524 ad
3178 2470 3554 2540 paenitentiam
3592 2466 3800 2524 monuit:

2215 2556 2398 2612 electis
2429 2558 2496 2612 ad
2527 2557 2689 2613 ﬁdem
2720 2559 3055 2614 currentibus
3085 2559 3338 2615 virtutum
3369 2558 3688 2631 spiritalium
3714 2571 3807 2611 oc-

2214 2646 2359 2701 culta
2406 2648 2686 2702 reseravit.
2721 2649 2861 2702 Nam
2910 2647 2998 2717 qui
3031 2648 3424 2705 misericordiae
3458 2656 3691 2719 tempore
3715 2645 3803 2700 di-

2211 2749 2337 2790 cere
2367 2735 2480 2790 visa
2512 2735 2704 2805 timuit,
2739 2744 2980 2807 tempore
3010 2736 3356 2807 exquirenda
3382 2738 3610 2809 justitia
3639 2736 3799 2794 visio-

2210 2839 2335 2880 nem
2359 2824 2584 2894 justitia
2607 2824 2882 2895 indicavit,
2913 2826 3129 2882 dicens:
3160 2827 3301 2896 Quia
3322 2827 3584 2900 indignos
3606 2842 3691 2883 vos
3717 2827 3801 2898 fe-

2208 2914 2371 2969 cistis
2392 2918 2625 2970 aeternae
2638 2916 2783 2983 vitae,
2804 2931 2929 2971 ecce
2944 2918 3330 2972 convertimur
3347 2918 3424 2973 ad
3431 2922 3641 2989 gentes.
3664 2914 3798 2985 (Act.

2208 3018 2330 3070 xui,
2356 3002 2462 3073 45).
2487 3003 2570 3058 Ex
2593 3018 2700 3074 qua
2719 3003 2966 3072 profecto
2988 3005 3195 3060 ratione
3217 3005 3448 3078 quastio
3469 3005 3655 3073 oritur,
3678 3001 3795 3076 quia

2209 3090 2458 3147 videlicet
2477 3091 2741 3147 visionem
2766 3091 3035 3147 Samuelis
3054 3109 3217 3164 prece
3239 3093 3417 3165 magis
3447 3104 3498 3151 et
3526 3094 3797 3165 impreca-

2210 3180 2351 3235 tione
2371 3180 2492 3235 Heli
2514 3180 2799 3235 indicatam
2834 3181 2998 3236 fuisse
3009 3182 3346 3251 perhibetur.
3370 3184 3514 3239 Nam
3544 3181 3795 3238 subditur.

2279 3271 2451 3339 (Vers.
2478 3269 2732 3339 16—18.)
2764 3271 2921 3325 Venit
2955 3286 3084 3342 ergo
3125 3272 3246 3327 Heli
3266 3272 3338 3327 ad
3376 3272 3713 3338 Samuelem,
3743 3272 3795 3327 et

2204 3357 2359 3413 dixit
2380 3376 2398 3410 :
2447 3359 2697 3425 Samuel,
2719 3359 2807 3427 ﬁli
2824 3359 2923 3414 mi.
2955 3360 3057 3428 Qui
3071 3360 3363 3434 respondit
3381 3378 3400 3415 :
3427 3365 3635 3419 Praesto
3653 3375 3792 3417 sum.

2204 3449 2275 3502 Et
2288 3448 2657 3517 interrogavit
2669 3463 2797 3502 eum
2816 3466 2834 3503 :
2859 3449 2990 3516 Quis
3006 3452 3278 3506 estsermo
3290 3465 3459 3522 quem
3478 3452 3695 3507 locutus
3714 3451 3794 3505 est

2201 3535 2476 3590 Dominus
2496 3535 2568 3591 ad
2590 3536 2685 3591 te?
2716 3552 2830 3602 oro,
2866 3553 2939 3592 ne
2976 3538 3245 3594 cetaveris
3273 3538 3438 3595 mihi.
3468 3542 3592 3597 Hac
3620 3539 3794 3611 [aciat

2202 3624 2303 3679 tibi
2316 3625 2478 3691 Deus,
2495 3627 2548 3679 et
2563 3622 2678 3680 hac
2695 3624 2889 3691 addat,
2908 3626 2957 3681 si
2968 3627 3322 3684 absconderis
3333 3645 3367 3685 α
3380 3645 3472 3685 me
3485 3642 3793 3687 sermonem

2198 3728 2274 3768 ex
2293 3712 2555 3769 omnibus
2575 3728 2701 3785 qua:
2721 3713 2874 3770 dicta
2905 3718 3047 3771 sunt
3081 3716 3199 3772 tibi.
3224 3716 3517 3775 Indicavit
3533 3720 3713 3789 igitur
3736 3716 3791 3774 ei

2193 3801 2425 3858 Samuel
2444 3802 2736 3859 universos
2757 3819 3064 3874 sermones,
3082 3809 3139 3861 et
3158 3822 3274 3863 non
3294 3806 3589 3864 abscondit
3608 3807 3673 3863 ab
3693 3822 3776 3864 eo.

2267 3894 2354 3947 25.
2379 3890 2666 3960 Quomodo
2686 3891 2828 3948 enim
2847 3893 2915 3947 ab
2936 3903 3251 3950 exsecutore
3279 3895 3478 3951 divinae
3512 3895 3788 3953 sententia

2193 3978 2457 4037 visionem
2478 3997 2592 4036 sua
2627 3981 2950 4052 repulsionis
2971 3982 3178 4053 didicit,
3202 3985 3298 4056 qui
3339 3985 3441 4040 hoc
3479 4002 3591 4042 non
3623 3994 3729 4041 tam
3754 4000 3787 4040 a

2191 4068 2554 4125 comminante
2581 4086 2740 4139 quam
2791 4071 2859 4125 ab
2907 4087 2972 4127 eo
3004 4072 3093 4143 qui
3124 4072 3303 4145 magis
3337 4075 3596 4143 precibus
3622 4089 3788 4148 coge-

2189 4157 2348 4213 batur
2390 4157 2637 4212 audivit?
2678 4158 2786 4213 Sed
2825 4161 2914 4229 qui
2954 4160 3095 4215 istud
3134 4171 3380 4234 quarunt
3415 4166 3596 4234 primo
3626 4164 3789 4220 intel-

2186 4245 2359 4317 ligant
2380 4245 2505 4317 quia
2526 4261 2633 4300 non
2673 4246 2739 4301 ad
2762 4248 3015 4315 litteram,
3038 4250 3133 4305 sed
3169 4251 3241 4306 ad
3261 4252 3568 4322 spiritalem
3602 4263 3656 4311 et
3705 4262 3787 4325 ty-

2184 4333 2365 4403 picam
2420 4333 2875 4405 signiﬁcationem
2925 4337 3028 4393 ista
3073 4339 3415 4396 discutimus.
3474 4343 3593 4399 Hoc
3639 4343 3784 4399 enim

2184 4423 2305 4477 loco
2372 4422 2553 4477 venire
2633 4425 2775 4494 Heli,
2842 4443 3019 4500 neque
3098 4428 3164 4483 ad
3251 4437 3454 4485 motum
3540 4430 3784 4502 corporis

2184 4510 2398 4567 Judaici
2416 4512 2703 4568 sacerdotii
2735 4515 2983 4582 refertur,
3025 4533 3198 4589 neque
3237 4518 3307 4574 ad
3344 4518 3593 4575 affectum
3625 4537 3784 4576 men-

2187 4600 2276 4668 tis,
2306 4601 2400 4655 sed
2430 4608 2609 4656 tamen
2639 4603 2826 4659 venire
2854 4603 2905 4658 ei
2953 4605 3052 4659 fuit
3093 4608 3195 4663 hoc
3223 4606 3403 4676 ipsum
3434 4609 3581 4679 quod
3612 4611 3785 4665 ratio-

2184 4689 2323 4744 nalis
2349 4689 2453 4744 Dei
2478 4699 2722 4746 creatura
2765 4700 2854 4747 est
2880 4693 3327 4762 pradicatoribus
3353 4712 3637 4767 apparere.
3675 4698 3784 4754 Ve-

2183 4776 2261 4831 nit
2289 4777 2471 4848 itaque
2501 4795 2625 4833 cum
2665 4779 2720 4834 in
2739 4781 2976 4836 humana
3015 4791 3205 4837 natura
3241 4784 3394 4840 visus
3431 4795 3530 4853 est,
3584 4787 3781 4842 docto-

2182 4882 2410 4937 rumque
2438 4868 2605 4922 corda
2632 4868 2738 4924 sibi
2767 4870 2837 4924 ad
2870 4870 2944 4941 (b)
2966 4870 3332 4927 miserandum
3362 4874 3550 4931 movit.
3586 4875 3781 4931 Venire

2184 4970 2316 5027 ergo
2345 4955 2464 5010 Heli
2498 4971 2608 5012 non
2646 4966 2725 5012 est
2762 4958 2816 5013 in
2847 4959 3013 5015 veteri
3042 4961 3247 5030 populo
3277 4977 3524 5017 accessus
3554 4964 3774 5031 mentis,

2182 5052 2275 5098 aut
2302 5045 2564 5114 corporis,
2595 5046 2692 5101 sed
2739 5048 2978 5103 ostensio
3009 5050 3259 5105 humana
3288 5051 3634 5108 conditionis.
3676 5053 3774 5108 Vel

2182 5132 2413 5187 fortasse
2444 5134 2625 5189 venire
2655 5133 2704 5189 ei
2753 5136 2853 5190 fuit
2881 5152 2949 5191 ex
2989 5152 3053 5192 eo
3102 5138 3247 5209 quod
3285 5155 3353 5195 ex
3382 5140 3635 5195 omnibus
3663 5158 3778 5212 po-

2177 5221 2323 5291 pulis
2353 5223 2424 5277 ad
2453 5223 2554 5278 Dei
2574 5223 2777 5279 cultum
2797 5225 3002 5282 electus
3022 5226 3141 5282 fuit.
3183 5228 3321 5284 Eum
3359 5246 3572 5301 quoque
3602 5228 3778 5284 filium

2178 5310 2476 5381 appellavit
2522 5310 2611 5383 qui
2651 5312 2721 5366 ab
2767 5313 2864 5370 illo
2906 5315 3197 5386 respicitur
3238 5317 3329 5389 qui
3367 5318 3422 5373 in
3446 5319 3629 5375 electis
3661 5319 3775 5375 Pa-

2175 5548 2461 5623 teni‘vera:
2488 5546 2623 5623 ﬁdei
2647 5548 3105 5623 praedicatorum,
3137 5561 3238 5611 etc.

2240 5615 2321 5673 ibi
2347 5616 2460 5686 AL,
2491 5615 2880 5683 miserandum
2905 5615 3099 5683 movit;
