4062 6182
306 290 411 350 157

1145 286 1221 346 IN
1254 282 1529 345 PRIMUM
1575 278 1823 343 REGUM
1853 273 2392 349 EXPOSITIONES.
2427 310 2496 322 -
2518 279 2646 337 LIB.
2682 280 2775 339 III.

3508 285 3609 344 158

305 416 471 474 tribus
502 413 780 473 institutor
807 421 1010 473 sancta:
1040 382 1299 472 Ecclesiae
1329 412 1497 470 fuisse
1527 416 1884 469 memoratur.
1923 405 1978 467 Α
2008 406 2152 477 quod
2182 406 2252 463 de
2284 404 2432 464 fama
2461 407 2761 465 sanctitatis
2774 409 3028 478 redoluit,
3052 425 3215 473 omne
3236 411 3379 484 quod
3402 409 3611 469 clarum

303 508 475 564 Vocat
503 524 640 579 ergo
698 506 867 561 tilium
927 522 1033 562 non
1091 505 1286 562 aﬁ‘ectu
1342 502 1747 576 appellationis,
1808 498 1907 555 sed
2014 512 2116 568 per
2146 496 2371 552 verbum
2403 498 2554 565 luxit,
2574 499 2952 568 depraesentia
2972 500 3355 572 Redemptoris
3375 502 3606 572 accepit,

302 597 612 654 ostensione
644 598 864 653 amissa
894 596 1191 671 dignitatis.
1218 596 1283 649 Et
1305 594 1431 665 quia
1460 593 1515 647 in
1531 591 1763 662 caligine
1792 605 1902 644 cae-

299 688 472 743 citatis
502 687 783 758 aspicitur,
829 686 1057 741 indicari
1115 684 1224 741 sibi
1281 684 1547 740 visionem
1596 678 1904 752 postulasse

295 776 629 848 perhibetur.
664 776 967 833 Obsecrare
1001 776 1199 831 etenim
1232 773 1284 830 ei
1317 780 1398 829 est
1437 777 1686 843 respectu
1742 784 1901 825 com-

296 865 475 920 munis
507 874 717 921 natura:
747 866 1171 937 praedicatorum
1206 870 1417 919 mentes
1465 862 1534 916 ad
1579 858 1901 914 misericor-

297 954 442 1009 diam
491 971 816 1026 provocare.
851 954 956 1025 Qui
1010 953 1174 1009 etiam
1238 951 1682 1022 imprecationem
1738 950 1896 1017 123

296 1040 552 1112 precibus
581 1039 810 1107 addidit,
863 1039 989 1111 quia
1018 1038 1151 1094 ordo
1206 1037 1637 1108 praedicandum,
1687 1036 1815 1092 dum
1846 1036 1901 1089 in

298 1135 445 1184 tanta
477 1129 703 1184 miseria
727 1129 966 1200 positum
995 1128 1309 1183 Iudaeorum
1340 1125 1699 1181 sacerdotium
1718 1132 1898 1180 atten-

302 1219 481 1286 deret,
513 1217 677 1273 irasci
706 1218 806 1272 sibi
837 1217 1262 1288 omnipotentem
1301 1214 1594 1269 Dominum
1625 1213 1819 1281 timuit,
1853 1212 1899 1267 si

303 1322 416 1361 non
445 1307 495 1363 ei
517 1306 688 1363 verbo
718 1305 1054 1362 subveniret.
1092 1304 1249 1361 Unde
1280 1311 1329 1359 et
1360 1310 1486 1374 apte
1517 1303 1892 1375 subjungitur;

297 1396 581 1452 Indicavit
608 1397 665 1453 ei
691 1395 924 1452 Samuel
956 1397 1249 1452 universos
1269 1408 1578 1460 sermones,
1595 1396 1650 1448 et
1668 1408 1781 1448 non
1798 1391 1896 1447 ab-

295 1485 524 1542 scondit
556 1485 625 1541 ab
642 1503 725 1542 eo.
750 1484 950 1541 Omnia
980 1483 1182 1556 quippe
1200 1483 1248 1539 ei
1272 1482 1386 1538 visa
1405 1481 1684 1549 indicavit,
1706 1489 1893 1548 ut,au-

296 1574 408 1630 dito
439 1574 590 1647 quod
622 1573 839 1639 meruit,
872 1572 1193 1647 magnitudo
1225 1571 1532 1627 formidinis
1563 1569 1631 1625 ad
1688 1569 1893 1625 sollici-

293 1663 538 1719 tudinem
570 1679 696 1718 eum
728 1668 1072 1719 converteret
1101 1660 1459 1733 impetranda
1487 1658 1687 1714 divina:
1726 1658 1892 1714 mise-

2014 601 2175 657 quem
2199 602 2381 642 secum
2406 588 2611 641 habuit.
2627 589 2764 643 Nam
2787 589 2887 644 etsi
2904 590 3070 646 verbo
3086 592 3284 646 Paulus
3304 607 3411 645 non
3426 592 3607 646 solum

2010 673 2226 730 inﬁrma
2256 683 2310 730 et
2340 685 2574 745 terrena,
2605 678 2701 731 sed
2733 678 2896 732 etiam
2928 694 3147 734 summa
3170 689 3223 734 et
3242 680 3483 735 ctnlestia
3503 695 3602 751 pe-

2011 767 2210 825 netrat,
2244 774 2317 814 ex
2347 760 2413 815 eo
2446 760 2586 815 hanc
2614 759 2826 815 dicendi
2874 762 3129 817 virtutem
3186 762 3411 831 obtinet,
3445 778 3607 834 quem

2013 858 2198 898 secum
2230 859 2350 898 esse
2372 842 2622 906 afﬁrmat.
2647 844 2835 899 dicens
2860 861 2871 897 :
2906 846 2992 901 An
3014 848 3469 917 experimentum
3484 848 3605 917 ejus

2012 933 2267 1003 quaeritis
2281 933 2360 1003 (a)
2377 933 2543 1005 quiin
2558 949 2646 988 me
2661 931 2882 988 habitat
2900 935 3085 990 Christ
3094 934 3235 1001 us(ll
3248 934 3369 989 Cor.
3393 936 3608 1004 xm,3)‘?

2010 1019 2114 1088 Qui
2145 1020 2290 1075 enim
2321 1021 2375 1075 in
2405 1038 2463 1076 se
2493 1022 2817 1091 loquebatur
2837 1038 3021 1078 secum
3047 1031 3186 1078 erat.
3219 1023 3441 1079 Redolet
3454 1022 3607 1078 omni

2012 1109 2215 1163 mundo
2241 1125 2339 1180 per
2352 1110 2544 1173 vitam,
2576 1111 2673 1166 sed
2695 1127 2763 1166 ex
2788 1127 2854 1167 eo
2876 1113 2998 1166 vitae
3014 1111 3239 1168 odorem
3265 1112 3423 1167 trahit
3439 1128 3601 1184 quem

2008 1197 2244 1252 ostendit
2271 1217 2281 1252 :
2317 1198 2504 1253 dicens
2528 1213 2540 1253 :
2565 1199 2777 1255 Christi
2798 1201 2971 1256 bonus
2990 1202 3121 1259 odor
3140 1218 3341 1258 sumus
3362 1203 3425 1257 in
3445 1202 3605 1258 omni

2011 1286 2127 1342 loco
2147 1286 2305 1355 (Ibid.
2338 1302 2399 1353 tr,
2427 1291 2540 1356 15).
2572 1288 2767 1343 Omnia
2796 1304 2920 1345 esse
2948 1290 3018 1345 de
3046 1292 3331 1362 praesentia
3371 1290 3603 1346 Redem-

2007 1374 2175 1445 ptoris
2199 1376 2438 1432 Joannes
2468 1376 2721 1443 insinuat,
2755 1378 2879 1449 quia
2917 1378 3082 1434 dicit:
3133 1381 3211 1436 De
3248 1379 3604 1452 plenitudine

1999 1463 2123 1533 ejus
2150 1480 2347 1520 omnes
2360 1466 2682 1537 accepimus
2696 1468 2877 1535 (Joan.
2903 1468 3040 1537 1,16)
3055 1509 3068 1524 .
3082 1468 3301 1523 Samuel
3323 1484 3456 1539 ergo
3476 1484 3602 1524 cum

2008 1553 2248 1607 crevisse
2278 1553 2490 1624 dicitur,
2526 1570 2649 1609 cum
2680 1570 2745 1610 eo
2774 1556 3040 1611 Dominus
3066 1572 3189 1613 esse
3246 1565 3600 1624 memoratur,

2002 1640 2132 1710 quia
2160 1641 2449 1699 doctorum
2477 1643 2613 1698 ordo
2640 1658 2767 1699 cum
2817 1661 3030 1716 magna:
3078 1646 3379 1701 sanctitatis
3436 1654 3598 1717 atque

292 1751 541 1808 rationis.
571 1752 839 1808 Universo
868 1750 917 1807 ei
957 1729 1492 1806 Domini-sermones
1522 1748 1801 1814 indicavit,
1835 1756 1892 1803 ut
1920 1765 1973 1825 Β
2004 1729 2266 1787 ἀοοίνίοω
2293 1733 2473 1804 gratia
2501 1733 2650 1788 οῐηυί
2679 1734 2882 1825 mundo
2911 1734 3271 1825 resplenduit.
3300 1752 3369 1790 ex
3392 1742 3595 1825 Boiam

294 1840 421 1895 dum
453 1842 510 1895 in
542 1849 812 1897 vetustate
842 1856 937 1895 sua
967 1856 1026 1896 se
1055 1839 1356 1911 projectum
1388 1844 1758 1910 cognosceret,
1795 1852 1895 1907 per

290 1929 632 2001 pcenitentim
659 1930 933 2002 lacrymas
976 1928 1046 1985 ad
1095 1945 1243 1985 verm
1292 1927 1422 1983 ﬁdei
1476 1928 1891 1982 renovationem

292 2019 598 2075 festinaret.
647 2018 753 2088 Qui
777 2020 1023 2089 profecto
1051 2017 1350 2088 respondit,
1381 2016 1601 2073 dicens:

356 2108 547 2175 (Vera.
589 2107 706 2175 18.)
743 2108 1016 2164 Dominus
1072 2110 1176 2175 est,
1236 2106 1379 2177 quod
1434 2107 1636 2162 bonum
1685 2109 1769 2162 est
1827 2105 1890 2161 in

286 2196 469 2253 oculis
497 2197 625 2253 suis
653 2198 860 2267 faciat.

350 2286 440 2341 9.6.
473 2283 695 2354 Quibus
723 2284 982 2341 nimirum
1013 2284 1197 2341 verbis
1226 2284 1356 2357 quid
1385 2284 1535 2340 aliud
1582 2299 1745 2356 quam
1787 2285 1875 2339 Ju-

280 2372 427 2431 daici
458 2374 652 2446 populi
683 2373 911 2446 perﬁdia
940 2374 1142 2431 clarius
1184 2374 1547 2447 agnoscitur?
1601 2375 1742 2429 Nam
1789 2374 1885 2445 qui

286 2463 725 2533 omnipotentem
752 2464 929 2519 Deum
958 2464 1249 2520 Dominum
1280 2471 1457 2529 vocat,
1488 2463 1668 2519 adhuc
1695 2463 1746 2518 ei
1774 2478 1884 2518 scr-

289 2552 404 2608 vire
432 2567 497 2608 se
525 2552 828 2607 existimat.
860 2552 994 2608 Cum
1024 2552 1192 2626 igitur
1247 2552 1477 2609 Judaico
1533 2552 1734 2624 populo
1788 2567 1881 2608 re-

275 2641 458 2711 pulsio
486 2656 590 2697 sua
619 2658 652 2697 a
680 2647 890 2698 sanctae
918 2641 1179 2698 Ecclesia;
1207 2641 1522 2699 doctoribus
1550 2641 1879 2708 insinuatur,

275 2729 442 2785 dicit:
475 2732 754 2786 Dominus
771 2730 1029 2803 est,quod
1047 2732 1254 2788 bonum
1266 2736 1352 2788 est
1368 2734 1431 2787 in
1455 2732 1632 2788 oculis
1653 2732 1773 2786 suis
1785 2732 1882 2801 fa-

275 2821 419 2874 ciat.
452 2817 598 2887 Quia
627 2819 757 2874 dum
792 2821 909 2875 Deo
937 2835 1000 2875 se
1030 2821 1249 2891 placere
1277 2836 1378 2891 per
1407 2829 1647 2876 veterem
1672 2820 1882 2875 institu-

270 2904 479 2963 tionem
535 2908 731 2973 credit,
763 2915 964 2965 sanctae
1001 2909 1259 2966 Ecclesia
1314 2924 1656 2981 nequaquam
1702 2909 1880 2964 minas

273 2996 611 3066 expavescit.
642 2996 809 3065 Quasi
836 2997 982 3053 enim
1011 2997 1272 3069 apertiori
1302 3013 1437 3054 voce
1465 2998 1691 3053 Iudaica
1745 3013 1877 3068 per-

271 3077 405 3135 fidia
430 3090 666 3147 asserat,
700 3090 754 3137 et
777 3081 1240 3138 comminantibus
1254 3081 1358 3137 sibi
1387 3088 1588 3138 sancta)
1616 3082 1878 3139 Ecclesiae

269 3169 725 3240 pradicatoribus
754 3171 920 3226 dicit:
950 3171 1035 3228 Eo
1064 3172 1222 3227 nobis
1252 3172 1412 3226 minis
1440 3171 1640 3227 vestris
1699 3179 1873 3227 terro-

265 3273 385 3314 rem
414 3258 624 3314 nullum
665 3259 931 3332 incutitis,
964 3276 1072 3331 quo
1111 3262 1253 3318 circa
1310 3260 1474 3316 ﬁdem
1517 3261 1567 3316 ei
1618 3277 1716 3316 nos
1771 3261 1878 3315 mi-

266 3344 505 3400 nistrare
525 3345 808 3401 credimus
836 3360 871 3400 a
900 3346 1063 3416 cujus
1088 3346 1267 3418 gratia
1299 3362 1401 3402 nos
1426 3346 1710 3401 decidisse
1732 3362 1877 3416 prse-

268 3426 483 3483 dicatis.
514 3429 657 3485 Cum
686 3446 822 3503 ergo
842 3430 1092 3502 adiungit
1134 3448 1150 3486 :
1182 3432 1381 3487 Faciat
1406 3431 1548 3504 quod
1566 3430 1771 3486 bonum
1792 3436 1877 3487 est

268 3512 329 3567 in
357 3511 548 3569 oculis
579 3516 721 3581 suis,
752 3523 954 3571 sancta:
981 3514 1246 3571 Ecclesia:
1274 3515 1529 3571 doctores
1578 3514 1878 3570 subsannat

268 3601 450 3672 potius
477 3618 649 3673 quam
679 3620 739 3658 se
767 3603 965 3660 divinae
991 3604 1273 3660 sententiae
1323 3604 1532 3660 offerat.
1567 3603 1731 3673 Quasi
1772 3603 1877 3659 alia

270 3689 572 3749 intentione
602 3693 872 3763 loquatur,
899 3700 952 3749 et
979 3693 1157 3748 dicat:
1191 3693 1270 3749 Eo
1299 3693 1460 3749 nobis
1510 3693 1617 3748 tale
1668 3692 1874 3763 aliquid

268 3789 372 3831 non
396 3776 550 3841 facit,
584 3791 696 3848 quo
727 3784 911 3834 noster
939 3786 1023 3832 est
1052 3777 1316 3833 Dominus
1349 3776 1439 3833 ille
1496 3792 1657 3848 quem
1715 3776 1873 3833 nobis

268 3856 333 3910 ad
355 3857 667 3913 vindictam
696 3857 1026 3927 proponitis.
1061 3857 1350 3927 Sequitur:

335 3946 524 4013 (Yers.
562 3945 676 4017 i9.)
700 3946 885 4003 Crevit
907 3951 1105 4003 autem
1129 3947 1441 4015 Samuel,et
1463 3946 1733 4003 Dominus
1746 3954 1872 4003 erat

273 4046 401 4086 cum
432 4047 526 4088 ιο.

336 4119 432 4171 27.
472 4114 619 4185 Quid
641 4119 728 4171 est
756 4115 903 4188 quod
937 4119 1226 4189 postquam
1257 4116 1376 4171 Heli
1406 4115 1672 4173 visionem
1696 4132 1869 4189 expo-

266 4205 387 4271 suit,
443 4205 687 4261 crevisse
744 4206 964 4262 Samuel
1020 4206 1233 4274 dicitur,
1272 4206 1376 4261 nisi
1406 4206 1528 4279 quia
1585 4206 1868 4262 doctorum

2003 1834 2237 1892 magnus
2261 1837 2530 1893 apparere
2560 1824 2731 1893 potuit
2752 1823 2841 1893 qui
2870 1838 2993 1878 cum
3023 1824 3079 1878 in
3115 1824 3318 1880 mundo
3359 1822 3598 1894 positum

2003 1920 2113 1962 non
2134 1910 2375 1982 reliquit.
2417 1911 2674 1982 Sequitur
2701 1926 2714 1966 :

2095 1999 2249 2063 124
2280 1995 2458 2061 (Vers.
2482 1996 2599 2066 20.)
2625 1996 2689 2050 Et
2736 1997 2993 2065 cognovit
3032 1998 3331 2052 universus
3358 1996 3531 2052 Israel
3559 2012 3593 2050 α

1998 2089 2122 2142 Dan
2152 2099 2325 2155 usque
2348 2084 2611 2139 Bersabee
2641 2084 2784 2156 quod
2810 2085 2996 2153 ﬁdelis
3035 2085 3277 2142 Samuel
3323 2084 3595 2158 propheta

1996 2177 2143 2231 esset
2176 2172 2430 2229 Domini.

2068 2269 2162 2320 28.
2204 2261 2413 2331 Quibus
2441 2261 2689 2332 profecto
2718 2268 2874 2318 terrae
2904 2262 3220 2317 nominibus
3241 2262 3446 2318 Iudaea:
3467 2260 3591 2316 uni-

1993 2349 2729 2422 versitasdesignatur.Quid
2746 2365 2881 2422 ergo
2909 2350 2962 2404 in
2992 2351 3249 2406 universa
3278 2350 3466 2406 Iudaea
3486 2348 3589 2403 nisi

1997 2442 2176 2497 omnis
2204 2439 2522 2511 designatur
2547 2438 2794 2494 Ecclesia
2815 2441 2842 2491 εἴ
2873 2439 3208 2495 Universitas
3222 2439 3404 2510 itaque
3424 2437 3593 2494 Israel

1993 2529 2123 2602 quia
2155 2528 2373 2584 Samuel
2400 2528 2667 2598 pr0pheta
2695 2535 2776 2582 est
2817 2527 3033 2582 Domini
3070 2527 3434 2600 recognoscit,
3466 2526 3593 2598 quia

1990 2618 2236 2691 profecto
2287 2616 2466 2672 omnis
2486 2616 2579 2687 qui
2603 2615 2777 2671 ﬁdelis
2805 2623 2887 2670 est
2915 2616 3087 2672 credit
3112 2617 3256 2688 quod
3284 2623 3589 2672 sanctorum

1992 2706 2416 2778 praedicatorum
2450 2703 2586 2759 ordo
2615 2720 2747 2758 vera
2777 2704 2846 2759 de
2878 2704 3074 2758 futuris
3121 2704 3269 2760 dicit.
3302 2705 3589 2773 Prophetas

1990 2810 2226 2866 namque
2254 2791 2494 2849 ofﬁcium
2525 2800 2627 2859 est,
2660 2798 2713 2846 et
2741 2791 2923 2846 futura
2952 2792 3270 2862 prmdicere,
3302 2800 3359 2847 et
3377 2793 3590 2847 occulta

1991 2883 2260 2939 revelare.
2282 2879 2675 2936 Prmdicatores
2687 2887 2864 2935 autem
2884 2887 3085 2935 sancta:
3101 2880 3357 2936 Ecclesiae
3368 2880 3497 2933 dum
3512 2880 3587 2933 la-

1991 2974 2161 3030 tentia
2190 2986 2417 3042 quaeque
2438 2968 2574 3024 vitia
2601 2969 2657 3022 in
2689 2976 2867 3023 mente
2891 2966 3456 3039 deprehendunt,dum
3480 2968 3591 3037 spi-

1990 3062 2222 3116 ritalium
2263 3060 2519 3114 virtutum
2553 3065 2770 3113 secreta
2794 3058 3061 3129 aperiunt,
3092 3058 3220 3113 dum
3272 3065 3583 3112 sanctarum

1991 3150 2388 3220 Scripturarum
2419 3147 2651 3202 latentes
2680 3145 2993 3202 intellectus
3023 3146 3092 3202 ad
3120 3162 3466 3203 communem
3491 3162 3586 3202 ηοε-

1988 3240 2158 3293 titiam
2190 3238 2488 3309 proferunt,
2518 3236 2648 3290 dum
2678 3234 2855 3290 futura
2901 3235 3140 3292 ccelestis
3165 3237 3359 3306 patrias
3385 3235 3587 3307 gaudia

1987 3329 2173 3384 electis
2202 3325 2455 3382 ﬁdelibus
2506 3325 2904 3395 repromittunt,
2954 3326 3238 3396 prophetae
3286 3325 3583 3379 ministerio

1985 3425 2223 3471 utuntur.
2253 3414 2334 3469 Ab
2364 3414 2623 3468 universo
2653 3413 2817 3484 igitur
2842 3413 3043 3468 Israele
3056 3415 3320 3483 propheta
3367 3412 3582 3467 Domini

1986 3503 2163 3559 ﬁdelis
2185 3502 2409 3560 Samuel
2429 3518 2554 3558 esse
2585 3502 2952 3573 cognoscitur,
2978 3502 3101 3573 quia
3147 3502 3574 3572 omnipotentem

1983 3593 2275 3648 Dominum
2295 3590 2401 3646 ﬁde
2424 3590 2611 3647 videre
2639 3605 2749 3645 non
2772 3598 2965 3661 potest,
2991 3591 3082 3663 qui
3103 3598 3303 3647 sanctae
3323 3589 3582 3647 Ecclesiae

1983 3680 2303 3738 doctoribus
2334 3680 2499 3735 ﬁdem
2530 3694 2638 3734 non
2662 3679 2905 3735 adhibet.
2928 3680 2996 3734 Et
3017 3680 3140 3751 quia
3161 3680 3351 3735 eadem
3381 3678 3577 3735 divinae

1979 3770 2311 3843 cognitionis
2339 3769 2520 3840 gloria
2548 3768 2602 3822 in
2635 3774 2826 3824 sancta
2856 3767 3095 3823 Ecclesia
3127 3768 3404 3834 remansit,
3457 3784 3575 3838 quae

1979 3871 2039 3911 se
2069 3853 2387 3911 doctoribus
2415 3852 2604 3923 primis
2633 3851 2870 3921 aperuit,
2891 3852 3145 3906 subditur
3170 3869 3183 3905 :

2050 3945 2230 4013 (Vers.
2265 3942 2381 4012 2t.)
2411 3942 2479 3996 Et
2507 3939 2732 3996 addidit
2758 3940 3040 3996 Dominus
3068 3944 3133 3997 ut
3183 3944 3483 4013 appareret
3511 3942 3575 3997 in

1982 4033 2118 4089 Silo.

2045 4125 2135 4179 29.
2170 4119 2281 4176 Silo
2312 4117 2516 4190 quippe
2547 4117 2745 4173 missus
2772 4117 3175 4189 interpretatur.
3210 4119 3273 4172 Et
3321 4120 3446 4188 quia
3476 4136 3573 4173 us-

1976 4226 2088 4282 que
2118 4209 2171 4263 in
2204 4207 2389 4262 mundi
2445 4206 2608 4261 tinem
2638 4206 2694 4260 in
2755 4206 3155 4277 praedicationis
3210 4206 3574 4261 ministerium

268 4302 575 4349 nostrorum
609 4294 769 4361 ordo,
806 4304 1092 4367 postquam
1142 4295 1313 4351 verbo
1357 4296 1665 4368 Synagogae
1730 4293 1868 4351 ﬁlios
1973 4299 2156 4367 mittit,
2190 4299 2244 4351 in
2273 4296 2385 4353 Silo
2404 4296 2671 4351 Dominus
2699 4302 2946 4367 apparet,
2980 4294 3110 4365 quia
3143 4311 3200 4349 se
3241 4295 3322 4350 eis
3368 4295 3567 4350 clarius

265 4383 483 4454 repulit,
510 4382 733 4452 majoris
749 4385 1069 4440 reverentim
1086 4384 1317 4456 gloriam
1334 4385 1475 4456 apud
1505 4383 1862 4456 gentilitatem

1973 4387 2206 4444 ostendit
2234 4402 2332 4459 per
2362 4400 2500 4457 quos
2529 4383 2662 4440 lucis
2689 4400 2800 4439 suae
2819 4383 3052 4456 gloriam
3074 4383 3195 4438 aliis
3215 4384 3573 4454 aperit.Bcne

262 4469 469 4526 invenit
490 4472 521 4524 ’ἲ
552 4471 733 4527 Crevit
759 4472 1060 4545 ergo,quia
1083 4472 1173 4545 qui
1193 4489 1293 4544 per
1314 4473 1469 4528 verbi
1500 4472 1858 4528 ministerium
1885 4472 1940 4535 D
1972 4484 2151 4532 autem
2183 4476 2381 4531 dicitur
2407 4474 2633 4531 Addidit
2649 4479 2713 4529 ut
2741 4473 3205 4545 appareret,quia
3234 4474 3576 4529 incessanter

260 4576 317 4616 se
347 4560 582 4632 priusin
601 4576 708 4615 una
737 4569 904 4633 gente
932 4562 1548 4633 cohibuit,postmodum
1572 4563 1869 4619 sanctitatis

259 4656 423 4720 atque
452 4650 722 4706 doctrinae
750 4650 957 4706 famam
990 4650 1043 4705 in
1080 4651 1337 4706 universo
1368 4651 1568 4706 mundo
1598 4651 1861 4708 dilatavit.

264 4737 417 4793 Unde
448 4746 504 4793 et
535 4753 637 4809 per
665 4739 1007 4794 Psalmistam
1036 4739 1271 4795 dicitur:
1305 4739 1369 4794 In
1390 4756 1615 4797 omnem
1648 4745 1864 4796 terram

258 4828 441 4882 exivit
468 4843 643 4884 sonus
671 4843 889 4895 eorum,
910 4832 964 4884 et
994 4828 1055 4884 in
1074 4828 1217 4898 ﬁnes
1238 4829 1383 4885 orbis
1405 4833 1574 4885 terrae
1594 4830 1757 4886 verba
1779 4846 1864 4885 eo-

259 4930 389 4971 rum
413 4915 606 4985 (Psat.
632 4931 788 4983 xvut,
811 4919 889 4987 5).
914 4916 1049 4972 Hinc
1072 4917 1263 4971 iterum
1285 4925 1487 4974 sanctae
1507 4918 1767 4973 Ecclesiae
1786 4917 1865 4974 lo-

261 5019 454 5073 quens,
478 5004 553 5058 ait
578 5021 591 5059 :
616 5006 726 5062 Pro
741 5005 1002 5076 patribus
1020 5007 1132 5061 tuis
1152 5008 1280 5061 nati
1300 5010 1436 5062 sunt
1461 5007 1565 5063 tibi
1583 5007 1714 5077 ﬁlii,
1733 5025 1863 5064 con-

256 5096 461 5149 stitues
471 5110 561 5150 eos
570 5095 861 5167 principes
871 5110 1039 5167 super
1053 5109 1278 5151 omnem
1292 5097 1529 5167 terram(
1540 5095 1858 5165 Psat.xuv,

259 5181 367 5250 17).
399 5182 581 5239 Crevit
619 5184 806 5257 itaque
835 5199 959 5240 cum
980 5183 1033 5238 in
1073 5184 1328 5240 universo
1359 5186 1561 5240 mundo
1590 5186 1851 5242 radiavit.

261 5271 391 5327 Cum
421 5288 533 5345 quo
559 5273 727 5329 etiam
754 5272 1023 5329 Dominus
1041 5290 1163 5330 esse
1183 5274 1522 5347 perhibetur,
1549 5277 1677 5350 quia
1697 5291 1859 5333 omne

324 5506 407 5577 (α)
436 5505 905 5580 Fortelegendum
927 5511 1023 5581 qui
1045 5509 1106 5565 in
1126 5525 1219 5568 me
1236 5512 1571 5586 toquitur,ut
1591 5515 1772 5569 exstat
1796 5513 1854 5570 in

261 5587 450 5649 Greco
483 5589 627 5648 fonte
653 5607 723 5650 ac
744 5588 801 5649 in
818 5594 1188 5653 Versionibus.
1203 5596 1340 5655 Hinc
1366 5598 1854 5674 Grcgoriusexpli-

1974 4566 2250 4637 eliguntur
2299 4563 2495 4634 quibus
2544 4563 2761 4618 claritas
2791 4562 2991 4617 divinae
3048 4561 3188 4618 lucis
3236 4562 3560 4619 infunditur.

1973 4654 2130 4710 Unde
2187 4660 2241 4709 et
2297 4666 2520 4709 causam
2577 4666 2671 4707 cur
2715 4650 2953 4706 auditam
3030 4651 3300 4709 visionem
3359 4663 3572 4709 asserat

1972 4742 2171 4811 subdit,
2204 4742 2388 4798 dicens
2415 4760 2427 4797 :

2044 4834 2228 4903 (Vers.
2259 4835 2373 4899 21.)
2410 4831 2687 4903 Quoniam
2717 4829 3005 4887 revelatus
3034 4833 3230 4903 fuerat
3277 4830 3567 4889 Dominus

2015 4919 2251 4977 amueli.

2015 4923 2251 4977 amueti.

1976 4923 2013 4979 S
2043 5014 2129 5065 30.
2159 5008 2365 5065 Idcirco
2397 5009 2547 5063 enim
2578 5017 2635 5063 ut
2663 5016 2924 5080 appareat
2969 5009 3137 5077 addit,
3173 5010 3424 5081 quoniam
3477 5011 3564 5080 qui

1969 5099 2243 5165 revelatus
2274 5096 2450 5152 fuerat
2477 5096 2746 5153 Dominus
2767 5114 2826 5151 se
2857 5098 3051 5153 iterum
3079 5106 3239 5169 atque
3272 5099 3460 5151 itemm
3485 5114 3566 5153 ιε-

1968 5188 2132 5256 velat,
2160 5195 2213 5242 et
2241 5203 2355 5242 suae
2384 5186 2715 5242 ostensionis
2744 5186 2948 5241 donum
2994 5201 3027 5240 a
3074 5193 3255 5240 sancta
3322 5186 3566 5241 Ecclesia

1966 5291 2315 5349 nequaquam
2348 5275 2633 5341 subtrahit,
2666 5290 2825 5346 quam
2851 5274 2900 5329 ei
2931 5273 3187 5329 exhibere
3217 5290 3285 5329 ex
3315 5274 3434 5344 ejus
3465 5290 3564 5330 ex-

1962 5526 2095 5567 cans
2121 5512 2265 5566 hunc
2293 5511 2472 5567 locum
2501 5506 2725 5566 subdit:
2752 5507 2845 5587 qui
2864 5506 3020 5567 enim
3042 5506 3103 5565 in
3124 5523 3184 5566 se
3209 5509 3557 5584 loquebatur,

1961 5617 2155 5660 secum
2184 5604 2336 5660 erat.
