4062 6182
479 240 580 302 159

1678 242 1930 304 SANCTI
1961 241 2303 302 GREGORII
2333 242 2563 304 MAGNI

3668 243 3768 304 160

473 369 626 427 ordio
654 383 762 427 non
792 368 1045 429 cessavit.
1078 370 1190 431 Sed
1220 375 1316 447 qui
1346 373 1586 433 Samueli
1616 374 1889 434 revelatus
1909 389 2063 432 asse-
2092 369 2151 434 A
2181 370 2329 444 quod
2349 376 2432 429 est
2457 371 2682 430 verbum
2703 372 2804 431 Dei
2824 369 3014 444 (Ibid.,
3036 371 3256 446 16-17).
3294 370 3432 430 Hinc
3453 370 3643 429 Petrus
3665 388 3767 427 ex-

470 456 623 521 ritur,
649 455 862 527 quoties
909 474 1179 530 apparere
1207 460 1478 517 addiderit
1507 475 1614 518 non
1645 463 1899 529 refertur,
1935 461 2062 533 quia

475 543 729 601 nimirum
759 562 932 620 usque
962 548 1017 602 in
1051 549 1237 604 mundi
1266 549 1425 607 ﬁnem
1455 560 1641 608 sancta
1672 551 1912 608 Ecclesia
1958 550 2067 606 du-

475 633 636 701 citur,
660 635 748 691 cui
780 636 1160 708 praedicatores
1188 649 1446 709 praesunt,
1478 639 1567 711 qui
1598 658 1666 696 ex
1688 656 1755 696 eo
1781 641 1834 695 in
1866 639 2068 696 inﬁmis

484 722 591 777 alta
619 725 933 780 aeternitatis
959 726 1159 798 gaudia
1192 728 1504 796 praedicent,
1534 744 1641 799 quo
1684 745 1896 784 summa
1948 745 2068 800 qua:

478 812 780 883 pradicant
804 814 856 867 in
888 814 991 869 alta
1016 816 1113 871 Dei
1171 817 1610 874 manifestatione
1652 818 1855 874 vident.
1890 817 2069 888 Quam

476 899 719 970 profecto
751 904 1144 973 apparitionem
1166 905 1327 974 juxta
1355 906 1581 961 verbum
1619 906 1837 963 Domini
1869 906 2069 963 factam

477 989 811 1059 perhibetur.
841 990 983 1059 Quid
1013 1001 1094 1048 est
1112 1002 1293 1049 autem
1321 995 1549 1050 verbum
1566 995 1805 1063 Domini,
1825 997 1925 1050 nisi
1948 1011 2071 1066 pro-

475 1076 665 1135 missio
689 1078 1067 1151 Redemptoris
1087 1084 1114 1136 ἢ
1142 1083 1357 1139 Addidit
1376 1101 1509 1157 ergo
1529 1093 1586 1139 ut
1607 1093 1892 1156 appareret
1907 1085 2072 1155 juxta

477 1166 699 1221 verbum
760 1170 997 1239 Domini,
1031 1172 1155 1243 quia
1205 1174 1583 1243 promissionis
1626 1190 1739 1229 sua:
1788 1174 2070 1230 veritatem

482 1255 768 1312 exhiberet
797 1274 904 1313 non
932 1259 1150 1315 desinit.
1185 1262 1416 1317 Verbum
1468 1278 1700 1334 namque
1755 1262 1970 1319 Domini
2017 1263 2073 1317 in

475 1343 756 1401 additione
783 1349 1138 1418 apparitionis
1159 1358 1266 1405 est.
1300 1353 1435 1407 Ecce
1463 1368 1557 1423 ego
1605 1350 1888 1409 vobiscum
1944 1369 2073 1409 sum

478 1434 736 1490 omnibus
764 1434 977 1500 diebus,
1014 1454 1187 1512 usque
1216 1440 1289 1495 ad
1308 1443 1856 1497 consummationem
1878 1442 2075 1499 saeculi

476 1521 695 1589 (Matth.
727 1539 927 1592 xxvm,
956 1529 1072 1596 20.)
1103 1528 1394 1601 Sequitur:

477 1609 720 1680 (Vers.21
734 1613 842 1682 .)Et
855 1615 1007 1671 venit
1018 1632 1200 1673 sermo
1214 1619 1492 1674 Samuelis
1505 1619 1565 1674 in
1578 1620 1680 1676 uni
1687 1635 1839 1676 verso
1857 1619 2071 1676 Israeli.

2170 464 2389 518 hortans
2410 462 2541 519 dicit
2562 480 2575 517 :
2604 462 2856 519 Solliciti
2875 467 3136 529 estote,et
3157 463 3390 534 vigilate
3412 463 3474 519 in
3494 463 3770 519 orationi-

2167 552 2424 624 bus,quia
2439 552 2796 608 adversarius
2813 554 2994 609 vester
3013 552 3264 609 diabolus
3287 553 3493 609 circuit
3508 568 3770 625 quwrens

2165 656 2329 713 quem
2351 641 2599 709 devoi'et;
2621 643 2715 698 cui
2736 643 2985 698 resistite
3006 644 3183 712 fortes
3213 643 3276 697 in
3289 640 3397 711 ﬁde
3424 642 3473 709 (ι
3489 642 3644 696 Petr.
3681 655 3759 709 iv,

2170 730 2223 798 7;
2260 747 2314 798 v,
2358 731 2433 802 8).
2481 731 2618 786 Dum
2667 745 2801 803 ergo
2848 730 3110 786 Israelitis
3160 729 3346 801 prmlia
3394 745 3491 800 per
3526 729 3767 785 litteram

2171 817 2493 885 referuntur,
2524 820 2731 874 interna
2765 827 2816 875 et
2845 818 3109 890 spiritalia
3156 818 3535 890 designantur.
3594 816 3766 872 Phili-

2169 906 2354 962 sthiim
2386 923 2618 979 namque
2647 909 2903 963 cadentes
2931 907 3127 979 poculo
3157 906 3573 977 interpretantur
3598 925 3614 974 ;
3660 921 3768 976 quo

2171 995 2426 1050 nimirum
2468 996 2686 1053 nomine
2728 997 2946 1066 reprobi
2996 1012 3025 1051 a
3065 995 3174 1070 geli
3214 995 3602 1068 exprimuntur,
3638 994 3769 1067 quia

2170 1100 2269 1155 per
2296 1084 2750 1141 abundantiorem
2778 1093 2967 1155 potum
3012 1084 3282 1156 superbiae
3302 1092 3495 1138 statum
3526 1082 3775 1154 perdide-

2173 1180 2296 1227 runt
2323 1176 2540 1229 aeterna:
2569 1173 2713 1230 vitae.
2748 1174 2841 1229 Eis
2872 1174 3077 1247 quippe
3126 1173 3272 1228 velut
3320 1170 3518 1243 poculo
3569 1171 3775 1227 cadere

2174 1261 2275 1317 fuit
2303 1271 2492 1334 potum
2535 1262 2806 1335 superbiae
2861 1263 2979 1318 sine
3030 1262 3177 1318 omni
3234 1277 3385 1317 mora
3440 1260 3775 1316 retractionis

2174 1366 2472 1407 assumere.
2533 1353 2674 1407 Nam
2732 1352 2878 1425 quod
2935 1358 3151 1424 potatur
3208 1350 3372 1407 facile
3413 1350 3660 1405 sumitur.
3692 1349 3777 1404 De

2175 1455 2401 1510 quorum
2431 1440 2673 1512 profecto
2702 1440 3012 1497 cadentium
3044 1440 3292 1512 principe
3339 1439 3487 1496 velut
3540 1437 3611 1494 de
3666 1453 3779 1508 po-

2177 1536 2320 1584 tante
2351 1529 2613 1585 Dominus
2653 1530 2817 1585 dicit:
2867 1529 3008 1599 Quia
3064 1531 3125 1585 in
3172 1528 3413 1586 veritate
3459 1543 3577 1584 non
3615 1528 3784 1583 stetit

2178 1617 2366 1688 (Joan.
2398 1634 2512 1687 νιιι,
2539 1620 2648 1689 tt).
2685 1619 3006 1675 Velutenim
3036 1626 3172 1689 potu
3228 1616 3449 1685 corruit,
3500 1616 3615 1688 qui,
3673 1631 3775 1670 su-

549 1703 635 1753 3t.
668 1700 858 1757 Sermo
888 1705 1089 1759 etenim
1122 1706 1313 1762 venire
1344 1709 1715 1779 cognoscitur,
1760 1724 1883 1765 cum
1916 1724 2064 1778 prae-
2093 1722 2147 1783 Β
2173 1706 2384 1776 perbiaa
2404 1723 2516 1763 suae
2534 1707 2819 1763 velocitate
2841 1707 3045 1776 ebrius,
3079 1706 3132 1761 in
3164 1722 3230 1762 ea
3258 1722 3362 1777 qua
3410 1704 3583 1761 fuerat
3637 1717 3779 1761 con-

475 1786 777 1845 dicatorum
814 1803 1120 1849 nostrorum
1176 1795 1467 1865 promissio
1522 1796 1866 1867 adimpletur.
1929 1798 2065 1851 l’ro-

479 1875 663 1933 missio
690 1880 835 1934 enim
861 1881 1011 1935 verbi
1042 1891 1122 1937 est
1151 1884 1412 1955 gaudium
1444 1884 1560 1940 sine
1585 1884 1690 1941 ﬁne
1723 1901 2060 1941 mansurum.

479 1965 742 2023 Universo
788 1968 958 2040 igitur
984 1971 1167 2027 Israeli
1215 1988 1394 2029 sermo
1440 1973 1713 2030 Samuelis
1759 1975 1925 2037 venit,
1950 1974 2073 2045 quia

481 2054 630 2109 omni
638 2074 664 2109 s
683 2056 972 2114 multitudo
988 2069 1189 2116 sanctae
1218 2062 1478 2118 Ecclesiae
1494 2063 1565 2118 ad
1581 2063 1842 2136 gaudium
1858 2072 2075 2119 aeternas

481 2140 831 2200 beatitudinis
848 2148 1111 2217 pervenit,
1144 2157 1198 2204 et
1225 2150 1373 2222 quod
1404 2168 1546 2207 nunc
1575 2152 1629 2206 in
1670 2152 1776 2207 ﬁde
1806 2152 2074 2209 sermonis

480 2246 513 2286 a
542 2234 745 2289 sanctis
774 2235 895 2306 ejus
936 2237 1382 2305 praedicatoribus
1426 2241 1833 2310 repromittitur.
1865 2258 1964 2311 per
1992 2241 2069 2296 rEi

478 2320 758 2378 veritatem
815 2322 991 2380 eidem
1045 2326 1099 2380 in
1150 2328 1333 2398 regnis
1399 2329 1715 2384 caelestibus
1767 2330 2070 2385 exhibetur.

481 2409 718 2465 Verbum
739 2427 973 2485 namque
994 2414 1279 2471 doctorum
1305 2416 1360 2470 in
1388 2417 1810 2488 repromissione
1834 2417 2073 2474 ﬁdelium

479 2505 562 2552 est
586 2515 599 2552 :
624 2500 816 2556 Omnis
837 2502 1126 2572 quiet-edit
1139 2505 1203 2558 in
1218 2505 1405 2577 ipsum
1425 2522 1540 2562 non
1551 2508 1700 2577 perit
1708 2506 1832 2575 ,‘sed
1853 2508 2071 2565 habebit

477 2585 661 2641 vitam
690 2593 967 2645 (sternam
985 2589 1172 2661 (Joan.
1198 2608 1276 2658 ιιι,
1303 2594 1411 2658 15).
1446 2594 1543 2650 Vel
1569 2602 1713 2650 certe
1743 2611 1926 2651 sermo
1965 2597 2071 2652 do-

478 2680 690 2729 ctorum
722 2676 776 2731 in
802 2679 1223 2749 repromissione
1253 2698 1531 2738 munerum
1564 2693 1645 2738 est
1671 2701 1685 2738 :
1714 2685 1846 2752 Quae
1874 2686 2075 2742 oculus

477 2777 593 2818 non
610 2764 774 2834 vidit,
789 2782 893 2824 nec
906 2770 1064 2824 auris
1077 2772 1425 2837 audivit,nec
1439 2775 1499 2828 in
1513 2789 1608 2829 cor
1619 2774 1863 2830 hominis
1879 2791 2074 2831 ascen-

479 2850 587 2920 dit,
609 2870 734 2926 quas
748 2859 1073 2929 preparavit
1092 2860 1238 2916 Deus
1259 2862 1625 2934 diligentibus
1646 2879 1702 2919 se
1724 2864 2070 2933 (Isa.wa,4;

479 2945 507 2995 ι
525 2940 652 2997 Cor.
679 2958 737 3008 ιι,
763 2948 838 3014 9).
889 2946 1082 3003 Sermo
1138 2949 1319 3021 itaque
1376 2951 1651 3007 Samuelis
1707 2954 1765 3006 in
1822 2953 2071 3009 universo

477 3028 661 3085 lsraeli
693 3034 859 3101 venit,
897 3037 1056 3103 125
1088 3039 1213 3110 quia
1242 3040 1484 3110 quisquis
1511 3040 1717 3096 sanctis
1742 3041 2069 3111 praedicato-

476 3118 625 3173 ribus
653 3127 705 3175 et
746 3122 870 3177 vita:
898 3123 1179 3194 praesentis
1231 3124 1546 3197 religiosam
1602 3126 2068 3183 conversationem

478 3207 833 3265 suadentibus
870 3219 923 3266 et
951 3220 1152 3268 aeterna
1183 3213 1380 3285 gaudia
1420 3213 1584 3282 justis
1630 3214 2072 3283 promittentibus

478 3297 667 3365 credit,
702 3298 770 3353 ad
814 3315 879 3354 ea
909 3316 1030 3372 quae
1058 3301 1149 3371 pie
1194 3301 1430 3357 vivendo
1478 3303 1823 3373 exspectavit
1870 3306 2071 3376 gaudia

479 3392 681 3441 mterna
710 3404 872 3444 carne
902 3390 1196 3445 moriendo
1226 3390 1489 3445 transivit.
1522 3379 1741 3447 Undeet
1769 3392 1816 3446 is
1845 3392 1898 3448 in
1922 3394 2071 3463 cujus

480 3471 584 3528 ﬁde
609 3477 935 3544 promiserat
974 3478 1223 3545 afﬁrmat,
1258 3479 1486 3535 dicens:
1515 3483 1694 3537 Amen
1729 3481 1853 3537 dico
1900 3483 2067 3550 vobis,

476 3563 679 3618 cretum
703 3570 758 3620 et
782 3569 939 3622 terra
963 3569 1311 3633 transibunt,
1335 3567 1508 3625 verba
1546 3575 1741 3625 autem
1781 3587 1907 3626 mea
1954 3587 2071 3627 non

477 3649 805 3705 transibunt
824 3651 1018 3721 (Marc.
1047 3668 1166 3720 xm,
1191 3653 1409 3724 31).Vel
1427 3661 1579 3710 certe
1603 3669 1784 3709 sermo
1806 3655 2073 3711 Samuelis

475 3735 529 3790 in
556 3737 812 3793 universo
834 3740 1023 3795 Israeli
1041 3742 1161 3811 jam
1189 3742 1355 3807 venit,
1381 3742 1507 3813 quia
1526 3758 1623 3813 per
1642 3742 1895 3798 effectum
1933 3744 2072 3799 divi-

472 3840 557 3879 na;
584 3825 1067 3884 animadversionis
1085 3830 1361 3902 generalis
1381 3830 1600 3901 impleta
1621 3832 1970 3904 cognoscitur
1988 3850 2073 3893 re-

471 3912 651 3983 puleio
680 3914 1025 3973 Judmorum.
1060 3919 1213 3975 Unde
1242 3928 1294 3974 et
1316 3918 1561 3975 ordinem
1592 3937 1698 3992 quo
1720 3920 1865 3977 idem
1888 3936 2070 3981 sermo

472 3999 526 4055 in
557 4002 811 4059 universo
835 4005 1024 4061 lsraeli
1053 4006 1259 4063 venerit
1286 4006 1448 4063 latius
1476 4024 1778 4081 exponens,
1809 4010 1921 4066 ait:

1103 4136 1326 4194 CAPUT
1356 4137 1403 4191 II
1417 4177 1430 4191 .

544 4241 586 4307 (Ι
608 4241 859 4313 Reg.tv,t
872 4244 983 4314 -3.)
1000 4245 1268 4315 Egressus
1289 4260 1530 4317 namque
1542 4250 1625 4302 est
1646 4245 1826 4302 Israel
1847 4248 2062 4303 obviam

471 4329 831 4387 Philisthiim
862 4332 923 4387 in
937 4335 1222 4404 pristiam,
1245 4337 1301 4388 et
1322 4337 1767 4390 castrametatus
1791 4339 1875 4391 est
1878 4336 2060 4405 juxta

2176 1794 2320 1851 ditus
2348 1796 2575 1852 veritate
2604 1812 2706 1853 nec
2735 1796 2806 1852 ad
2835 1803 3173 1851 momentum
3195 1795 3358 1851 stetit.

2250 1928 2302 1980 2.
2335 1924 2443 1981 Sed
2474 1925 2634 1981 valde
2663 1926 3015 1998 quaerendum
3045 1932 3128 1981 est
3156 1924 3434 1997 quomodo
3471 1923 3640 1979 Israel
3690 1936 3781 1978 se-

2180 2013 2415 2069 cundum
2464 2030 2686 2070 carnem
2716 2016 2905 2088 egredi
2930 2014 2987 2069 in
3018 2014 3262 2086 pra-lium
3293 2021 3483 2069 contra
3503 2012 3636 2067 istos
3688 2025 3778 2068 ca-

2179 2102 2373 2158 dentes
2401 2104 2597 2174 poculo
2626 2103 2978 2176 intelligatur.
3013 2104 3191 2159 Nemo
3221 2102 3368 2159 enim
3398 2108 3604 2174 pugnat
3652 2115 3780 2156 cum

2179 2206 2246 2247 eo
2278 2192 2367 2263 qui
2397 2191 2500 2247 sibi
2522 2192 2828 2264 subjicitur.
2879 2192 3141 2248 Iudaicus
3187 2207 3320 2264 ergo
3374 2189 3631 2261 pOpulus,
3683 2189 3779 2261 qui

2182 2280 2437 2353 malignis
2467 2281 2746 2352 spiritibus
2774 2297 2871 2352 per
2900 2280 3269 2337 inﬁdelitatem
3297 2279 3589 2347 subjectus,
3653 2292 3782 2334 con-

2181 2374 2261 2425 tra
2291 2383 2389 2425 eos
2416 2369 2470 2423 in
2503 2369 2751 2439 praelium
2769 2370 3042 2440 quomodo
3063 2368 3252 2442 egredi
3281 2368 3506 2424 dicitur?
3530 2369 3783 2440 Pugnare

2181 2466 2362 2513 tamen
2394 2460 2655 2514 asseritur
2673 2474 2781 2513 non
2809 2459 3033 2515 veritate
3062 2456 3412 2523 fortitudinis,
3441 2457 3537 2512 sed
3560 2455 3784 2511 fallacia

2179 2546 2571 2603 estimationis.
2588 2547 3067 2620 Veritatesquippe
3085 2546 3416 2603 fortitudinis
3450 2562 3482 2601 a
3516 2544 3780 2614 malignis

2181 2635 2459 2707 spiritibus
2487 2636 2663 2692 victus
2691 2644 2795 2705 est,
2819 2636 2916 2692 sed
2948 2645 3131 2692 tamen
3145 2635 3272 2691 dum
3290 2636 3509 2691 Patrum
3529 2640 3779 2691 veterum

2180 2724 2502 2781 traditiones
2526 2733 2727 2793 serVat,
2750 2742 2875 2781 cum
2905 2725 3161 2798 malignis
3203 2724 3484 2796 spiritibus
3540 2738 3599 2777 se
3651 2736 3781 2777 cer-

2184 2821 2364 2869 tamen
2395 2814 2597 2870 habere
2648 2814 2935 2869 existimat.
2982 2814 3137 2871 Unde
3192 2820 3259 2869 et‘
3296 2812 3399 2868 sub
3453 2809 3785 2883 captivitatis

2180 2919 2294 2958 suae
2322 2902 2548 2959 vinculis
2576 2910 2725 2960 tanto
2756 2902 3030 2960 strinctius
3053 2904 3275 2975 ligatur,
3309 2909 3511 2973 quanto
3551 2901 3676 2970 ipsa
3712 2897 3782 2956 li-

2180 2990 2405 3047 bertatis
2433 3007 2593 3063 quam
2619 3007 2728 3047 non
2750 2992 2912 3047 habet
2938 2991 3137 3048 ﬁducia
3156 2991 3228 3046 ab
3255 3006 3445 3047 eorum
3474 2989 3579 3045 sibi
3613 2986 3777 3045 calli-

2102 3074 2152 3139 C
2180 3080 2344 3136 ditate
2373 3080 2704 3153 suggeritur.
2736 3080 2953 3137 Versuti
2970 3097 3203 3151 namque
3226 3077 3530 3136 adversarii
3549 3075 3778 3134 occultis

2176 3170 2615 3242 suggestionibus
2640 3170 2691 3225 ei
2716 3169 2867 3226 falsa:
2896 3169 3160 3225 libertatis
3203 3168 3576 3225 fortitudinem
3618 3181 3773 3238 pra:-

2178 3258 2379 3327 dicant,
2411 3267 2598 3315 uteam
2628 3274 2734 3329 qua
2763 3260 3026 3331 premitur
3046 3258 3345 3330 caliginem
3371 3272 3478 3313 non
3500 3254 3760 3323 attendat,

2178 3354 2229 3403 et
2250 3363 2315 3403 eo
2345 3347 2585 3404 securius
2609 3347 2725 3418 jam
2754 3363 2878 3403 eum
2908 3347 3200 3419 deceptum
3223 3345 3665 3418 possideantquo
3702 3343 3775 3398 ab

2179 3436 2263 3492 eis
2294 3436 2489 3507 quibus
2518 3444 2731 3491 tenetur
2758 3435 3093 3492 inﬁdelitatis
3122 3434 3358 3492 vinculis
3385 3433 3523 3490 solvi
3571 3432 3627 3487 in
3672 3433 3780 3487 Re-

2179 3524 2515 3596 demptorem
2546 3532 2785 3580 nostrum
2816 3525 3096 3581 credendo
3127 3538 3232 3579 non
3265 3539 3437 3581 curat.
3472 3522 3537 3577 Et
3583 3529 3778 3576 notan-

2178 3612 2310 3669 dum
2339 3615 2466 3686 quia
2494 3613 2564 3670 de
2593 3613 2811 3684 repulso
2842 3613 3045 3685 populo
3076 3613 3281 3670 dicitur
3317 3629 3331 3667 :
3369 3614 3636 3685 Egressus
3690 3613 3782 3667 est

2179 3700 2373 3761 Israel.
2416 3706 2452 3771 1
2471 3704 2575 3770 26
2604 3703 2754 3758 Tunc
2782 3711 2929 3759 recte
2959 3702 3088 3759 exiit
3114 3718 3242 3757 cum
3275 3716 3451 3758 sacrae
3479 3699 3601 3755 fidei
3653 3713 3773 3755 mo-

2180 3799 2436 3846 numenta
2466 3790 2770 3864 dereliquit.
2801 3792 2954 3848 Unde
2996 3799 3050 3847 et
3093 3791 3161 3846 de
3191 3791 3257 3846 iis
3285 3790 3375 3861 qui
3403 3805 3438 3845 a
3484 3789 3777 3860 Scriptum

2179 3887 2380 3937 sancta
2410 3881 2682 3953 mysteriis
2708 3881 2943 3937 errando
2964 3880 3335 3950 deviavcrant,
3362 3879 3599 3934 Joannes
3621 3877 3772 3933 dicit:

2177 3970 2264 4026 Ea:
2293 3970 2448 4027 nobis
2464 3970 2860 4038 exierunt,sed
2878 3986 2992 4027 non
3010 3974 3266 4026 erantex
3284 3969 3440 4026 nobis
3461 3970 3512 4037 (Ι
3534 3966 3771 4033 Joan.n,

2178 4060 2287 4130 l9).
2309 4060 2472 4115 Exire
2502 4059 2667 4131 igitur
2684 4059 2876 4114 lsraeli
2911 4057 3206 4115 secundum
3235 4073 3456 4114 carnem
3486 4064 3568 4113 est
3596 4063 3768 4111 recta:

2174 4148 2302 4204 ﬁdei
2335 4148 2595 4204 terminos
2636 4147 2864 4204 errando
2895 4149 3191 4222 praeterire.
3254 4147 3366 4203 Sed
3422 4146 3548 4217 quia
3597 4144 3766 4200 alium

2171 4238 2450 4293 Christum
2479 4245 2795 4308 exspectare
2825 4252 2934 4293 non
2958 4237 3232 4306 desinunt,
3276 4237 3432 4307 juxta
3482 4233 3758 4305 Adjutorii

2167 4326 2436 4413 Lapidem
2464 4334 2641 4381 castra
2672 4332 2901 4397 ponunt.
2933 4326 3124 4381 Merito
3155 4326 3321 4399 igitur
3349 4333 3504 4397 terga
3527 4322 3757 4379 vertisse

470 4418 732 4488 Lapidem
770 4420 1069 4490 Adjutorii.
1103 4423 1274 4477 Porro
1292 4420 1643 4477 Philisthiim
1682 4428 1961 4480 venerunt
2001 4425 2061 4480 in
2093 4430 2146 4491 D
2169 4415 2335 4471 Israel
2366 4414 2579 4484 dicitur,
2595 4414 2718 4485 quia
2747 4423 2796 4469 et
2827 4430 3075 4488 egressus
3105 4412 3757 4486 fuisseperhibetur.Nam

470 4504 679 4574 Aphec,
704 4511 762 4562 et
779 4507 1193 4565 instruxerunt
1214 4510 1398 4565 aciem
1426 4514 1626 4566 contra
1675 4510 1876 4568 Israel.
1910 4513 2058 4571 Inito

468 4595 667 4646 autem
696 4596 1029 4663 certamine,
1063 4600 1223 4667 terga
1253 4599 1421 4654 vertit
1445 4598 1636 4664 Israel,
1669 4603 1726 4655 et
1755 4617 1900 4657 casa
1919 4605 2059 4658 sunt

468 4679 532 4734 in
562 4680 663 4736 illo
692 4682 1004 4738 certamine
1018 4686 1227 4755 passim
1254 4702 1355 4756 per
1381 4703 1543 4759 agros
1581 4693 1824 4758 quatuor
1870 4691 2061 4746 millia

469 4769 744 4825 virorum.
770 4770 836 4825 Et
865 4786 1120 4829 reversus
1148 4778 1233 4830 est
1264 4775 1439 4831 Israel
1469 4777 1531 4831 in
1561 4781 1772 4833 castra.

542 4860 593 4911 1.
624 4859 766 4913 Esse
793 4859 1052 4929 spiritalia
1075 4862 1258 4932 praelia
1280 4864 1470 4920 beatus
1490 4866 1782 4935 Apostolus
1802 4868 2056 4937 ostendit,

466 4945 596 5001 dum
615 4954 813 5004 sancta
841 4947 1103 5005 Ecclesiae
1131 4954 1391 5007 castraad
1412 4953 1693 5009 victoriam
1720 4957 2054 5023 cohortatur,

468 5035 819 5093 dicens:Non
839 5041 925 5094 est
947 5039 1103 5095 nobis
1122 5038 1454 5098 colluctatio
1475 5042 1743 5099 adversus
1760 5060 1990 5101 carnem
2003 5048 2059 5101 et

470 5126 832 5195 sanguinem,
864 5126 964 5184 sed
973 5126 1244 5184 adversus
1268 5131 1560 5203 principes
1583 5136 1639 5187 et
1656 5137 1982 5204 potestates,
2005 5137 2062 5190 et

470 5220 671 5272 contra
716 5215 1004 5288 spiritales
1049 5219 1335 5289 nequitias
1377 5220 1440 5274 in
1478 5220 1795 5276 caelestibus
1834 5222 2057 5294 (Ephes.

468 5307 578 5367 v1,t
589 5305 662 5374 3).
679 5305 759 5359 De
773 5305 965 5379 quibus
977 5305 1229 5377 profecto
1240 5305 1447 5377 proeliis
1472 5308 1633 5363 etiam
1659 5323 1861 5380 conseq
1871 5311 2063 5366 uendae

471 5385 712 5442 victoria:
740 5390 1022 5445 consilium
1048 5390 1318 5460 praebens,
1342 5391 1451 5447 ait:
1503 5394 1573 5447 Et
1612 5398 1840 5450 scutum
1894 5394 2059 5464 ﬁdei,

463 5476 527 5531 in
539 5490 644 5547 quo
654 5476 885 5547 possitis
895 5479 1087 5547 omnia
1100 5481 1213 5537 tela
1222 5482 1554 5555 nequissimi
1563 5482 1727 5554 ignea
1738 5484 2065 5555 exstingue-

473 5578 558 5631 re,
591 5566 648 5619 et
667 5564 889 5635 galeam
911 5568 1115 5624 salutis
1136 5572 1428 5640 assumite,
1452 5574 1509 5628 et
1529 5570 1782 5643 gladium
1800 5572 2062 5644 spiritus,

2166 4504 2214 4560 si
2243 4505 2384 4559 intus
2413 4511 2674 4570 maneret,
2696 4503 2843 4560 vinci
2872 4519 3218 4575 nequaquam
3251 4502 3533 4575 potuisset,
3559 4503 3687 4576 quia
3706 4502 3758 4557 si

2166 4610 2225 4649 se
2253 4593 2390 4648 intra
2420 4591 2744 4648 munitiones
2772 4600 3014 4648 servaret
3060 4591 3209 4660 ﬁdei,
3259 4600 3499 4648 armatos
3537 4592 3760 4664 spiritus

2167 4682 2467 4738 debellaret
2494 4682 2717 4737 erroris.
2751 4682 2817 4737 Et
2847 4682 2972 4751 quia
3021 4681 3213 4737 fraude
3244 4690 3545 4753 superatur,
3598 4681 3762 4736 Phili-

2167 4771 2351 4827 sthiim
2380 4771 2434 4826 in
2465 4771 2656 4842 Aphec
2679 4771 2855 4827 aciem
2880 4769 3195 4826 instruxisse
3224 4770 3595 4842 perhibentur.
3637 4770 3759 4825 Ma-

2167 4860 2331 4933 lignis
2359 4874 2595 4931 namque
2624 4858 2904 4929 spiritibus
2932 4860 3107 4915 aciem
3130 4859 3400 4915 instruere
3429 4867 3513 4916 est
3533 4859 3763 4915 incautis

2168 4949 2200 5004 ι
2209 4950 2483 5004 udazorum
2504 4948 2760 5003 cordibus
2789 4956 3122 5021 argumenta
3137 4949 3471 5020 deceptionis
3482 4949 3757 5005 ordinare.

2170 5037 2279 5095 Sed
2308 5036 2442 5093 inito
2472 5036 2789 5107 certamine,
2822 5045 2975 5110 terga
3024 5039 3182 5093 vertit
3220 5038 3402 5108 Israel,
3452 5038 3576 5110 quia
3628 5040 3761 5094 dum

2170 5125 2307 5182 mori
2339 5124 2546 5192 metuit,
2580 5125 2835 5199 malignis
2857 5127 3135 5196 spiritibus
3183 5143 3293 5183 non
3348 5128 3569 5183 resistit.
3632 5127 3763 5183 ldeo

2170 5215 2369 5286 quippe
2399 5231 2596 5287 pugnae
2626 5215 2842 5288 profugi
2876 5224 3029 5288 terga
3054 5216 3303 5273 hostibus
3334 5224 3567 5284 vertunt,
3592 5232 3660 5273 ne
3683 5233 3764 5272 rc-

2169 5305 2424 5360 sistentes
2445 5304 2758 5361 moriantur.
2790 5304 2928 5374 Quia
2959 5321 3106 5376 vero,
3137 5306 3183 5362 si
3223 5306 3279 5362 in
3336 5308 3765 5378 Redemptorem

2169 5392 2348 5451 Judaei
2377 5394 2620 5463 credant,
2654 5396 2789 5451 mori
2819 5395 3108 5467 trepidant,
3131 5394 3337 5453 idcirco
3353 5411 3461 5452 non
3482 5396 3765 5463 resistunt,

2172 5492 2229 5540 ut
2256 5486 2465 5551 vivant,
2497 5483 2624 5553 quia
2652 5483 2708 5540 in
2736 5484 3155 5557 Redemptorem
3182 5502 3291 5543 non
3319 5486 3565 5553 credunt,
3597 5494 3655 5541 ut
3711 5485 3768 5541 in

2174 5572 2343 5632 veteri
2388 5572 2801 5632 circumcisione
2848 5574 3139 5635 salvantur.
3189 5574 3519 5638 Resisterent
3563 5574 3771 5648 quippe
