4062 6182
314 300 401 365 tsi
1109 298 1186 359 1N
1225 299 1493 360 PRIMUM
1531 288 1777 359 REGUM
1822 288 2353 362 expostTmNEs.
2394 334 2465 347 .-
2504 306 2636 363 LIB.
2686 300 2785 364 nt.

3499 325 3600 381 162

314 432 567 507 mlignis
593 430 889 504 spiritibus,
921 429 968 486 si
1022 443 1175 485 arma
1203 445 1314 485 suae
1344 426 1681 484 fortitudinis
1702 426 1757 481 in
1787 426 1898 483 Re-
1928 426 1980 491 Α
2010 428 2331 483 documenta
2360 430 2726 487 crediderunt.
2761 433 3005 503 Quatuor
3030 456 3160 497 vero
3190 441 3361 499 millia
3416 460 3597 505 cteso-

313 523 608 592 demptoris
633 521 807 577 nostri
836 520 945 577 ﬁde
975 520 1301 577 tenuissent.
1363 518 1471 574 Sed
1500 516 1623 572 ideo
1655 532 1723 572 ne
1776 531 1902 571 mo-

309 613 517 668 riantur
571 611 812 684 fugiunt,
870 619 921 665 et
977 610 1104 665 ideo
1151 608 1277 682 quia
1334 606 1547 680 fugiunt
1575 606 1899 661 moriuntur.

309 702 488 757 Hostis
530 716 775 772 namque
807 698 1112 771 insequens
1142 714 1209 755 eo
1238 696 1449 752 facilius
1482 696 1781 768 fugientem
1811 693 1899 748 in-

309 788 520 855 terﬁcit,
583 804 693 859 quo
748 788 793 843 is
823 788 916 861 qui
946 787 1206 861 fugiendo
1231 786 1532 859 percutitur
1562 782 1902 839 imminentis

306 878 523 934 victoris
548 878 636 933 sui
665 877 853 950 gladio
883 893 997 932 non
1025 876 1247 932 resistit.
1284 874 1442 931 Unde
1482 881 1539 929 et
1592 874 1648 927 in
1705 871 1899 928 eodem

304 967 605 1024 certamine
636 974 869 1039 quatuor
894 966 1205 1023 Iudaeorum
1228 964 1397 1020 millia
1426 977 1571 1020 caesa
1592 976 1900 1018 memoran-

302 1064 400 1111 tur.
436 1056 575 1125 Quaa
606 1057 752 1113 enim
774 1064 897 1112 sunt
926 1058 1042 1111 haec
1071 1062 1303 1127 quatuor
1331 1052 1521 1118 millia,
1554 1050 1658 1105 nisi
1689 1050 1781 1121 qui
1803 1066 1898 1105 re-

302 1146 482 1216 cipere
511 1144 1188 1218 quatuorEvangeliorum
1217 1143 1496 1200 veritatem
1551 1138 1841 1196 noluerunt
1870 1139 1899 1191 ‘l

303 1233 489 1303 Quare
520 1243 575 1289 et
599 1234 651 1289 in
675 1235 825 1307 agris
853 1234 991 1289 mori
1021 1232 1398 1305 perhibentur,
1429 1229 1559 1303 quia
1576 1229 1628 1284 in
1647 1244 1898 1284 errorum

300 1336 523 1377 suorum
559 1322 846 1377 latitudine
892 1323 1270 1377 immorantur.
1310 1321 1378 1375 Et
1404 1319 1536 1392 quia
1565 1318 1764 1374 erroris
1810 1317 1900 1373 sui

297 1410 525 1465 latibula
555 1412 737 1468 adhuc
766 1428 1111 1484 nequaquam
1166 1410 1571 1481 derelinquunt,
1618 1407 1786 1463 Israel
1842 1406 1900 1461 in

297 1507 477 1556 castra
503 1516 765 1556 reversus
797 1501 1083 1556 asseritur.
1116 1501 1279 1567 Nam,
1329 1507 1387 1553 ut
1435 1498 1551 1567 jam
1607 1496 1739 1561 dixi,
1774 1511 1898 1550 cum

294 1588 556 1662 malignis
573 1589 871 1661 spiritibus
889 1589 1066 1646 adhuc
1084 1590 1287 1645 habere
1298 1595 1571 1644 certamen
1589 1602 1648 1642 se
1663 1584 1900 1642 aestimat

294 1694 412 1734 cum
445 1694 640 1735 eorum
673 1678 935 1735 voluntati
966 1679 1146 1751 potius
1162 1679 1385 1735 obediat
1413 1693 1576 1750 quam
1605 1682 1893 1747 repugnet.

356 1789 409 1840 3.
447 1785 596 1854 Quia
610 1802 740 1842 vero
756 1786 919 1842 etiam
945 1787 1001 1841 in
1021 1785 1166 1842 bona
1187 1784 1583 1858 signiﬁcatione
1639 1784 1893 1855 poculum
1922 1781 1978 1842 B

293 1874 588 1947 accipitur,
647 1874 907 1931 cadentes
935 1874 1130 1947 poculo
1160 1874 1388 1945 intelligi
1420 1883 1625 1930 sanctae
1640 1872 1898 1928 Ecclesiae

292 1963 689 2034 praedicatores
714 1973 955 2034 possunt.
983 1964 1059 2019 De
1091 1979 1199 2035 quo
1227 1963 1477 2018 nimirum
1534 1963 1732 2033 poculo
1760 1963 1898 2016 Pro-

292 2053 454 2123 pheta
488 2052 781 2125 gloriatur,
829 2053 1045 2110 dicens:
1072 2052 1451 2125 Impinguasti
1492 2054 1555 2107 in
1585 2051 1703 2107 oleo
1725 2053 1901 2122 caput

293 2158 507 2207 meum,
529 2146 588 2198 et
604 2144 875 2215 poculum
903 2158 1089 2198 meum
1109 2142 1420 2209 inebrians,
1451 2157 1617 2215 quam
1658 2141 1900 2212 pracla-

291 2247 410 2287 rum
427 2235 523 2287 est
538 2231 950 2299 (Psal.xxn,5)
978 2231 1265 2287 lPoculum
1310 2246 1547 2302 namque
1588 2229 1895 2292 inebrians,

289 2319 580 2374 abundans
595 2328 676 2374 est
698 2321 876 2391 gratia
894 2320 1127 2391 Spiritus
1142 2318 1331 2385 sancti,
1364 2336 1487 2391 quae
1501 2326 1623 2390 apte
1639 2318 1896 2389 poculum

288 2407 507 2476 dicitur,
563 2407 693 2478 quia
740 2408 857 2477 ejus
896 2408 1238 2480 plenitudine
1294 2407 1589 2463 electorum
1638 2406 1812 2463 corda
1841 2406 1898 2460 in

289 2504 578 2553 momento
599 2496 957 2552 inebriantur.
993 2496 1144 2553 Unde
1174 2505 1227 2552 et
1254 2496 1324 2551 de
1352 2496 1543 2567 primis
1572 2505 1776 2552 sanctae
1796 2496 1899 2552 Ec-

292 2584 476 2642 clesiae
495 2585 814 2656 pastoribus
825 2586 1020 2641 dicitur
1039 2601 1052 2640 ε
1073 2588 1280 2643 Factus
1308 2590 1389 2641 est
1408 2590 1642 2659 repente
1671 2586 1741 2642 de
1761 2585 1895 2641 creto

284 2690 486 2741 sonus,
506 2679 785 2747 tanquam
807 2675 1172 2731 advenientis
1185 2676 1426 2747 spiritus
1444 2674 1815 2739 vehementis,
1838 2676 1897 2730 et

284 2764 530 2838 replevit
549 2767 734 2819 totam
758 2763 1094 2820 domumubi
1108 2769 1277 2820 erant
1301 2764 1719 2834 sedentes(Act.
1737 2778 1797 2831 it,
1816 2762 1892 2831 2).

289 2852 406 2922 Quo
439 2852 712 2908 nimirum
741 2853 939 2924 poculo
955 2853 1346 2924 praedicatores
1368 2853 1589 2920 cadunt,
1624 2852 1748 2925 quia
1765 2852 1895 2907 dum

290 2940 468 2997 sancti
504 2939 745 3011 Spiritus
772 2941 1009 3013 gratiam
1039 2940 1380 2996 abundanter
1421 2940 1712 3011 excipiunt,
1774 2948 1893 2996 sta-

292 3037 401 3083 tum
423 3029 807 3084 vitreamalis
821 3044 890 3084 ex
905 3036 1020 3085 toto
1034 3028 1436 3102 derelinquunt.
1457 3027 1708 3098 Quotidie
1734 3044 1894 3083 nam-

290 3134 393 3191 que
424 3134 535 3190 per
580 3117 688 3173 hoc
743 3118 997 3189 poculum
1045 3118 1193 3174 velut
1247 3117 1429 3172 nimiae
1484 3126 1738 3189 potantes
1792 3133 1891 3173 ca-
1924 3128 1974 3192 ο

288 3206 439 3275 dunt,
476 3206 611 3276 quia
639 3206 742 3261 etsi
772 3222 868 3262 eos
897 3206 1196 3277 aliquando
1212 3206 1466 3262 carnales
1492 3216 1669 3263 motus
1694 3207 1764 3262 ad
1784 3223 1901 3278 per.

289 3295 597 3365 petrandas
626 3294 824 3366 culpas
850 3294 1082 3367 erigunt,
1114 3295 1310 3351 virtute
1340 3303 1523 3352 tamen
1578 3298 1748 3365 potati
1778 3298 1897 3368 spi-

289 3382 424 3438 ritus
455 3383 519 3438 in
550 3390 695 3438 statu
724 3383 931 3454 peccati
961 3398 1071 3440 non
1112 3384 1481 3440 inveniuntur.
1515 3384 1649 3440 Cum
1699 3384 1899 3456 quibus

289 3471 547 3544 profecto
578 3472 712 3541 quia
736 3472 996 3530 Judaicus
1015 3474 1257 3545 populus
1272 3481 1553 3529 certamen
1586 3475 1749 3529 habet
1772 3474 1900 3529 ﬁdei

288 3566 487 3616 contra
537 3560 886 3617 Philistheeos
932 3562 1083 3629 istos,
1142 3562 1376 3618 carnalis
1424 3563 1597 3618 Israel
1652 3563 1900 3635 quotidie

291 3649 578 3718 egreditur
608 3650 678 3705 ad
708 3665 958 3722 campum
983 3650 1137 3707 belli.

354 3738 411 3791 4.
446 3738 698 3794 Possunt
727 3747 910 3795 autem
945 3739 1394 3796 Philistbinorum
1426 3739 1791 3812 appellatione
1819 3740 1901 3796 id-

292 3825 437 3882 circo
471 3834 691 3883 sanctas
720 3826 981 3884 Ecclesiae
994 3828 1380 3899 praedicatores
1409 3828 1661 3900 intelligi,
1693 3829 1899 3900 quiade

292 3930 495 3971 errore
528 3915 815 3988 gentilium
845 3916 917 3972 ad
945 3917 1185 3989 gratiam
1217 3916 1339 3973 ﬁdei
1359 3934 1460 3988 per
1478 3918 1579 3973 Dei
1595 3919 1901 3975 misericor-

293 4002 436 4058 diam
464 4012 599 4059 sunt
628 4005 907 4076 perducti.
932 4006 1062 4061 Cum
1077 4006 1271 4076 quibus
1300 4007 1550 4062 nimirum
1566 4007 1732 4063 Israel
1753 4024 1899 4078 prm-

295 4090 437 4148 lians
466 4099 630 4162 terga
661 4093 845 4161 vertit,
878 4093 1009 4166 quia
1038 4094 1278 4164 loquenti
1304 4111 1401 4166 per
1427 4110 1524 4150 ora
1573 4095 1899 4166 praedicato-

293 4195 412 4236 rum
443 4181 666 4253 spiritui
695 4197 808 4237 non
834 4182 1053 4237 resistit.
1084 4184 1144 4237 In
1171 4183 1416 4254 praelium
1462 4200 1698 4254 namque
1730 4183 1899 4240 Israel

305 4277 504 4325 contra
527 4269 855 4325 Pbilisthiim
886 4271 1097 4327 exierat
1124 4286 1247 4327 cum
1278 4272 1594 4342 praedicanti
1622 4273 1899 4344 Stephano

293 4356 472 4414 ιιιᾶωὶ
502 4357 855 4425 obsisterent,
887 4367 943 4414 et
968 4359 1039 4415 de
1069 4360 1196 4416 ﬁdei
1225 4369 1431 4417 nostrae
1463 4361 1672 4417 ratione
1703 4361 1896 4433 dispu-

296 4452 500 4501 tarent.
535 4446 647 4502 Sed
657 4448 911 4519 prelians
930 4456 1083 4522 terga
1098 4450 1279 4516 vertit,
1298 4451 1425 4521 quia
1451 4453 1491 4518 1
1510 4453 1610 4519 27
1646 4449 1896 4507 resistere

296 4535 637 4606 disputando
666 4551 775 4591 non
804 4537 1005 4607 potuit.
1030 4538 1169 4593 Nam
1201 4539 1270 4594 de
1288 4548 1442 4611 terga
1478 4538 1816 4595 vertentibus
1845 4540 1901 4595 in

298 4624 676 4693 apostolorum
704 4625 931 4681 Actibus
950 4626 1185 4682 dicitur:
1212 4628 1332 4684 Non
1358 4630 1627 4700 poterant
1642 4629 1900 4686 resistere

297 4714 607 4784 sapientiae
661 4719 719 4770 et
758 4715 994 4786 spiritui
1019 4717 1116 4787 qui
1145 4716 1474 4789 loquebatur
1499 4717 1646 4789 (Act.
1678 4733 1755 4786 vi,
1789 4718 1897 4789 10).

298 4799 453 4856 Catii
484 4809 669 4858 autem
705 4802 966 4858 lsraelitis
995 4804 1161 4860 estab
1190 4803 1523 4863 inﬁdelitatis
1577 4805 1689 4862 vita
1734 4821 1899 4878 sepa-

296 4890 437 4944 rari.
502 4890 650 4946 Bene
670 4906 886 4961 quoque
914 4891 972 4946 in
998 4893 1148 4965 agris
1193 4894 1330 4950 mori
1356 4894 1707 4966 perhibentur
1735 4910 1749 4965 ;
1784 4894 1901 4968 agri

299 4978 443 5033 enim
474 4979 792 5035 certaminis
819 4988 945 5036 sunt
971 4982 1109 5038 sacri
1130 4982 1334 5055 eloquii
1390 4983 1631 5041 virentes
1684 4983 1899 5040 intelle-

299 5073 436 5122 ctus.
471 5068 535 5123 In
565 5068 715 5140 agris
770 5068 941 5140 igitur
970 5085 1109 5126 caesa
1137 5080 1499 5143 pugnatorum
1535 5071 1899 5128 Israelitarum

298 5154 474 5211 millia
504 5156 880 5229 assignantur,
938 5159 1067 5231 quia
1094 5161 1186 5230 qui
1215 5170 1522 5218 sanctorum
1569 5160 1898 5233 prmdicato-

300 5258 427 5300 rum
453 5245 757 5302 ministerio
786 5247 857 5303 de
883 5247 1074 5305 ludes
1092 5250 1344 5307 conversi
1364 5257 1490 5306 sunt
1510 5250 1564 5306 in
1581 5249 1903 5321 Redempto-

299 5348 416 5390 rem
445 5334 678 5391 humani
729 5336 955 5410 generis
984 5354 1083 5409 per
1137 5347 1447 5397 sanctarum
1504 5340 1901 5413 Scripturarum

372 5462 459 5534 (a)
486 5460 683 5532 Vatia,
715 5465 773 5519 et
827 5463 1009 5523 salvet
1063 5481 1164 5525 nos
1192 5466 1259 5525 de
1313 5481 1492 5525 manu
1535 5466 1900 5526 inimicorum

302 5540 650 5590 υωῑνοναητ.

374 5603 461 5686 (ὁ)
490 5603 784 5683 Gussauv.,
807 5608 1113 5671 lsraelilis.

2012 532 2132 571 rum
2162 517 2331 573 fuisse
2359 530 2752 590 memorantur,
2786 525 2911 594 quia
2940 530 3191 586 eamdem
3219 534 3365 587 sacri
3397 535 3597 606 eloquii

2010 606 2382 662 auctoritatem
2411 607 2478 663 de
2505 609 2647 681 lege,
2680 612 2980 683 prephetis,
3037 619 3285 687 psalmis,
3339 631 3500 693 atque
3529 626 3598 681 de

2009 693 2309 766 Evangelio
2338 705 2618 753 voverunt.
2654 698 2761 754 Sed
2791 708 2845 756 et
2869 703 3028 759 caecis
3056 706 3192 774 aliis,
3222 708 3313 763 alii
3342 709 3397 765 in
3423 720 3595 768 castra

2009 790 2368 854 revertuntur,
2426 786 2555 855 quia
2612 789 2679 843 de
2707 789 2892 846 Judaaa
2923 794 3165 848 nonnulli
3185 797 3597 867 praedicatorum

2009 870 2310 927 ministerio
2367 874 2436 928 ad
2493 876 2864 947 cognitionem
2925 879 3297 953 Redemptoris
3352 890 3602 957 perducti

2008 966 2152 1025 sunt,
2184 960 2277 1015 sed
2302 962 2548 1031 ejusdem
2582 965 2761 1037 gentis
2790 967 3068 1037 plenitudo
3114 981 3318 1028 sanctae
3348 976 3603 1035 Ecclesia:

2009 1048 2400 1105 assertionibus
2425 1058 2570 1107 tanto
2599 1055 2858 1109 audacius
2887 1057 3225 1126 adversatur,
3269 1072 3489 1134 quanto,
3548 1068 3604 1123 in

2008 1134 2343 1193 inﬁdelitatis
2371 1156 2486 1196 suae
2516 1143 2751 1197 tenebris
2773 1144 3091 1213 profundius
3121 1149 3314 1219 ejecta,
3346 1153 3414 1207 ad
3455 1155 3604 1211 veri-

2009 1225 2135 1279 tatis
2166 1226 2348 1282 lumen
2380 1245 2487 1285 non
2521 1231 2754 1287 ducitur.
2792 1233 2853 1287 In
2884 1244 3056 1290 castra
3087 1238 3287 1307 quippe
3326 1241 3375 1295 ei
3406 1244 3606 1299 reverti

2009 1319 2091 1366 est
2121 1313 2398 1369 adversari
2428 1332 2538 1371 non
2564 1317 2837 1373 desistere.
2873 1321 2938 1375 Et
2967 1322 3093 1393 quia
3122 1341 3216 1379 eos
3244 1328 3333 1395 qui
3363 1330 3608 1386 credide-

2009 1409 2129 1455 rant
2160 1402 2312 1459 velut
2335 1404 2547 1474 stultos,
2583 1416 2635 1462 et
2650 1408 2797 1463 nulla
2816 1407 3109 1467 sufﬁcienti
3138 1414 3345 1470 ratione
3374 1434 3604 1488 supera-

2008 1495 2091 1545 tos
2120 1498 2372 1563 arguunt,
2405 1495 2649 1566 sequitur
2681 1512 2694 1550 :

2080 1597 2257 1666 (Vers.
2278 1602 2358 1669 3.)
2375 1601 2765 1676 Dixerunlque
2776 1606 3017 1677 majores
3030 1613 3175 1666 natu
3192 1611 3399 1670 Israel:
3418 1616 3600 1684 Quare

2003 1688 2287 1757 percussit
2309 1705 2411 1745 nos
2440 1690 2600 1746 hodie
2620 1693 2891 1750 Dominus
2906 1711 3095 1754 coram
3126 1700 3478 1759 Philisthiim
3500 1706 3531 1759 ?

2079 1777 2139 1829 ὅ.
2180 1776 2363 1843 Quare
2388 1778 2529 1832 enim
2576 1779 2679 1837 hoc
2707 1780 2830 1838 loco
2857 1799 2967 1840 non
2997 1794 3078 1841 est
3117 1787 3481 1858 inquisitionis
3508 1794 3600 1849 in-

2009 1864 2325 1935 terrogatio,
2378 1867 2475 1921 sed
2506 1870 2729 1937 querela
2758 1871 3145 1929 admirationis.
3207 1877 3318 1932 Sub
3370 1881 3605 1937 admira-

2010 1951 2155 2007 tione
2184 1968 2321 2025 ergo
2353 1955 2423 2009 de
2451 1957 2809 2025 percussione
2836 1960 3195 2034 interrogant,
3227 1966 3353 2035 quia
3381 1968 3450 2024 ad
3480 1987 3601 2026 eam

2007 2040 2275 2096 rationem
2306 2059 2413 2114 qua
2442 2043 2725 2115 religionis
2753 2064 2866 2103 suae
2887 2051 3132 2106 homines
3160 2052 3320 2109 ﬁdem
3361 2056 3602 2114 Redem-

2007 2130 2181 2200 ptoris
2208 2131 2485 2201 excepisse
2515 2145 2912 2205 conspexerant
2949 2140 3265 2213 pertingere
3315 2160 3425 2200 non
3456 2148 3603 2203 vale-

2006 2218 2163 2307 bant.
2200 2219 2265 2273 Et
2288 2221 2587 2276 notandum
2620 2224 2745 2293 quia
2773 2226 3208 2296 quiadmiranter
3237 2232 3596 2307 interrogant,

2007 2306 2247 2376 majores
2278 2315 2405 2363 natu
2429 2310 2496 2365 de
2527 2311 2692 2366 Israel
2720 2311 2890 2369 fuisse
2919 2326 3308 2389 memorantur,
3332 2306 3469 2392 quia
3481 2340 3602 2394 pre—

2007 2392 2146 2449 fecto
2178 2397 2399 2467 superbi
2429 2400 2655 2470 quique,
2675 2401 2728 2455 in
2758 2417 2852 2457 sua
2873 2403 3128 2475 sapientia
3156 2392 3497 2479 gloriantes,“
3527 2413 3598 2468 ad

2005 2483 2316 2539 divinorum
2349 2487 2725 2557 mysteriorum
2765 2492 3132 2562 cognitionem
3160 2498 3468 2568 pertingere
3497 2517 3598 2556 ne-

2005 2587 2275 2645 quaquam
2304 2582 2615 2645 potuerunt.
2651 2579 2805 2635 Unde
2833 2589 2885 2636 et
2912 2586 2971 2636 In
3006 2583 3307 2656 Evangelia
3336 2588 3599 2646 Dominus

2005 2662 2075 2717 ad
2109 2664 2321 2718 Patrem
2352 2664 2607 2735 loquitur,
2661 2667 2889 2724 dicens:
2927 2673 3205 2742 Conﬁteor
3260 2676 3362 2732 tibi
3404 2680 3598 2747 Pater,

2004 2766 2112 2807 rex
2141 2753 2265 2807 σιεἱὶ
2294 2756 2351 2808 et
2382 2757 2571 2823 terrae,
2592 2758 2726 2827 quia
2754 2757 3236 2818 abscondistihwe
3259 2781 3293 2819 α
3305 2768 3605 2837 prudenti-

2005 2839 2105 2896 bus
2126 2844 2183 2895 et
2197 2842 2569 2914 sapientibus,
2593 2849 2650 2899 et
2679 2848 2945 2904 revelain
2978 2865 3046 2905 ea
3072 2854 3330 2921 parvulis
3380 2855 3598 2924 (Matth.

2003 2943 2083 2997 χι,
2113 2928 2233 3001 εῑὸ).
2273 2928 2376 2999 Qui
2397 2930 2647 3002 profecto
2662 2949 2721 2989 se
2744 2951 3031 3003 percussos
3052 2937 3217 2996 fuisse
3258 2955 3599 3013 conquerun-

2007 3025 2115 3086 tur,
2139 3021 2266 3089 quia
2287 3019 2415 3107 dum
2433 3035 2531 3091 per
2546 3037 2640 3076 eos
2672 3023 2761 3092 qui
2778 3025 3130 3082 crediderunt
3169 3034 3412 3086 veterem
3462 3032 3603 3107 legis

2005 3106 2450 3162 consuetudinem
2474 3108 2609 3165 solvi
2646 3112 3040 3183 conspicerent,
3087 3117 3337 3186 quaedam
3376 3106 3604 3191 percus-

2008 3193 2175 3249 sionis
2205 3195 2426 3251 vulnera
2446 3198 2981 3269 incomprehensibili
3015 3204 3226 3273 judicio
3256 3208 3355 3263 Dei
3396 3209 3604 3269 inﬂicta

2006 3281 2110 3337 sibi
2129 3282 2377 3340 arbitrati
2393 3294 2534 3355 sunt,
2556 3304 2675 3357 quae
2700 3292 2971 3346 communi
2992 3292 3182 3350 dolore
3211 3295 3597 3357 declamarent.

2008 3370 2118 3428 Sed
2147 3373 2238 3442 qui
2257 3374 2520 3430 cecidisse
2540 3377 2678 3432 alios
2699 3389 3129 3452 conqueruntur,
3152 3399 3261 3456 quo
3280 3401 3339 3441 se
3368 3389 3598 3447 consilio

2009 3460 2081 3515 ad
2111 3461 2471 3517 resistendum
2499 3475 2825 3536 praeparent,
2856 3469 3094 3526 subdunt
3123 3489 3137 3526 :

2079 3550 2254 3621 (Vers.
2286 3552 2342 3623 3)
2371 3553 2687 3624 Alferamus
2703 3556 2776 3611 ad
2790 3574 2890 3614 nos
2918 3560 2985 3615 de
2999 3560 3114 3617 Silo
3150 3579 3344 3622 arcam
3371 3569 3598 3639 [aderis

2007 3640 2253 3710 Domini,
2285 3644 2342 3696 et
2362 3643 2555 3698 veniat
2582 3644 2645 3698 in
2673 3645 2858 3701 medio
2880 3652 3083 3713 nostri,
3103 3653 3184 3723 (a)
3212 3658 3269 3709 et
3290 3658 3469 3715 salvet
3489 3676 3592 3717 nos

2006 3728 2072 3784 de
2101 3746 2279 3786 manu
2294 3730 2658 3788 inimicorum
2687 3739 3030 3793 nostrorum.

2077 3819 2145 3873 Et
2156 3818 2224 3873 de
2240 3817 2437 3874 aﬂ‘ectu
2461 3821 2704 3890 ejusdem
2724 3824 2943 3880 consilii
2961 3828 3205 3898 protinus
3224 3832 3557 3893 subinfertur
3575 3857 3594 3895 :

2080 3907 2233 3961 Vers.
2264 3908 2341 3978 4.)
2392 3910 2537 3964 Misit
2569 3926 2695 3982 ergo
2712 3913 2956 3984 populus
2985 3919 3046 3972 in
3067 3920 3201 3984 Silo,
3228 3927 3286 3978 et
3303 3924 3439 3981 tulit
3462 3927 3596 3984 inde

2006 4010 2196 4051 arcam
2219 3997 2685 4066 fwderisDomini
2730 4005 3094 4063 exercituum
3131 4009 3387 4069 sedentis
3422 4030 3599 4089 super

2007 4085 2317 4140 cherubim.

2077 4173 2129 4229 6.
2161 4174 2276 4230 Hoc
2305 4182 2387 4230 est
2434 4183 2582 4232 certe
2628 4178 2931 4246 consilium,
2966 4179 3067 4239 hoc
3096 4201 3235 4256 opus
3264 4185 3343 4261 (ὁ)
3386 4189 3602 4248 Israelis

2007 4269 2197 4319 contra
2226 4273 2502 4320 certamen
2556 4266 2863 4322 cadentium
2908 4272 3124 4344 poculo,
3207 4276 3302 4331 sed
3356 4279 3601 4349 profecto

2009 4353 2322 4421 consilium,
2354 4360 2406 4409 et
2434 4371 2572 4426 opus
2601 4355 2922 4428 inauditum,
2955 4362 3081 4431 quia
3108 4379 3217 4419 non
3263 4375 3341 4422 est
3387 4369 3603 4427 lsraelis

2012 4442 2308 4499 secundum
2335 4442 2603 4514 spiritum,
2634 4446 2729 4500 sed
2760 4447 2977 4504 Israelis
3020 4454 3325 4510 secundum
3346 4473 3597 4530 carnem,

2010 4530 2260 4587 videlicet
2288 4547 2397 4586 non
2427 4531 2498 4602 (ε)
2520 4532 2695 4589 Deum
2738 4535 2921 4592 videre
2971 4539 3225 4610 videntis,
3280 4546 3378 4602 sed
3427 4546 3600 4607 Deum

2010 4636 2173 4692 quem
2203 4620 2429 4693 despicit
2456 4638 2513 4677 se
2543 4623 2730 4680 videre
2758 4625 3091 4684 arbitranlis.
3123 4630 3265 4699 Quid
3282 4637 3516 4692 estenim
3532 4638 3602 4695 ad

2010 4709 2124 4766 Silo
2155 4711 2392 4779 mittere,
2421 4710 2524 4765 nisi
2550 4711 2620 4766 ad
2650 4710 2830 4784 legem
2857 4715 3029 4787 Moysi
3068 4735 3369 4795 recurrere,
3429 4728 3517 4783 cui
3570 4745 3602 4784 a

2005 4799 2238 4854 Domino
2288 4800 2486 4854 dicitur
2518 4815 2531 4855 :
2576 4801 2723 4871 Veni,
2749 4804 2979 4861 mittam
3040 4810 3096 4864 te
3133 4809 3206 4865 ad
3242 4813 3601 4875 Pharaonem

2004 4887 2207 4960 (Exod.
2240 4904 2320 4958 iu,
2352 4889 2647 4961 10)?Quid
2668 4891 2961 4950 estaﬁ‘erre
3008 4910 3184 4953 arcam
3226 4900 3464 4970 Domini,
3498 4906 3602 4963 nisi

2005 4977 2204 5034 veteris
2229 4977 2370 5049 legis
2399 4988 2741 5051 sacramenta
2770 4981 2843 5035 ad
2863 4985 3264 5053 reprobandum
3302 5006 3457 5048 novae
3471 4992 3600 5050 ﬁdei

2005 5066 2290 5122 veritatem
2322 5066 2616 5123 recolendo
2644 5067 2916 5126 adducere
2936 5073 2946 5125 l
2965 5072 3034 5127 Et
3063 5074 3188 5143 quia
3223 5078 3473 5135 eamdem
3525 5081 3601 5137 le-

2003 5155 2091 5227 gis
2119 5154 2412 5211 scientiam
2441 5171 2665 5211 suorum
2698 5157 2970 5216 neminem
2999 5160 3251 5231 ignorare
3299 5166 3598 5239 patiuntur,

2005 5244 2061 5299 in
2114 5244 2355 5299 medium
2401 5260 2587 5301 eorum
2648 5260 2780 5302 arca
2807 5247 3010 5303 adduci
3053 5250 3392 5320 praecipitur.
3439 5259 3602 5332 128

2012 5333 2150 5410 quid
2179 5341 2262 5391 est
2290 5334 2419 5391 item
2449 5334 2597 5407 quod
2626 5334 2810 5390 dicunt
2843 5353 2854 5389 :
2892 5336 2963 5391 Et
2992 5338 3173 5394 solvet
3199 5356 3300 5399 nos
3328 5342 3394 5401 de
3422 5363 3605 5410 manu

2079 5464 2152 5544 (ᾳ)
2182 5464 2409 5544 Forsan_
2425 5459 2719 5533 legendum
2752 5459 2934 5544 Deum.
2974 5458 3159 5544 videre
3216 5468 3476 5544 volentis,
3510 5480 3603 5530 aut

2012 5528 2198 5675 polin;
2220 5552 2337 5593 non
2372 5528 2539 5592 Deuin
2570 5545 2695 5590 vere
2714 5528 2982 5606 videntis,
3002 5534 3165 5597 sed...
3189 5553 3249 5599 se
3266 5541 3449 5605 videre
3462 5528 3607 5608 ira;

2044 5623 2148 5669 ran
2179 5622 2247 5669 is.
