4062 6182
432 309 529 365 163

1619 293 1874 363 SANCTI
1915 284 2257 360 ctiacoan
2295 298 2518 359 mem

3621 289 3723 357 164

427 433 796 489 inimicorum
816 434 1163 499 nostrorum,
1196 427 1306 484 nisi
1334 426 1456 498 quia
1494 426 1623 482 dum
1670 425 2022 498 pertinaciter
2048 427 2105 487 Δ
2133 426 2382 497 ejusdem
2408 426 2645 483 Iudaica:
2673 424 2956 482 derisionis
2994 424 3159 483 verba
3195 425 3456 482 addentes
3492 424 3679 480 dicunt
3711 444 3724 480 :

428 522 727 578 defendunt
758 530 961 588 vetera,
996 519 1267 591 repellunt
1300 532 1463 583 nova,
1497 525 1550 572 et
1579 518 1682 572 hoc
1708 516 1909 571 habent
1962 516 2022 570 in

424 610 624 666 fiducia
652 610 866 676 salutis,
890 611 936 665 si
967 596 1035 665 ad
1065 625 1208 665 verae
1268 606 1395 662 ﬁdei
1425 608 1695 663 rationem
1753 606 2020 661 bonorum

422 700 844 771 praedicatorum
878 698 1095 754 studion
1121 696 1255 752 trahi
1289 711 1392 752 non
1427 697 1693 766 possunt?
1712 694 2023 766 Quiaigitur

422 789 709 844 veritatem
737 788 935 843 divinae
958 784 1286 859 cognitionis
1316 801 1416 856 per
1441 793 1679 840 veterem
1709 784 1887 856 legem
1914 783 2020 839 ha-

422 877 554 933 bere
583 893 641 933 se
668 877 895 948 jactant,
930 875 1182 930 eamdem
1210 890 1416 939 arcam,
1447 888 1609 944 quam
1641 872 1711 928 ad
1759 872 2020 928 salvatio-

420 983 546 1023 nem
576 981 731 1021 suam
764 965 962 1020 deferri
1009 963 1351 1034 praecipiunt,
1412 962 1625 1018 Domini
1685 962 2019 1017 exercituum

421 1072 539 1111 esse
565 1055 911 1112 conﬁrmant.
937 1055 1002 1108 Et
1035 1053 1161 1123 quia
1185 1051 1596 1123 incomparabili
1629 1051 1855 1107 scientia
1876 1050 2019 1119 ejus-

420 1145 544 1200 dem
576 1143 714 1215 legis
745 1160 804 1198 se
832 1142 1038 1213 pollere
1061 1141 1411 1210 arbitrantur,
1469 1140 1596 1195 dum
1653 1154 1784 1195 arca
1815 1137 2017 1194 deferri

419 1232 632 1299 dicitur,
667 1232 890 1288 Domini
920 1231 1257 1287 exercituum
1273 1228 1515 1286 sedentis
1545 1244 1709 1300 super
1736 1228 2017 1285 cherubim

420 1338 540 1378 esse
568 1322 902 1393 perhibetur.

488 1430 667 1499 (Vers.
702 1428 779 1499 5.)
814 1428 1063 1501 Cumque
1096 1444 1231 1483 arca
1286 1428 1549 1497 venisset,
1600 1426 1784 1484 omnis
1842 1426 2018 1482 Israel

420 1520 623 1589 grandi
648 1519 893 1576 clamore
923 1519 1264 1588 vociferatus
1288 1521 1392 1573 est.

487 1609 539 1664 '7.
575 1607 713 1675 Quia
741 1605 983 1676 profecto
1013 1606 1083 1661 de
1104 1620 1169 1660 eo
1200 1606 1347 1677 quod
1404 1605 1691 1661 carnaliter
1736 1603 2014 1661 scientiam

417 1696 553 1766 legis
577 1696 868 1765 accipiunt,
921 1694 974 1748 in
1031 1702 1232 1749 sanctae
1290 1693 1543 1748 Ecclesiae
1599 1691 2016 1764 exprobratione

2202 516 2390 584 (Vers.
2431 517 2507 587 8.)
2547 518 2629 573 Vw
2657 516 2839 586 nobis,
2871 533 2986 574 non
3014 518 3131 590 fuit
3178 520 3344 572 tanta
3402 516 3725 572 exsuIlatio

2132 603 2274 672 heri,
2300 609 2355 662 et
2376 604 2815 663 nudiustertius.

2192 694 2258 749 Et
2271 694 2395 765 quia
2406 694 2762 751 abundantius
2773 694 3049 751 deridendi
3062 694 3413 764 suut,sub.ieu
3422 701 3500 751 tes
3512 694 3693 751 dicunt
3709 712 3723 749 :

2199 801 2372 871 (Vers.
2406 802 2482 872 8.)
2505 803 2638 870 Qui:
2653 819 2754 861 nos
2769 803 3028 860 liberabit
3044 803 3111 860 de
3129 818 3306 859 manu
3322 801 3556 859 deorum
3588 803 3726 857 isto-

2130 906 2259 947 rum
2279 892 2611 949 sublimium
2643 894 2671 948 .9

2210 982 2371 1050 129
2402 981 2454 1036 9.
2488 983 2557 1037 Et
2584 982 2880 1038 notandum
2919 982 3048 1053 quia
3077 981 3297 1039 deorum
3357 980 3725 1053 appellatione

2129 1069 2442 1125 deridentur
2474 1070 2584 1140 qui,
2618 1087 2650 1127 a
2679 1071 2783 1126 fide
2813 1078 3055 1127 veterum
3110 1071 3333 1126 Patrum
3386 1069 3722 1139 recedentes,

2130 1175 2189 1214 se
2219 1159 2272 1213 in
2304 1159 2535 1215 veritate
2566 1158 2693 1215 ﬁdei
2725 1160 2979 1229 existere,
3036 1168 3196 1230 atque
3248 1160 3304 1214 in
3336 1157 3564 1215 ﬁliorum
3620 1159 3725 1215 Dei

2127 1264 2352 1304 numero
2380 1249 2680 1305 confidunt.
2714 1250 2774 1304 In
2802 1265 2862 1305 se
2890 1249 3108 1319 quidem
3136 1248 3231 1304 illa
3245 1246 3441 1304 divinae
3468 1249 3727 1304 laudatio-

2125 1337 2209 1392 nis
2238 1337 2509 1407 praaconia
2537 1337 2747 1408 prolata
2774 1345 3043 1408 asserunt,
3075 1353 3196 1409 qum
3251 1354 3349 1408 per
3403 1337 3723 1408 Prophetam

2126 1426 2390 1480 Dominus
2408 1427 2740 1496 pronuntiat,
2765 1426 2984 1483 dicens:
3010 1429 3118 1500 Ego
3141 1427 3287 1494 dixi,
3347 1427 3429 1482 dii
3458 1426 3615 1493 estis,
3661 1430 3723 1482 et

2125 1515 2239 1584 ﬁlii
2268 1516 2481 1572 excelsi
2504 1530 2697 1572 omnes
2719 1516 2897 1586 (Psal.
2929 1532 3117 1583 LXXXI,
3150 1516 3224 1587 6).
3258 1512 3319 1572 Si
3350 1514 3527 1585 itaque
3561 1530 3720 1570 men-

2127 1604 2245 1660 daci
2275 1604 2671 1660 existimatione
2693 1621 2882 1661 omnes
2904 1604 3168 1660 Israelita:
3188 1603 3483 1662 secundum
3495 1618 3719 1660 carnem

2127 1694 2486 1764 nuncupatim
2511 1692 2585 1747 dii
2614 1701 2738 1748 sunt
2763 1694 3023 1749 sublimes
3059 1694 3135 1748 dii
3190 1694 3437 1763 ejusdem
3481 1691 3719 1748 Iudaicae

416 1786 683 1858 garriunt,
744 1784 859 1838 sine
904 1782 1216 1838 ostensione
1262 1781 1501 1837 rationis.
1557 1781 1662 1849 Qui
1715 1781 1859 1836 enim
1910 1780 2091 1851 cla-B
2126 1782 2543 1838 existimationis
2572 1783 2855 1838 mendacio
2912 1790 3034 1838 sunt
3086 1782 3359 1852 sapientes
3385 1780 3716 1837 Iudaeorum.

413 1891 612 1941 masse,
645 1882 697 1928 et
728 1873 861 1927 nihil
889 1872 1140 1928 dicuntur
1168 1871 1389 1937 dixisse,
1419 1873 1523 1927 hoc
1553 1870 1800 1939 proiecto
1828 1868 2011 1939 expri-

418 1971 575 2019 munt
597 1962 740 2033 quod
772 1969 957 2034 agunt,
988 1961 1114 2030 quia
1133 1960 1258 2015 dum
1291 1959 1437 2030 loqui
1468 1958 1768 2030 spiritualia
1808 1973 2008 2014 carna-

414 2052 538 2106 liter
567 2057 843 2122 satogunt,
874 2049 1168 2105 clamorem
1199 2048 1420 2120 quidem
1452 2047 1505 2101 in
1535 2047 1854 2118 garrulitate
1904 2046 2010 2102 ha-

413 2142 561 2207 bent,
594 2140 692 2195 sed
719 2139 982 2194 rationem
1016 2138 1261 2192 veritatis
1292 2152 1401 2192 non
1442 2136 1660 2191 habent.
1696 2138 1838 2192 Voce
1892 2135 2010 2206 qui-

412 2230 534 2284 dem
568 2229 736 2283 multa
765 2228 969 2295 dicunt,
1000 2226 1119 2293 sed,
1153 2227 1268 2280 sine
1297 2226 1508 2280 ratione
1537 2225 1841 2296 loquentes,
1873 2240 2007 2280 san-

410 2326 512 2374 ctae
542 2317 797 2373 Ecclesia-
828 2316 1012 2371 electis
1032 2316 1086 2368 in
1117 2314 1269 2370 nullo
1294 2314 1515 2381 obsunt,
1549 2320 1620 2379 et,
1643 2313 1698 2367 in
1715 2314 2009 2384 semetipsa

412 2408 700 2479 Synagoga
726 2405 977 2474 loquens,
1011 2404 1155 2458 inani
1187 2402 1478 2458 devotione
1507 2402 1826 2467 concutitur,
1878 2402 2007 2472 quia

411 2497 531 2564 ejus
562 2494 746 2549 verbis
776 2500 963 2547 sancta
990 2492 1241 2546 Ecclesia
1270 2506 1376 2546 non
1406 2498 1673 2545 movetur.
1707 2490 1862 2545 Unde
1878 2494 2004 2560 apte

410 2583 569 2638 nimis
585 2590 731 2636 terra
757 2588 963 2634 tantum
993 2580 1245 2634 sonuisse
1275 2579 1444 2634 relata
1473 2587 1574 2633 est.
1606 2579 1775 2633 Terra
1804 2578 2003 2649 quippe

407 2671 591 2726 Iudaea
643 2685 786 2724 nunc
840 2668 1059 2735 dicitur,
1118 2684 1229 2723 non
1258 2668 1384 2737 quia
1411 2668 1526 2723 Deo
1573 2667 1872 2735 fructiiicet,
1904 2668 1999 2723 sed

410 2769 631 2832 propter
657 2758 1051 2822 carnalitatem,
1084 2756 1642 2827 quianimirum,dum
1663 2755 2002 2828 Redempto-

407 2851 480 2905 ris
507 2847 671 2904 ﬁdem
693 2847 933 2917 recipere
955 2846 1147 2912 noluit,
1198 2845 1476 2902 caelestem
1533 2846 2001 2902 conversationem

406 2938 621 3011 penitus
647 2936 846 2991 amisit.
880 2935 990 2990 Sed
1022 2935 1147 2990 dum
1203 2935 1586 2991 vociferatione
1638 2951 1737 2990 sua
1791 2951 1999 2991 concu-

404 3029 552 3096 titur,
582 3042 644 3081 ea
669 3025 1069 3082 existimatione
1126 3041 1232 3096 qua
1287 3024 1636 3096 semetipsam
1693 3025 2002 3081 considerat

404 3132 522 3173 esse
551 3132 608 3171 se
637 3115 936 3170 terribilem
982 3122 1185 3170 sanctis
1246 3115 1503 3171 Ecclesiae
1552 3114 2001 3186 praedicatoribus

402 3205 650 3263 exsultat.

470 3303 647 3375 (Vers.
680 3305 757 3376 6.)
791 3305 857 3360 Et
885 3303 1202 3361 audierunt
1235 3303 1589 3360 Philisthiim
1638 3318 1824 3359 vocem
1874 3304 2000 3360 cla-

395 3396 591 3459 moris,
625 3394 1045 3466 dixeruntque:
1072 3393 1341 3460 Quanam
1389 3397 1475 3448 est
1505 3393 1623 3448 haec
1669 3395 2000 3463 vociferatio

397 3483 457 3539 in
492 3485 697 3541 castris
723 3485 1079 3540 Hebrworum
1116 3484 1140 3537 1’
1492 3471 1515 3483 “

464 3583 519 3639 8.
550 3582 739 3637 Terrae
767 3581 968 3651 quippe
997 3580 1231 3634 sonitum
1290 3585 1342 3633 et
1371 3585 1671 3633 castrorum
1729 3578 2000 3634 vocifera-

399 3673 600 3729 tionem
632 3671 956 3727 Philisthiim
988 3669 1232 3735 audiunt,
1281 3665 1411 3739 quia
1464 3668 1499 3721 ii
1556 3668 1645 3739 qui
1701 3668 1754 3721 in
1813 3675 1999 3722 sancta

397 3760 637 3818 Ecclesia
666 3758 862 3831 poculo
892 3757 1059 3812 sancti
1113 3756 1343 3827 Spiritus
1400 3754 1587 3810 refecti
1645 3764 1768 3809 sunt
1796 3754 1997 3810 Iudaeae

396 3850 617 3922 quidem
649 3856 702 3904 et
731 3846 1104 3920 garrulitatem
1137 3854 1189 3901 et
1243 3861 1437 3901 vanam
1471 3844 1716 3915 perﬁdiae
1745 3844 1994 3900 devotio-

395 3955 520 3994 nem
551 3943 905 4005 cognoscunt.
940 3934 1160 4005 Et'quia
1190 3950 1374 3990 eorum
1430 3934 1843 3989 aestimationem
1902 3933 1993 3988 in-

393 4034 703 4099 contemptu
728 4024 1017 4081 derisionis
1050 4023 1275 4088 habent,
1307 4022 1555 4078 subditur
1585 4040 1599 4079 :

465 4126 647 4196 (Vers.
690 4124 743 4192 6,
777 4124 853 4194 7.)
888 4124 957 4178 Et
986 4125 1368 4192 cognoverunt
1406 4120 1547 4193 quod
1604 4137 1738 4177 arca
1768 4120 1991 4177 Domini

395 4216 636 4273 venisset
663 4215 725 4270 in
756 4216 969 4277 castra,
1020 4212 1446 4283 timuerunlque
1495 4209 1850 4265 Philisthiim
1898 4211 1988 4266 di-

390 4309 622 4362 centes:
656 4302 813 4357 Venit
839 4302 979 4357 Deus
1009 4300 1072 4354 in
1093 4304 1305 4367 castra,
1337 4302 1395 4354 et
1422 4298 1854 4369 ingemuerunt.

460 4395 597 4448 Area
627 4391 681 4445 in
711 4397 891 4445 castra
923 4387 1275 4443 Hebraeorum
1330 4386 1566 4453 venisse,
1625 4393 1679 4439 et
1732 4385 1987 4441 cadentes

2120 1873 2190 1926 Et
2219 1872 2345 1942 quia
2375 1872 2540 1942 periti
2569 1872 2881 1945 Synagogae
2911 1872 2982 1927 ad
3011 1878 3212 1927 sancta
3269 1870 3529 1927 Ecclesiae
3582 1886 3717 1926 con-

2122 1960 2326 2016 ﬂiclum
2354 1962 2594 2029 veniunt,
2626 1961 2732 2033 ipsi
2761 1964 3072 2017 sanctorum
3114 1960 3528 2031 praedicatorum
3581 1974 3719 2016 voce

2116 2048 2449 2116 deridentur,
2483 2049 2572 2120 qui
2604 2049 2671 2105 de
2701 2065 2766 2104 ea
2798 2065 2959 2121 quam
2980 2048 3303 2104 nonhahent
3331 2048 3591 2103 doctrinae
3628 2047 3715 2103 vir

2117 2145 2229 2194 tute
2256 2137 2585 2211 gloriantur.
2623 2139 2690 2193 Et
2730 2139 2858 2210 quia
2887 2138 2955 2195 de
2986 2138 3201 2208 antiqua
3226 2138 3441 2192 Patrum
3475 2145 3712 2193 veterum

2115 2228 2528 2284 conversatione
2607 2227 2946 2299 superbiant,
3007 2226 3176 2284 verba
3229 2226 3712 2283 subsannationum

2114 2324 2516 2386 supponuntur.

2185 2416 2367 2483 (Vers.
2399 2415 2476 2484 8.)
2499 2414 2713 2471 Hisunt
2736 2414 2817 2472 dii
2845 2416 2941 2487 qui
2957 2418 3368 2487 percusserunt
3411 2416 3715 2489 Aigyptum

2111 2505 2268 2561 omni
2298 2504 2464 2575 plaga
2487 2503 2547 2558 in
2574 2505 2819 2560 deserto.

2183 2605 2269 2655 10.
2300 2602 2407 2672 Ipsi
2439 2616 2672 2671 namque
2701 2608 2903 2669 essent,
2936 2601 2980 2656 si
3008 2601 3348 2658 nobilitatem
3383 2618 3544 2675 quam
3596 2610 3711 2659 tra-

2108 2690 2243 2745 hunt
2271 2707 2339 2746 ex
2365 2690 2542 2745 carnis
2571 2689 2779 2762 origine
2807 2697 2967 2746 rectae
3000 2687 3126 2747 ﬁdei
3158 2691 3445 2749 virtutibus
3466 2691 3713 2747 illustra-

2107 2788 2245 2836 rent.
2276 2781 2432 2835 Nunc
2448 2787 2624 2836 autem
2657 2780 2785 2852 quia
2814 2796 2916 2850 per
2943 2781 3120 2836 carnis
3150 2781 3505 2853 propaginem
3521 2797 3713 2837 eorum

2106 2877 2230 2924 sunt
2284 2868 2379 2923 ﬁlii
2434 2884 2662 2939 quorum
2718 2868 2945 2925 virtutes
2997 2884 3107 2924 non
3159 2870 3380 2939 habent,
3415 2870 3481 2926 de
3509 2869 3714 2927 amissa

2107 2958 2421 3015 earumdem
2452 2958 2706 3012 virtutum
2737 2958 3085 3015 successione
3110 2974 3213 3028 per
3238 2959 3505 3014 contraria
3535 2959 3710 3015 verba

2107 3048 2420 3103 deridentur
2443 3067 2454 3102 :
2477 3049 2545 3103 Hi
2566 3051 2726 3115 sunt,
2749 3046 3017 3117 inquiunt,
3051 3046 3150 3103 dii.
3185 3046 3351 3116 Quasi
3386 3055 3571 3118 aperta
3600 3048 3705 3104 de-

2033 3141 2083 3206 C
2116 3138 2317 3192 risione
2370 3137 2681 3192 Iudaeorum
2736 3135 3011 3207 sapientes
3062 3135 3343 3192 doctorum
3396 3145 3709 3195 nostrorum

2110 3227 2244 3282 ordo
2273 3226 2550 3296 reprobet,
2583 3225 2802 3281 dicens:
2834 3239 2996 3281 carne
3025 3224 3241 3295 quidem
3272 3239 3595 3298 magnorum
3631 3226 3710 3282 vi-

2110 3331 2288 3371 rorum
2322 3331 2379 3370 se
2408 3315 2549 3369 ﬁlios
2579 3331 2699 3370 esse
2728 3313 3049 3386 gloriantur,
3083 3312 3178 3369 sed
3197 3329 3383 3369 eorum
3400 3314 3466 3369 de
3480 3330 3709 3385 quorum

2110 3405 2457 3477 generatione
2476 3403 2794 3475 superbiunt
2819 3403 3159 3459 nobilitatem
3192 3402 3319 3459 ﬁdei
3348 3418 3456 3459 non
3506 3418 3708 3461 censeo

2109 3501 2360 3565 quuntur.
2393 3493 2503 3564 Ipsi
2534 3508 2670 3565 ergo
2690 3500 2814 3547 sunt
2832 3492 2906 3548 dii
2932 3492 3314 3549 subsecutioue
3333 3492 3567 3566 generis,
3607 3492 3709 3550 sed

2108 3583 2236 3654 quia
2264 3582 2367 3652 ipsi
2398 3598 2506 3637 non
2532 3590 2653 3636 sunt
2678 3581 2978 3637 imitatione
3007 3580 3237 3647 virtutis,
3279 3596 3404 3638 cum
3445 3581 3549 3651 ipsi
3577 3597 3709 3643 esse

2106 3671 2357 3727 dicuntur
2388 3671 2478 3741 qui
2519 3672 2714 3725 virtute
2772 3670 3105 3736 claruerunt,
3165 3670 3479 3726 desidentur
3530 3671 3709 3741 potius

2105 3776 2269 3832 quam
2300 3759 2618 3815 laudantur.
2656 3760 2726 3814 Et
2753 3758 2883 3829 quia
2912 3774 3104 3814 eorum
3133 3759 3465 3815 assertiones
3501 3767 3704 3816 sanctae

2106 3849 2367 3905 Ecclesia:
2397 3848 2651 3904 doctores
2679 3864 2782 3919 pro
2810 3848 2987 3904 nihilo
3014 3847 3233 3917 ducunt,
3265 3847 3507 3920 sequitur
3541 3862 3555 3903 :

2177 3952 2350 4019 (Vers.
2367 3951 2444 4019 9.)
2461 3951 2897 4022 Confortamini,
2916 3954 2974 4006 et
2993 3954 3171 4007 estote
3187 3948 3699 4021 viri,Philisthiim,

2100 4057 2174 4097 ne
2217 4042 2481 4097 servietis
2503 4040 2760 4106 Hebrceis,
2781 4041 2932 4097 sicut
2950 4040 3061 4110 ipsi
3078 4039 3400 4095 servierunt
3420 4041 3584 4096 vobis.

2172 4129 2258 4180 11.
2293 4126 2497 4180 Contra
2527 4124 2841 4179 Iudaeorum
2898 4123 3098 4194 quippe
3148 4139 3318 4178 vanas
3368 4124 3700 4181 assertiones

2098 4222 2299 4270 sanctae
2314 4212 2578 4269 Ecclesia:
2597 4212 2850 4268 doctores
2866 4227 2932 4268 eo
2955 4212 3087 4265 nihil
3108 4211 3301 4268 fortius
3322 4214 3536 4270 naviter
3561 4229 3701 4284 pra-

2100 4310 2321 4375 parant,
2356 4316 2463 4372 quo
2478 4300 2737 4372 quidquid
2753 4316 2785 4355 a
2802 4300 3005 4356 Iuda-is
3024 4300 3092 4355 de
3125 4300 3504 4372 Redemptoris
3552 4318 3694 4361 con-

2098 4399 2302 4463 temptu
2332 4389 2468 4446 falso
2493 4390 2759 4446 asseritur
2813 4406 2917 4460 pro
2973 4389 3122 4445 nullo
3177 4400 3429 4461 pensant.
3488 4394 3693 4450 Contra

385 4480 580 4553 poculo
610 4479 874 4543 timuisse,
906 4484 1065 4546 atque
1094 4475 1430 4548 ingemuisse
1459 4490 1558 4544 per
1584 4474 1809 4530 ironiam
1842 4475 1983 4532 dici-
2012 4503 2065 4564 D
2104 4496 2289 4537 eorum
2318 4479 2519 4552 quippe
2540 4479 2983 4553 congressionem
2999 4478 3449 4547 confortarentur,
3465 4490 3520 4538 et
3536 4484 3693 4553 quasi

389 4576 492 4634 tur,
523 4567 649 4640 quia
680 4566 749 4622 ad
779 4564 1085 4621 conﬂictum
1126 4571 1326 4618 sanctis
1356 4562 1617 4618 Ecclesiae
1647 4572 1986 4620 sacramenta

387 4657 531 4729 legis
562 4655 759 4711 veteris
809 4654 1179 4725 aSynagogaa
1233 4652 1541 4707 carnalibus
1596 4651 1977 4710 defensoribus

385 4744 677 4802 carnaliter
704 4748 1064 4815 exponuntur.
1098 4742 1178 4796 De
1192 4757 1256 4796 eo
1271 4756 1504 4812 namque
1517 4741 1812 4813 disputant,
1833 4741 1976 4814 quod

380 4834 427 4890 si
456 4832 755 4890 secundum
790 4832 885 4887 Dei
935 4831 1178 4902 spiritum
1209 4836 1480 4901 saperent,
1540 4831 1782 4887 hostibus
1837 4833 1974 4901 suis,

382 4925 425 4980 si
459 4939 593 4993 quos
620 4922 903 4989 haberent,
937 4920 992 4973 in
1029 4919 1253 4975 veritate
1299 4920 1562 4974 terribiles
1591 4935 1709 4976 esse
1763 4922 1973 4990 potuis-

383 5020 523 5069 sent.
556 5013 697 5067 Dum
724 5025 861 5083 ergo
890 5008 1233 5079 pertimuisse
1261 5016 1310 5063 et
1340 5008 1670 5080 ingemuisse
1716 5010 1975 5065 cadentes

378 5102 576 5176 poculo
605 5102 880 5166 dicuntur,
910 5113 1018 5153 non
1049 5097 1334 5168 passiones
1379 5097 1637 5152 mentium
1668 5097 1721 5152 in
1780 5100 1978 5153 sanctis

376 5189 827 5263 pradicatoribus
855 5187 1135 5257 Scriptura
1166 5184 1419 5250 ostendit,
1452 5185 1550 5240 sed
1589 5186 1974 5242 subsannatio-

374 5294 500 5332 nem
527 5279 764 5333 Judaicm
792 5273 1172 5346 disputationis
1203 5290 1218 5339 ;
1253 5289 1371 5342 quin
1400 5280 1547 5329 tanto
1576 5275 1974 5345 contemptibi-

374 5362 498 5433 lior,
530 5372 583 5420 et
609 5366 720 5420 risu
776 5364 992 5436 dignior
1037 5360 1295 5430 noscitur,
1352 5369 1550 5432 quanto
1579 5363 1646 5418 ad
1674 5364 1975 5434 spiritalem

374 5453 838 5513 conversationem
858 5452 1120 5508 Iudaicus
1163 5450 1397 5523 populus
1425 5451 1608 5525 legem
1664 5468 1697 5508 a
1732 5454 1974 5511 Domino

370 5540 667 5613 spiritalem
723 5539 951 5611 accepit,
1025 5546 1079 5595 et
1119 5540 1224 5597 hoc
1281 5541 1426 5613 quod
1480 5540 1670 5613 spiritu
1740 5542 1975 5603 donante

372 5635 697 5703 acceperat,
770 5625 828 5689 in
899 5625 1093 5701 spiritu
1159 5644 1271 5686 non
1346 5630 1594 5715 attendit.
1677 5630 1855 5704 Quare
1921 5643 1976 5695 et

2093 4570 2235 4628 virili
2263 4569 2580 4624 fortitudine
2592 4570 2953 4634 decertarent,
2970 4566 3016 4623 si
3044 4568 3189 4624 velut
3215 4584 3246 4622 a
3274 4568 3692 4640 sapientioribus

2088 4667 2141 4716 et
2169 4657 2566 4714 rationabiliter
2592 4655 2991 4727 disputantibus
3018 4657 3328 4713 assertionis
3355 4676 3473 4715 sum
3499 4661 3686 4718 muni-

2086 4756 2269 4804 menta
2297 4746 2517 4818 infringi
2546 4746 2873 4801 timuissent.
2905 4745 3073 4813 Quasi
3103 4747 3243 4801 enim
3270 4747 3419 4804 dicat
3442 4762 3457 4803 :
3480 4751 3683 4808 Contra

2085 4853 2269 4894 eorum
2300 4835 2637 4906 objectiones
2666 4850 2732 4890 eo
2758 4834 2979 4890 robusta
3026 4842 3081 4890 et
3105 4844 3258 4891 acuta
3290 4838 3468 4909 aliqua
3524 4841 3685 4899 nobis

2084 4924 2414 4997 exquirenda
2443 4939 2550 4978 non
2573 4932 2713 4991 sunt,
2747 4939 2854 4993 quo
2879 4923 2983 4994 ipsi
3010 4940 3352 4997 nequaquam
3374 4928 3595 4986 subtilia
3623 4940 3679 4989 et

2084 5014 2345 5079 timenda,
2377 5013 2472 5068 sed
2503 5012 2703 5066 debilia
2718 5021 2771 5067 et
2799 5014 3199 5069 contemnenda
3224 5013 3508 5087 objiciunt.
3540 5020 3673 5091 Sed,

2083 5108 2141 5159 ut
2171 5103 2303 5169 dixi,
2337 5102 2720 5172 prmdicatores
2756 5110 2958 5158 sanctae
3014 5101 3277 5159 Ecclesiae
3329 5106 3432 5161 etsi
3486 5117 3679 5167 contra

2082 5192 2386 5248 Iudaeorum
2420 5190 2732 5262 vaniloquia
2750 5190 2963 5246 naviter
2982 5191 3137 5249 nulla
3155 5204 3484 5264 praparant,
3512 5197 3681 5268 plana

2084 5289 2265 5338 tamen
2296 5288 2349 5337 et
2376 5280 2563 5335 humili
2592 5295 2738 5337 verm
2751 5279 2874 5335 ﬁdei
2893 5288 3098 5337 nostrae
3126 5282 3333 5339 ratione
3354 5301 3678 5360 quocunque

2083 5370 2247 5426 modo
2302 5368 2644 5425 defensorum
2698 5369 3007 5443 Synagogae
3057 5370 3322 5443 impetum
3372 5373 3674 5436 debellant.

2085 5452 2239 5511 Unde
2266 5460 2319 5509 et
2347 5453 2524 5510 subdit
2556 5471 2571 5519 ;

2120 5551 2296 5620 (Vers.
2315 5552 2401 5621 1ο,
2425 5550 2536 5626 11.)
2550 5553 2827 5625 Pugnavit
2840 5568 2965 5625 ergo
2980 5550 3352 5626 Philisthiim,
3369 5562 3425 5617 et
3438 5573 3670 5619 auersus

2081 5650 2156 5697 est
2170 5640 2352 5708 Israel,
2373 5645 2727 5716 unusquisque
2749 5642 2808 5698 in
2833 5644 3223 5703 tabernaculum
3256 5663 3429 5722 suum,
3452 5651 3675 5723 aliqua
