4062 6182
286 320 371 380 tut;
1074 312 1147 372 IN
1188 298 1453 374 ramus!
1489 311 1739 372 REGUM
1778 311 2319 371 EXPOSITIONES.
2347 324 2416 355 έ-
2445 300 2577 369 LlB.
2618 312 2708 369 In.

3440 326 3542 381 166

283 453 354 510 με
377 448 542 519 plaga
568 442 969 517 magnanimis,
1003 446 1060 500 et
1094 460 1229 499 arca
1266 443 1360 499 Dei
1391 445 1559 514 capta
1582 444 1686 507 est,
1714 440 1839 496 Duo
1868 441 1922 498 A
1945 439 2279 494 immensitas
2307 454 2498 495 averso
2534 440 2649 509 jam
2694 441 2875 498 Israeli
2902 445 3237 517 perhibetur,
3280 449 3404 519 quia
3450 452 3551 507 Ju-

280 553 467 614 quoque
489 535 595 603 ﬁlii
615 535 738 590 Heli
760 535 978 590 mortui
1011 537 1171 601 sunt,
1208 532 1388 605 Opimi
1418 536 1478 586 et
1508 532 1774 587 Phineas.

342 628 417 682 19..
449 623 785 689 Philisthiim,
817 623 873 678 id
905 630 985 677 est
1031 622 1229 693 poculo
1272 622 1530 677 cadentes
1579 626 1844 692 pugnant,

276 733 382 776 cum
409 715 655 770 doctores
685 719 890 768 sanctae
920 710 1177 767 Ecclesiae
1228 725 1350 767 cum
1396 710 1677 767 catholica:
1721 706 1847 763 ﬁdei

279 805 454 861 vexillo
480 802 679 858 Iudaeis
708 800 1151 874 impugnantibus
1179 800 1422 857 obviant.
1471 798 1634 854 Israel
1666 805 1846 853 autem

277 893 525 961 avertitur,
558 891 683 962 quia
706 890 762 945 in
793 891 945 946 omni
972 890 1333 960 disputatione
1360 889 1668 944 Judazorum
1715 903 1846 943 ver-

275 984 395 1039 sutia
420 988 721 1052 superatur.
759 981 945 1035 Averti
975 980 1115 1035 enim
1148 979 1197 1035 ei
1227 987 1309 1035 est
1351 995 1423 1034 ex
1479 978 1599 1050 pari
1650 978 1847 1033 virtute

275 1072 533 1129 adversari
559 1085 671 1124 non
697 1084 889 1138 posse.
928 1068 1030 1137 Qui
1048 1076 1226 1124 autem
1245 1068 1543 1140 proeliando
1566 1067 1841 1131 avertitur,

270 1163 316 1216 in
342 1160 520 1232 przelio
552 1158 774 1229 quidem
797 1162 907 1225 est,
939 1157 1036 1213 sed
1068 1156 1303 1229 fugiens,
1336 1156 1432 1211 etsi
1462 1156 1655 1211 virtute
1704 1154 1846 1210 deﬁ-

266 1251 414 1316 ciens,
446 1246 681 1304 nocendi
712 1250 890 1302 tamen
946 1246 1277 1302 desiderium
1314 1261 1422 1301 non
1451 1247 1724 1300 amittens.
1756 1244 1847 1300 Sic

264 1353 478 1409 namque
508 1344 598 1393 est
642 1336 830 1391 omnis
857 1335 1107 1406 repulsus
1162 1334 1349 1390 Israel.
1412 1334 1573 1406 Fugit
1621 1333 1842 1405 quippe,

266 1427 374 1499 quia
399 1425 718 1482 doctoribus
778 1433 981 1480 sanctae
1035 1423 1294 1480 Ecclesiae
1344 1423 1679 1494 respondere
1735 1437 1847 1477 non

261 1515 466 1586 sufﬁcit;
495 1514 597 1569 sed
626 1513 843 1585 fugiens
872 1513 1033 1570 vellet
1060 1513 1316 1568 resistere
1338 1554 1353 1579 ,
1385 1512 1511 1584 quia
1569 1510 1743 1567 victus
1792 1514 1846 1565 et

261 1604 491 1659 confusus
520 1610 751 1673 cuperet
780 1602 884 1657 sibi
926 1602 1084 1671 130
1117 1609 1407 1672 suppetere
1426 1600 1570 1656 unde
1600 1599 1840 1665 veritati,

262 1711 350 1765 qua
384 1693 637 1756 vincitur,
681 1691 941 1763 refragari
984 1690 1261 1760 potuisset.
1289 1690 1429 1745 Bene
1481 1690 1663 1759 itaque
1719 1704 1843 1743 cum

1959 528 2146 583 daicus
2174 528 2408 599 populus
2435 537 2556 583 ante
2587 529 2684 583 fuit
2715 545 2747 585 a
2776 541 2975 589 sancte
3004 536 3265 594 Ecclesiae
3304 539 3551 597 doctori-

1956 617 2057 672 bus
2086 625 2139 673 et
2166 618 2339 674 victus
2369 626 2422 674 et
2450 618 2773 688 reprobatus
2801 638 2961 693 quam
2991 640 3020 678 a
3039 625 3283 682 Romano
3316 630 3550 686 exercitu

1956 716 2319 780 expugnatus,
2362 716 2673 779 peremptus
2700 717 2749 765 et
2807 710 2860 764 in
2919 714 3284 783 captivitatem
3338 719 3549 775 ductus.

1954 794 2096 851 Nam
2126 796 2253 851 inde
2282 798 2603 869 expugnari,
2635 799 2809 853 occidi
2840 807 2889 853 et
2921 800 2975 854 in
3006 804 3371 873 captivitatem
3426 808 3552 863 duci

1955 886 2325 956 temporaliter
2350 887 2546 955 potuit,
2580 887 2707 956 quia
2747 896 2961 945 aeternae
2992 890 3257 947 libertatis
3284 896 3551 951 securita—

1956 980 2062 1028 tem
2093 973 2333 1029 oblatam
2362 975 2464 1029 sibi
2495 990 2527 1030 a
2557 984 2756 1032 sancite
2783 978 3041 1035 Ecclesiae
3092 981 3403 1037 doctoribus
3442 999 3552 1039 non

1953 1063 2175 1131 recepit.
2209 1062 2314 1118 Sed
2346 1072 2399 1119 et
2428 1066 2622 1120 eadem
2655 1066 2818 1138 plaga
2840 1067 2893 1121 in
2919 1070 3170 1125 Israelem
3190 1079 3429 1127 veterem
3446 1073 3551 1128 alta

1955 1150 2157 1206 divinae
2182 1151 2436 1207 bonitatis
2474 1152 2880 1224 dispensatione
2934 1157 3255 1226 decernitur,
3313 1169 3372 1215 ut
3426 1178 3553 1217 arca

1954 1239 2053 1293 Dei
2085 1255 2114 1293 a
2144 1240 2445 1311 gentilibus
2475 1252 2774 1313 caperetur,
2808 1254 2860 1300 et
2899 1246 3206 1303 divinorum
3227 1264 3551 1307 sacramen-

1955 1335 2129 1383 torum
2161 1330 2463 1385 intellectus
2491 1340 2694 1390 sancta
2723 1334 2980 1391 Ecclesiae
3005 1336 3196 1393 fideles
3224 1346 3373 1395 tanto
3402 1357 3552 1397 secu-

1954 1417 2067 1471 rius
2092 1418 2190 1473 sub
2220 1419 2445 1489 spiritali
2477 1421 2866 1491 explanatione
2891 1427 3250 1497 perciperent,
3271 1438 3471 1500 quanto
3496 1431 3552 1486 in

1951 1506 2138 1561 Iudaea
2175 1509 2308 1562 nihil
2330 1524 2610 1566 remanere
2627 1522 2922 1583 cernerent,
2956 1517 3102 1587 quod
3131 1519 3422 1574 carnaliter
3448 1536 3550 1576 ex-

1950 1594 2179 1651 hiberet.
2216 1597 2440 1653 Volente
2479 1615 2714 1671 namque
2745 1602 2878 1670 Deo,
2910 1604 3205 1675 civitatem,
3265 1607 3544 1680 templum,

1952 1698 2132 1739 arcam
2166 1684 2384 1741 foederis
2414 1696 2566 1743 vetus
2593 1692 2826 1760 populus
2854 1693 3109 1763 perdidit,
3143 1703 3199 1750 ut
3222 1711 3362 1752 nova
3393 1698 3550 1768 plebs

260 1799 457 1839 aversus
488 1780 665 1836 Israel
694 1780 915 1847 dicitur,
949 1787 1104 1833 caute
1133 1778 1480 1847 subjunctum
1512 1784 1624 1833 est:
1654 1781 1836 1836 ιῙηυε-.
1866 1795 1920 1854 Β
1951 1781 2150 1830 sanctae
2178 1775 2441 1832 Ecclesiae
2470 1793 2534 1832 eo
2563 1778 2778 1848 plenius
2810 1782 2923 1836 veri
2954 1790 3004 1838 et
3026 1783 3150 1839 novi
3170 1785 3548 1858 sacrificiimy-

259 1875 462 1945 quisque
475 1873 536 1926 in
554 1870 992 1925 tabernaculum
1006 1868 1627 1925 suum.Tabernaculum
1642 1872 1842 1943 quippe

259 1960 670 2030 uniuscujusque
698 1957 962 2013 Israelita:
992 1965 1069 2012 est
1101 1973 1198 2013 cor
1227 1957 1470 2029 perﬁdia:
1494 1958 1842 2016 conclusione

256 2051 676 2120 circumseptum.
710 2046 850 2117 Quia
874 2046 1055 2118 igitur,
1087 2046 1210 2101 victi
1243 2062 1273 2100 a
1328 2055 1527 2102 sanctae
1580 2047 1842 2106 Ecclesiae

255 2137 706 2211 praedicatoribus,
740 2135 937 2192 erroris
964 2135 1045 2190 sui
1076 2135 1303 2190 latibula
1330 2145 1601 2207 repetunt,
1635 2138 1841 2211 singuli

257 2227 506 2301 fligientes
537 2226 614 2282 de
644 2225 832 2297 praelio
862 2225 918 2279 in
946 2241 1101 2279 suum
1133 2224 1542 2282 tabernaculum
1564 2237 1843 2283 revertun-

257 2326 344 2371 tur.
370 2317 436 2371 Et
466 2315 604 2386 quia
631 2316 736 2369 hoc
765 2320 937 2369 totum
989 2313 1058 2368 de
1088 2313 1477 2384 adimpletione
1531 2316 1684 2370 verbi
1733 2317 1839 2373 Sa-

254 2406 445 2473 muelis,
476 2402 744 2459 videlicet
777 2402 845 2457 de
875 2401 1132 2459 Ecclesia:
1186 2402 1472 2473 primitivte
1526 2406 1839 2461 commina-

254 2494 400 2560 tione,
432 2492 659 2560 dicitur,
688 2491 852 2563 plaga
884 2507 1082 2563 magna
1111 2491 1279 2546 nimis
1310 2491 1451 2547 facta
1473 2493 1641 2548 fuisse
1659 2494 1843 2564 perhi-

252 2581 411 2651 betur,
443 2598 575 2654 qua:
606 2581 852 2651 profecto
881 2579 1067 2651 plaga,
1100 2596 1204 2650 pro
1228 2580 1446 2636 lectoris
1478 2582 1726 2650 arbitrio,
1788 2591 1842 2639 et

252 2671 526 2727 secundum
596 2669 892 2741 spiritalem
947 2670 1372 2739 percussionem,
1433 2677 1487 2727 et
1543 2671 1839 2728 secundum

248 2759 571 2815 materialem
604 2757 773 2829 accipi
805 2758 1192 2813 convenienter
1214 2766 1414 2828 potest.
1808 2807 1812 2810 .

309 2854 390 2906 t3.
417 2849 565 2905 Nam
601 2847 669 2903 de
699 2846 929 2917 spiritali
959 2862 1143 2902 eorum
1174 2848 1340 2919 plaga
1370 2848 1439 2903 ad
1468 2848 1766 2921 discipulos
1786 2849 1841 2904 in

250 2938 630 3011 przedicatione
679 2935 980 2991 destinatos
1008 2935 1279 2991 Dominus
1309 2936 1431 2992 dicit
1464 2955 1476 2991 :
1513 2937 1840 3012 Quicunque

246 3045 348 3084 non
365 3027 692 3100 receperint
711 3041 801 3081 vos
819 3029 1094 3081 exeuntes
1105 3027 1261 3094 foras
1287 3026 1353 3081 de
1376 3026 1555 3092 domo,
1574 3029 1662 3083 vel
1694 3028 1838 3085 civi-

249 3120 368 3183 tate,
387 3117 659 3172 excutite
670 3115 961 3187 pulverem
971 3114 1038 3170 de
1046 3113 1278 3186 pedibus
1290 3117 1511 3171 vestris.
1528 3117 1705 3171 Amen
1717 3116 1838 3173 dico

250 3207 408 3262 vobis:
430 3203 795 3262 tolerabilius
817 3204 927 3259 erit
946 3207 1112 3258 terra:
1141 3204 1501 3261 Sodomorum
1521 3209 1576 3260 et
1609 3205 1837 3263 Gomor-

248 3296 512 3351 rhazorum
542 3294 613 3348 in
639 3291 731 3348 die
748 3292 981 3363 judicii,
1009 3308 1177 3365 quam
1201 3291 1833 3364 illicivitati(bfatth,x,

247 3386 344 3454 tt).
374 3384 511 3438 Hinc
544 3382 743 3437 iterum
774 3379 904 3433 dicit
929 3397 941 3433 :
983 3379 1086 3448 Qui
1115 3380 1423 3436 crediderit
1445 3386 1499 3437 et
1517 3382 1838 3454 baptizatus

248 3450 430 3545 fuerit,
457 3472 659 3527 salvus
682 3467 830 3536 erit;
856 3468 951 3539 qui
966 3484 1090 3524 vero
1108 3485 1224 3524 non
1237 3469 1561 3536 crediderit,
1581 3471 1840 3527 eandem-

246 3560 463 3617 nubitur
481 3559 687 3631 (Marc.
721 3571 834 3623 xvs,
869 3556 979 3628 16).
1015 3555 1321 3612 Secundum
1354 3558 1686 3613 materialem
1710 3575 1839 3630 quo-

248 3667 337 3722 que
362 3647 772 3720 percussionem
806 3645 1028 3716 plagam
1066 3661 1322 3717 magnam
1354 3646 1607 3715 insinuat,
1629 3664 1750 3702 cum
1770 3649 1839 3703 ad

242 3739 523 3794 Jerusalem
545 3733 1032 3804 loquitur,dicens:
1059 3734 1293 3789 Venient
1319 3735 1439 3790 dies
1470 3736 1532 3790 in.
1570 3739 1706 3802 te,et
1732 3740 1841 3795 cir.

248 3827 587 3884 cumdabunt
607 3828 661 3879 te
678 3822 1001 3878 inimicitui
1022 3823 1190 3886 vallo.
1217 3827 1273 3879 et
1299 3825 1755 3895 coangustabunt
1785 3831 1840 3882 te

251 3917 480 3988 undique
493 3918 551 3969 et
570 3913 724 3984 ﬁlios
740 3915 887 3977 tuos,
910 3914 967 3966 et
983 3910 1053 3965 ad
1068 3915 1281 3966 terram
1296 3916 1665 3983 prosternant
1692 3919 1765 3983 te,
1781 3919 1839 3971 et

250 4021 351 4060 non
367 4005 737 4072 relinquetur
761 3999 825 4054 in
853 4004 908 4055 te
940 4000 1083 4072 lapis
1099 4015 1268 4071 super
1282 4001 1528 4072 lapidem
1545 4002 1703 4071 (Luc.
1723 4020 1834 4070 xix,

248 4094 324 4158 l3,
353 4096 462 4151 ii»).
516 4091 660 4145 Hinc
703 4086 1153 4157 compatientibus
1195 4088 1297 4142 sibi
1338 4097 1498 4161 atque
1528 4090 1839 4164 lugentibus

245 4180 573 4246 mulieribus,
594 4179 665 4232 ad
681 4175 953 4248 passionis
962 4192 1073 4232 sua:
1085 4176 1455 4247 dignationem
1469 4179 1835 4250 proﬁciscens,

248 4268 491 4339 loquitur,
512 4267 736 4321 dicens:
759 4264 915 4320 Filia:
943 4262 1281 4334 Jerusalem,
1312 4267 1494 4322 nolite
1518 4268 1655 4336 ﬂere
1670 4285 1840 4341 super

248 4374 348 4423 me,
384 4357 483 4414 sed
515 4370 691 4427 super
706 4369 797 4410 vos
818 4352 972 4425 ipsas
1000 4353 1151 4422 ﬂete,
1173 4357 1411 4426 etsuper
1424 4355 1573 4424 ﬁlios
1598 4361 1833 4429 vestros,

248 4450 501 4519 quoniam
513 4461 644 4501 ecce
656 4442 888 4499 venient
904 4443 968 4497 in
986 4447 1038 4497 te
1053 4442 1171 4498 dies
1184 4444 1246 4499 in
1261 4441 1463 4513 quibus
1472 4445 1664 4501 dicent
1683 4461 1694 4500 :
1710 4448 1837 4503 Bea-

1948 1863 2164 1918 sterium
2196 1875 2572 1936 recognoscat,
2606 1884 2713 1939 quo
2769 1871 2912 1940 apud
2941 1872 3179 1941 Iudaeos,
3204 1875 3358 1931 novis
3373 1891 3545 1947 appa-

1948 1951 2205 2022 rentibus,
2237 1962 2419 2008 vetera
2452 1955 2662 2025 penitus
2718 1957 2978 2015 defecisse
3034 1962 3358 2018 considerat.
3408 1968 3547 2021 Area

1947 2039 2130 2110 itaque
2162 2041 2257 2096 Dei
2290 2058 2321 2096 a
2350 2043 2675 2101 Philisthieis
2705 2055 2865 2116 capta
2903 2049 3179 2118 asseritur,
3238 2054 3383 2125 quia,
3443 2054 3546 2111 de-

1948 2132 2152 2183 structo
2180 2145 2331 2185 more
2360 2132 2562 2188 veteris
2592 2133 2917 2205 Scriptura,
2949 2149 3285 2196 sacramenta
3306 2156 3337 2198 a
3368 2144 3552 2215 genti-

1947 2216 2090 2272 libus
2121 2220 2419 2275 secundum
2447 2222 2724 2278 veritatem
2756 2226 2976 2295 spiritus
3007 2226 3237 2285 ﬁdeliter
3266 2231 3549 2302 accipiun-

1948 2313 2052 2363 tur.
2087 2306 2240 2377 Capit
2271 2309 2479 2382 quippe
2509 2328 2694 2367 arcam
2726 2314 2823 2369 Dei
2853 2316 2943 2387 qui
2973 2316 3171 2374 divinae
3219 2320 3549 2393 cognitionis

1946 2398 2205 2467 mysteria
2234 2397 2289 2452 in
2319 2414 2472 2454 sacro
2503 2400 2719 2474 eloquio
2747 2418 2849 2472 per
2878 2406 3161 2461 veritatem
3186 2409 3285 2476 13
3305 2412 3342 2476 1
3379 2409 3548 2465 intel-

1948 2482 2209 2555 ligentiae,
2240 2488 2437 2543 mentis
2464 2490 2757 2545 devotione
2786 2495 3214 2562 comprehendit.
3249 2497 3357 2551 Sed
3387 2507 3547 2570 capta

1949 2587 2094 2638 arca,
2124 2574 2232 2630 duo
2262 2578 2509 2645 protinus
2539 2578 2655 2633 Heli
2688 2578 2783 2633 ﬁlii
2815 2582 3136 2651 moriuntur,
3163 2584 3288 2653 quia
3306 2586 3547 2655 profecto

1948 2669 2003 2716 et
2033 2663 2253 2733 majoris
2308 2665 2521 2721 ordinis
2574 2668 2906 2738 sacerdotes,
2966 2678 3128 2743 atque
3184 2673 3428 2744 minoris,
3491 2676 3546 2731 in

1949 2748 2125 2806 officio
2154 2751 2540 2810 immolationis
2570 2756 2768 2812 veteris
2807 2775 3075 2829 nusquam
3131 2761 3348 2817 vivunt.
3411 2764 3546 2821 Mori

1950 2854 2185 2911 namque
2216 2842 2597 2913 perhibentur,
2641 2845 2731 2917 qui
2771 2844 2967 2902 offerre
2995 2864 3147 2904 sacra
3197 2851 3418 2910 omnino
3445 2854 3549 2909 de-

1947 2927 2108 2982 siere.
2151 2928 2407 3000 Sequitur
2447 2949 2460 2986 :

2020 3016 2194 3088 (Vers.
2232 3019 2317 3088 12,
2355 3022 2461 3091 13).
2507 3022 2770 3080 Currems
2784 3030 2977 3083 autem
2998 3025 3087 3083 vir
3114 3044 3268 3086 unus
3294 3029 3360 3086 de
3395 3032 3544 3089 Ben-

1869 3156 1919 3219 Ο
1937 3106 2130 3176 jamin
2151 3123 2226 3162 ex
2255 3111 2395 3175 acie,
2419 3112 2575 3167 venit
2588 3113 2652 3168 in
2670 3114 2795 3171 Silo
2812 3117 2874 3171 in
2903 3115 2993 3172 die
3022 3117 3144 3187 illo,
3170 3121 3347 3176 scissa
3375 3126 3544 3194 veste,

1958 3198 2007 3219 _,
2036 3211 2358 3219 unum“
2394 3201 2501 3219 μέν..
2648 3218 2695 3219 ρ
2792 3209 2804 3219 .
2870 3204 2901 3219 η
3378 3211 3392 3219 -
3502 3216 3511 3219 -

1950 3198 2007 3250 et
2028 3211 2359 3267 conspersus
2386 3201 2618 3270 puluere
2634 3209 2827 3275 caput.
2863 3204 3108 3279 Cumque
3132 3207 3232 3264 ille
3263 3211 3534 3280 venisset,

1944 3284 2068 3339 Heli
2098 3286 2329 3341 sadebat
2348 3304 2519 3359 super
2546 3292 2710 3360 sella,
2734 3298 3000 3364 spectans
3013 3300 3218 3353 contra
3238 3299 3408 3356 viam.
3446 3301 3547 3357 Vir

1946 3377 2141 3428 autem
2170 3376 2290 3440 ille,
2314 3381 2611 3450 postquam
2640 3380 2928 3454 ingressus
2945 3393 3047 3455 est,
3073 3388 3369 3446 nuntiavit
3392 3390 3540 3461 urbi,

1947 3466 2004 3517 et
2034 3463 2281 3519 ululavit
2297 3467 2481 3523 omnis
2502 3469 2722 3526 civitas.

2020 3554 2107 3606 M.
2142 3551 2283 3621 Quid
2312 3570 2412 3624 per
2438 3557 2610 3612 virum
2643 3558 3173 3635 istumexprimitur,
3207 3567 3299 3639 qui
3330 3569 3399 3625 de
3426 3572 3547 3629 acie

1950 3639 2109 3712 fugit,
2144 3642 2243 3697 nisi
2274 3659 2339 3698 ea
2368 3660 2495 3713 pars
2520 3647 2733 3703 Iudaici
2765 3652 2947 3721 populi
2976 3668 3098 3725 qua:
3128 3655 3198 3710 ad
3225 3657 3550 3732 Redempto-

1949 3728 2025 3783 ris
2054 3731 2417 3801 cognitionem
2450 3736 2717 3792 veniendo
2745 3737 3024 3795 Judaicam
3064 3744 3352 3814 perﬁdiam
3383 3728 3546 3806 dere-

1947 3817 2155 3888 liquit?
2184 3820 2413 3877 Currere
2444 3840 2680 3896 namque
2708 3826 2756 3880 ei
2790 3827 2889 3883 fuit
2918 3844 2949 3883 a
2971 3831 3234 3901 pravitate
3251 3839 3546 3894 errorissui

1949 3906 2254 3987 devotionis
2303 3910 2593 3967 velocitate
2650 3914 2933 3971 desistere.
3001 3919 3142 3987 Quia
3199 3938 3331 3980 vero
3387 3926 3547 3983 fortia

1948 4010 2116 4066 agere
2145 3996 2199 4050 in
2223 3986 2608 4070 Redemptoris
2636 4003 2975 4072 professione
3007 3986 3292 4081 disposuit,
3326 4013 3410 4070 vir
3423 4015 3540 4072 fuit.

1947 4082 2051 4153 Qui
2084 4084 2332 4140 nimirum
2364 4102 2431 4142 eo
2460 4088 2548 4144 die
2575 4105 2682 4160 quo
2711 4092 2882 4147 victus
2907 4103 2985 4149 est
3013 4097 3083 4151 de
3111 4099 3299 4167 prsclio
3357 4106 3539 4174 currit,

1947 4172 2076 4244 quia
2103 4189 2168 4228 ea
2197 4172 2320 4229 ﬁdei
2351 4175 2741 4235 illuminatione
2772 4195 2878 4251 qua
2908 4182 3153 4252 perfidiae
3168 4188 3417 4245 tenebras
3448 4172 3541 4248 de?

1945 4262 2112 4316 seruit
2143 4263 2211 4318 ad
2241 4265 2651 4333 praedicandum
2682 4268 2960 4325 veritatem
2992 4288 3155 4344 quam
3185 4285 3411 4333 noverat
3440 4294 3540 4335 ac-

1946 4352 2125 4407 cessit.
2159 4352 2315 4409 Unde
2343 4362 2397 4409 et
2425 4353 2480 4409 in
2513 4355 2626 4412 Silo
2644 4358 2857 4414 venisse
2873 4360 3203 4431 perhibetur,
3226 4365 3446 4436 (a)quia
3467 4368 3539 4424 ad

1890 4488 1904 4524 ._
1945 4440 2384 4510 praedicationem
2414 4443 2658 4500 mittitur.
2692 4444 2796 4515 Qui
2825 4455 3026 4505 vestem
3057 4451 3233 4522 scidit,
3253 4455 3378 4524 quia
3390 4461 3543 4513 vete-

248 4518 311 4591 tce
324 4536 574 4601 steriles,
594 4536 649 4589 et
666 4536 893 4589 ventres
906 4532 999 4604 qui
1011 4547 1126 4587 non
1141 4536 1514 4604 generunt,et
1530 4535 1698 4591 ubera
1713 4552 1834 4608 qua:
1865 4518 1920 4582 D
1949 4543 2061 4583 rem
2091 4545 2149 4585 Se
2178 4531 2453 4587 hominem
2486 4534 2631 4589 exuit
2657 4551 2670 4599 ;
2727 4544 2887 4606 caput
2940 4538 3159 4609 pulvere
3214 4546 3539 4616 conspersit,

246 4642 348 4683 non
388 4625 780 4682 tactaverunt.
820 4622 973 4677 Tunc
998 4620 1278 4691 incipient
1296 4621 1482 4678 dicere
1500 4625 1798 4681 montibus
1816 4658 1835 4694 ,-

245 4713 429 4772 Cadite
446 4729 627 4786 super
647 4728 755 4768 nos
775 4731 792 4775 ;
820 4714 875 4766 et
891 4709 1103 4766 colibus
1126 4729 1143 4763 :
1158 4710 1382 4783 Operite
1394 4727 1515 4767 nos.
1542 4712 1685 4779 Quia
1704 4716 1752 4770 si
1774 4715 1835 4796 in

249 4805 408 4859 viridi
430 4803 589 4875 ligno
607 4803 724 4857 haec
741 4799 1057 4872 faciunt,in
1071 4800 1229 4855 arido
1247 4800 1380 4872 quid
1388 4801 1488 4870 ﬁet
1502 4801 1830 4872 (Lucum,

244 4896 322 4961 28,
351 4896 520 4965 seq.).
553 4889 762 4960 Quibus
789 4887 1036 4959 profecto
1065 4887 1244 4943 verbis
1260 4903 1324 4943 ea
1353 4905 1474 4960 quae
1516 4890 1829 4946 Iudaeorum

228 4970 434 5053 pepulo
465 4997 497 5035 a
531 4978 787 5035 Romanis
814 4976 1149 5047 principibus
1180 4978 1508 5048 Vespasiano
1537 4987 1588 5034 et
1618 4978 1737 5034 Tito
1768 4980 1830 5034 il-

240 5069 339 5126 lata
365 5077 449 5127 est
478 5075 537 5123 et
564 5084 709 5123 mors
725 5075 777 5121 et
794 5065 1077 5136 captivitas
1104 5065 1434 5138 designatur.
1457 5067 1605 5123 Tunc
1626 5068 1828 5139 quippe

241 5158 395 5231 plaga
425 5172 631 5229 magna
662 5154 806 5210 facta
843 5154 964 5223 fuit,
1010 5155 1225 5224 quando
1283 5171 1405 5210 cum
1462 5156 1827 5213 internecione

239 5247 419 5319 populi
447 5246 762 5301 Judmorum
793 5242 984 5299 civitas
1012 5250 1063 5297 et
1093 5250 1249 5314 capta
1304 5244 1507 5299 exstitit
1537 5253 1587 5299 et
1617 5261 1823 5314 eversa,

239 5337 446 5408 quando
478 5350 579 5411 pro
606 5334 808 5388 ultione
829 5331 1026 5386 divinis
1041 5333 1337 5405 sanguinis,
1368 5341 1422 5390 et
1446 5333 1624 5390 hostili
1640 5334 1826 5407 gladio

242 5426 462 5498 populus
492 5422 711 5490 corruit,
730 5429 783 5478 et
813 5419 905 5494 qui
931 5422 1162 5478 evadere
1192 5421 1389 5479 ferrum
1409 5423 1583 5495 potuit
1605 5439 1825 5495 prauam

240 5515 477 5573 nudauit
507 5521 719 5571 aeternas
748 5508 1099 5584 captivitatis.
1159 5510 1294 5585 Quae
1345 5512 1598 5587 profecto
1644 5511 1825 5592 plagae

300 5641 376 5722 (α)
405 5639 597 5711 Aliter,
625 5636 739 5718 qui.

1946 4618 2075 4689 quia
2104 4618 2171 4674 de
2199 4620 2491 4689 splendore
2522 4623 2647 4678 novi
2680 4626 2933 4693 hominis,
2966 4643 3072 4699 quo
3102 4645 3162 4685 se
3191 4630 3383 4703 induit,
3435 4651 3539 4692 ne-

1945 4721 2219 4777 quaquam
2247 4710 2564 4779 superbivit.
2601 4711 2780 4769 Scissa
2807 4730 3041 4787 namque
3067 4719 3234 4774 vestis
3262 4720 3332 4776 ad
3368 4722 3541 4780 deco-

1940 4811 2054 4849 rem
2088 4804 2289 4852 sanctte
2319 4800 2745 4857 conversationis
2774 4804 3022 4874 pertinet,
3055 4811 3373 4880 conspersio
3410 4812 3538 4883 pul-

1941 4884 2082 4939 veris
2113 4885 2181 4941 ad
2208 4888 2621 4944 aestimationem
2653 4891 2988 4948 humilitatis.
3022 4894 3162 4965 Quia
3185 4914 3318 4972 ergo
3334 4902 3539 4957 sanctis

1940 4973 2401 5045 praedicatoribus,
2435 4992 2537 5032 nec
2562 4978 2686 5034 vitae
2747 4982 3008 5038 munditia
3065 4986 3180 5041 sine
3238 4988 3540 5045 humilitate

1938 5077 2035 5116 nec
2067 5062 2347 5118 humilitas
2375 5064 2572 5121 sufficit
2600 5068 2715 5123 sine
2745 5077 2936 5126 sancta
2966 5076 3401 5143 conversatione,
3457 5077 3541 5132 vir

1936 5150 2027 5221 qui
2061 5151 2115 5205 in
2148 5151 2433 5209 doctorum
2480 5160 2605 5225 typo
2634 5156 2705 5211 ad
2736 5159 3160 5216 annuntiandum
3215 5162 3427 5217 Israelis
3454 5155 3537 5241 in}

1938 5239 2160 5295 teritum
2212 5242 2379 5311 venit,
2441 5250 2493 5299 et
2550 5252 2755 5301 vestem
2812 5248 2987 5315 scidit,
3020 5254 3077 5305 et
3104 5260 3264 5321 caput
3307 5240 3537 5322 pulvere

1934 5330 2251 5401 conspersit.
2287 5332 2402 5388 Hoc
2430 5348 2666 5406 namque
2692 5334 2921 5405 pulvere
2960 5345 3121 5407 caput
3176 5354 3538 5413 conspersum

1934 5418 2206 5493 portabat,
2238 5421 2348 5495 qui,
2371 5421 2603 5478 Domino
2620 5423 2872 5495 loquens,
2891 5424 2997 5479 ait:
3018 5427 3235 5502 Loquar
3256 5430 3330 5487 ad
3343 5430 3532 5490 Domi.

1937 5524 2079 5570 num
2092 5525 2302 5585 meum,
2322 5526 2450 5568 cum
2472 5512 2581 5571 sim
2596 5511 2783 5588 pulvis
2799 5513 2856 5570 et
2871 5512 3185 5589 cinis(Gen,
3217 5533 3371 5593 ινηι¹
3390 5520 3532 5600 27)?
3634 5550 3637 5553 ν
