4062 6182
460 278 561 333 167

1633 262 1878 331 SANCTI
1919 260 2262 329 GREGORII
2300 262 2521 331 MAGNI

3653 269 3763 333 168

458 402 756 470 Consperso
806 391 935 454 item
993 397 1171 468 capite
1228 395 1548 467 loquebatur
1595 398 1880 468 Propheta,
1930 411 2052 451 cum
2080 395 2136 454 A
2170 396 2285 464 teri,
2317 368 2550 468 plurima
2578 398 2646 455 de
2670 399 2939 457 mandatis
2969 400 3283 457 coelestibus
3311 408 3455 456 recte
3484 400 3763 473 intelligit,

456 488 784 558 supplicare,
816 487 1003 543 dicens
1034 505 1044 540 :
1080 487 1375 553 Memento,
1409 487 1664 553 Domine,
1706 487 1840 559 quia
1862 485 2054 556 pulvis

460 593 657 633 sumus
689 577 865 647 (Psal.
898 591 989 644 cn,
1025 576 1139 646 15).
1178 576 1391 630 Vestem
1433 590 1645 645 quoque
1682 575 1932 641 sciderat,
1965 573 2054 644 qui

453 662 732 731 conﬁtens,
765 664 901 718 dixit
932 681 944 717 :
982 663 1323 719 Conscidisti
1351 679 1579 718 saccum
1598 678 1809 731 meum,
1831 666 2054 734 etprre-

454 753 695 809 cinxisti
722 768 811 808 me
846 752 1052 808 lcetitia
1083 752 1265 821 (Psal.
1303 766 1464 817 xxix,
1504 752 1607 821 12).

535 842 620 897 15.
654 841 760 897 Sed
785 857 909 897 cum
940 840 1295 897 ecclesiastici
1354 839 1729 910 praedicatoris
1781 838 2056 893 humilitas

454 930 884 997 commendatur,
910 931 1112 999 pariter
1153 937 1205 983 et
1256 928 1511 998 superbia
1550 928 1759 984 Iudaici
1819 928 2056 983 doctoris

454 1019 788 1088 exprimitur,
824 1019 949 1088 quia
978 1017 1231 1073 videlicet
1289 1018 1410 1071 Heli
1466 1033 1628 1086 super
1676 1017 1810 1071 sella
1866 1016 2055 1071 sedere

455 1108 791 1177 perhibetur.
822 1109 879 1161 In
908 1108 1008 1161 isto
1039 1106 1242 1178 quippe
1271 1106 1394 1161 loco
1428 1106 1545 1160 Heli
1595 1122 1701 1160 non
1750 1103 2050 1175 pontiﬁces,

455 1197 551 1252 sed
580 1196 925 1268 legisperitos
952 1195 1256 1266 Synagogae
1286 1194 1538 1249 insinuat.
1573 1193 1717 1263 Quid
1746 1202 1827 1249 est
1874 1202 2055 1248 autem

459 1285 600 1355 quod
632 1286 785 1340 sedet
815 1301 976 1353 super
1004 1283 1156 1347 sella,
1190 1283 1296 1338 nisi
1328 1283 1455 1355 quia
1503 1284 1737 1353 superbe
1783 1282 2057 1337 extollitur

458 1374 526 1429 de
556 1373 840 1429 doctrina?
872 1373 940 1428 Et
963 1372 1091 1442 quid
1120 1380 1199 1427 est
1229 1372 1369 1441 quod
1403 1380 1613 1442 spectat
1641 1379 1827 1427 contra
1884 1370 2050 1439 viam,

455 1462 559 1517 nisi
592 1462 717 1532 quia
744 1462 870 1516 dum
918 1461 1151 1531 superbe
1208 1461 1515 1529 Scripturas
1573 1459 1790 1530 accipit,
1850 1459 1898 1514 ei
1956 1474 2056 1528 per

456 1568 619 1622 quem
648 1551 725 1606 ire
754 1550 821 1605 ad
852 1558 1109 1606 aeternam
1157 1550 1389 1620 patriam
1443 1548 1628 1603 debuit
1682 1548 2052 1604 contradicit?

454 1640 556 1695 Via
587 1640 788 1709 quippe
816 1639 1004 1693 salutis
1033 1639 1127 1693 illa
1156 1647 1235 1693 est
1264 1655 1384 1708 quae
1442 1638 1787 1707 semetipsum
1843 1640 2049 1705 asserit,

2164 488 2458 558 nonaginta
2489 496 2541 544 et
2584 498 2706 546 octo
2735 505 2998 546 annorum
3029 498 3126 546 est.
3160 491 3225 545 Et
3252 491 3380 546 dum
3434 491 3605 546 Deum
3633 506 3756 546 cre-

2164 574 2261 641 dit,
2293 584 2341 630 et
2375 592 2440 631 ex
2474 578 2696 650 Virgine
2722 579 2870 634 nasci
2898 579 3135 649 potuisse
3165 595 3262 650 per
3303 593 3544 643 carnem,
3578 585 3633 634 et
3659 579 3764 633 hu-

2164 663 2435 719 manitatis
2465 668 2581 736 ejus
2600 676 2843 722 naturam
2874 668 3079 738 suscipi
3108 668 3344 741 abnegat
3373 668 3428 722 in
3456 667 3764 734 divinitate,

2163 761 2380 808 centum
2410 770 2676 810 annorum
2715 772 2821 812 non
2847 764 2950 811 est.
2981 756 3135 813 Unde
3165 764 3239 821 et,
3271 756 3454 811 audita
3482 756 3582 810 viri
3613 756 3764 811 rela-

2165 842 2330 906 tione,
2356 842 2501 912 juste
2531 844 2776 910 moritur,
2831 845 2957 916 quia
2986 844 3102 899 sine
3149 842 3254 900 ﬁde
3283 843 3664 915 Redemptoris
3710 844 3763 900 ei

2162 930 2305 987 bona
2331 948 2451 1003 qua:
2482 935 2764 1005 cognoscit
2794 941 2845 989 et
2877 933 2985 988 alia
3014 949 3360 1005 nequaquam
3419 940 3658 1003 prosunt.
3693 933 3763 988 Et

2163 1019 2290 1089 quia
2315 1020 2423 1076 alto
2454 1030 2505 1076 et
2536 1022 3067 1093 incomprehensibili
3119 1022 3330 1093 judicio
3387 1022 3487 1077 Dei
3544 1021 3768 1077 czecitas

2161 1107 2483 1180 ignorantiae
2513 1110 2636 1182 ejus
2666 1111 2830 1166 menti
2861 1110 3134 1175 incutitur,
3165 1110 3435 1182 caligasse
3477 1118 3531 1165 et
3573 1108 3764 1166 videre

2169 1212 2274 1251 nen
2303 1198 2543 1267 potuisse
2570 1208 2923 1255 memoratur.
2958 1199 3213 1269 Sequitur
3244 1216 3259 1253 :

2235 1304 2407 1373 (Vers.
2440 1307 2554 1372 16).
2584 1306 2651 1360 Et
2673 1306 2827 1361 dixit
2857 1306 2932 1361 ad
2966 1307 3122 1362 Heli:
3149 1306 3256 1378 Ego
3271 1321 3399 1362 sum
3426 1306 3523 1378 qui
3552 1305 3681 1363 veni
3695 1304 3764 1361 de

2164 1395 2384 1465 prwlio,
2418 1409 2512 1465 ego
2541 1395 2637 1451 cui
2665 1394 2732 1450 de
2753 1397 2875 1451 acie
2903 1395 3029 1465 fugi
3059 1393 3240 1451 hodie.

2235 1480 2326 1533 18.
2368 1478 2538 1545 Quasi
2571 1479 2625 1533 in
2659 1479 2848 1549 praelia
2879 1495 2933 1533 se
2967 1479 3131 1534 fuisse
3161 1479 3498 1535 memorabat
3547 1477 3637 1532 ille
3667 1477 3761 1549 qui

2160 1560 2395 1617 dicebat:
2410 1563 2595 1619 Audis
2603 1565 2674 1619 tis
2684 1564 3164 1621 conversationem
3177 1578 3359 1618 meam
3379 1561 3682 1635 aliquando
3694 1563 3761 1618 in

2158 1650 2475 1719 Judaismo;
2489 1653 2754 1724 quoniam
2770 1668 2940 1723 supra
2956 1650 3181 1708 modum
3191 1650 3763 1724 persequebarEccle—

457 1728 647 1784 dicens
677 1745 688 1781 :
725 1729 835 1800 Ego
856 1744 987 1783 sum
1026 1729 1138 1793 l'ia,
1179 1728 1402 1782 Veritas
1422 1731 1478 1783 et
1504 1727 1621 1782 Vita
1638 1725 1829 1797 (Joan.
1850 1742 1958 1794 xiv,
1974 1726 2046 1796 6).

2170 1740 2307 1794 siam
2322 1741 2436 1807 Dei,
2456 1745 2513 1796 et
2530 1740 2928 1813 expugnabam
2947 1738 3131 1807 illam,
3151 1747 3207 1796 et
3215 1739 3573 1812 proﬁciebam
3587 1740 3647 1794 in
3658 1735 3763 1793 Ju-

456 1817 578 1872 Non
609 1816 787 1888 itaque
808 1815 974 1882 viam,
1007 1815 1100 1869 sed
1131 1823 1316 1869 contra
1345 1814 1488 1870 viam
1519 1813 1760 1884 respicit,
1795 1813 1922 1885 quia
1950 1814 2048 1868 Re-

2157 1827 2375 1884 daismo
2391 1846 2566 1902 supra
2582 1831 2793 1885 multos
2811 1834 3121 1886 coaetaneos
3135 1830 3374 1895 meos,in
3388 1843 3595 1898 genere
3606 1842 3755 1899 mep,

459 1905 796 1975 demptorem
825 1920 933 1959 non
962 1902 1264 1976 cognoscit,
1297 1903 1380 1956 cui
1413 1902 1756 1958 contradicit.
1796 1903 1862 1957 Et
1915 1902 2053 1957 bene

2170 1917 2546 1975 abundantius
2571 1919 2876 1973 aemulator
2903 1920 3161 1974 existens
3182 1921 3558 1990 paternarum
3589 1931 3754 1970 mea-

460 1993 684 2049 mortuis
715 1992 839 2047 ﬁliis
864 2001 1020 2062 pater
1048 2008 1212 2062 super
1238 1992 1371 2046 sella
1403 1992 1592 2046 sedere
1648 1991 1867 2058 dicitur,
1929 1990 2053 2060 quia

467 2083 558 2153 qui
595 2082 760 2136 veteri
792 2098 941 2137 more
973 2080 1273 2136 sacriﬁcent
1305 2080 1595 2151 Synagoga
1641 2095 1750 2134 non
1792 2079 1973 2147 habet,
2003 2087 2056 2134 et

464 2180 641 2228 tamen
672 2170 763 2242 qui
793 2171 958 2225 veteri
989 2186 1139 2225 more
1169 2169 1397 2224 doceant
1428 2168 1606 2223 adhuc
1636 2168 1821 2222 habet.
1850 2168 1911 2222 Et
1933 2168 2058 2239 quia

459 2275 559 2330 per
586 2260 856 2329 sapientes
887 2259 1137 2315 doctores
1164 2257 1233 2312 ad
1276 2256 1630 2312 ministerium
1655 2256 2054 2324 erudiebantur,

459 2348 589 2404 dum
621 2349 849 2403 cessavit
880 2348 972 2417 qui
992 2345 1340 2414 sacriﬁcaret,
1359 2355 1410 2401 et
1438 2345 1617 2400 adhuc
1641 2345 1730 2416 qui
1761 2345 1951 2401 doceat
1967 2362 2056 2400 re-

462 2444 722 2502 maneret,
756 2444 881 2504 apte
903 2433 996 2488 ﬁlii
1030 2434 1332 2488 referuntur
1360 2433 1577 2498 mortui,
1610 2441 1660 2488 et
1689 2441 1844 2503 pater
1899 2450 2060 2503 super

461 2525 597 2579 sella
629 2525 854 2588 sedere;
887 2522 979 2577 sed
1006 2522 1074 2576 de
1103 2538 1165 2577 ea
1199 2538 1357 2593 quam
1405 2522 1611 2576 audivit
1656 2522 2060 2579 annuntiatione

461 2611 845 2680 Redemptoris
875 2609 1158 2665 multitudo
1190 2611 1497 2682 Synagogaa
1530 2626 1636 2665 non
1666 2610 1944 2683 gaudium,
1967 2611 2059 2666 sed

469 2715 766 2755 maerorem
797 2698 1005 2754 habuit.
1038 2699 1189 2755 Unde
1217 2704 1270 2753 et
1298 2708 1585 2769 postquam
1642 2700 1730 2754 vir
1773 2700 1838 2754 de
1868 2701 2062 2769 prmlio

464 2788 631 2854 venit,
664 2796 713 2843 et
744 2787 1048 2858 captionem
1080 2803 1219 2843 arcae
1250 2787 1605 2856 annuntiavit,
1636 2787 1869 2843 ululasse
1891 2788 2065 2843 omnis

465 2876 655 2932 civitas
685 2876 884 2932 dicitur
918 2894 931 2931 :
965 2875 1098 2946 Quae
1128 2875 1378 2931 nimirum
1406 2875 1636 2943 tristitia,
1660 2876 1785 2946 quia
1805 2892 1973 2948 usque
1992 2876 2062 2932 ad

466 2965 715 3023 doctores
743 2966 1012 3036 pervenit,
1045 2965 1286 3036 sequitur
1319 2980 1333 3020 :

541 3074 720 3142 (Vers,
782 3073 891 3141 14).
943 3073 1007 3127 Ει
1045 3072 1262 3129 audivit
1311 3073 1433 3127 Heli
1488 3073 1742 3128 sonitum
1772 3073 2059 3141 clamoris,

463 3161 729 3233 dixitque
753 3180 770 3217 :
793 3160 931 3225 Quis
952 3165 1037 3218 est
1067 3162 1156 3217 hic
1179 3162 1401 3218 sonitus
1425 3162 1711 3216 tumultus
1730 3161 1899 3232 huius
1916 3162 1946 3214 ?

545 3253 707 3319 132
742 3250 830 3305 16.
871 3250 1154 3304 Tumultus
1211 3258 1289 3304 est
1326 3249 1642 3305 vociferatio
1696 3250 1908 3319 populi,
1968 3250 2064 3305 sed

469 3339 715 3407 confusa,
745 3354 870 3395 cum
898 3337 1155 3394 videlicet
1174 3338 1289 3393 sine
1316 3337 1607 3407 disciplina
1624 3338 1898 3408 audiendi,
1920 3340 2065 3393 mul-

475 3428 544 3484 tis
572 3428 730 3483 simul
758 3427 1126 3497 loquentibus,
1157 3426 1472 3498 magnitudo
1528 3425 1587 3481 ﬁt
1633 3427 1922 3483 murmuris
1951 3429 2065 3484 sine

470 3518 776 3573 ostensione
803 3515 1044 3571 rationis.
1080 3515 1196 3569 Heli
1227 3530 1360 3587 ergo
1390 3531 1512 3571 cum
1544 3515 1804 3570 ululatum
1834 3516 2067 3572 civitatis

471 3605 699 3674 audivit,
723 3604 857 3659 dixit
879 3619 892 3658 :
915 3603 1047 3671 Quis
1064 3608 1147 3659 est
1159 3604 1380 3660 sonitus
1400 3605 1685 3661 tumultus
1702 3605 1870 3674 hujus
1888 3605 1916 3659 ?
1927 3606 2065 3673 Quia

465 3694 722 3751 videlicet
751 3693 1127 3763 magisterium
1148 3692 1475 3764 Synagogae,
1494 3693 1748 3760 subjectis
1769 3693 1873 3748 sibi
1897 3694 2064 3763 perﬁ-

466 3781 571 3850 dis,
606 3781 671 3837 de
702 3781 1086 3852 praedicatione
1136 3782 1261 3836 Jesu
1317 3781 1517 3836 Christi
1574 3781 1903 3848 dolentibus,
1935 3782 2065 3837 dum

467 3886 687 3926 causam
718 3870 921 3925 doloris
949 3869 1133 3925 audire
1162 3869 1350 3936 voluit,
1383 3885 1491 3925 non
1545 3871 1790 3940 percepit
1831 3886 2062 3942 respon—

472 3960 681 4015 sionem
710 3959 1108 4028 rationabilem,
1141 3959 1238 4014 sed
1265 3958 1645 4015 confusionem
1689 3960 1945 4030 querelae.
1996 3963 2067 4017 Ut

470 4057 648 4105 autem
680 4049 1081 4105 excusationem
1111 4048 1435 4120 ignorantiae
1466 4049 1665 4104 habere
1693 4065 1801 4104 non
1857 4057 2062 4121 posset,

466 4137 559 4210 qui
608 4137 676 4192 de
733 4137 1143 4194 circumcisione
1192 4137 1261 4191 ad
1291 4137 1646 4192 ministerium
1678 4138 2064 4195 ecclesiasticae

466 4225 878 4298 praedicationis
935 4233 1256 4293 accesserat,
1289 4234 1342 4281 et
1372 4226 1451 4281 rei
1482 4226 1763 4283 veritatem
1819 4228 2057 4297 aperuit.

470 4316 625 4373 Unde
653 4323 707 4370 et
732 4314 978 4370 subditur
1009 4331 1022 4368 :

540 4405 714 4474 (Vers.
749 4402 868 4469 1t).
904 4403 987 4457 At
1021 4404 1119 4459 ille
1148 4404 1468 4474 festinavit,
1500 4409 1557 4460 et
1587 4404 1762 4474 venit,
1794 4409 1851 4462 et
1904 4422 2062 4464 nun-

472 4492 639 4550 tiauit
670 4492 811 4547 Heli.

544 4578 651 4634 Sed
680 4579 806 4651 quia
835 4579 978 4634 idem
1010 4580 1128 4635 Heli
1158 4578 1337 4635 statim
1354 4588 1596 4638 mortuus
1612 4583 2069 4641 annuntiationem

472 4667 714 4737 suscepit
741 4667 839 4723 viri
870 4668 1156 4739 venientis,
1193 4669 1367 4742 qualis
1394 4670 1460 4725 sit
1489 4670 1605 4742 ipse
1633 4673 1861 4730 audiens
1882 4675 2071 4731 subse.

473 4760 699 4823 quenter
726 4753 1012 4811 innotescit
1046 4772 1059 4810 :

545 4842 717 4913 (Vers.
738 4844 847 4913 15).
868 4845 993 4900 Heli
1007 4851 1200 4901 autem
1215 4849 1339 4902 erat
1351 4849 1595 4919 nonagin
1607 4851 1665 4905 ta
1681 4853 1736 4905 et
1754 4854 1875 4907 octo
1891 4866 2068 4907 anno-

471 4939 623 4989 rum,
638 4929 695 4980 et
707 4924 858 4979 oculi
868 4924 990 4995 ejus
997 4925 1391 4996 caligaverant
1399 4966 1413 4995 ,
1428 4931 1485 4982 et
1496 4929 1682 4985 videre
1694 4946 1808 4985 non
1820 4934 2061 5002 poterat.

544 5010 631 5063 17.
665 5007 922 5064 Perfecta;
952 5024 1185 5079 namque
1232 5012 1523 5066 senectutis
1549 5020 1712 5080 esset,
1742 5013 1786 5067 si
1810 5022 2067 5069 centena-

467 5094 609 5151 rium
638 5109 923 5149 numerum
980 5110 1245 5150 annorum
1301 5096 1536 5151 vivendo
1592 5098 1916 5171 peregisset.
1968 5098 2065 5154 Cui

466 5178 714 5250 profecto
743 5194 987 5247 numero,
1022 5177 1146 5249 quia
1176 5179 1282 5234 duo
1321 5181 1445 5234 anni
1475 5180 1663 5236 deesse
1712 5182 2065 5251 conSpiciun-

470 5271 574 5331 tur,
608 5262 732 5336 quid
771 5272 851 5319 est
893 5263 1059 5330 aliud,
1093 5264 1193 5318 nisi
1253 5263 1378 5335 quia
1430 5265 1689 5334 perfectae
1743 5268 2064 5323 maturitatis

471 5346 747 5415 existeret,
788 5346 831 5401 si
860 5356 1256 5403 sacramentum
1287 5348 1560 5420 geminum
1600 5349 1653 5403 in
1685 5348 2065 5421 Redemptoris

468 5428 636 5485 nostri
666 5428 1031 5488 incarnatione
1059 5430 1427 5503 cognovisset,
1458 5432 1709 5490 videlicet
1738 5452 1924 5491 veram
1973 5435 2063 5491 di-

469 5511 748 5569 vinitatem
776 5513 829 5567 in
862 5516 1193 5572 humanitate
1218 5515 1358 5586 ejus,
1381 5524 1434 5572 et
1462 5531 1646 5573 veram
1676 5519 2061 5578 humanitatem

473 5596 532 5661 in
562 5596 843 5659 divinitate
861 5599 890 5656 ‘2
918 5600 1077 5660 Nunc
1105 5610 1309 5678 autem,
1339 5603 1465 5682 quia
1496 5604 1667 5665 multa
1696 5605 1764 5665 dc
1794 5605 1917 5683 lege
1963 5623 2062 5669 ve-

2090 4454 2145 4517 D

2161 2025 2288 2063 rum
2311 2008 2688 2063 traditionum
2713 2007 2854 2071 (Gal.
2879 2023 2918 2074 ι,
2942 2011 3028 2075 13,
3052 2008 3157 2076 lt).
3178 2006 3282 2062 Sed
3307 2005 3374 2060 de
3393 2003 3580 2075 praelio
3604 2003 3759 2058 venit

2163 2097 2251 2166 qui
2268 2096 2398 2150 dicit
2416 2115 2433 2151 :
2455 2097 2559 2164 Qui
2570 2098 2726 2167 prius
2741 2098 2832 2167 fui
2846 2096 3204 2166 blasphemus
3219 2099 3279 2148 et
3291 2097 3643 2166 persecutor;
3659 2091 3759 2147 sed

2160 2185 2607 2242 misericordiam
2632 2188 2967 2241 consecutus
2984 2200 3130 2249 sum,
3145 2183 3281 2255 quia
3296 2185 3565 2253 ignorans
3581 2181 3694 2252 feci
3709 2179 3764 2247 (ι

2168 2275 2304 2329 Tim.
2336 2289 2374 2339 ι,
2397 2273 2505 2342 13).
2544 2274 2751 2343 Fugere
2766 2288 2898 2345 ergo
2918 2273 2988 2327 de
3003 2274 3123 2327 acie
3140 2271 3331 2326 Judan
3361 2270 3491 2340 quid
3512 2277 3594 2325 est
3608 2267 3759 2324 aliud

2164 2378 2327 2432 quam
2358 2378 2389 2416 a
2416 2360 2749 2432 perﬁdorum
2779 2376 2965 2416 errore
3009 2360 3289 2431 separari?
3345 2366 3397 2414 et
3449 2359 3517 2414 de
3570 2357 3762 2429 prarl'io

2165 2450 2349 2505 venire
2380 2450 2508 2522 quid
2540 2458 2639 2518 est,
2671 2450 2775 2505 nisi
2805 2457 2970 2505 rectae
2996 2448 3124 2504 ﬁdei
3182 2449 3382 2504 bonum
3437 2447 3560 2502 aliis
3616 2462 3765 2500 nun-

2169 2539 2343 2595 tiare?
2374 2540 2580 2610 Fugere
2608 2554 2843 2608 namque
2874 2537 3165 2593 metuentis
3195 2544 3307 2600 est;
3341 2535 3546 2602 venire,
3577 2534 3767 2590 volen-

2169 2627 2255 2683 tis.
2291 2626 2411 2695 Quo
2443 2628 2497 2680 in
2523 2627 2661 2693 loco,
2698 2627 2823 2698 quia
2854 2627 3000 2697 prius
3032 2625 3226 2681 dicitur
3255 2624 3438 2680 venire
3455 2623 3525 2678 de
3546 2621 3762 2693 praelio,

2169 2732 2330 2785 quam
2362 2732 2429 2770 cx
2460 2715 2577 2770 acie
2623 2715 2829 2784 lugere,
2861 2730 2982 2771 cum
3010 2715 3164 2784 prius
3213 2712 3497 2769 deseratur
3534 2708 3771 2782 perﬁdia

2169 2820 2328 2876 quam
2361 2804 2562 2860 veritas
2593 2804 2935 2875 praedicetur,
2968 2802 3161 2858 mirum
3183 2817 3291 2857 non
3321 2808 3421 2856 est.
3454 2801 3597 2854 Nam
3636 2800 3766 2867 hoc,

2170 2894 2314 2965 quod
2342 2893 2411 2948 de
2440 2893 2558 2949 acie
2588 2908 2649 2949 se
2677 2893 2879 2965 fugisse
2908 2890 3180 2963 posterius
3194 2890 3348 2957 dicit,
3381 2905 3488 2945 non
3519 2887 3589 2943 ad
3617 2886 3771 2943 ordi-

2170 2998 2294 3037 nem
2332 2998 2438 3052 quo
2484 2982 2683 3037 factum
2712 2989 2793 3037 est
2830 2980 3045 3047 dicitur,
3105 2977 3201 3034 sed
3256 2978 3326 3033 ad
3381 2975 3767 3033 certitudinem

2091 3099 2139 3160 ο
2170 3071 2320 3127 verbi
2354 3070 2497 3140 quod
2526 3070 2811 3141 praemisit.
2832 3068 2989 3138 Quod
3015 3068 3179 3124 etiam
3208 3066 3503 3124 secundum
3525 3062 3769 3120 historia:

2172 3160 2416 3215 ordinem
2447 3159 2868 3224 demonstratur,
2920 3157 3047 3229 quia
3095 3157 3197 3211 nisi
3237 3155 3386 3227 prius
3432 3154 3500 3210 de
3530 3152 3643 3209 acie
3672 3152 3771 3207 fu-

2173 3249 2359 3322 gisset,
2394 3248 2579 3303 venire
2608 3247 2676 3303 de
2702 3247 2891 3317 praelio
2915 3260 3259 3317 nequaquam
3289 3243 3569 3314 potuisset.

2247 3341 2332 3392 19.
2365 3338 2479 3392 Nos
2507 3344 2685 3392 autem
2718 3335 2808 3407 qui
2855 3335 3160 3390 secundum
3188 3332 3439 3403 spiritum
3495 3328 3765 3401 spiritalia

2173 3426 2336 3482 etiam
2376 3425 2433 3480 in
2463 3426 2625 3480 rebus
2650 3423 2962 3480 Iudaeorum
2992 3422 3280 3478 carnaliter
3332 3420 3502 3492 gestis
3533 3418 3773 3490 inquiri-

2174 3531 2313 3580 mus,
2348 3514 2499 3568 illum
2528 3514 2704 3569 virum
2735 3529 2895 3585 quem
2915 3512 3225 3582 loquentem
3240 3509 3405 3580 paulo
3419 3506 3673 3578 superius
3690 3506 3772 3560 in-

2174 3603 2510 3658 troduximus
2528 3601 2886 3657 attendamus.
2900 3603 3040 3655 Nam
3070 3599 3313 3655 auditum
3335 3606 3418 3654 est
3434 3598 3504 3653 ab
3525 3595 3782 3651 Ecclesia

2174 3692 2301 3763 quia
2329 3691 2374 3746 is
2406 3691 2497 3763 qui
2554 3691 2829 3761 quondam
2880 3688 3314 3760 persequebatur
3357 3684 3778 3759 evangelizaret,

2173 3781 2309 3836 sicut
2330 3781 2590 3851 scriptum
2609 3781 2678 3835 de
2700 3795 2764 3834 eo
2795 3779 2900 3848 iam
2931 3777 3335 3850 evangelizante
3352 3784 3465 3831 est:
3494 3777 3630 3831 Cum
3662 3790 3778 3828 au-

2176 3874 2289 3926 tem
2307 3871 2553 3926 venisset
2569 3868 2905 3935 Jerusalem,
2924 3870 3019 3923 ten
3029 3866 3181 3921 tabat
3201 3872 3230 3932 ι
3245 3867 3334 3933 33
3345 3880 3402 3920 se
3405 3864 3647 3936 fungere
3663 3860 3779 3916 dis-

2172 3960 2399 4032 cipulis,
2421 3962 2479 4015 et
2498 3973 2690 4015 omnes
2706 3956 2982 4013 timebant
3005 3971 3155 4022 eum,
3190 3970 3305 4010 non
3324 3953 3621 4008 credentes
3642 3950 3782 4022 quia

2173 4052 2319 4105 esset
2335 4047 2806 4119 discipulus(Act.
2828 4060 2911 4113 1x,
2933 4046 3047 4114 26).
3073 4043 3210 4097 Hinc
3242 4043 3372 4096 item
3403 4040 3472 4094 ad
3504 4037 3778 4093 Ananiam

2173 4134 2497 4206 discipulum
2529 4134 2792 4189 Dominus
2814 4131 3065 4188 Damasci
3086 4145 3379 4203 apparens,
3403 4128 3502 4182 ait:
3523 4128 3779 4197 Surgens

2173 4225 2310 4281 vade
2339 4225 2400 4280 in
2434 4223 2620 4279 vicum
2641 4223 2736 4296 qui
2753 4225 2989 4279 vocatur
3010 4222 3235 4289 Rectus,
3253 4222 3309 4274 et
3326 4233 3510 4291 qurere
3536 4217 3598 4272 in
3614 4215 3781 4272 domo

2171 4313 2338 4370 Judre
2355 4314 2592 4371 Saulum
2609 4312 2839 4369 nomine
2859 4312 3205 4375 Tarsensem,
3224 4312 3281 4364 et
3298 4310 3522 4379 impone
3538 4306 3642 4360 sibi
3662 4321 3784 4360 ma-

2176 4419 2338 4471 num,
2355 4406 2420 4459 ut
2438 4403 2619 4458 visum
2632 4401 2871 4473 recipiat
2892 4398 3059 4467 (Ibid.
3075 4441 3090 4467 ,
3108 4402 3167 4453 11
3189 4403 3244 4454 et
3268 4397 3374 4467 12).
3395 4394 3499 4465 Qui
3522 4392 3785 4449 nimirum

2175 4491 2464 4549 confessim
2480 4491 2711 4547 Domino
2740 4488 3039 4561 respondit,
3067 4487 3288 4543 dicens:
3312 4485 3568 4551 Domine,
3582 4480 3785 4539 audivi

2177 4599 2212 4638 a
2227 4582 2429 4638 multis
2444 4584 2659 4652 quanta
2676 4580 2827 4636 mala
2855 4579 3071 4634 sanctis
3094 4579 3208 4632 tuis
3231 4575 3435 4646 fecerit
3462 4572 3521 4628 in
3539 4572 3784 4630 Jerusa-

2180 4671 2372 4737 lem,et
2391 4673 2733 4743 potestatem
2755 4668 2917 4723 habet
2939 4684 2971 4721 α
2982 4665 3338 4738 principibus
3352 4662 3785 4719 sacerdotuma-

2183 4759 2405 4831 ligandi
2420 4775 2617 4815 omnes
2631 4758 2725 4829 qui
2739 4757 3005 4813 invocant
3031 4770 3238 4811 nomen
3257 4757 3419 4809 tuum
3442 4749 3622 4821 (lbid.,
3639 4752 3703 4804 13
3723 4753 3788 4805 et

2179 4851 2290 4920 14).
2325 4849 2461 4904 Cum
2491 4862 2627 4919 ergo
2648 4846 2800 4900 illum
2823 4845 3032 4899 Judaeis
3047 4841 3399 4915 praedicabat,
3423 4855 3581 4910 quem
3603 4838 3782 4908 impu-

2175 4952 2349 5011 gnare
2369 4936 2533 4990 minis
2548 4935 2763 4991 solebat
2778 4942 2830 4990 et
2845 4932 3105 5001 caedibus,
3121 4930 3380 4986 nimirum
3400 4928 3468 4983 de
3483 4924 3673 5011 prndio
3687 4942 3783 4982 ve-

2175 5009 2376 5077 niebat.
2393 5020 2500 5076 Sed
2512 5021 2637 5073 dum
2652 5019 2699 5073 ei
2722 5017 3036 5089 praedicanti
3053 5012 3298 5087 discipuli
3319 5028 3509 5069 omnes
3520 5009 3783 5082 sejunge~

2175 5121 2237 5161 re
2254 5106 2523 5167 timerent,
2547 5103 2614 5158 de
2629 5103 2743 5159 acie
2759 5119 2883 5157 cum
2908 5100 3113 5174 fugisse
3132 5096 3466 5154 dubitabant.
3487 5096 3565 5150 De
3581 5093 3780 5164 praelia

2175 5189 2379 5260 quippe
2406 5187 2675 5254 veniebat,
2709 5204 2829 5242 cum
2860 5203 2892 5242 a
2919 5193 3150 5242 vocante
3197 5181 3428 5238 Domino
3465 5179 3521 5234 in
3569 5184 3777 5234 terram

2175 5281 2476 5344 prostratro
2488 5272 2689 5326 dictum
2706 5264 3470 5342 fuerat:Surge,etingredere
3482 5263 3781 5320 civitatem

2174 5361 2233 5413 et
2247 5356 2469 5414 dicetur
2500 5355 2745 5430 tibiquid
2768 5359 2822 5412 te
2852 5357 3106 5428 oporteat
3138 5354 3328 5424 facere
3345 5348 3522 5418 (lbid.,
3541 5348 3627 5418 '7).
3664 5346 3776 5403 Sed

2173 5440 2380 5515 fugisse
2411 5458 2533 5498 eum
2565 5442 2632 5496 de
2662 5438 2798 5507 acie,
2831 5437 3073 5494 Ananius
3111 5450 3222 5491 non
3251 5431 3498 5499 credidit,
3558 5430 3651 5503 qui
3711 5446 3778 5488 ea

2175 5528 2320 5584 mala
2351 5542 2470 5598 qua)
2500 5525 2704 5581 sanctis
2733 5524 2786 5579 in
2815 5522 3113 5579 Jerusalem
3146 5519 3363 5581 fecerat,
3382 5524 3433 5573 et
3452 5522 3778 5589 potestatem

2175 5628 2335 5689 quam
2370 5617 2680 5686 acceperat,
2710 5608 2940 5669 Domino
2989 5603 3323 5682 praecipienti
3351 5600 3643 5663 intimavit.
3704 5600 3780 5661 Ut
