4062 6182
300 259 382 312 169

1069 250 1144 309 ΙΝ
1181 247 1448 310 PRIMUM
1485 251 1731 310 REGUM
1767 245 2323 309 EXPOSITIONES.
2363 281 2433 294 —
2467 253 2595 310 LIB.
2637 250 2733 310 IIl.

3451 252 3552 315 1Ἳο

299 395 406 452 ergo
430 394 542 433 eum
569 377 776 434 venisse
805 376 874 434 de
901 377 1094 450 praelia
1123 387 1178 433 et
1205 376 1408 450 fugisse
1439 378 1508 433 de
1537 377 1656 432 acie
1683 393 1850 432 vera-
1876 381 1930 439 Α
2031 381 2116 432 21.
2152 377 2266 432 Hoc
2302 393 2534 448 namque
2579 377 2663 432 vir
2709 377 2920 449 fugiens
2950 377 3233 450 nuntiavit,
3265 381 3412 450 quod
3449 397 3554 436 ex-

298 469 405 524 citer
429 468 826 538 demonstraret,
849 468 1028 524 eidem
1048 467 1270 522 Ananiae
1295 466 1556 522 Dominus
1581 465 1851 536 principit,

299 558 481 612 dicens:
513 556 668 621 l’ade,
706 557 839 629 quia
870 573 966 612 vas
1009 555 1306 612 electionis
1335 559 1420 610 est
1449 555 1591 610 mihi
1629 553 1759 622 iste,
1789 558 1855 610 ut

295 649 660 719 portetnomen
696 661 890 700 meum
931 661 1122 701 coram
1163 644 1448 711 Gentibus,
1473 647 1530 699 et
1551 642 1771 713 regibus
1799 646 1860 698 et

295 736 407 803 ﬁliis
431 733 595 789 Israel
626 735 772 802 (Act.
806 750 889 803 Ix,
924 737 1031 803 13).
1074 733 1141 788 Et
1170 735 1487 800 notandum,
1520 731 1646 802 quia
1674 746 1740 786 eo
1769 731 1858 786 die

299 838 386 894 quo
410 822 515 876 bzec
543 821 849 890 nuntiabat,
874 837 931 877 se
961 821 1174 876 venisse
1196 821 1264 875 de
1284 819 1476 890 praelio
1497 829 1550 874 et
1570 819 1770 892 fugisse
1793 819 1861 874 de

293 913 388 966 acie
406 909 686 964 asserebat.
711 911 774 964 In
795 909 884 965 die
907 910 1108 980 quippe
1132 909 1345 980 fugiunt
1370 923 1383 963 :
1408 907 1553 979 quia,
1577 915 1862 962 attestante

294 1000 521 1054 Veritate:
546 999 654 1065 Qui
673 999 734 1053 in
759 999 1004 1054 tenebris
1023 1005 1130 1066 est,
1153 997 1336 1053 nescit
1357 1013 1464 1068 quo
1488 995 1657 1051 vadat
1671 996 1832 1066 (Joan
1847 1035 1859 1048 .

294 1104 380 1155 xu,
409 1090 512 1154 35).
535 1086 674 1140 Hinc
704 1087 869 1141 etiam
898 1086 1154 1156 scriptum
1187 1093 1306 1140 est:
1334 1085 1437 1152 Qui
1465 1084 1778 1152 dormiunt,
1801 1083 1865 1138 in

292 1180 430 1232 nocte
457 1175 792 1243 dormiunt;
825 1177 884 1230 et
916 1177 1013 1244 qui
1041 1173 1184 1230 ebrii
1213 1178 1370 1241 sunt,
1409 1174 1471 1229 in
1515 1176 1678 1229 nocte
1727 1172 1869 1227 ebrii

289 1269 407 1322 sunt
424 1265 470 1335 (I
492 1265 678 1320 Thess.
699 1279 757 1331 v,
775 1263 852 1334 7).
875 1263 940 1317 Et
971 1263 1097 1332 quia
1117 1262 1170 1316 in
1193 1261 1446 1331 exemplo
1467 1260 1608 1316 beati
1631 1259 1866 1330 apostoli

289 1353 439 1420 Pauli,
461 1351 632 1406 virum
668 1351 735 1406 de
766 1351 882 1408 acie
907 1351 1200 1423 fugientem
1228 1350 1413 1405 videre
1441 1349 1730 1419 culpimus;
1763 1347 1868 1402 hoc

288 1443 412 1514 quod
437 1441 490 1496 in
517 1441 605 1496 die
639 1440 818 1514 fugiat
839 1440 1201 1495 attendamus.
1223 1439 1364 1492 Nam
1385 1453 1489 1492 nox
1514 1445 1630 1492 erat
1651 1434 1867 1506 quando

291 1531 442 1586 aciem
469 1538 658 1586 contra
680 1537 924 1584 sanctam
948 1527 1245 1583 Ecclesiam
1269 1524 1630 1590 construebat,
1653 1521 1870 1594 quando

289 1619 494 1691 acceptis
517 1617 769 1688 epistolis
790 1633 822 1671 a
841 1615 1177 1687 principibus
1195 1613 1538 1670 sacerdotum
1559 1612 1629 1667 ad
1649 1612 1873 1666 Damas-

291 1725 414 1776 cum,
442 1707 713 1761 minarum
742 1713 796 1760 et
825 1705 992 1759 caedis
1039 1702 1252 1774 Spirans
1279 1701 1334 1756 in
1365 1700 1678 1770 discipulos,
1713 1698 1870 1754 festi-

293 1796 432 1850 nabat
453 1797 604 1859 (Act'.
632 1809 707 1860 Ix,
731 1797 781 1860 1,
805 1793 877 1860 2).
907 1791 1015 1847 Sed
1045 1791 1132 1860 qui
1163 1791 1218 1844 in
1239 1797 1394 1844 nocte.
1415 1787 1619 1843 bellum
1640 1786 1873 1858 paravit,

297 1885 340 1938 in
366 1885 444 1939 die
475 1883 620 1954 fugit
653 1901 665 1936 :
701 1881 824 1952 quia
856 1881 911 1934 in
940 1881 1128 1934 itinere
1157 1879 1250 1932 lux
1281 1878 1348 1932 de
1378 1876 1518 1932 cmlo
1547 1891 1670 1930 eum
1699 1873 1878 1930 subito

293 1971 650 2038 circumfulsit,
667 1969 720 2024 in
739 1978 1042 2038 terramque
1063 1965 1371 2038 prostravit,
1396 1963 1652 2020 ineffabili
1675 1977 1880 2032 pavore

295 2061 485 2128 terruit,
516 2069 580 2114 ut
613 2057 865 2113 tenebras
913 2055 1163 2110 immensi
1212 2053 1408 2109 erroris
1454 2057 1790 2124 agnosceret,
1829 2057 1883 2104 et

292 2165 377 2219 pro
402 2165 462 2204 ea
490 2164 666 2220 quam
698 2145 1048 2218 expugnabat
1078 2151 1233 2198 nocte
1263 2141 1506 2197 Ecclesia
1551 2140 1608 2194 in
1655 2138 1761 2194 diei
1791 2138 1882 2192 lu-

293 2238 415 2292 mine
443 2237 754 2292 dimicaret.
779 2234 839 2288 ln
870 2233 960 2287 die
991 2232 1155 2303 igitur
1182 2230 1341 2303 fugit,
1366 2244 1523 2300 quem
1553 2235 1612 2282 ut
1639 2225 1882 2298 perﬁdiae

289 2334 476 2379 noctem
507 2324 812 2390 desereret,
847 2321 915 2376 de
945 2320 1082 2374 ccelo
1109 2327 1322 2374 ostensa
1357 2315 1733 2386 Redemptoris
1763 2315 1883 2370 cla-

288 2413 402 2467 ritas
419 2409 806 2468 circurnfulsit.
831 2407 976 2478 Quid
1005 2415 1085 2462 est
1115 2421 1246 2476 ergo
1277 2405 1424 2476 quod
1454 2420 1518 2460 eo
1551 2404 1640 2458 die
1661 2419 1718 2457 se
1751 2401 1887 2457 fate-

293 2510 368 2556 tur
390 2501 570 2556 venire
611 2500 680 2553 de
709 2498 902 2568 praelio
943 2512 1047 2566 quo
1098 2495 1166 2550 de
1214 2494 1330 2549 acie
1379 2492 1599 2564 fugerit,
1631 2490 1730 2544 nisi
1762 2490 1888 2559 quia

287 2599 429 2644 rectae
482 2586 903 2660 praedicationis
958 2583 1183 2638 intentio
1241 2580 1594 2653 designatur?
1651 2579 1888 2648 Quidam

288 2693 504 2748 namque
546 2691 623 2732 eo
667 2675 756 2729 die
789 2674 854 2728 de
885 2673 1000 2727 acie
1043 2671 1274 2743 fugiunt,
1307 2670 1403 2724 sed
1435 2669 1541 2723 alio
1573 2667 1792 2722 veniunt
1821 2666 1890 2720 de

289 2766 460 2838 praelia
495 2779 508 2820 :
542 2763 680 2836 quia
721 2776 932 2816 errores
980 2759 1236 2830 pristinos
1283 2773 1469 2812 amore
1517 2765 1734 2812 aeternae
1763 2755 1890 2808 vita:

291 2855 682 2924 derelinquunt,
709 2851 823 2918 sed,
851 2865 973 2904 cum
1005 2848 1074 2903 ad
1101 2845 1505 2918 prmdicationis
1532 2843 1891 2898 ministerium

289 2953 646 3002 assumuntur,
701 2939 769 2994 de
817 2953 914 2992 sua
959 2935 1361 3007 praedicationis
1392 2932 1645 2987 facundia
1675 2940 1891 3000 tempo-

294 3033 418 3086 rales
447 3028 838 3086 retributiones
865 3031 1144 3095 appetunt.
1177 3021 1296 3077 Alio
1326 3021 1492 3094 igitur
1520 3020 1606 3074 die
1637 3035 1796 3090 quam
1827 3033 1893 3073 eo

1957 465 2219 536 perientia
2248 465 2452 520 didicit.
2487 463 2627 534 Quid
2659 474 2738 520 est
2767 466 2933 538 igitur
2960 467 3106 537 quod
3136 468 3340 540 fugisse
3371 469 3552 523 Israe-

1959 554 2068 608 lem
2098 553 2306 620 asserit,
2339 553 2438 608 nisi
2471 554 2597 626 quia
2627 563 2933 610 constanter
2960 553 3189 610 affirmat
3219 557 3386 626 quod,
3419 558 3552 612 dum

1959 641 2213 697 Iudaicus
2241 643 2476 713 populus
2521 643 2679 712 Legis
2735 659 2948 697 sensum
3005 645 3290 698 carnaliter
3342 645 3554 712 retinet,

1962 730 2298 801 spiritalibus
2327 740 2528 785 sanctze
2548 731 2810 786 Ecclesiae
2833 731 3147 788 doctoribus
3171 733 3424 788 resistere
3452 733 3562 788 dis-

1962 820 2203 890 putando
2235 835 2342 874 non
2370 820 2589 889 potest?
2619 821 2687 874 Et
2715 819 2843 890 quid
2875 829 2956 875 est
2985 821 3129 890 quod
3161 837 3416 892 magnam
3446 821 3558 876 rui-

1965 923 2090 962 nam
2123 909 2320 962 factam
2352 908 2512 963 fuisse
2543 908 2597 962 in
2623 909 2828 978 populo
2857 909 3142 978 praedicat,
3165 909 3266 963 nisi
3297 909 3423 979 quia
3451 925 3568 964 om-

1967 1012 2062 1051 nes
2092 997 2180 1067 qui
2213 997 2281 1051 de
2309 996 2536 1051 Judaico
2563 997 2768 1067 populo
2798 997 3025 1051 verbum
3079 995 3206 1052 ﬁdei
3255 998 3567 1069 repulerunt

1969 1093 2171 1139 aeterna
2214 1093 2385 1140 morte
2430 1084 2658 1155 periisse
2703 1084 3024 1140 conﬁrmat?
3055 1085 3121 1140 Et
3150 1085 3279 1156 quid
3309 1091 3387 1140 est
3417 1085 3564 1156 quod

1972 1173 2080 1228 duo
2110 1173 2227 1227 Heli
2267 1171 2361 1227 ﬁlii
2399 1173 2593 1228 mortui
2642 1173 2966 1240 referuntur,
3017 1173 3119 1228 nisi
3167 1172 3298 1244 quia
3344 1179 3569 1243 uterque

1972 1261 2107 1316 ordo
2132 1262 2327 1316 veteris
2347 1262 2635 1317 sacerdotii
2653 1261 2920 1317 defecisse
2934 1261 3194 1316 asseritur
3215 1262 3242 1314 ?
3267 1262 3330 1316 Et
3349 1261 3477 1334 quid
3493 1269 3578 1318 est

1969 1350 2116 1420 quod
2145 1367 2324 1404 arcam
2358 1351 2454 1405 Dci
2483 1358 2700 1420 captam
2733 1351 2896 1406 fuisse
2918 1349 3066 1418 dicit,
3091 1350 3190 1404 nisi
3223 1349 3352 1420 quia
3381 1349 3568 1421 cogni-

1974 1437 2173 1494 tionem
2205 1438 2512 1493 divinorum
2537 1447 2993 1494 sacramentorum
3025 1454 3056 1492 a
3083 1438 3290 1493 Judaeis
3309 1437 3570 1505 ablatam,

1975 1535 2134 1596 atque
2163 1543 2196 1581 a
2225 1526 2488 1582 Gentibus
2509 1525 2741 1582 ﬁdeliter
2767 1527 3168 1597 apprehensum
3189 1525 3418 1580 asserit?
3449 1524 3576 1596 quia

1978 1631 2011 1670 a
2041 1614 2304 1670 Gentibus
2326 1615 2461 1684 jam,
2491 1615 2589 1670 Dei
2619 1615 2795 1687 gratia
2822 1621 3068 1683 vocante,
3101 1614 3354 1671 ﬁdelibus
3392 1613 3578 1668 divina

1899 1729 1955 1790 Β
1983 1702 2235 1774 mysteria
2263 1710 2689 1775 cognoscuntur.
2727 1703 2982 1774 Sequitur
3015 1718 3028 1759 :

2053 1792 2227 1862 (Vers.
2262 1792 2372 1861 18.)
2406 1793 2650 1864 Cumque
2681 1792 2782 1848 ille
2831 1793 3186 1848 nominasset
3215 1807 3408 1850 arcam
3451 1790 3576 1856 Dei,

1983 1880 2191 1936 cecidit
2224 1881 2347 1936 Heli
2375 1881 2441 1936 de
2470 1881 2612 1936 sella
2666 1883 2982 1937 retrorsum
3027 1880 3198 1948 iuxta
3255 1883 3490 1946 ostium,
3523 1883 3582 1936 et

1985 1970 2187 2040 fractis
2216 1968 2544 2034 cervicibus,
2577 1971 2836 2024 mortuus
2859 1971 2969 2024 est.

2059 2059 2146 2110 22.
2177 2054 2319 2124 Quid
2364 2064 2448 2110 est
2493 2056 2639 2127 quod
2669 2055 2808 2123 Heli,
2841 2055 3024 2110 audita
3054 2055 3267 2112 Israelis
3310 2057 3459 2130 fuga,
3492 2073 3586 2112 re-

1987 2145 2097 2199 lata
2123 2145 2224 2199 sibi
2256 2144 2410 2198 ruina
2441 2143 2646 2215 populi,
2696 2144 2944 2198 intimate
2991 2143 3222 2200 ﬁliorum
3273 2154 3464 2212 morte,
3515 2145 3586 2199 de

1988 2233 2124 2289 sella
2151 2248 2492 2303 nequaquam
2523 2232 2666 2287 cadit
2697 2248 2710 2288 :
2745 2232 2964 2304 cognita
2993 2240 3171 2286 autem
3203 2249 3343 2287 arere
3373 2233 3586 2302 captio-

1991 2337 2077 2388 ne,
2111 2329 2163 2376 et
2193 2321 2261 2376 de
2291 2321 2426 2376 sella
2455 2321 2622 2384 cadit,
2653 2328 2704 2375 et
2732 2320 2899 2374 vitam
2947 2320 3174 2390 perdit?
3221 2321 3329 2375 Sed
3377 2321 3502 2392 quia
3533 2320 3588 2375 in

1947 2462 1953 2466 ,
1991 2409 2108 2464 Ileli
2149 2409 2418 2480 sapientes
2462 2409 2774 2464 Iudaeorum
2823 2416 2876 2462 et
2921 2407 3264 2478 legisperitos
3313 2408 3589 2480 designari

1994 2499 2250 2560 diximus.
2281 2497 2465 2552 audita
2513 2497 2726 2552 lsraelis
2766 2495 2916 2569 fuga,
2949 2496 3016 2551 de
3046 2493 3180 2550 sella
3209 2512 3316 2552 non
3345 2497 3539 2551 cecidit
3570 2515 3584 2550 :

1995 2587 2140 2657 quia,
2174 2586 2317 2656 quod
2348 2585 2624 2656 simplices
2649 2585 2957 2656 Synagoga}
2987 2582 3080 2638 ﬁlii
3106 2600 3138 2638 a
3165 2593 3364 2640 sancta:
3393 2583 3593 2640 Eccle-

1995 2674 2093 2729 sia:
2125 2673 2437 2729 doctoribus
2468 2674 2522 2727 in
2549 2672 2935 2744 praedicatione
2960 2680 3297 2742 superentur,
3326 2689 3426 2742 pro
3455 2688 3592 2744 par-

1995 2779 2064 2817 vo
2095 2763 2261 2818 ducit.
2293 2763 2415 2817 Non
2457 2761 2601 2816 cadit
2646 2761 2815 2816 relata
2843 2760 2946 2814 sibi
2975 2761 3128 2815 ruina
3177 2759 3360 2831 papuli
3396 2778 3408 2814 :
3443 2761 3591 2832 quia,

1999 2853 2128 2907 dum
2157 2850 2332 2921 perire
2370 2849 2521 2904 audit
2564 2864 2659 2904 eos
2706 2847 2796 2919 qui
2846 2847 2900 2901 in
2943 2848 3225 2903 Judaismo
3269 2848 3590 2916 moriuntur,

1998 2954 2338 3011 nequaquam
2395 2937 2736 3008 expavescit.
2802 2935 3052 2990 lnlimata
3117 2934 3349 2992 ﬁliorum
3423 2945 3598 2992 morte

2001 3045 2107 3084 non
2138 3027 2282 3082 cadit
2315 3043 2327 3080 :
2361 3025 2506 3097 quia,
2539 3033 2591 3080 et
2621 3023 2840 3096 objecta
2867 3023 2969 3079 sibi
3000 3023 3286 3080 sacerdotii
3320 3024 3598 3095 utriusque

295 3135 388 3190 quo
419 3119 680 3192 fugerant
710 3114 934 3170 veniunt
965 3129 977 3166 :
1012 3111 1136 3182 quia
1165 3110 1416 3164 nimirum
1447 3107 1578 3162 recti
1605 3115 1727 3161 sunt
1756 3122 1892 3161 con-
1921 3079 1972 3142 Ο
1998 3115 2314 3179 cessatione,
2347 3113 2625 3186 superbire
2672 3128 2780 3168 non
2826 3111 3042 3167 desinit.
3084 3111 3237 3167 Illata
3285 3121 3463 3168 autem
3495 3113 3597 3168 sibi

287 3207 622 3270 versatione,
677 3203 775 3258 sed
826 3198 1225 3272 praedicationis
1281 3197 1572 3251 intentione
1630 3193 1890 3265 perversi.

290 3295 462 3350 Sancti
490 3309 635 3366 ergo
666 3289 1075 3362 praedicatores,
1099 3287 1186 3357 qui
1210 3302 1310 3356 per
1327 3283 1706 3354 Redemptoris
1726 3280 1895 3337 nostri

291 3385 510 3458 gratiam
544 3382 625 3438 de
653 3376 1067 3435 circumcisione
1095 3375 1460 3438 crediderunt,
1491 3387 1599 3427 non
1628 3371 1735 3426 alio
1785 3370 1893 3439 die,

295 3472 382 3526 sed
408 3488 474 3528 eo
503 3485 623 3541 (rso
648 3468 716 3523 de
737 3468 856 3523 acie
878 3466 1130 3537 fugerant
1149 3463 1217 3517 de
1237 3461 1429 3533 prmlio
1451 3467 1706 3515 venerunt
1733 3476 1744 3512 :
1771 3457 1898 3528 quia

289 3560 526 3630 profecto
561 3565 861 3625 utrumque
892 3554 1094 3608 donum
1135 3550 1190 3604 in
1231 3549 1452 3622 superni
1482 3547 1682 3604 amoris
1709 3547 1898 3617 splen-

295 3649 416 3703 dore
445 3644 736 3702 consecuti
765 3650 910 3707 sunt,
944 3641 1226 3696 veritatem
1276 3637 1485 3692 scilicet
1529 3633 1900 3692 conversatio-

298 3735 393 3802 nis,
425 3752 552 3790 cum
587 3729 986 3804 praedicatione
1015 3726 1189 3782 verbi.
1227 3726 1296 3780 Et
1325 3725 1450 3795 quia
1477 3723 1757 3779 Iudaicum
1788 3737 1901 3776 ma-

299 3824 594 3895 gisterium,
623 3819 727 3875 etsi
757 3834 865 3873 non
893 3815 1188 3871 intentione
1217 3813 1610 3886 cognoscendae
1639 3810 1902 3878 veritatis,

295 3911 624 3968 curiositatis
657 3915 837 3962 tamen
866 3902 1227 3959 sollicitudine
1274 3909 1580 3956 sanctorum
1625 3898 1901 3970 praedica-

298 4009 464 4056 torum
494 3995 835 4054 assertiones
861 3992 1048 4046 audire
1075 3989 1264 4056 voluit,
1296 3989 1535 4059 sequitur
1565 4006 1577 4042 :

358 4088 538 4160 (Vers.
578 4085 700 4155 16.)
725 4083 828 4139 Cui
844 4081 944 4138 itte
968 4081 1053 4136 att
1070 4097 1088 4133 :
1108 4077 1256 4143 Quid
1281 4080 1475 4134 actum
1499 4081 1602 4143 est,
1617 4075 1706 4146 ﬁli
1717 4077 1801 4132 mi
1811 4080 1834 4133 ?

359 4181 448 4232 20.
481 4175 604 4233 Sub
639 4172 801 4228 unius
831 4168 1033 4240 quippe
1061 4165 1420 4236 descriptione
1448 4164 1698 4220 omnibus
1735 4165 1907 4236 loqui-

306 4267 408 4332 tur,
439 4265 572 4335 quia
604 4259 786 4334 gentis
830 4273 945 4312 suae
991 4255 1238 4310 homines
1265 4253 1416 4322 vidit,
1449 4268 1583 4322 quos
1618 4251 1908 4323 aliquando

307 4353 551 4408 doctrina
583 4347 751 4420 Legis
777 4344 1050 4400 instruxit.
1087 4342 1186 4398 Vel
1218 4341 1446 4396 fortasse
1475 4337 1646 4394 ﬁlium
1675 4339 1908 4408 vocavit,

2001 3221 2141 3261 arcte
2170 3203 2420 3274 captione
2446 3201 2626 3257 cadit:
2652 3200 2797 3272 quia,
2831 3200 2960 3255 dum
2991 3209 3332 3256 sacramenta
3361 3201 3600 3272 Scriptu-

2001 3311 2076 3349 ra:
2105 3309 2216 3348 sua:
2245 3290 2516 3362 profunde
2543 3297 2595 3345 et
2623 3289 2976 3360 spiritualiter
3011 3288 3132 3343 sciri
3175 3305 3209 3342 a
3254 3297 3454 3344 sanctae
3484 3289 3598 3346 Ec-

2001 3380 2188 3438 clesize
2219 3377 2663 3452 praedicatoribus
2692 3386 2744 3432 et
2773 3377 3025 3432 ﬁdelibus
3054 3377 3222 3444 videt,
3247 3376 3314 3431 de
3343 3392 3407 3432 ea
3436 3394 3601 3448 quam

2003 3469 2290 3526 carnaliter
2317 3475 2519 3523 tantum
2551 3465 2829 3539 intelligit,
2869 3465 3005 3520 sacri
3053 3464 3254 3536 eloquii
3301 3465 3603 3521 eruditione

2005 3557 2285 3628 superbire
2314 3572 2420 3611 non
2451 3555 2632 3610 audet.
2664 3555 2744 3610 De
2774 3553 2910 3610 sella
2941 3553 3104 3626 igitur
3132 3553 3296 3621 cadit,
3323 3554 3466 3624 quia,
3490 3553 3601 3624 spi-

2006 3647 2148 3703 ritali
2176 3645 2415 3718 cognito,
2448 3643 2728 3715 superbire
2776 3642 2845 3698 de
2894 3641 3094 3697 carnali
3142 3641 3454 3714 magisterio
3493 3657 3603 3697 non

2006 3733 2301 3806 praesumit.
2333 3731 2462 3800 Sed,
2493 3732 2621 3803 quia
2650 3747 2780 3787 vera
2807 3730 3100 3801 praedicari
3126 3730 3428 3785 sublimiter
3453 3730 3605 3786 audit

2007 3832 2058 3878 et
2087 3837 2428 3892 nequaquam
2459 3819 2646 3886 credit,
2680 3820 2810 3873 dum
2839 3819 3186 3874 confunditur
3213 3825 3266 3873 et
3294 3835 3400 3874 non
3429 3819 3604 3874 salva-

2009 3920 2114 3979 tur,
2145 3909 2288 3965 cadit
2310 3917 2362 3964 et
2391 3907 2634 3963 moritur.
2659 3906 2813 3977 Capit
2842 3907 3046 3979 quippe
3075 3907 3144 3962 de
3172 3907 3324 3974 sella,
3355 3907 3482 3978 quia
3511 3923 3605 3963 ex-

2011 3998 2125 4054 tolli
2155 3996 2348 4053 desinit
2379 3996 2448 4051 de
2479 3994 2740 4051 doctrina.
2766 3995 2874 4050 Sed
2905 3995 3106 4049 cadens
3137 3993 3380 4062 moritur,
3412 3995 3537 4066 quia
3558 3996 3604 4050 si

2011 4087 2218 4143 ratione
2265 4084 2516 4152 vincitur,
2564 4083 2811 4154 ejusdem
2871 4090 3051 4136 tamen
3105 4081 3324 4136 rationis
3373 4082 3602 4154 judicio,

2012 4174 2298 4248 pervenire
2321 4173 2392 4228 ad
2421 4179 2622 4227 aeterna
2649 4171 2850 4243 gaudia
2879 4186 2986 4225 non
3015 4177 3266 4226 meretur.

2087 4267 2176 4320 23.
2207 4261 2327 4334 Qua
2353 4262 2407 4316 in
2437 4275 2498 4316 re
2525 4260 2820 4316 notandum
2851 4262 2950 4326 est,
2983 4257 3108 4330 quia
3135 4257 3226 4329 qui
3255 4257 3454 4315 cadens
3481 4274 3606 4316 mo-

2017 4353 2168 4422 ritur,
2195 4353 2352 4423 juxta
2379 4348 2572 4406 ostium
2603 4347 2773 4404 cadit.
2803 4344 2967 4415 .Quid
2996 4354 3076 4402 est
3105 4347 3249 4402 enim
3289 4347 3433 4418 quod
3463 4347 3611 4405 cadit

299 4457 402 4495 non
428 4439 636 4494 affectu
659 4434 879 4501 amoris,
903 4431 1000 4486 sed
1029 4429 1339 4486 adulatione
1360 4427 1668 4484 calliditatis
1700 4445 1711 4482 :
1745 4429 1904 4496 134

2010 4443 2167 4512 juxta
2195 4440 2410 4506 ostium,
2442 4435 2543 4492 nisi
2571 4436 2716 4508 quia,
2751 4435 2878 4489 dum
2923 4451 3101 4491 cmcus
3148 4447 3306 4505 errat,
3356 4436 3614 4509 impingit

298 4536 354 4582 ut
378 4543 443 4582 eo
472 4527 632 4580 hunc
663 4520 874 4578 facilius
903 4534 1002 4589 per
1029 4516 1405 4586 deceptionem
1436 4523 1674 4585 caperet,
1706 4531 1812 4586 quo
1849 4531 1910 4570 se

306 4631 424 4670 eum
452 4621 695 4684 paterno
725 4607 919 4663 atl'ectu
951 4605 1178 4676 diligere
1206 4603 1622 4658 demonstraret.
1645 4603 1783 4658 Eum
1815 4603 1911 4658 ita-

301 4720 398 4774 que
426 4700 612 4756 ﬁlium
645 4703 825 4762 vocat,
859 4711 890 4750 a
912 4709 1019 4764 quo
1067 4691 1198 4762 quid
1245 4697 1423 4746 actum
1453 4690 1614 4745 fuerit
1642 4691 1778 4746 scire
1807 4708 1911 4762 ap-

301 4793 431 4861 petit
463 4807 478 4844 :
503 4797 566 4843 ut
596 4786 848 4858 profecto
879 4783 990 4849 ille,
1013 4797 1112 4851 pro
1143 4779 1390 4850 impenso
1419 4781 1623 4835 honore
1652 4780 1914 4836 adulatio-

302 4879 400 4947 nis,
430 4878 645 4933 seriem
675 4877 1007 4944 perverteret
1034 4867 1292 4924 veritatis.
1325 4867 1510 4922 Honor
1537 4867 1702 4938 igitur
1729 4868 1915 4938 appel-

303 4965 520 5022 lationis
573 4977 688 5018 non
737 4960 810 5016 ad
855 4972 1099 5014 amorem
1137 4955 1382 5022 refertur,
1414 4955 1512 5009 sed
1541 4955 1612 5010 ad
1641 4955 1914 5010 callidita-

307 5061 432 5110 tem.
462 5051 587 5108 Sed
640 5049 730 5120 qui
776 5047 1021 5118 praalatae
1048 5043 1226 5100 laudis
1254 5041 1498 5098 favorem
1527 5043 1748 5114 respuit,
1779 5059 1916 5100 con-

307 5150 515 5198 stanter
541 5155 682 5197 vera
710 5135 988 5208 patefecit.
1019 5133 1175 5190 Unde
1205 5139 1256 5187 et
1283 5130 1528 5185 subditur
1556 5147 1568 5186 :

370 5247 558 5320 (Vers.
587 5246 704 5313 i7.)
727 5237 1082 5316 Respondens
1111 5242 1304 5294 autem
1321 5237 1416 5308 qui
1433 5237 1747 5294 nuntiabat
1767 5257 1786 5294 :
1804 5241 1916 5295 Fu-

307 5338 406 5407 git,
428 5335 654 5408 inquit,
668 5330 854 5388 Israel
864 5345 1054 5386 coram
1068 5325 1508 5391 Philisthiim,et
1523 5327 1694 5382 ruina
1710 5344 1921 5398 magna

310 5427 466 5496 facta
497 5426 593 5480 est
629 5423 686 5476 in
712 5419 942 5492 populo,
975 5417 1208 5488 Insuper
1237 5418 1294 5471 et
1317 5413 1426 5470 duo
1455 5415 1564 5482 ﬁlii
1593 5418 1682 5472 tui
1707 5417 1922 5474 mortui

312 5517 474 5583 sunt,
504 5509 700 5584 Opimi
730 5512 784 5564 et
817 5508 1078 5564 Phineas.
1113 5505 1181 5560 Et
1214 5519 1350 5560 arca
1378 5503 1479 5560 Dei
1507 5509 1678 5579 capta
1706 5509 1811 5564 est.

612 5609 851 5664 Paraoc.
889 5604 1138 5662 LXXIX.

2017 4529 2074 4584 in
2101 4529 2517 4598 Redemptorcm
2535 4525 2564 4576 ?
2591 4522 2694 4593 Qui
2716 4523 2967 4578 nimirum
2989 4523 3058 4579 de
3079 4524 3368 4595 semetipso
3397 4525 3610 4596 asserit,

2022 4617 2206 4672 dicens
2229 4634 2241 4670 :
2269 4615 2374 4683 Qui
2399 4613 2667 4670 ceciderit
2683 4628 2856 4686 super
2877 4612 3119 4684 lapidem
3137 4615 3335 4681 istum,
3353 4615 3615 4686 con/rin-

2019 4710 2219 4778 getur;
2265 4718 2434 4777 super
2481 4717 2644 4774 quem
2683 4716 2809 4756 vero
2849 4701 3142 4769 ceciderit,
3189 4706 3444 4758 conteret
3482 4719 3616 4759 eum

2019 4791 2251 4864 (Matth.
2269 4807 2384 4856 XXI,
2411 4791 2522 4862 44).
2555 4791 2678 4860 Ipse
2709 4803 2922 4860 quoque
2952 4789 3022 4844 de
3045 4789 3334 4862 semetipso
3363 4790 3436 4845 ait
3465 4807 3478 4844 :
3507 4793 3614 4862 Ego

2019 4898 2144 4939 sum
2167 4881 2408 4948 ostium;
2433 4893 2536 4951 per
2556 4893 2644 4934 me
2657 4878 2710 4932 si
2729 4877 2861 4948 quis
2881 4877 3196 4944 introierit,
3213 4879 3528 4935 salvabitur
3556 4883 3615 4934 et

2020 4969 2356 5044 egredietur,
2379 4971 2434 5023 et
2453 4966 2824 5038 regredietur,
2847 4972 2904 5020 et
2923 4982 3134 5038 pascua
3157 4967 3410 5022 inveniet
3424 4964 3616 5034 (Joan.

2021 5078 2082 5128 κ,
2101 5062 2174 5130 9).
2189 5059 2348 5113 Juxta
2369 5056 2563 5111 ostium
2585 5070 2716 5126 ergo
2729 5060 2971 5109 mortuus
2995 5054 3222 5117 estHeli,
3241 5052 3366 5123 quia
3383 5053 3618 5122 Sinago-

2022 5165 2110 5221 ga:
2141 5144 2511 5217 magisterium
2537 5142 2736 5198 idcirco
2761 5149 2794 5208 1
2810 5146 2855 5209 3
2870 5145 2917 5210 5
2935 5141 3112 5212 periit,
3131 5141 3257 5210 quia
3270 5140 3322 5193 in
3340 5138 3618 5210 Redemp-

2025 5245 2194 5292 torem
2207 5232 2448 5290 offendit.
2462 5231 2544 5286 Ibi
2561 5231 2704 5286 enim
2721 5229 2932 5295 cecidit,
2948 5229 3038 5282 ubi
3061 5227 3304 5299 deliquit.
3323 5227 3425 5297 Qui
3449 5227 3619 5283 etiam

2025 5325 2246 5392 cadens,
2262 5322 2502 5380 cervices
2518 5319 2695 5390 fregit.
2711 5319 2768 5372 In
2783 5317 2991 5372 cervice
3009 5325 3185 5370 tumor
3199 5317 3514 5387 temporalis
3524 5334 3622 5388 po-

2027 5413 2204 5469 lentiae
2215 5411 2559 5483 designatur.
2576 5407 2767 5462 Fracta
2778 5419 2910 5476 ergo
2923 5403 3132 5459 cervice
3147 5405 3388 5474 moritur,
3405 5407 3496 5480 qui
3511 5397 3642 5478 per:

2026 5501 2170 5558 tidiae
2181 5493 2773 5575 magnitudine,amissa
2783 5492 2931 5567 regni
2945 5492 3628 5566 potentia,condemnatur.

3315 5596 3346 5654 6
3419 5603 3423 5607 .
