4062 6182
485 334 580 389 171

1702 325 1952 384 SANCTI
1985 325 2326 383 GREGORII
2359 325 2582 382 MAGNI

3678 331 3787 383 172

549 455 636 509 24.
666 453 844 508 Potest
873 465 1088 522 quoque
1117 465 1216 524 per
1245 449 1442 506 ostium
1459 461 1632 504 sacrae
1659 448 1952 521 Scripturae
1981 449 2075 505 lit-
2105 448 2164 514 Α
2196 457 2302 506 tem
2335 449 2499 521 quod,
2533 447 2714 505 audita
2742 463 2882 504 arcze
2911 447 3166 519 captione
3196 453 3249 504 et
3279 447 3455 504 soceri
3502 457 3663 519 atque
3692 448 3789 504 viri

466 540 592 598 tera
623 539 916 612 designari.
939 539 1079 594 Nam
1109 536 1256 593 velut
1283 552 1382 610 per
1404 538 1600 592 ostium
1631 536 1698 594 ad
1735 539 1922 593 aeterni
1953 545 2084 594 tem-

478 630 554 702 pli
587 628 716 684 atria
748 627 1014 694 ducimur,
1046 624 1174 680 dum
1205 643 1305 700 per
1333 625 1475 682 sacri
1506 625 1705 697 eloquii
1733 625 1968 681 litteram
2017 625 2086 681 ad

485 717 836 791 allegoricam
885 723 939 770 et
984 713 1324 786 spiritualem
1374 714 1788 786 intelligentiam
1819 713 2085 770 subleva-

486 821 625 862 mur.
662 807 810 860 [ntus
840 816 1057 876 quoque
1089 817 1182 858 rex
1213 803 1451 858 cernitur
1474 821 1485 856 :
1510 803 1636 874 quia
1667 802 1970 874 promissus
1992 802 2088 858 Re-

483 895 737 964 demptor
765 891 988 948 humani
1017 891 1240 963 generis
1271 889 1326 945 in
1361 889 1625 962 spirituali
1655 907 1825 947 sacrae
1855 891 2088 963 Scriptu-

485 999 559 1040 rae
590 980 946 1052 intelligentia
975 978 1272 1035 invenitur.
1317 978 1438 1034 Heli
1492 993 1626 1052 ergo
1677 979 1837 1050 juxta
1879 980 2087 1036 ostium

489 1075 746 1128 mortuus
774 1067 970 1125 cecidit
998 1087 1010 1123 :
1040 1066 1162 1138 quia
1189 1067 1435 1138 profecto
1465 1067 1774 1139 Synagogae
1819 1068 2087 1140 magiste-

487 1161 628 1216 rium
658 1156 862 1214 idcirco
893 1157 1109 1224 interiit,
1141 1155 1264 1227 quia
1293 1171 1396 1227 per
1425 1155 1722 1228 spiritalem
1753 1155 2086 1228 Scripturam

486 1261 609 1306 eum
660 1245 750 1317 qui
779 1245 834 1302 in
863 1244 1050 1316 spiritu
1101 1244 1404 1316 promissus
1452 1245 1626 1300 fuerat
1669 1245 2088 1316 Redemptorem

488 1335 710 1406 humani
761 1333 1019 1406 generis,
1078 1347 1185 1388 non
1245 1332 1575 1404 Spiritaliter,
1633 1332 1729 1388 sed
1779 1331 2086 1400 carnaliter,

487 1403 791 1497 quaesivit.—
818 1423 981 1477 Juxta
1033 1421 1231 1476 ostium
1262 1403 1494 1492 namque
1537 1428 1778 1476 mortuus
1806 1428 1884 1476 est
1917 1440 1929 1476 :
1963 1421 2091 1492 quia

489 1513 558 1568 de
588 1527 654 1568 eo
686 1511 906 1578 interiit,
940 1510 1086 1582 quod
1115 1507 1414 1580 spiritalem
1443 1507 1828 1580 Redemptoris
1861 1509 2091 1580 promis-

487 1603 720 1664 sionem,
772 1613 882 1654 non
930 1597 1235 1654 secundum
1292 1595 1707 1670 intelligentiam
1762 1597 2086 1669 spiritalem,

485 1691 582 1746 sed
615 1686 909 1744 secundum
941 1685 1246 1758 simplicem
1279 1685 1602 1741 locutionem
1637 1685 1873 1742 historiae
1921 1686 2086 1741 intel-

2194 539 2275 594 sui
2309 546 2504 604 morte,
2529 538 2804 610 peperisse
2825 537 3040 604 dicitur,
3081 541 3116 606 ιι
3136 537 3238 607 36
3271 537 3375 591 nisi
3403 535 3532 610 quia
3552 537 3791 592 Judaicae

2193 627 2370 698 plebis
2398 627 2692 692 residuum,
2725 623 2853 681 dum
2885 624 3146 698 spiritalia
3186 633 3528 680 sacramenta
3554 625 3794 696 Scriptu-

2195 731 2376 770 rarum
2409 715 2477 770 ad
2506 715 2757 772 Gentium
2788 714 3142 771 eruditionem
3176 714 3436 770 transisse
3481 714 3792 786 cognoscit,

2194 802 2322 858 dum
2355 803 2628 874 sapientes
2649 803 2958 876 Synagogm
2978 819 3106 858 cum
3129 811 3356 874 utroque
3385 802 3696 858 sacerdotio
3717 802 3796 857 in-

2196 891 2414 948 teriisse
2436 891 2552 961 jam
2585 893 2876 962 conspicit,
2901 907 2968 946 ea
2996 908 3115 962 quae
3137 890 3401 962 concepit,
3425 890 3649 947 haeresis
3679 907 3797 947 suae

2197 980 2429 1047 semina,
2460 979 2734 1051 loquendo
2755 979 3031 1036 effundere
3061 997 3169 1036 non
3193 977 3449 1036 desistit?
3480 980 3674 1035 Parere
3702 996 3799 1036 au-

2195 1075 2305 1123 tem
2336 1067 2406 1135 ei,
2438 1076 2519 1124 est
2548 1077 2864 1139 conceptam
2893 1068 3206 1140 pravitatem
3228 1065 3506 1139 loquendo
3527 1067 3650 1123 aliis
3670 1084 3798 1141 ape-

2197 1155 2320 1210 rire.
2346 1155 2414 1212 Et
2445 1158 2575 1230 quia
2595 1156 2831 1227 reproba
2849 1157 3133 1228 praedicat,
3152 1156 3279 1210 dum
3299 1173 3492 1228 parere
3515 1153 3794 1228 asseritur,

2197 1245 2470 1300 incurvata
2501 1252 2850 1300 memoratur.
2904 1245 3060 1300 Velut
3097 1245 3240 1300 enim
3287 1262 3390 1301 non
3421 1262 3481 1302 se
3510 1255 3800 1307 curvantes

2193 1332 2428 1404 pariunt,
2461 1333 2550 1406 qui
2583 1333 2820 1388 cmlestia
2849 1332 3139 1404 loquuntur
3169 1351 3182 1387 :
3216 1333 3338 1404 quia
3385 1333 3441 1388 in
3487 1341 3632 1391 statu
3670 1335 3800 1392 ﬁdei

2195 1421 2504 1476 auditorum
2536 1438 2755 1477 suorum
2792 1423 2955 1477 corda
2986 1421 3056 1477 ad
3083 1423 3326 1478 studium
3371 1423 3588 1495 erigunt
3635 1424 3800 1482 bona:

2195 1509 2542 1580 operationis.
2589 1510 2722 1578 Quae
2753 1510 2916 1583 igitur
2943 1527 3112 1582 prava
3141 1510 3349 1580 asserit,
3382 1512 3664 1571 incurvata
3689 1527 3798 1584 pa-

2196 1597 2263 1652 rit
2297 1619 2307 1653 :
2341 1599 2468 1670 quia
2499 1597 2742 1669 profecto
2774 1599 2874 1654 hoc
2913 1599 3014 1653 sibi
3067 1601 3346 1671 loquendo
3373 1599 3570 1672 agitur,
3603 1611 3659 1656 ut
3687 1617 3802 1673 quo

2195 1687 2454 1744 attentius
2484 1686 2744 1758 loquitur,
2779 1687 2831 1742 in
2865 1689 3226 1744 damnationis
3252 1706 3364 1744 sum
3397 1687 3646 1746 barathro
3674 1708 3803 1762 pro-

485 1779 634 1834 lexit.
667 1777 735 1831 Et
765 1777 892 1847 quia
921 1791 1019 1848 per
1047 1774 1312 1832 doctrina:
1341 1792 1453 1828 sum
1484 1775 1718 1830 studium
1758 1775 1926 1830 multo
1958 1783 2087 1829 tem-
2116 1809 2168 1869 Β
2202 1775 2420 1830 fundius
2447 1776 2768 1847 deponatur.
2813 1777 2976 1832 Recte
3005 1777 3172 1850 igitur
3199 1778 3328 1834 dum
3359 1777 3428 1838 ad
3457 1789 3673 1849 partum
3712 1782 3800 1840 in-

484 1883 641 1938 pure,
673 1863 902 1932 Iudaeae,
936 1879 1043 1921 non
1073 1877 1256 1918 amore
1285 1861 1428 1918 bona
1463 1862 1733 1935 aperanti,
1766 1863 1860 1919 sed
1895 1864 2088 1920 timore

487 1973 522 2012 a
550 1955 692 2010 malo
724 1951 1044 2021 declinanti,
1077 1949 1312 2023 prarl'uit,
1343 1951 1588 2023 sequitur
1617 1971 1630 2008 :

560 2051 742 2120 (Vers.
777 2047 891 2116 18.)
926 2049 1116 2104 Senex
1145 2045 1300 2102 enim
1326 2049 1473 2112 erat,
1515 2047 1573 2101 et
1613 2045 1948 2118 grandaeuus
1980 2066 1998 2103 :
2028 2053 2086 2102 et

489 2140 606 2214 ipse
625 2137 913 2210 judicavit
943 2132 1126 2191 Israel
1153 2133 1534 2208 quadraginta
1561 2135 1756 2190 annis.

553 2229 643 2284 25.
677 2224 868 2282 Senex
897 2221 1098 2280 etenim
1127 2221 1246 2290 fuit,
1281 2223 1336 2278 et
1362 2221 1690 2296 grandzevus
1739 2221 2084 2280 diuturnitate

481 2321 809 2390 temporum.
857 2311 1238 2384 Quadraginta
1266 2326 1395 2366 vero
1422 2310 1579 2366 annis
1608 2309 1844 2383 praefuit,
1875 2328 1977 2382 per
2005 2313 2082 2368 ti-

483 2418 692 2461 morem
721 2399 978 2475 legalium
1001 2398 1399 2455 mandatorum.
1425 2396 1902 2470 Quadragenarius
1930 2399 2083 2472 quip-

479 2510 550 2565 pe
579 2507 840 2547 numerus
867 2488 938 2544 ad
965 2495 1280 2560 peccatores
1307 2485 1564 2558 pertinet.
1591 2485 1747 2543 Unde
1768 2490 1822 2542 et
1841 2487 2081 2556 Quadra-

480 2580 713 2654 gesimze
761 2583 976 2648 tempus
999 2575 1054 2630 in
1084 2581 1267 2630 sancta
1323 2573 1566 2629 Ecclesia
1620 2574 1814 2630 eodem
1867 2574 2078 2630 dierum

479 2683 712 2724 numero
741 2671 1117 2723 consecratum
1147 2669 1250 2734 est,
1294 2670 1352 2717 ut
1398 2661 1650 2718 videlicet
1677 2679 1742 2718 ea
1770 2678 1892 2733 quae
1921 2679 2077 2719 com-

478 2755 742 2811 mittimus
795 2760 1021 2827 peccata
1078 2761 1296 2824 tergere
1349 2750 1664 2824 pmnitendo
1726 2751 2067 2806 studeamus.

480 2841 970 2916 Quadragenarius
997 2839 1202 2912 quippe
1230 2856 1484 2894 numerus
1511 2855 1579 2896 ex
1609 2839 1835 2894 denario
1867 2848 1920 2893 et
1948 2857 2077 2909 qua-

478 2932 710 2990 ternario
753 2937 1176 2988 consummatur.
1227 2927 1292 2982 Et
1331 2927 1472 2998 quia,
1505 2927 1806 2998 peccando,
1841 2927 2076 2983 Decalo-

475 3037 609 3094 gum
639 3020 837 3077 divina}
867 3016 1027 3092 Legis
1057 3015 1502 3088 transgredimur,
1543 3015 1718 3087 ipsam
1767 3031 1894 3072 vero
1941 3033 2074 3087 pec«

475 3105 637 3166 candi
666 3104 976 3164 facultatem
1003 3122 1070 3164 ex
1101 3120 1168 3160 ea
1197 3119 1302 3174 qua
1321 3102 1688 3172 consistimus,
1712 3111 1947 3176 quatuor
1967 3104 2077 3159 ele-

474 3205 779 3252 mentorum
829 3191 1203 3266 compactione
1250 3191 1648 3256 contrahimus;
1693 3191 1793 3246 sub
1843 3209 2072 3248 numero

475 3281 928 3356 quadragenario,
961 3281 1198 3353 quandiu
1227 3278 1283 3334 in
1312 3285 1536 3350 peccato
1566 3279 1870 3348 existimus,
1893 3281 2071 3337 conti—

469 3387 684 3430 nemur.
711 3370 833 3428 Heli
861 3385 997 3442 ergo
1027 3365 1385 3441 quadraginta
1412 3367 1568 3422 annis
1586 3367 1840 3424 lsraelem
1864 3369 2072 3439 judica-

466 3459 568 3528 vit,
603 3459 730 3532 quia
759 3460 1070 3532 Synagogae
1101 3455 1480 3529 magisterium
1511 3463 1566 3511 et
1592 3464 1865 3511 austeram
1915 3457 2074 3530 Legis

473 3547 815 3618 disciplinam
845 3547 914 3602 ad
945 3547 1197 3602 timorem
1245 3543 1506 3615 subjecta:
1554 3543 1731 3617 plebis
1775 3543 2020 3600 exhibuit
2051 3563 2066 3600 :

469 3644 530 3690 ut
558 3635 834 3692 materiam
885 3636 1136 3690 humanas
1175 3632 1522 3702 conditionis,
1551 3649 1652 3704 per
1677 3633 2072 3706 concupiscen-

472 3724 600 3780 tiam
633 3723 907 3797 fragilem,
939 3723 993 3778 in
1023 3731 1162 3778 statu
1185 3721 1406 3793 justitize
1447 3736 1546 3792 per
1585 3720 1836 3778 timorem
1867 3722 2071 3779 retine-

471 3820 572 3870 ret.
597 3811 707 3869 Sed
729 3814 848 3884 jam
879 3819 1124 3868 mortuus
1150 3817 1234 3866 est
1251 3809 1392 3876 Heli,
1407 3807 1526 3880 jam
1557 3809 1742 3865 fractis
1763 3810 2072 3866 cervicibus

473 3899 633 3972 juxta
655 3900 851 3958 ostium
877 3899 1054 3970 jacet;
1085 3899 1183 3954 sed
1215 3906 1395 3954 tamen
1425 3913 1612 3970 prava
1647 3897 1908 3954 doctrina:
1953 3899 2073 3970 ejus

473 3989 624 4049 virus
650 3989 706 4044 in
739 3990 952 4046 semine
982 3994 1246 4044 remanet.
1285 3986 1406 4040 Jam
1435 3986 1654 4058 quippe,
1688 3987 1774 4057 qui
1805 4003 1912 4043 non
1943 4004 2072 4044 cre-

473 4077 552 4133 dit
579 4077 646 4134 de
667 4077 980 4135 Iudaeorum
1004 4075 1360 4148 sapientibus,
1387 4073 1663 4145 judicatus
1683 4083 1796 4142 est;
1826 4077 1923 4130 sed
1944 4075 2073 4146 quia

471 4164 526 4221 in
559 4166 674 4236 ejus
705 4165 1054 4222 instructione
1085 4161 1368 4236 pravitatis
1395 4163 1603 4218 semina
1630 4172 1840 4220 mentes
1883 4165 2070 4220 conci-

469 4256 644 4327 piunt,
678 4256 769 4327 qui
799 4254 918 4326 ejus
946 4253 1195 4310 doctrina
1223 4251 1318 4306 lilii
1347 4261 1632 4306 nascuntur
1675 4251 1924 4322 perﬁdiae
1951 4254 2073 4322 ejus

469 4343 750 4398 vesaniam
781 4355 892 4398 non
921 4338 1254 4411 relinquunt.
1283 4339 1463 4408 Quare
1491 4348 1546 4394 et
1567 4338 1817 4394 subditur
1841 4355 1854 4395 :

553 4433 734 4502 (γει-ε.
773 4434 858 4500 19,
890 4432 1002 4501 20.)
1037 4431 1223 4484 Nurus
1262 4433 1458 4483 autem
1497 4429 1617 4498 ejus
1655 4445 1804 4484 uxor
1831 4429 2072 4488 Phinees

2195 1871 2468 1932 curvatur,
2528 1863 2664 1920 mori
2715 1864 2928 1922 dicitur.
2983 1867 3202 1923 Pariens
3254 1884 3488 1939 namque
3545 1869 3796 1936 moritur,

2193 1953 2317 2023 quia
2375 1951 2428 2008 in
2487 1953 2845 2024 blasphemia:
2891 1972 3002 2010 suae
3053 1956 3245 2014 merito
3284 1955 3685 2014 condemnatur.
3727 1960 3802 2016 Et

2193 2041 2320 2112 quia
2352 2043 2540 2098 mortis
2569 2059 2682 2097 sua:
2714 2051 2974 2099 tormenta
3005 2060 3110 2099 non
3143 2043 3430 2115 praevidet,
3458 2045 3619 2102 subiti
3648 2045 3802 2102 dolo-

2189 2145 2278 2185 res
2307 2130 2360 2184 in
2390 2145 2512 2188 eam
2543 2129 2750 2186 irruere
2782 2131 3056 2186 dicuntur.
3099 2129 3272 2191 Subiti
3318 2149 3552 2204 namque
3578 2131 3801 2192 dolores

2190 2226 2318 2274 sunt
2346 2217 2642 2290 repentinae
2687 2217 3004 2276 alﬂictiones
3051 2221 3238 2276 mortis
3292 2221 3410 2278 sine
3465 2222 3802 2293 praevisione

2190 2305 2474 2364 venientis.
2502 2303 2696 2364 Subito
2724 2306 2871 2364 enim
2900 2307 3117 2364 dolores
3145 2309 3368 2378 irruunt,
3400 2326 3523 2366 cum
3552 2311 3801 2370 Iudaica:

2186 2391 2334 2468 plebi
2363 2393 2750 2466 suppliciorum
2771 2397 3088 2467 perennium
3110 2397 3492 2456 retributiones
3521 2399 3747 2458 obviant
3771 2417 3787 2454 :

2186 2499 2310 2553 quas
2337 2500 2478 2540 nunc
2515 2483 2568 2538 in
2611 2490 2922 2555 contemptu
2949 2485 3189 2542 veritatis
3214 2487 3412 2557 posita,
3445 2502 3553 2544 non
3596 2487 3790 2544 formi-

2187 2571 2298 2628 dat.
2359 2570 2500 2641 Quia
2527 2573 2672 2628 enim
2699 2589 2798 2644 pro
2827 2581 3176 2643 paternarum
3218 2574 3564 2631 traditionum
3593 2577 3791 2634 obser-

2185 2659 2423 2727 vatione,
2445 2660 2516 2716 ad
2543 2669 2800 2716 aeternam
2824 2661 2987 2719 vitam
3018 2662 3303 2718 moriendo
3331 2679 3389 2718 se
3415 2665 3645 2722 transire
3682 2682 3792 2724 aes-

2186 2747 2354 2816 timat,
2388 2749 2444 2802 in
2473 2749 2684 2804 subitos
2715 2748 2934 2804 dolores
2966 2758 3090 2807 tunc
3118 2749 3338 2818 corruit,
3372 2767 3494 2808 eum
3523 2752 3792 2810 sustinere

2183 2843 2450 2892 tormenta
2492 2837 2728 2904 inchoat,
2759 2855 2881 2908 quae
2910 2853 3018 2893 non
3049 2839 3303 2908 speravit.
3353 2839 3418 2896 Et
3463 2842 3786 2910 notandum,

2183 2923 2308 2995 quia
2335 2924 2404 2980 de
2434 2923 2698 2981 moriente
2728 2925 2926 2981 dicitur
2951 2945 2962 2980 :
2987 2927 3291 2984 Irruerunt
3319 2929 3382 2984 iu
3411 2945 3538 2986 eam
3565 2931 3788 2988 dolores

2181 3012 2355 3068 subiti
2388 3033 2406 3064 :
2437 3013 2565 3082 quia
2594 3013 2849 3069 videlicet
2877 3013 3005 3069 dum
3035 3031 3134 3086 per
3161 3016 3342 3074 carnis
3389 3017 3665 3075 molestias
3711 3021 3790 3076 ad

2181 3100 2382 3158 exitum
2415 3099 2539 3156 vitae
2567 3101 2798 3174 cogitur,
2844 3105 2971 3157 tunc
3017 3103 3235 3176 ﬂagella
3279 3104 3529 3162 dolorum
3573 3107 3789 3164 irruere

2179 3187 2235 3244 in
2265 3203 2386 3246 eam
2421 3189 2790 3260 temporaliter
2814 3189 3094 3262 incipiunt,
3127 3191 3324 3262 quibus
3370 3193 3486 3262 ejus
3529 3193 3793 3266 impietas

2178 3284 2378 3332 aeterna
2426 3277 2666 3334 vindicta
2711 3278 3002 3350 puniatur;
3036 3288 3087 3334 et
3116 3279 3244 3350 quia
3289 3281 3466 3340 vicino
3512 3281 3656 3340 exitu
3697 3301 3790 3343 re-

2177 3364 2367 3436 probae
2393 3365 2710 3422 Iudaeorum
2741 3375 2950 3424 mentes
2977 3384 3035 3424 se
3061 3368 3376 3426 alterutrum
3405 3369 3472 3426 ad
3495 3369 3790 3441 perﬁdiam

2178 3453 2544 3510 cohortantur.
2594 3457 2657 3512 In
2696 3456 2818 3526 ipso
2848 3464 3029 3512 autem
3087 3467 3362 3516 momento
3405 3460 3595 3516 mortis
3639 3461 3789 3532 ejus,

2179 3540 2437 3596 dixerunt
2481 3542 2554 3610 ei,
2605 3559 2727 3615 qua:
2773 3545 2986 3600 stabant
3033 3544 3192 3614 juxta
3237 3561 3358 3602 eam
3394 3566 3406 3602 :
3439 3549 3517 3605 Ne
3555 3551 3792 3621 timeas,

2178 3631 2312 3700 quia
2341 3629 2532 3698 ﬁlium
2559 3633 2854 3704 peperisti.
2898 3633 3089 3690 Filium
3119 3633 3320 3707 quippe
3349 3637 3561 3709 peperit
3599 3656 3611 3693 :
3654 3639 3798 3709 quia

2179 3717 2372 3772 durum
2399 3718 2454 3774 in
2473 3719 2711 3790 nequitia
2734 3729 2786 3775 et
2807 3721 3229 3791 insuperabilem
3249 3725 3512 3794 populum
3527 3725 3794 3785 erudivit.

2179 3805 2314 3874 Qua:
2342 3815 2520 3862 autem
2564 3807 2816 3863 mulieres
2839 3809 2996 3878 juxta
3023 3817 3184 3880 stant,
3209 3811 3312 3867 nisi
3340 3820 3547 3870 mentes
3584 3815 3796 3885 aequali

2178 3894 2368 3950 ordine
2395 3894 2691 3964 impietatis
2721 3897 3031 3952 adstrictae?
3077 3899 3235 3954 Stant
3261 3899 3466 3972 quippe
3493 3916 3600 3958 non
3631 3902 3794 3958 veri-

2179 3989 2290 4037 tate
2319 3990 2376 4036 et
2402 3983 2724 4040 rectitudine
2753 3984 2903 4052 ﬁdei,
2927 3987 3026 4042 sed
3047 3987 3470 4060 pressumptione
3499 3993 3554 4046 et
3571 3989 3796 4060 jactan-

2181 4070 2253 4124 tia
2283 4071 2582 4142 religionis.
2635 4072 2846 4128 Idcirco
2891 4090 3038 4142 earn,
3069 4091 3140 4129 ne
3170 4075 3372 4142 timeat,
3401 4077 3792 4149 cohortantur,

2179 4157 2306 4230 quia
2333 4157 2503 4214 ﬁlium
2533 4161 2743 4231 peperit
2767 4179 2780 4216 :
2807 4169 2860 4216 ut
2893 4162 3146 4218 videlicet
3174 4172 3318 4220 tanto
3347 4165 3589 4221 securius
3619 4166 3674 4221 in
3696 4185 3800 4225 ve-

2183 4245 2282 4301 teri
2315 4247 2598 4303 traditione
2629 4249 2766 4304 mori
2787 4267 2894 4306 non
2927 4251 3130 4320 timeat,
3162 4261 3362 4324 quanto
3390 4254 3511 4311 illos
3538 4257 3704 4310 etiam
3727 4258 3794 4314 in

2180 4351 2248 4392 ea
2277 4334 2576 4392 obduratos
2605 4346 2658 4392 et
2687 4338 3128 4396 inconvertibiles
3156 4341 3371 4414 aspicit,
3395 4359 3530 4412 quos
3547 4361 3644 4399 suo
3671 4362 3796 4408 Ina-

2179 4424 2405 4494 gisterio
2417 4426 2659 4480 eruditos
2669 4427 2967 4498 cognoscit.
2984 4429 3093 4484 Sed
3113 4429 3245 4484 dum
3266 4431 3323 4484 in
3341 4447 3401 4486 se
3417 4431 3793 4490 abundantius

471 4538 778 4598 praegnans
831 4523 976 4586 erat,
1025 4517 1320 4586 vicinaque
1367 4515 1564 4588 partui
1607 4533 1628 4568 :
1673 4533 1814 4589 quae,
1871 4513 2152 4577 (ηιάὶιοι)
2181 4509 2370 4568 dolore
2413 4515 2774 4584 compellitur,
2805 4532 2904 4586 pro
2937 4516 3102 4572 nihilo
3152 4519 3319 4586 ducit,
3369 4520 3636 4591 quidquid
3681 4523 3792 4577 alii

473 4617 706 4680 nuntio,
737 4609 870 4683 quia
899 4607 1071 4680 capta
1111 4611 1257 4662 esset
1299 4619 1454 4674 arca,
1503 4606 1560 4660 et
1609 4610 1869 4663 mortuus
1916 4626 2072 4666 socer

473 4717 635 4770 suus,
667 4701 724 4759 et
757 4695 845 4754 vir
872 4711 1032 4764 suus,
1064 4693 1386 4760 incurvavit
1417 4708 1496 4759 se,
1526 4696 1584 4748 et
1619 4695 1858 4765 peperit.
1889 4696 2071 4753 Irrue-

469 4793 614 4850 runt
641 4787 796 4847 enim
827 4781 889 4840 in
920 4799 1046 4840 eam
1072 4781 1290 4843 dolores
1334 4778 1532 4838 subiti.
1597 4781 1669 4836 In
1705 4782 1826 4854 ipso
1873 4789 2071 4841 autem

469 4880 756 4948 momento
812 4873 1016 4932 mortis
1070 4871 1194 4940 eius
1249 4869 1526 4930 dixerunt
1564 4869 1784 4944 ei,quoe
1837 4874 2069 4930 stabant

459 4949 644 5042 just}:
659 4981 786 5026 eam
815 4982 834 5015 .·
869 4959 948 5020 Ne
981 4961 1204 5026 timeas,
1234 4959 1368 5032 quia
1394 4957 1583 5029 ﬁlium
1609 4961 1903 5033 peperisti.
1940 4961 2070 5031 Qua:

467 5074 587 5116 non
613 5049 929 5128 respondit,
959 5063 1140 5126 neque
1165 5046 1594 5106 animadvertit.

538 5149 628 5204 26.
662 5140 800 5214 Qua:
827 5146 1009 5196 autem
1039 5137 1138 5193 fuit
1161 5153 1333 5194 nurus
1360 5135 1501 5204 Heli,
1534 5134 1634 5191 nisi
1669 5135 1822 5208 plebs
1844 5137 2068 5196 Judmo-

469 5252 614 5301 rum,
644 5225 900 5304 mprobis
926 5223 1299 5284 sacerdotibus
1327 5223 1613 5294 subjecta?
1652 5225 1787 5294 Quae
1817 5225 1942 5298 quia
1969 5245 2070 5300 per

470 5337 660 5378 eorum
687 5314 1128 5392 praedicationem
1158 5312 1368 5372 semina
1395 5309 1639 5384 perfidiae
1668 5314 1724 5369 in
1753 5323 1932 5372 mente
1951 5333 2069 5372 sus-

471 5412 716 5478 ceperat,
745 5421 1037 5480 prazgnans
1055 5409 1190 5461 erat.
1213 5397 1284 5460 Et
1303 5401 1440 5474 quia
1454 5409 1772 5474 conceptam
1801 5402 2067 5462 malitiam

467 5491 594 5568 ipsa
611 5509 826 5566 quoque
845 5492 1123 5567 cogitabat
1137 5487 1438 5560 eﬂ’undere.
1451 5505 1560 5554 non
1572 5487 1754 5547 solum
1774 5507 2068 5565 praegnans

469 5581 644 5662 fuisse
671 5579 886 5653 dicitur,
918 5579 1016 5639 sed
1048 5582 1217 5640 etiam
1243 5575 1422 5654 partui
1451 5575 1646 5639 vicina.
1678 5577 1822 5649 Quid
1851 5589 1934 5639 est
1962 5598 2065 5662 au:

2177 4617 2273 4656 sua
2303 4601 2604 4656 eruditione
2633 4603 2996 4674 profecerunt,
3029 4602 3174 4661 unde
3218 4614 3272 4664 et
3317 4607 3561 4663 subditur
3594 4628 3606 4663 :
3645 4609 3793 4678 Quae

2177 4704 2292 4744 non
2306 4692 2612 4760 respondit,
2630 4707 2811 4764 neque
2829 4693 3256 4751 anim-aduertit.
3275 4696 3415 4750 Nam
3440 4696 3566 4750 dum
3586 4700 3792 4754 aeterni

2179 4777 2382 4832 doloris
2411 4777 2647 4848 experiri
2693 4779 3111 4836 amaritudinem
3157 4782 3405 4852 inchoat,
3456 4784 3578 4852 hoc,
3629 4788 3788 4856 quod
3839 4851 3848 4856 η

2179 4865 2549 4934 temporaliter
2597 4865 2716 4922 aliis
2765 4867 3008 4938 pral‘uit,
3054 4886 3164 4926 non
3213 4871 3469 4928 delectat.
3505 4873 3602 4930 Vel
3630 4880 3790 4932 certe

2177 4951 2384 5008 idcirco
2409 4953 2478 5009 de
2505 4962 2634 5010 nato
2663 4971 2832 5028 puero
2861 4971 2970 5011 non
3001 4957 3210 5013 laetatur
3238 4977 3252 5012 :
3287 4960 3416 5028 quia
3443 4961 3510 5028 is,
3546 4961 3638 5032 qui
3681 4965 3790 5035 gi-

2173 5037 2358 5111 gnitur
2413 5055 2514 5096 sua
2566 5041 2917 5112 institutione,
2965 5043 3022 5098 in
3069 5045 3381 5118 captivitate
3421 5049 3786 5120 conspicitur.

2177 5127 2329 5183 Unde
2357 5135 2412 5184 et
2437 5129 2684 5186 subditur
2711 5148 2724 5184 :

2248 5242 2427 5318 (Vers;
2460 5247 2549 5310 21,
2579 5247 2693 5318 22.)
2728 5247 2797 5301 Et
2826 5250 3040 5306 vocavit
3067 5265 3312 5318 puerum
3335 5253 3664 5318 lltchaboth,
3700 5256 3791 5312 di-

2175 5329 2311 5440 2:762;
2339 5314 2692 5441 ἷῖαηειαια
2719 5325 2806 5372 est
2830 5319 3014 5390 gloria
3039 5314 3285 5392 Domini,
3321 5325 3461 5400 quia
3489 5314 3663 5398 capto
3691 5333 3787 5384 est

2245 5471 2332 5526 27.
2365 5475 2502 5528 Area
2530 5471 2752 5546 quidem
2781 5474 2992 5549 capitur
3025 5494 3036 5531 :
3073 5474 3200 5552 quia
3223 5480 3362 5554 jam,
3385 5487 3608 5544 auctore
3633 5483 3779 5558 Deo,

2174 5575 2206 5615 a
2235 5561 2377 5618 veris
2405 5559 2676 5638 ﬁdelibus,
2709 5574 2912 5624 sanctae
2945 5566 3236 5640 Scriptura!
3265 5581 3602 5650 sacramenta
3629 5591 3782 5638 rem
