  <div class='ocr_page' id='page_1' title='image "/cluster/home/n/w/nwhite01/storage/ocr_20150623/79/hvd.32044054758834/092.png"; bbox 0 0 4062 6182; ppageno 0'>
   <div class='ocr_carea' id='block_1_1' title="bbox 230 412 300 464">
    <p class='ocr_par' dir='ltr' id='par_1_1' title="bbox 230 412 300 464">
     <span class='ocr_line' id='line_1_1' title="bbox 230 412 300 464; baseline -0.057 0"><span class='ocrx_word' id='word_1_1' title='bbox 230 412 300 464; x_wconf 73' lang='grc' dir='ltr'><strong>1Ἰ3</strong></span> 
     </span>
    </p>
   </div>
   <div class='ocr_carea' id='block_1_2' title="bbox 976 396 2632 459">
    <p class='ocr_par' dir='ltr' id='par_1_2' title="bbox 976 396 2632 459">
     <span class='ocr_line' id='line_1_2' title="bbox 976 396 2632 459; baseline -0.001 -4"><span class='ocrx_word' id='word_1_2' title='bbox 976 401 1047 455; x_wconf 83' lang='lat' dir='ltr'><strong>1N</strong></span> <span class='ocrx_word' id='word_1_3' title='bbox 1089 401 1356 456; x_wconf 76' lang='lat' dir='ltr'><strong>PRIMUM</strong></span> <span class='ocrx_word' id='word_1_4' title='bbox 1394 400 1640 459; x_wconf 80' lang='lat' dir='ltr'><strong>REGUM</strong></span> <span class='ocrx_word' id='word_1_5' title='bbox 1678 396 2217 454; x_wconf 69' lang='lat' dir='ltr'><strong>EXPOSITIONES.</strong></span> <span class='ocrx_word' id='word_1_6' title='bbox 2258 428 2327 438; x_wconf 86' lang='lat'><strong>—-—</strong></span> <span class='ocrx_word' id='word_1_7' title='bbox 2368 400 2494 453; x_wconf 86' lang='lat' dir='ltr'><strong>LIB.</strong></span> <span class='ocrx_word' id='word_1_8' title='bbox 2540 401 2632 453; x_wconf 87' lang='lat' dir='ltr'><strong>Ill.</strong></span> 
     </span>
    </p>
   </div>
   <div class='ocr_carea' id='block_1_3' title="bbox 3347 409 3447 462">
    <p class='ocr_par' dir='ltr' id='par_1_3' title="bbox 3347 409 3447 462">
     <span class='ocr_line' id='line_1_3' title="bbox 3347 409 3447 462; baseline 0.02 -3"><span class='ocrx_word' id='word_1_9' title='bbox 3347 409 3447 462; x_wconf 64' lang='grc' dir='ltr'><strong>1η</strong></span> 
     </span>
    </p>
   </div>
   <div class='ocr_carea' id='block_1_4' title="bbox 225 522 3455 599">
    <p class='ocr_par' dir='ltr' id='par_1_4' title="bbox 225 522 3455 599">
     <span class='ocr_line' id='line_1_4' title="bbox 225 522 3455 599; baseline 0 -16"><span class='ocrx_word' id='word_1_10' title='bbox 225 525 531 599; x_wconf 74' lang='lat' dir='ltr'><strong>intelligentiae</strong></span> <span class='ocrx_word' id='word_1_11' title='bbox 557 524 851 595; x_wconf 86' lang='lat' dir='ltr'><strong>capacitate</strong></span> <span class='ocrx_word' id='word_1_12' title='bbox 881 524 1209 580; x_wconf 89' lang='lat' dir='ltr'><strong>retinentur.</strong></span> <span class='ocrx_word' id='word_1_13' title='bbox 1240 524 1311 581; x_wconf 88' lang='lat' dir='ltr'><strong>Et</strong></span> <span class='ocrx_word' id='word_1_14' title='bbox 1353 524 1531 597; x_wconf 78' lang='lat' dir='ltr'><strong>gloria</strong></span> <span class='ocrx_word' id='word_1_15' title='bbox 1578 522 1745 580; x_wconf 83' lang='lat' dir='ltr'><strong>Israel</strong></span> <span class='ocrx_word' id='word_1_16' title='bbox 1772 524 1830 589; x_wconf 82' lang='grc' dir='ltr'><strong>Α</strong></span> <span class='ocrx_word' id='word_1_17' title='bbox 1861 538 2063 593; x_wconf 91' lang='lat' dir='ltr'><strong>pronus</strong></span> <span class='ocrx_word' id='word_1_18' title='bbox 2089 522 2145 577; x_wconf 90' lang='lat' dir='ltr'><strong>in</strong></span> <span class='ocrx_word' id='word_1_19' title='bbox 2166 531 2311 579; x_wconf 89' lang='lat' dir='ltr'><strong>terra</strong></span> <span class='ocrx_word' id='word_1_20' title='bbox 2325 524 2495 596; x_wconf 80' lang='lat' dir='ltr'><strong>jacet,</strong></span> <span class='ocrx_word' id='word_1_21' title='bbox 2529 522 2725 581; x_wconf 77' lang='lat' dir='ltr'><strong>faciem</strong></span> <span class='ocrx_word' id='word_1_22' title='bbox 2744 524 2798 579; x_wconf 91' lang='lat' dir='ltr'><strong>in</strong></span> <span class='ocrx_word' id='word_1_23' title='bbox 2829 531 2971 582; x_wconf 89' lang='lat' dir='ltr'><strong>terra</strong></span> <span class='ocrx_word' id='word_1_24' title='bbox 3008 526 3284 597; x_wconf 73' lang='lat' dir='ltr'><strong>deprimit.</strong></span> <span class='ocrx_word' id='word_1_25' title='bbox 3344 529 3455 587; x_wconf 85' lang='lat' dir='ltr'><strong>Per</strong></span> 
     </span>
    </p>
   </div>
   <div class='ocr_carea' id='block_1_5' title="bbox 224 610 3451 686">
    <p class='ocr_par' dir='ltr' id='par_1_5' title="bbox 224 610 3451 686">
     <span class='ocr_line' id='line_1_5' title="bbox 224 610 3451 686; baseline 0 -14"><span class='ocrx_word' id='word_1_26' title='bbox 224 616 421 672; x_wconf 73' lang='lat' dir='ltr'><strong>translata</strong></span> <span class='ocrx_word' id='word_1_27' title='bbox 445 621 517 669; x_wconf 82' lang='lat' dir='ltr'><strong>est</strong></span> <span class='ocrx_word' id='word_1_28' title='bbox 545 630 557 667; x_wconf 90' lang='lat'>:</span> <span class='ocrx_word' id='word_1_29' title='bbox 590 613 739 684; x_wconf 90' lang='lat' dir='ltr'><strong>quia,</strong></span> <span class='ocrx_word' id='word_1_30' title='bbox 770 620 1060 685; x_wconf 87' lang='lat' dir='ltr'><strong>postquam</strong></span> <span class='ocrx_word' id='word_1_31' title='bbox 1081 628 1114 668; x_wconf 85' lang='lat' dir='ltr'><strong>a</strong></span> <span class='ocrx_word' id='word_1_32' title='bbox 1144 628 1276 669; x_wconf 88' lang='lat' dir='ltr'><strong>vera</strong></span> <span class='ocrx_word' id='word_1_33' title='bbox 1296 613 1563 686; x_wconf 83' lang='lat' dir='ltr'><strong>religione</strong></span> <span class='ocrx_word' id='word_1_34' title='bbox 1592 613 1743 671; x_wconf 87' lang='lat' dir='ltr'><strong>ceci-</strong></span> <span class='ocrx_word' id='word_1_35' title='bbox 1854 610 2049 667; x_wconf 78' lang='lat' dir='ltr'><strong>faciem</strong></span> <span class='ocrx_word' id='word_1_36' title='bbox 2083 627 2211 667; x_wconf 82' lang='lat' dir='ltr'><strong>vero</strong></span> <span class='ocrx_word' id='word_1_37' title='bbox 2241 611 2539 681; x_wconf 81' lang='lat' dir='ltr'><strong>simulacri,</strong></span> <span class='ocrx_word' id='word_1_38' title='bbox 2574 612 2846 670; x_wconf 76' lang='lat' dir='ltr'><strong>simulatio</strong></span> <span class='ocrx_word' id='word_1_39' title='bbox 2868 614 3192 685; x_wconf 77' lang='lat' dir='ltr'><strong>exprimitur</strong></span> <span class='ocrx_word' id='word_1_40' title='bbox 3211 616 3451 672; x_wconf 78' lang='lat' dir='ltr'><strong>rationis.</strong></span> 
     </span>
    </p>
   </div>
   <div class='ocr_carea' id='block_1_6' title="bbox 222 701 3456 779">
    <p class='ocr_par' dir='ltr' id='par_1_6' title="bbox 222 701 3456 779">
     <span class='ocr_line' id='line_1_6' title="bbox 222 701 3456 779; baseline 0 -19"><span class='ocrx_word' id='word_1_41' title='bbox 222 704 290 771; x_wconf 85' lang='lat' dir='ltr'><strong>dit,</strong></span> <span class='ocrx_word' id='word_1_42' title='bbox 308 702 513 760; x_wconf 81' lang='lat' dir='ltr'><strong>redolere</strong></span> <span class='ocrx_word' id='word_1_43' title='bbox 539 717 636 773; x_wconf 92' lang='lat' dir='ltr'><strong>per</strong></span> <span class='ocrx_word' id='word_1_44' title='bbox 662 701 824 758; x_wconf 76' lang='lat' dir='ltr'><strong>bona:</strong></span> <span class='ocrx_word' id='word_1_45' title='bbox 845 702 1008 757; x_wconf 70' lang='lat' dir='ltr'><strong>fama:</strong></span> <span class='ocrx_word' id='word_1_46' title='bbox 1034 701 1348 773; x_wconf 87' lang='lat' dir='ltr'><strong>opinionem</strong></span> <span class='ocrx_word' id='word_1_47' title='bbox 1381 703 1632 758; x_wconf 82' lang='lat' dir='ltr'><strong>cessavit.</strong></span> <span class='ocrx_word' id='word_1_48' title='bbox 1647 704 1743 759; x_wconf 86' lang='lat' dir='ltr'><strong>Be—</strong></span> <span class='ocrx_word' id='word_1_49' title='bbox 1855 701 2094 755; x_wconf 83' lang='lat' dir='ltr'><strong>Pronum</strong></span> <span class='ocrx_word' id='word_1_50' title='bbox 2116 701 2298 770; x_wconf 80' lang='lat' dir='ltr'><strong>itaque</strong></span> <span class='ocrx_word' id='word_1_51' title='bbox 2327 702 2387 754; x_wconf 91' lang='lat' dir='ltr'><strong>in</strong></span> <span class='ocrx_word' id='word_1_52' title='bbox 2420 708 2557 756; x_wconf 87' lang='lat' dir='ltr'><strong>terra</strong></span> <span class='ocrx_word' id='word_1_53' title='bbox 2581 701 2784 770; x_wconf 83' lang='lat' dir='ltr'><strong>jacere,</strong></span> <span class='ocrx_word' id='word_1_54' title='bbox 2813 706 2900 756; x_wconf 90' lang='lat' dir='ltr'><strong>est</strong></span> <span class='ocrx_word' id='word_1_55' title='bbox 2920 703 3036 773; x_wconf 87' lang='lat' dir='ltr'><strong>jam</strong></span> <span class='ocrx_word' id='word_1_56' title='bbox 3058 720 3187 760; x_wconf 84' lang='lat' dir='ltr'><strong>vera</strong></span> <span class='ocrx_word' id='word_1_57' title='bbox 3212 719 3456 779; x_wconf 79' lang='lat' dir='ltr'><strong>cognos-</strong></span> 
     </span>
    </p>
   </div>
   <div class='ocr_carea' id='block_1_7' title="bbox 221 788 3455 866">
    <p class='ocr_par' dir='ltr' id='par_1_7' title="bbox 221 788 3455 866">
     <span class='ocr_line' id='line_1_7' title="bbox 221 788 3455 866; baseline 0.002 -20"><span class='ocrx_word' id='word_1_58' title='bbox 221 808 272 847; x_wconf 84' lang='lat' dir='ltr'><strong>ne</strong></span> <span class='ocrx_word' id='word_1_59' title='bbox 292 799 439 848; x_wconf 81' lang='lat' dir='ltr'><strong>autem</strong></span> <span class='ocrx_word' id='word_1_60' title='bbox 463 805 562 847; x_wconf 90' lang='lat' dir='ltr'><strong>non</strong></span> <span class='ocrx_word' id='word_1_61' title='bbox 588 790 769 863; x_wconf 88' lang='lat' dir='ltr'><strong>perire</strong></span> <span class='ocrx_word' id='word_1_62' title='bbox 798 790 969 846; x_wconf 78' lang='lat' dir='ltr'><strong>Israel</strong></span> <span class='ocrx_word' id='word_1_63' title='bbox 998 791 1175 863; x_wconf 77' lang='lat' dir='ltr'><strong>gloria</strong></span> <span class='ocrx_word' id='word_1_64' title='bbox 1202 790 1413 859; x_wconf 88' lang='lat' dir='ltr'><strong>dicitur,</strong></span> <span class='ocrx_word' id='word_1_65' title='bbox 1444 792 1540 848; x_wconf 89' lang='lat' dir='ltr'><strong>sed</strong></span> <span class='ocrx_word' id='word_1_66' title='bbox 1563 800 1745 849; x_wconf 77' lang='lat' dir='ltr'><strong>trans—</strong></span> <span class='ocrx_word' id='word_1_67' title='bbox 1852 788 2123 855; x_wconf 87' lang='lat' dir='ltr'><strong>centibus,</strong></span> <span class='ocrx_word' id='word_1_68' title='bbox 2156 789 2516 844; x_wconf 80' lang='lat' dir='ltr'><strong>simulationis</strong></span> <span class='ocrx_word' id='word_1_69' title='bbox 2549 806 2661 845; x_wconf 82' lang='lat' dir='ltr'><strong>suae</strong></span> <span class='ocrx_word' id='word_1_70' title='bbox 2689 788 2968 846; x_wconf 88' lang='lat' dir='ltr'><strong>fraudibus</strong></span> <span class='ocrx_word' id='word_1_71' title='bbox 2985 791 3213 851; x_wconf 88' lang='lat' dir='ltr'><strong>illudere</strong></span> <span class='ocrx_word' id='word_1_72' title='bbox 3241 808 3455 866; x_wconf 88' lang='lat' dir='ltr'><strong>nequa-</strong></span> 
     </span>
    </p>
   </div>
   <div class='ocr_carea' id='block_1_8' title="bbox 224 875 3463 952">
    <p class='ocr_par' dir='ltr' id='par_1_8' title="bbox 224 875 3463 952">
     <span class='ocr_line' id='line_1_8' title="bbox 224 875 3463 952; baseline 0.002 -18"><span class='ocrx_word' id='word_1_73' title='bbox 224 880 318 937; x_wconf 80' lang='lat' dir='ltr'><strong>t’erri</strong></span> <span class='ocrx_word' id='word_1_74' title='bbox 366 895 378 935; x_wconf 89' lang='lat'>:</span> <span class='ocrx_word' id='word_1_75' title='bbox 426 878 543 952; x_wconf 84' lang='lat' dir='ltr'><strong>quia</strong></span> <span class='ocrx_word' id='word_1_76' title='bbox 600 878 891 951; x_wconf 80' lang='lat' dir='ltr'><strong>religionis</strong></span> <span class='ocrx_word' id='word_1_77' title='bbox 948 878 1110 946; x_wconf 75' lang='lat' dir='ltr'><strong>fama,</strong></span> <span class='ocrx_word' id='word_1_78' title='bbox 1162 896 1323 951; x_wconf 90' lang='lat' dir='ltr'><strong>quam</strong></span> <span class='ocrx_word' id='word_1_79' title='bbox 1369 880 1620 951; x_wconf 86' lang='lat' dir='ltr'><strong>perdidit,</strong></span> <span class='ocrx_word' id='word_1_80' title='bbox 1679 880 1748 937; x_wconf 88' lang='lat' dir='ltr'><strong>ad</strong></span> <span class='ocrx_word' id='word_1_81' title='bbox 1855 894 2018 948; x_wconf 89' lang='lat' dir='ltr'><strong>quam</strong></span> <span class='ocrx_word' id='word_1_82' title='bbox 2050 892 2230 949; x_wconf 85' lang='lat' dir='ltr'><strong>posse.</strong></span> <span class='ocrx_word' id='word_1_83' title='bbox 2276 875 2390 934; x_wconf 88' lang='lat' dir='ltr'><strong>Sed</strong></span> <span class='ocrx_word' id='word_1_84' title='bbox 2438 886 2636 949; x_wconf 88' lang='lat' dir='ltr'><strong>tamen,</strong></span> <span class='ocrx_word' id='word_1_85' title='bbox 2689 886 2748 934; x_wconf 90' lang='lat' dir='ltr'><strong>ut</strong></span> <span class='ocrx_word' id='word_1_86' title='bbox 2803 878 3001 937; x_wconf 86' lang='lat' dir='ltr'><strong>certius</strong></span> <span class='ocrx_word' id='word_1_87' title='bbox 3045 880 3278 939; x_wconf 83' lang='lat' dir='ltr'><strong>Gentiles</strong></span> <span class='ocrx_word' id='word_1_88' title='bbox 3331 897 3463 948; x_wconf 75' lang='lat' dir='ltr'><strong>vera</strong></span> 
     </span>
    </p>
   </div>
   <div class='ocr_carea' id='block_1_9' title="bbox 222 967 1745 1042">
    <p class='ocr_par' dir='ltr' id='par_1_9' title="bbox 222 967 1745 1042">
     <span class='ocr_line' id='line_1_9' title="bbox 222 967 1745 1042; baseline -0.001 -17"><span class='ocrx_word' id='word_1_89' title='bbox 222 969 516 1025; x_wconf 85' lang='lat' dir='ltr'><strong>Gentilitatem</strong></span> <span class='ocrx_word' id='word_1_90' title='bbox 554 967 828 1023; x_wconf 77' lang='lat' dir='ltr'><strong>transivit.</strong></span> <span class='ocrx_word' id='word_1_91' title='bbox 866 968 1155 1025; x_wconf 78' lang='lat' dir='ltr'><strong>Translata</strong></span> <span class='ocrx_word' id='word_1_92' title='bbox 1183 969 1384 1041; x_wconf 84' lang='lat' dir='ltr'><strong>quippe</strong></span> <span class='ocrx_word' id='word_1_93' title='bbox 1415 978 1495 1026; x_wconf 89' lang='lat' dir='ltr'><strong>est</strong></span> <span class='ocrx_word' id='word_1_94' title='bbox 1525 970 1707 1042; x_wconf 78' lang='lat' dir='ltr'><strong>gloria</strong></span> <span class='ocrx_word' id='word_1_95' title='bbox 1732 987 1745 1023; x_wconf 90' lang='lat'>:</span> 
     </span>
    </p>
   </div>
   <div class='ocr_carea' id='block_1_10' title="bbox 216 1055 1750 1130">
    <p class='ocr_par' dir='ltr' id='par_1_10' title="bbox 216 1055 1750 1130">
     <span class='ocr_line' id='line_1_10' title="bbox 216 1055 1750 1130; baseline 0.001 -16"><span class='ocrx_word' id='word_1_96' title='bbox 216 1059 305 1130; x_wconf 82' lang='lat' dir='ltr'><strong>quia</strong></span> <span class='ocrx_word' id='word_1_97' title='bbox 328 1057 373 1114; x_wconf 89' lang='lat' dir='ltr'><strong>in</strong></span> <span class='ocrx_word' id='word_1_98' title='bbox 397 1061 567 1114; x_wconf 82' lang='lat' dir='ltr'><strong>sancta</strong></span> <span class='ocrx_word' id='word_1_99' title='bbox 597 1055 846 1113; x_wconf 83' lang='lat' dir='ltr'><strong>Ecclesia</strong></span> <span class='ocrx_word' id='word_1_100' title='bbox 875 1072 1020 1113; x_wconf 66' lang='lat' dir='ltr'><strong>vera:</strong></span> <span class='ocrx_word' id='word_1_101' title='bbox 1054 1056 1648 1129; x_wconf 74' lang='lat' dir='ltr'><strong>religionisfragrantia</strong></span> <span class='ocrx_word' id='word_1_102' title='bbox 1669 1075 1750 1115; x_wconf 63' lang='lat' dir='ltr'><strong>reo</strong></span> 
     </span>
    </p>
   </div>
   <div class='ocr_carea' id='block_1_11' title="bbox 1856 966 3462 1039">
    <p class='ocr_par' dir='ltr' id='par_1_11' title="bbox 1856 966 3462 1039">
     <span class='ocr_line' id='line_1_11' title="bbox 1856 966 3462 1039; baseline 0.006 -20"><span class='ocrx_word' id='word_1_103' title='bbox 1856 974 2277 1037; x_wconf 81' lang='lat' dir='ltr'><strong>cognoscerent,</strong></span> <span class='ocrx_word' id='word_1_104' title='bbox 2310 967 2559 1023; x_wconf 85' lang='lat' dir='ltr'><strong>eamdem</strong></span> <span class='ocrx_word' id='word_1_105' title='bbox 2574 966 2700 1023; x_wconf 76' lang='lat' dir='ltr'><strong>fidei</strong></span> <span class='ocrx_word' id='word_1_106' title='bbox 2712 975 2913 1023; x_wconf 71' lang='lat' dir='ltr'><strong>nostrae</strong></span> <span class='ocrx_word' id='word_1_107' title='bbox 2924 968 3165 1026; x_wconf 85' lang='lat' dir='ltr'><strong>auditam</strong></span> <span class='ocrx_word' id='word_1_108' title='bbox 3174 970 3436 1028; x_wconf 86' lang='lat' dir='ltr'><strong>rationem</strong></span> <span class='ocrx_word' id='word_1_109' title='bbox 3446 1015 3462 1039; x_wconf 90' lang='lat'><strong>,</strong></span> 
     </span>
    </p>
   </div>
   <div class='ocr_carea' id='block_1_12' title="bbox 1861 1054 3469 1134">
    <p class='ocr_par' dir='ltr' id='par_1_12' title="bbox 1861 1054 3469 1134">
     <span class='ocr_line' id='line_1_12' title="bbox 1861 1054 3469 1134; baseline 0.004 -25"><span class='ocrx_word' id='word_1_110' title='bbox 1861 1057 1919 1109; x_wconf 89' lang='lat' dir='ltr'><strong>et</strong></span> <span class='ocrx_word' id='word_1_111' title='bbox 1947 1054 2348 1127; x_wconf 86' lang='lat' dir='ltr'><strong>superstitionis</strong></span> <span class='ocrx_word' id='word_1_112' title='bbox 2373 1072 2486 1114; x_wconf 69' lang='lat' dir='ltr'><strong>suae</strong></span> <span class='ocrx_word' id='word_1_113' title='bbox 2505 1060 2781 1113; x_wconf 74' lang='lat' dir='ltr'><strong>vetustam</strong></span> <span class='ocrx_word' id='word_1_114' title='bbox 2807 1055 3251 1115; x_wconf 87' lang='lat' dir='ltr'><strong>consuetudinem</strong></span> <span class='ocrx_word' id='word_1_115' title='bbox 3277 1060 3469 1134; x_wconf 42' lang='lat' dir='ltr'><strong>,magis</strong></span> 
     </span>
    </p>
   </div>
   <div class='ocr_carea' id='block_1_13' title="bbox 215 1141 3466 1224">
    <p class='ocr_par' dir='ltr' id='par_1_13' title="bbox 215 1141 3466 1224">
     <span class='ocr_line' id='line_1_13' title="bbox 215 1141 3466 1224; baseline 0.002 -25"><span class='ocrx_word' id='word_1_116' title='bbox 215 1146 345 1215; x_wconf 87' lang='lat' dir='ltr'><strong>delet,</strong></span> <span class='ocrx_word' id='word_1_117' title='bbox 367 1162 472 1216; x_wconf 66' lang='lat' dir='ltr'><strong>qure</strong></span> <span class='ocrx_word' id='word_1_118' title='bbox 494 1145 546 1201; x_wconf 91' lang='lat' dir='ltr'><strong>in</strong></span> <span class='ocrx_word' id='word_1_119' title='bbox 576 1145 686 1201; x_wconf 79' lang='lat' dir='ltr'><strong>fide</strong></span> <span class='ocrx_word' id='word_1_120' title='bbox 726 1144 1111 1217; x_wconf 80' lang='lat' dir='ltr'><strong>Redemptoris</strong></span> <span class='ocrx_word' id='word_1_121' title='bbox 1160 1146 1354 1217; x_wconf 88' lang='lat' dir='ltr'><strong>posita,</strong></span> <span class='ocrx_word' id='word_1_122' title='bbox 1402 1163 1503 1219; x_wconf 88' lang='lat' dir='ltr'><strong>pro</strong></span> <span class='ocrx_word' id='word_1_123' title='bbox 1558 1146 1752 1205; x_wconf 82' lang='lat' dir='ltr'><strong>aeterni</strong></span> <span class='ocrx_word' id='word_1_124' title='bbox 1861 1158 1926 1199; x_wconf 83' lang='lat' dir='ltr'><strong>ac</strong></span> <span class='ocrx_word' id='word_1_125' title='bbox 1961 1141 2144 1215; x_wconf 77' lang='lat' dir='ltr'><strong>magis</strong></span> <span class='ocrx_word' id='word_1_126' title='bbox 2174 1142 2446 1201; x_wconf 83' lang='lat' dir='ltr'><strong>discutere</strong></span> <span class='ocrx_word' id='word_1_127' title='bbox 2467 1145 2646 1203; x_wconf 85' lang='lat' dir='ltr'><strong>conati</strong></span> <span class='ocrx_word' id='word_1_128' title='bbox 2671 1154 2815 1203; x_wconf 90' lang='lat' dir='ltr'><strong>sunt.</strong></span> <span class='ocrx_word' id='word_1_129' title='bbox 2844 1146 2991 1217; x_wconf 85' lang='lat' dir='ltr'><strong>Apte</strong></span> <span class='ocrx_word' id='word_1_130' title='bbox 3037 1146 3221 1220; x_wconf 81' lang='lat' dir='ltr'><strong>itaque</strong></span> <span class='ocrx_word' id='word_1_131' title='bbox 3270 1149 3466 1224; x_wconf 86' lang='lat' dir='ltr'><strong>sequi-</strong></span> 
     </span>
    </p>
   </div>
   <div class='ocr_carea' id='block_1_14' title="bbox 222 1233 1996 1306">
    <p class='ocr_par' dir='ltr' id='par_1_14' title="bbox 222 1233 1996 1306">
     <span class='ocr_line' id='line_1_14' title="bbox 222 1233 1996 1306; baseline -0.003 -15"><span class='ocrx_word' id='word_1_132' title='bbox 222 1234 470 1304; x_wconf 83' lang='lat' dir='ltr'><strong>spleudoris</strong></span> <span class='ocrx_word' id='word_1_133' title='bbox 486 1233 835 1302; x_wconf 86' lang='lat' dir='ltr'><strong>certitudine,</strong></span> <span class='ocrx_word' id='word_1_134' title='bbox 861 1250 1025 1306; x_wconf 83' lang='lat' dir='ltr'><strong>quem</strong></span> <span class='ocrx_word' id='word_1_135' title='bbox 1045 1242 1339 1305; x_wconf 79' lang='lat' dir='ltr'><strong>exspectat,</strong></span> <span class='ocrx_word' id='word_1_136' title='bbox 1362 1234 1565 1292; x_wconf 86' lang='lat' dir='ltr'><strong>donum</strong></span> <span class='ocrx_word' id='word_1_137' title='bbox 1621 1252 1755 1292; x_wconf 86' lang='lat' dir='ltr'><strong>san-</strong></span> <span class='ocrx_word' id='word_1_138' title='bbox 1861 1239 1951 1288; x_wconf 89' lang='lat' dir='ltr'><strong>tur</strong></span> <span class='ocrx_word' id='word_1_139' title='bbox 1980 1245 1996 1285; x_wconf 91' lang='lat'><strong>:</strong></span> 
     </span>
    </p>
   </div>
   <div class='ocr_carea' id='block_1_15' title="bbox 220 1320 1754 1396">
    <p class='ocr_par' dir='ltr' id='par_1_15' title="bbox 220 1320 1754 1396">
     <span class='ocr_line' id='line_1_15' title="bbox 220 1320 1754 1396; baseline 0.002 -18"><span class='ocrx_word' id='word_1_140' title='bbox 220 1323 273 1378; x_wconf 82' lang='lat' dir='ltr'><strong>eti</strong></span> <span class='ocrx_word' id='word_1_141' title='bbox 293 1323 488 1393; x_wconf 86' lang='lat' dir='ltr'><strong>Spiritus</strong></span> <span class='ocrx_word' id='word_1_142' title='bbox 512 1322 716 1396; x_wconf 79' lang='lat' dir='ltr'><strong>pignus</strong></span> <span class='ocrx_word' id='word_1_143' title='bbox 743 1328 908 1379; x_wconf 89' lang='lat' dir='ltr'><strong>tenet.</strong></span> <span class='ocrx_word' id='word_1_144' title='bbox 940 1320 1151 1379; x_wconf 87' lang='lat' dir='ltr'><strong>Idcirco</strong></span> <span class='ocrx_word' id='word_1_145' title='bbox 1178 1323 1248 1379; x_wconf 90' lang='lat' dir='ltr'><strong>de</strong></span> <span class='ocrx_word' id='word_1_146' title='bbox 1274 1331 1402 1383; x_wconf 89' lang='lat' dir='ltr'><strong>nato</strong></span> <span class='ocrx_word' id='word_1_147' title='bbox 1428 1325 1544 1381; x_wconf 85' lang='lat' dir='ltr'><strong>ﬁiio</strong></span> <span class='ocrx_word' id='word_1_148' title='bbox 1583 1324 1754 1381; x_wconf 64' lang='lat' dir='ltr'><strong>laetari</strong></span> 
     </span>
    </p>
   </div>
   <div class='ocr_carea' id='block_1_16' title="bbox 217 1396 1761 1484">
    <p class='ocr_par' dir='ltr' id='par_1_16' title="bbox 217 1396 1761 1484">
     <span class='ocr_line' id='line_1_16' title="bbox 217 1396 1761 1484; baseline 0 -19"><span class='ocrx_word' id='word_1_149' title='bbox 217 1409 374 1484; x_wconf 77' lang='lat' dir='ltr'><strong>refugit</strong></span> <span class='ocrx_word' id='word_1_150' title='bbox 418 1430 432 1467; x_wconf 90' lang='lat'><strong>:</strong></span> <span class='ocrx_word' id='word_1_151' title='bbox 467 1411 590 1483; x_wconf 87' lang='lat' dir='ltr'><strong>quia</strong></span> <span class='ocrx_word' id='word_1_152' title='bbox 651 1412 922 1484; x_wconf 78' lang='lat' dir='ltr'><strong>proiecto,</strong></span> <span class='ocrx_word' id='word_1_153' title='bbox 954 1411 1088 1467; x_wconf 90' lang='lat' dir='ltr'><strong>dum</strong></span> <span class='ocrx_word' id='word_1_154' title='bbox 1121 1396 1276 1465; x_wconf 82' lang='lat'><strong>137</strong></span> <span class='ocrx_word' id='word_1_155' title='bbox 1293 1412 1361 1467; x_wconf 90' lang='lat' dir='ltr'><strong>ad</strong></span> <span class='ocrx_word' id='word_1_156' title='bbox 1375 1410 1761 1468; x_wconf 87' lang='lat' dir='ltr'><strong>Gentestrans-</strong></span> 
     </span>
    </p>
   </div>
   <div class='ocr_carea' id='block_1_17' title="bbox 215 1499 1759 1573">
    <p class='ocr_par' dir='ltr' id='par_1_17' title="bbox 215 1499 1759 1573">
     <span class='ocr_line' id='line_1_17' title="bbox 215 1499 1759 1573; baseline -0.003 -16"><span class='ocrx_word' id='word_1_157' title='bbox 215 1500 618 1573; x_wconf 73' lang='lat' dir='ltr'><strong>issepraeteritam</strong></span> <span class='ocrx_word' id='word_1_158' title='bbox 641 1500 878 1572; x_wconf 81' lang='lat' dir='ltr'><strong>gloriam</strong></span> <span class='ocrx_word' id='word_1_159' title='bbox 919 1501 1216 1571; x_wconf 87' lang='lat' dir='ltr'><strong>conspicit,</strong></span> <span class='ocrx_word' id='word_1_160' title='bbox 1273 1500 1343 1556; x_wconf 90' lang='lat' dir='ltr'><strong>ad</strong></span> <span class='ocrx_word' id='word_1_161' title='bbox 1390 1499 1759 1571; x_wconf 85' lang='lat' dir='ltr'><strong>captivitatem</strong></span> 
     </span>
    </p>
   </div>
   <div class='ocr_carea' id='block_1_18' title="bbox 213 1586 1757 1664">
    <p class='ocr_par' dir='ltr' id='par_1_18' title="bbox 213 1586 1757 1664">
     <span class='ocr_line' id='line_1_18' title="bbox 213 1586 1757 1664; baseline -0.001 -19"><span class='ocrx_word' id='word_1_162' title='bbox 213 1605 258 1645; x_wconf 85' lang='lat' dir='ltr'><strong>se</strong></span> <span class='ocrx_word' id='word_1_163' title='bbox 287 1605 448 1660; x_wconf 81' lang='lat' dir='ltr'><strong>parere</strong></span> <span class='ocrx_word' id='word_1_164' title='bbox 472 1589 802 1664; x_wconf 75' lang='lat' dir='ltr'><strong>ingemiscit.</strong></span> <span class='ocrx_word' id='word_1_165' title='bbox 832 1592 883 1645; x_wconf 84' lang='lat' dir='ltr'><strong>A</strong></span> <span class='ocrx_word' id='word_1_166' title='bbox 912 1588 1260 1647; x_wconf 86' lang='lat' dir='ltr'><strong>translatione</strong></span> <span class='ocrx_word' id='word_1_167' title='bbox 1289 1588 1450 1645; x_wconf 89' lang='lat' dir='ltr'><strong>etiam</strong></span> <span class='ocrx_word' id='word_1_168' title='bbox 1477 1586 1667 1659; x_wconf 78' lang='lat' dir='ltr'><strong>gloriae</strong></span> <span class='ocrx_word' id='word_1_169' title='bbox 1688 1587 1757 1643; x_wconf 82' lang='lat' dir='ltr'><strong>fi-</strong></span> 
     </span>
    </p>
   </div>
   <div class='ocr_carea' id='block_1_19' title="bbox 211 1676 1760 1750">
    <p class='ocr_par' dir='ltr' id='par_1_19' title="bbox 211 1676 1760 1750">
     <span class='ocr_line' id='line_1_19' title="bbox 211 1676 1760 1750; baseline -0.002 -16"><span class='ocrx_word' id='word_1_170' title='bbox 211 1680 308 1735; x_wconf 86' lang='lat' dir='ltr'><strong>lium</strong></span> <span class='ocrx_word' id='word_1_171' title='bbox 331 1679 551 1735; x_wconf 87' lang='lat' dir='ltr'><strong>nominat</strong></span> <span class='ocrx_word' id='word_1_172' title='bbox 582 1695 599 1733; x_wconf 88' lang='lat'><strong>:</strong></span> <span class='ocrx_word' id='word_1_173' title='bbox 637 1680 773 1750; x_wconf 86' lang='lat' dir='ltr'><strong>quia</strong></span> <span class='ocrx_word' id='word_1_174' title='bbox 801 1678 1050 1748; x_wconf 84' lang='lat' dir='ltr'><strong>profecto</strong></span> <span class='ocrx_word' id='word_1_175' title='bbox 1079 1677 1417 1748; x_wconf 83' lang='lat' dir='ltr'><strong>impietatem</strong></span> <span class='ocrx_word' id='word_1_176' title='bbox 1442 1676 1496 1732; x_wconf 91' lang='lat' dir='ltr'><strong>in</strong></span> <span class='ocrx_word' id='word_1_177' title='bbox 1509 1692 1760 1749; x_wconf 86' lang='lat' dir='ltr'><strong>quaper-</strong></span> 
     </span>
    </p>
   </div>
   <div class='ocr_carea' id='block_1_20' title="bbox 212 1765 1759 1839">
    <p class='ocr_par' dir='ltr' id='par_1_20' title="bbox 212 1765 1759 1839">
     <span class='ocr_line' id='line_1_20' title="bbox 212 1765 1759 1839; baseline 0.002 -18"><span class='ocrx_word' id='word_1_178' title='bbox 212 1776 366 1838; x_wconf 77' lang='lat' dir='ltr'><strong>meet,</strong></span> <span class='ocrx_word' id='word_1_179' title='bbox 391 1766 534 1837; x_wconf 88' lang='lat' dir='ltr'><strong>quasi</strong></span> <span class='ocrx_word' id='word_1_180' title='bbox 564 1767 801 1839; x_wconf 70' lang='lat' dir='ltr'><strong>praelato</strong></span> <span class='ocrx_word' id='word_1_181' title='bbox 826 1765 1063 1832; x_wconf 89' lang='lat' dir='ltr'><strong>nomine,</strong></span> <span class='ocrx_word' id='word_1_182' title='bbox 1085 1770 1349 1839; x_wconf 89' lang='lat' dir='ltr'><strong>perpetuo</strong></span> <span class='ocrx_word' id='word_1_183' title='bbox 1377 1770 1759 1837; x_wconf 62' lang='lat' dir='ltr'><strong>repraesentat.</strong></span> 
     </span>
    </p>
   </div>
   <div class='ocr_carea' id='block_1_21' title="bbox 211 1853 1759 1928">
    <p class='ocr_par' dir='ltr' id='par_1_21' title="bbox 211 1853 1759 1928">
     <span class='ocr_line' id='line_1_21' title="bbox 211 1853 1759 1928; baseline -0.001 -17"><span class='ocrx_word' id='word_1_184' title='bbox 211 1858 358 1913; x_wconf 86' lang='lat' dir='ltr'><strong>Potest</strong></span> <span class='ocrx_word' id='word_1_185' title='bbox 381 1865 545 1913; x_wconf 81' lang='lat' dir='ltr'><strong>autem</strong></span> <span class='ocrx_word' id='word_1_186' title='bbox 577 1872 684 1928; x_wconf 88' lang='lat' dir='ltr'><strong>per</strong></span> <span class='ocrx_word' id='word_1_187' title='bbox 710 1856 837 1924; x_wconf 82' lang='lat' dir='ltr'><strong>hoc,</strong></span> <span class='ocrx_word' id='word_1_188' title='bbox 867 1854 1014 1927; x_wconf 90' lang='lat' dir='ltr'><strong>quod</strong></span> <span class='ocrx_word' id='word_1_189' title='bbox 1032 1870 1063 1910; x_wconf 88' lang='lat' dir='ltr'><strong>a</strong></span> <span class='ocrx_word' id='word_1_190' title='bbox 1084 1862 1255 1911; x_wconf 88' lang='lat' dir='ltr'><strong>matre</strong></span> <span class='ocrx_word' id='word_1_191' title='bbox 1296 1853 1347 1910; x_wconf 90' lang='lat' dir='ltr'><strong>ei</strong></span> <span class='ocrx_word' id='word_1_192' title='bbox 1387 1869 1587 1911; x_wconf 86' lang='lat' dir='ltr'><strong>nomen</strong></span> <span class='ocrx_word' id='word_1_193' title='bbox 1649 1854 1759 1910; x_wconf 84' lang='lat' dir='ltr'><strong>im-</strong></span> 
     </span>
    </p>
   </div>
   <div class='ocr_carea' id='block_1_22' title="bbox 1938 1320 3468 1397">
    <p class='ocr_par' dir='ltr' id='par_1_22' title="bbox 1938 1320 3468 1397">
     <span class='ocr_line' id='line_1_22' title="bbox 1938 1320 3468 1397; baseline 0.009 -23"><span class='ocrx_word' id='word_1_194' title='bbox 1938 1320 2093 1376; x_wconf 80' lang='lat' dir='ltr'><strong>Vera.</strong></span> <span class='ocrx_word' id='word_1_195' title='bbox 2128 1322 2206 1392; x_wconf 86' lang='lat'><strong>3.)</strong></span> <span class='ocrx_word' id='word_1_196' title='bbox 2243 1322 2747 1397; x_wconf 81' lang='lat' dir='ltr'><strong>TulerunlDagon,</strong></span> <span class='ocrx_word' id='word_1_197' title='bbox 2786 1328 2843 1381; x_wconf 82' lang='lat' dir='ltr'><strong>et</strong></span> <span class='ocrx_word' id='word_1_198' title='bbox 2898 1326 3285 1385; x_wconf 78' lang='lat' dir='ltr'><strong>restituerunt</strong></span> <span class='ocrx_word' id='word_1_199' title='bbox 3333 1344 3468 1388; x_wconf 85' lang='lat' dir='ltr'><strong>eum</strong></span> 
     </span>
    </p>
   </div>
   <div class='ocr_carea' id='block_1_23' title="bbox 1865 1409 2353 1468">
    <p class='ocr_par' dir='ltr' id='par_1_23' title="bbox 1865 1409 2353 1468">
     <span class='ocr_line' id='line_1_23' title="bbox 1865 1409 2353 1468; baseline 0.006 -3"><span class='ocrx_word' id='word_1_200' title='bbox 1865 1410 1928 1465; x_wconf 85' lang='lat' dir='ltr'><strong>in</strong></span> <span class='ocrx_word' id='word_1_201' title='bbox 1951 1409 2137 1467; x_wconf 84' lang='lat' dir='ltr'><strong>locum</strong></span> <span class='ocrx_word' id='word_1_202' title='bbox 2162 1426 2353 1468; x_wconf 79' lang='lat' dir='ltr'><strong>suum.</strong></span> 
     </span>
    </p>
   </div>
   <div class='ocr_carea' id='block_1_24' title="bbox 1937 1497 3472 1579">
    <p class='ocr_par' dir='ltr' id='par_1_24' title="bbox 1937 1497 3472 1579">
     <span class='ocr_line' id='line_1_24' title="bbox 1937 1497 3472 1579; baseline 0.008 -27"><span class='ocrx_word' id='word_1_203' title='bbox 1937 1497 2076 1552; x_wconf 74' lang='lat' dir='ltr'><strong>2.1d</strong></span> <span class='ocrx_word' id='word_1_204' title='bbox 2108 1505 2211 1565; x_wconf 89' lang='lat' dir='ltr'><strong>est,</strong></span> <span class='ocrx_word' id='word_1_205' title='bbox 2246 1498 2300 1553; x_wconf 91' lang='lat' dir='ltr'><strong>in</strong></span> <span class='ocrx_word' id='word_1_206' title='bbox 2326 1499 2551 1573; x_wconf 89' lang='lat' dir='ltr'><strong>templo,</strong></span> <span class='ocrx_word' id='word_1_207' title='bbox 2582 1499 2675 1557; x_wconf 87' lang='lat' dir='ltr'><strong>ubi</strong></span> <span class='ocrx_word' id='word_1_208' title='bbox 2724 1517 2852 1560; x_wconf 86' lang='lat' dir='ltr'><strong>arca</strong></span> <span class='ocrx_word' id='word_1_209' title='bbox 2902 1503 3001 1560; x_wconf 88' lang='lat' dir='ltr'><strong>Dei</strong></span> <span class='ocrx_word' id='word_1_210' title='bbox 3058 1506 3230 1579; x_wconf 86' lang='lat' dir='ltr'><strong>posita</strong></span> <span class='ocrx_word' id='word_1_211' title='bbox 3276 1507 3472 1568; x_wconf 80' lang='lat' dir='ltr'><strong>iuerat.</strong></span> 
     </span>
    </p>
   </div>
   <div class='ocr_carea' id='block_1_25' title="bbox 1868 1584 3477 1669">
    <p class='ocr_par' dir='ltr' id='par_1_25' title="bbox 1868 1584 3477 1669">
     <span class='ocr_line' id='line_1_25' title="bbox 1868 1584 3477 1669; baseline 0.01 -30"><span class='ocrx_word' id='word_1_212' title='bbox 1868 1584 2013 1656; x_wconf 85' lang='lat' dir='ltr'><strong>Quid</strong></span> <span class='ocrx_word' id='word_1_213' title='bbox 2044 1594 2127 1641; x_wconf 78' lang='lat' dir='ltr'><strong>est</strong></span> <span class='ocrx_word' id='word_1_214' title='bbox 2163 1603 2297 1659; x_wconf 86' lang='lat' dir='ltr'><strong>ergo</strong></span> <span class='ocrx_word' id='word_1_215' title='bbox 2327 1587 2522 1662; x_wconf 86' lang='lat' dir='ltr'><strong>Degon</strong></span> <span class='ocrx_word' id='word_1_216' title='bbox 2550 1590 2602 1644; x_wconf 92' lang='lat' dir='ltr'><strong>in</strong></span> <span class='ocrx_word' id='word_1_217' title='bbox 2628 1590 2812 1647; x_wconf 89' lang='lat' dir='ltr'><strong>locum</strong></span> <span class='ocrx_word' id='word_1_218' title='bbox 2843 1609 3000 1649; x_wconf 89' lang='lat' dir='ltr'><strong>suum</strong></span> <span class='ocrx_word' id='word_1_219' title='bbox 3028 1596 3328 1669; x_wconf 85' lang='lat' dir='ltr'><strong>restituere,</strong></span> <span class='ocrx_word' id='word_1_220' title='bbox 3363 1597 3477 1666; x_wconf 78' lang='lat' dir='ltr'><strong>nisi</strong></span> 
     </span>
    </p>
   </div>
   <div class='ocr_carea' id='block_1_26' title="bbox 1865 1674 3476 1749">
    <p class='ocr_par' dir='ltr' id='par_1_26' title="bbox 1865 1674 3476 1749">
     <span class='ocr_line' id='line_1_26' title="bbox 1865 1674 3476 1749; baseline 0.011 -21"><span class='ocrx_word' id='word_1_221' title='bbox 1865 1674 2026 1744; x_wconf 77' lang='lat' dir='ltr'><strong>juxta</strong></span> <span class='ocrx_word' id='word_1_222' title='bbox 2045 1674 2158 1743; x_wconf 90' lang='lat' dir='ltr'><strong>jam</strong></span> <span class='ocrx_word' id='word_1_223' title='bbox 2189 1676 2462 1749; x_wconf 83' lang='lat' dir='ltr'><strong>cognitum</strong></span> <span class='ocrx_word' id='word_1_224' title='bbox 2490 1678 2849 1749; x_wconf 87' lang='lat' dir='ltr'><strong>spiritualium</strong></span> <span class='ocrx_word' id='word_1_225' title='bbox 2878 1692 3342 1743; x_wconf 84' lang='lat' dir='ltr'><strong>sacramentorum</strong></span> <span class='ocrx_word' id='word_1_226' title='bbox 3374 1701 3476 1744; x_wconf 83' lang='lat' dir='ltr'><strong>ve-</strong></span> 
     </span>
    </p>
   </div>
   <div class='ocr_carea' id='block_1_27' title="bbox 1870 1762 3481 1833">
    <p class='ocr_par' dir='ltr' id='par_1_27' title="bbox 1870 1762 3481 1833">
     <span class='ocr_line' id='line_1_27' title="bbox 1870 1762 3481 1833; baseline 0.01 -16"><span class='ocrx_word' id='word_1_227' title='bbox 1870 1762 2108 1831; x_wconf 85' lang='lat' dir='ltr'><strong>ritatem,</strong></span> <span class='ocrx_word' id='word_1_228' title='bbox 2150 1762 2477 1820; x_wconf 62' lang='lat' dir='ltr'><strong>idololatriae</strong></span> <span class='ocrx_word' id='word_1_229' title='bbox 2530 1771 2735 1823; x_wconf 87' lang='lat' dir='ltr'><strong>statum</strong></span> <span class='ocrx_word' id='word_1_230' title='bbox 2798 1769 2987 1827; x_wconf 86' lang='lat' dir='ltr'><strong>subtili</strong></span> <span class='ocrx_word' id='word_1_231' title='bbox 3041 1770 3481 1833; x_wconf 76' lang='lat' dir='ltr'><strong>consideratione</strong></span> 
     </span>
    </p>
   </div>
   <div class='ocr_carea' id='block_1_28' title="bbox 1794 1850 3480 1945">
    <p class='ocr_par' dir='ltr' id='par_1_28' title="bbox 1794 1850 3480 1945">
     <span class='ocr_line' id='line_1_28' title="bbox 1794 1850 3480 1945; baseline 0.009 -39"><span class='ocrx_word' id='word_1_232' title='bbox 1794 1886 1847 1945; x_wconf 78' lang='grc' dir='ltr'>Β</span> <span class='ocrx_word' id='word_1_233' title='bbox 1873 1850 2196 1945; x_wconf 81' lang='lat' dir='ltr'><strong>perquirere</strong></span> <span class='ocrx_word' id='word_1_234' title='bbox 2224 1853 2253 1906; x_wconf 60' lang='grc' dir='ltr'>Ὺ</span> <span class='ocrx_word' id='word_1_235' title='bbox 2270 1854 2341 1945; x_wconf 65' lang='lat' dir='ltr'><strong>Et</strong></span> <span class='ocrx_word' id='word_1_236' title='bbox 2369 1855 2499 1926; x_wconf 88' lang='lat' dir='ltr'><strong>quia</strong></span> <span class='ocrx_word' id='word_1_237' title='bbox 2518 1872 2633 1945; x_wconf 80' lang='lat' dir='ltr'><strong>quo</strong></span> <span class='ocrx_word' id='word_1_238' title='bbox 2661 1857 2912 1915; x_wconf 83' lang='lat' dir='ltr'><strong>subtilius</strong></span> <span class='ocrx_word' id='word_1_239' title='bbox 2940 1858 3270 1919; x_wconf 64' lang='lat' dir='ltr'><strong>idololatria</strong></span> <span class='ocrx_word' id='word_1_240' title='bbox 3327 1879 3480 1921; x_wconf 88' lang='lat' dir='ltr'><strong>error</strong></span> 
     </span>
    </p>
   </div>
   <div class='ocr_carea' id='block_1_29' title="bbox 212 1940 3337 2018">
    <p class='ocr_par' dir='ltr' id='par_1_29' title="bbox 212 1940 3337 2018">
     <span class='ocr_line' id='line_1_29' title="bbox 212 1940 3337 2018; baseline 0.002 -18"><span class='ocrx_word' id='word_1_241' title='bbox 212 1946 385 2015; x_wconf 85' lang='lat' dir='ltr'><strong>ponitur</strong></span> <span class='ocrx_word' id='word_1_242' title='bbox 406 1953 589 2018; x_wconf 79' lang='lat' dir='ltr'><strong>aperte</strong></span> <span class='ocrx_word' id='word_1_243' title='bbox 624 1943 858 2016; x_wconf 79' lang='lat' dir='ltr'><strong>intelligi</strong></span> <span class='ocrx_word' id='word_1_244' title='bbox 883 1943 1028 2016; x_wconf 85' lang='lat' dir='ltr'><strong>quod</strong></span> <span class='ocrx_word' id='word_1_245' title='bbox 1057 1943 1333 1999; x_wconf 83' lang='lat' dir='ltr'><strong>videmus.</strong></span> <span class='ocrx_word' id='word_1_246' title='bbox 1371 1944 1455 1999; x_wconf 81' lang='lat' dir='ltr'><strong>Ex</strong></span> <span class='ocrx_word' id='word_1_247' title='bbox 1507 1958 1573 1999; x_wconf 88' lang='lat' dir='ltr'><strong>ea</strong></span> <span class='ocrx_word' id='word_1_248' title='bbox 1619 1944 1767 2001; x_wconf 86' lang='lat' dir='ltr'><strong>enim</strong></span> <span class='ocrx_word' id='word_1_249' title='bbox 1797 1940 1841 1945; x_wconf 66' lang='grc'>⁷</span> <span class='ocrx_word' id='word_1_250' title='bbox 1874 1940 2159 2011; x_wconf 89' lang='lat' dir='ltr'><strong>aspicitur,</strong></span> <span class='ocrx_word' id='word_1_251' title='bbox 2194 1941 2371 1998; x_wconf 88' lang='lat' dir='ltr'><strong>verius</strong></span> <span class='ocrx_word' id='word_1_252' title='bbox 2391 1944 2804 2013; x_wconf 88' lang='lat' dir='ltr'><strong>condemnatur,</strong></span> <span class='ocrx_word' id='word_1_253' title='bbox 2834 1947 3182 2017; x_wconf 89' lang='lat' dir='ltr'><strong>subjunctum</strong></span> <span class='ocrx_word' id='word_1_254' title='bbox 3210 1958 3291 2007; x_wconf 88' lang='lat' dir='ltr'><strong>est</strong></span> <span class='ocrx_word' id='word_1_255' title='bbox 3323 1967 3337 2007; x_wconf 89' lang='lat'>:</span> 
     </span>
    </p>
   </div>
   <div class='ocr_carea' id='block_1_30' title="bbox 210 2031 1770 2106">
    <p class='ocr_par' dir='ltr' id='par_1_30' title="bbox 210 2031 1770 2106">
     <span class='ocr_line' id='line_1_30' title="bbox 210 2031 1770 2106; baseline 0.001 -18"><span class='ocrx_word' id='word_1_256' title='bbox 210 2048 362 2090; x_wconf 84' lang='lat' dir='ltr'><strong>nomen</strong></span> <span class='ocrx_word' id='word_1_257' title='bbox 387 2034 650 2106; x_wconf 75' lang='lat' dir='ltr'><strong>suscepit,</strong></span> <span class='ocrx_word' id='word_1_258' title='bbox 678 2047 713 2093; x_wconf 86' lang='lat' dir='ltr'><strong>a</strong></span> <span class='ocrx_word' id='word_1_259' title='bbox 742 2049 850 2105; x_wconf 88' lang='lat' dir='ltr'><strong>qua</strong></span> <span class='ocrx_word' id='word_1_260' title='bbox 869 2032 921 2090; x_wconf 88' lang='lat' dir='ltr'><strong>ei</strong></span> <span class='ocrx_word' id='word_1_261' title='bbox 950 2032 1196 2089; x_wconf 86' lang='lat' dir='ltr'><strong>meritum</strong></span> <span class='ocrx_word' id='word_1_262' title='bbox 1246 2031 1542 2102; x_wconf 86' lang='lat' dir='ltr'><strong>impietatis</strong></span> <span class='ocrx_word' id='word_1_263' title='bbox 1599 2032 1770 2091; x_wconf 86' lang='lat' dir='ltr'><strong>venit.</strong></span> 
     </span>
    </p>
   </div>
   <div class='ocr_carea' id='block_1_31' title="bbox 212 2122 444 2193">
    <p class='ocr_par' dir='ltr' id='par_1_31' title="bbox 212 2122 444 2193">
     <span class='ocr_line' id='line_1_31' title="bbox 212 2122 444 2193; baseline 0 -13"><span class='ocrx_word' id='word_1_264' title='bbox 212 2122 411 2193; x_wconf 82' lang='lat' dir='ltr'><strong>Sequitur</strong></span> <span class='ocrx_word' id='word_1_265' title='bbox 430 2140 444 2180; x_wconf 85' lang='lat'><strong>:</strong></span> 
     </span>
    </p>
   </div>
   <div class='ocr_carea' id='block_1_32' title="bbox 780 2210 1127 2268">
    <p class='ocr_par' dir='ltr' id='par_1_32' title="bbox 780 2210 1127 2268">
     <span class='ocr_line' id='line_1_32' title="bbox 780 2210 1127 2268; baseline -0.006 -1"><span class='ocrx_word' id='word_1_266' title='bbox 780 2210 1001 2268; x_wconf 76' lang='lat' dir='ltr'><strong>CAPUT</strong></span> <span class='ocrx_word' id='word_1_267' title='bbox 1029 2210 1127 2265; x_wconf 85' lang='lat' dir='ltr'><strong>IlI.</strong></span> 
     </span>
    </p>
   </div>
   <div class='ocr_carea' id='block_1_33' title="bbox 262 2297 1773 2374">
    <p class='ocr_par' dir='ltr' id='par_1_33' title="bbox 262 2297 1773 2374">
     <span class='ocr_line' id='line_1_33' title="bbox 262 2297 1773 2374; baseline 0 -17"><span class='ocrx_word' id='word_1_268' title='bbox 262 2301 297 2367; x_wconf 76' lang='lat' dir='ltr'><strong>tl</strong></span> <span class='ocrx_word' id='word_1_269' title='bbox 328 2302 447 2374; x_wconf 83' lang='lat' dir='ltr'><strong>Reg.</strong></span> <span class='ocrx_word' id='word_1_270' title='bbox 495 2318 547 2371; x_wconf 76' lang='grc' dir='ltr'><strong>ι’,</strong></span> <span class='ocrx_word' id='word_1_271' title='bbox 619 2302 770 2370; x_wconf 81' lang='grc'><strong>1-3.)</strong></span> <span class='ocrx_word' id='word_1_272' title='bbox 832 2297 1196 2356; x_wconf 79' lang='lat' dir='ltr'><strong>Philistliiim</strong></span> <span class='ocrx_word' id='word_1_273' title='bbox 1251 2303 1450 2358; x_wconf 82' lang='lat' dir='ltr'><strong>autem</strong></span> <span class='ocrx_word' id='word_1_274' title='bbox 1509 2300 1773 2357; x_wconf 78' lang='lat' dir='ltr'><strong>tulerunt</strong></span> 
     </span>
    </p>
   </div>
   <div class='ocr_carea' id='block_1_34' title="bbox 207 2386 1773 2462">
    <p class='ocr_par' dir='ltr' id='par_1_34' title="bbox 207 2386 1773 2462">
     <span class='ocr_line' id='line_1_34' title="bbox 207 2386 1773 2462; baseline 0 -16"><span class='ocrx_word' id='word_1_275' title='bbox 207 2392 908 2462; x_wconf 62' lang='lat' dir='ltr'><strong>areametaspartaverunt</strong></span> <span class='ocrx_word' id='word_1_276' title='bbox 935 2406 969 2444; x_wconf 90' lang='lat' dir='ltr'><strong>a</strong></span> <span class='ocrx_word' id='word_1_277' title='bbox 989 2386 1203 2460; x_wconf 74' lang='lat' dir='ltr'><strong>Lapidc</strong></span> <span class='ocrx_word' id='word_1_278' title='bbox 1233 2388 1519 2459; x_wconf 78' lang='lat' dir='ltr'><strong>Adjutorii</strong></span> <span class='ocrx_word' id='word_1_279' title='bbox 1563 2390 1773 2447; x_wconf 61' lang='lat' dir='ltr'><strong>initae-</strong></span> 
     </span>
    </p>
   </div>
   <div class='ocr_carea' id='block_1_35' title="bbox 209 2477 1778 2546">
    <p class='ocr_par' dir='ltr' id='par_1_35' title="bbox 209 2477 1778 2546">
     <span class='ocr_line' id='line_1_35' title="bbox 209 2477 1778 2546; baseline 0.001 -14"><span class='ocrx_word' id='word_1_280' title='bbox 209 2485 323 2534; x_wconf 74' lang='lat' dir='ltr'><strong>tam.</strong></span> <span class='ocrx_word' id='word_1_281' title='bbox 360 2478 639 2537; x_wconf 67' lang='lat' dir='ltr'><strong>fulsi-unt</strong></span> <span class='ocrx_word' id='word_1_282' title='bbox 676 2477 1255 2535; x_wconf 75' lang='lat' dir='ltr'><strong>Philislhiimarcam</strong></span> <span class='ocrx_word' id='word_1_283' title='bbox 1291 2479 1413 2546; x_wconf 78' lang='lat' dir='ltr'><strong>Dei,</strong></span> <span class='ocrx_word' id='word_1_284' title='bbox 1454 2482 1511 2534; x_wconf 77' lang='lat' dir='ltr'><strong>et</strong></span> <span class='ocrx_word' id='word_1_285' title='bbox 1564 2477 1778 2535; x_wconf 70' lang='lat' dir='ltr'><strong>intule-</strong></span> 
     </span>
    </p>
   </div>
   <div class='ocr_carea' id='block_1_36' title="bbox 205 2566 1780 2639">
    <p class='ocr_par' dir='ltr' id='par_1_36' title="bbox 205 2566 1780 2639">
     <span class='ocr_line' id='line_1_36' title="bbox 205 2566 1780 2639; baseline -0.001 -16"><span class='ocrx_word' id='word_1_286' title='bbox 205 2571 314 2623; x_wconf 73' lang='lat' dir='ltr'><strong>rant</strong></span> <span class='ocrx_word' id='word_1_287' title='bbox 336 2582 445 2625; x_wconf 79' lang='lat' dir='ltr'><strong>eam</strong></span> <span class='ocrx_word' id='word_1_288' title='bbox 474 2570 537 2624; x_wconf 78' lang='lat' dir='ltr'><strong>in</strong></span> <span class='ocrx_word' id='word_1_289' title='bbox 568 2567 860 2639; x_wconf 77' lang='lat' dir='ltr'><strong>templum</strong></span> <span class='ocrx_word' id='word_1_290' title='bbox 875 2566 1086 2637; x_wconf 77' lang='lat' dir='ltr'><strong>Dagon,</strong></span> <span class='ocrx_word' id='word_1_291' title='bbox 1110 2569 1168 2622; x_wconf 80' lang='lat' dir='ltr'><strong>et</strong></span> <span class='ocrx_word' id='word_1_292' title='bbox 1198 2570 1586 2625; x_wconf 75' lang='lat' dir='ltr'><strong>surrexerunt</strong></span> <span class='ocrx_word' id='word_1_293' title='bbox 1640 2568 1780 2622; x_wconf 70' lang='lat' dir='ltr'><strong>Azo-</strong></span> 
     </span>
    </p>
   </div>
   <div class='ocr_carea' id='block_1_37' title="bbox 210 2654 1780 2729">
    <p class='ocr_par' dir='ltr' id='par_1_37' title="bbox 210 2654 1780 2729">
     <span class='ocr_line' id='line_1_37' title="bbox 210 2654 1780 2729; baseline 0.003 -21"><span class='ocrx_word' id='word_1_294' title='bbox 210 2656 262 2713; x_wconf 78' lang='lat' dir='ltr'><strong>til</strong></span> <span class='ocrx_word' id='word_1_295' title='bbox 280 2657 445 2714; x_wconf 80' lang='lat' dir='ltr'><strong>altera</strong></span> <span class='ocrx_word' id='word_1_296' title='bbox 470 2657 588 2722; x_wconf 78' lang='lat' dir='ltr'><strong>die,</strong></span> <span class='ocrx_word' id='word_1_297' title='bbox 623 2659 682 2712; x_wconf 80' lang='lat' dir='ltr'><strong>et</strong></span> <span class='ocrx_word' id='word_1_298' title='bbox 713 2655 1063 2712; x_wconf 77' lang='lat' dir='ltr'><strong>inuenerunt</strong></span> <span class='ocrx_word' id='word_1_299' title='bbox 1080 2656 1273 2727; x_wconf 81' lang='lat' dir='ltr'><strong>bagon</strong></span> <span class='ocrx_word' id='word_1_300' title='bbox 1297 2654 1597 2729; x_wconf 79' lang='lat' dir='ltr'><strong>jacentem</strong></span> <span class='ocrx_word' id='word_1_301' title='bbox 1641 2660 1780 2713; x_wconf 80' lang='lat' dir='ltr'><strong>ante</strong></span> 
     </span>
    </p>
   </div>
   <div class='ocr_carea' id='block_1_38' title="bbox 203 2744 958 2818">
    <p class='ocr_par' dir='ltr' id='par_1_38' title="bbox 203 2744 958 2818">
     <span class='ocr_line' id='line_1_38' title="bbox 203 2744 958 2818; baseline -0.004 -17"><span class='ocrx_word' id='word_1_302' title='bbox 203 2760 375 2813; x_wconf 75' lang='lat' dir='ltr'><strong>ereum,</strong></span> <span class='ocrx_word' id='word_1_303' title='bbox 402 2760 656 2818; x_wconf 80' lang='lat' dir='ltr'><strong>pronum</strong></span> <span class='ocrx_word' id='word_1_304' title='bbox 682 2744 747 2801; x_wconf 80' lang='lat' dir='ltr'><strong>in</strong></span> <span class='ocrx_word' id='word_1_305' title='bbox 779 2748 958 2800; x_wconf 83' lang='lat' dir='ltr'><strong>terra.</strong></span> 
     </span>
    </p>
   </div>
   <div class='ocr_carea' id='block_1_39' title="bbox 254 2830 1787 2905">
    <p class='ocr_par' dir='ltr' id='par_1_39' title="bbox 254 2830 1787 2905">
     <span class='ocr_line' id='line_1_39' title="bbox 254 2830 1787 2905; baseline 0 -16"><span class='ocrx_word' id='word_1_306' title='bbox 254 2838 295 2890; x_wconf 84' lang='lat' dir='ltr'><strong>t.</strong></span> <span class='ocrx_word' id='word_1_307' title='bbox 322 2833 451 2903; x_wconf 83' lang='lat' dir='ltr'><strong>Quid</strong></span> <span class='ocrx_word' id='word_1_308' title='bbox 477 2841 563 2892; x_wconf 88' lang='lat' dir='ltr'><strong>est</strong></span> <span class='ocrx_word' id='word_1_309' title='bbox 595 2831 743 2905; x_wconf 90' lang='lat' dir='ltr'><strong>quod</strong></span> <span class='ocrx_word' id='word_1_310' title='bbox 772 2847 908 2890; x_wconf 85' lang='lat' dir='ltr'><strong>arca</strong></span> <span class='ocrx_word' id='word_1_311' title='bbox 934 2847 966 2889; x_wconf 86' lang='lat' dir='ltr'><strong>a</strong></span> <span class='ocrx_word' id='word_1_312' title='bbox 988 2830 1192 2902; x_wconf 78' lang='lat' dir='ltr'><strong>Lepide</strong></span> <span class='ocrx_word' id='word_1_313' title='bbox 1241 2831 1510 2903; x_wconf 77' lang='lat' dir='ltr'><strong>Adjutorii</strong></span> <span class='ocrx_word' id='word_1_314' title='bbox 1539 2839 1787 2904; x_wconf 83' lang='lat' dir='ltr'><strong>asporta-</strong></span> 
     </span>
    </p>
   </div>
   <div class='ocr_carea' id='block_1_40' title="bbox 202 2915 1789 2995">
    <p class='ocr_par' dir='ltr' id='par_1_40' title="bbox 202 2915 1789 2995">
     <span class='ocr_line' id='line_1_40' title="bbox 202 2915 1789 2995; baseline -0.001 -17"><span class='ocrx_word' id='word_1_315' title='bbox 202 2915 284 2989; x_wconf 64' lang='lat' dir='ltr'><strong>lur,</strong></span> <span class='ocrx_word' id='word_1_316' title='bbox 310 2923 403 2980; x_wconf 78' lang='lat' dir='ltr'><strong>nisi</strong></span> <span class='ocrx_word' id='word_1_317' title='bbox 433 2924 565 2995; x_wconf 85' lang='lat' dir='ltr'><strong>quia</strong></span> <span class='ocrx_word' id='word_1_318' title='bbox 596 2936 892 2994; x_wconf 67' lang='lat' dir='ltr'><strong>praecones</strong></span> <span class='ocrx_word' id='word_1_319' title='bbox 922 2920 1168 2977; x_wconf 87' lang='lat' dir='ltr'><strong>veritatis</strong></span> <span class='ocrx_word' id='word_1_320' title='bbox 1201 2920 1273 2978; x_wconf 87' lang='lat' dir='ltr'><strong>ab</strong></span> <span class='ocrx_word' id='word_1_321' title='bbox 1307 2936 1394 2988; x_wconf 90' lang='lat' dir='ltr'><strong>eo,</strong></span> <span class='ocrx_word' id='word_1_322' title='bbox 1427 2935 1591 2991; x_wconf 87' lang='lat' dir='ltr'><strong>quem</strong></span> <span class='ocrx_word' id='word_1_323' title='bbox 1612 2920 1789 2979; x_wconf 67' lang='lat' dir='ltr'><strong>Judaei</strong></span> 
     </span>
    </p>
   </div>
   <div class='ocr_carea' id='block_1_41' title="bbox 203 3007 1792 3083">
    <p class='ocr_par' dir='ltr' id='par_1_41' title="bbox 203 3007 1792 3083">
     <span class='ocr_line' id='line_1_41' title="bbox 203 3007 1792 3083; baseline 0.001 -17"><span class='ocrx_word' id='word_1_324' title='bbox 203 3012 311 3069; x_wconf 80' lang='lat' dir='ltr'><strong>falsa</strong></span> <span class='ocrx_word' id='word_1_325' title='bbox 334 3012 597 3083; x_wconf 85' lang='lat' dir='ltr'><strong>opinione</strong></span> <span class='ocrx_word' id='word_1_326' title='bbox 626 3017 969 3081; x_wconf 80' lang='lat' dir='ltr'><strong>exspectant,</strong></span> <span class='ocrx_word' id='word_1_327' title='bbox 1001 3007 1220 3067; x_wconf 82' lang='lat' dir='ltr'><strong>Christo</strong></span> <span class='ocrx_word' id='word_1_328' title='bbox 1252 3009 1518 3079; x_wconf 83' lang='lat' dir='ltr'><strong>mysteria</strong></span> <span class='ocrx_word' id='word_1_329' title='bbox 1538 3008 1792 3081; x_wconf 84' lang='lat' dir='ltr'><strong>Scriptu-</strong></span> 
     </span>
    </p>
   </div>
   <div class='ocr_carea' id='block_1_42' title="bbox 202 3096 1792 3168">
    <p class='ocr_par' dir='ltr' id='par_1_42' title="bbox 202 3096 1792 3168">
     <span class='ocr_line' id='line_1_42' title="bbox 202 3096 1792 3168; baseline 0 -13"><span class='ocrx_word' id='word_1_330' title='bbox 202 3114 348 3155; x_wconf 85' lang='lat' dir='ltr'><strong>rarum</strong></span> <span class='ocrx_word' id='word_1_331' title='bbox 374 3099 856 3160; x_wconf 71' lang='lat' dir='ltr'><strong>auferunt‘tDum</strong></span> <span class='ocrx_word' id='word_1_332' title='bbox 905 3096 1054 3154; x_wconf 89' lang='lat' dir='ltr'><strong>enim</strong></span> <span class='ocrx_word' id='word_1_333' title='bbox 1110 3097 1182 3154; x_wconf 89' lang='lat' dir='ltr'><strong>ad</strong></span> <span class='ocrx_word' id='word_1_334' title='bbox 1236 3097 1360 3155; x_wconf 87' lang='lat' dir='ltr'><strong>veri</strong></span> <span class='ocrx_word' id='word_1_335' title='bbox 1413 3096 1792 3168; x_wconf 79' lang='lat' dir='ltr'><strong>Redemptoris</strong></span> 
     </span>
    </p>
   </div>
   <div class='ocr_carea' id='block_1_43' title="bbox 199 3184 1788 3260">
    <p class='ocr_par' dir='ltr' id='par_1_43' title="bbox 199 3184 1788 3260">
     <span class='ocr_line' id='line_1_43' title="bbox 199 3184 1788 3260; baseline -0.001 -15"><span class='ocrx_word' id='word_1_336' title='bbox 199 3188 527 3260; x_wconf 74' lang='lat' dir='ltr'><strong>cognitionem</strong></span> <span class='ocrx_word' id='word_1_337' title='bbox 561 3195 773 3245; x_wconf 76' lang='lat' dir='ltr'><strong>sancta:</strong></span> <span class='ocrx_word' id='word_1_338' title='bbox 786 3185 1079 3256; x_wconf 69' lang='lat' dir='ltr'><strong>Scriptum</strong></span> <span class='ocrx_word' id='word_1_339' title='bbox 1092 3184 1403 3243; x_wconf 88' lang='lat' dir='ltr'><strong>testimonia</strong></span> <span class='ocrx_word' id='word_1_340' title='bbox 1431 3194 1788 3250; x_wconf 87' lang='lat' dir='ltr'><strong>convertunt.</strong></span> 
     </span>
    </p>
   </div>
   <div class='ocr_carea' id='block_1_44' title="bbox 201 3272 1789 3345">
    <p class='ocr_par' dir='ltr' id='par_1_44' title="bbox 201 3272 1789 3345">
     <span class='ocr_line' id='line_1_44' title="bbox 201 3272 1789 3345; baseline -0.001 -15"><span class='ocrx_word' id='word_1_341' title='bbox 201 3276 255 3330; x_wconf 81' lang='lat' dir='ltr'><strong>sb</strong></span> <span class='ocrx_word' id='word_1_342' title='bbox 276 3293 332 3333; x_wconf 89' lang='lat' dir='ltr'><strong>eo</strong></span> <span class='ocrx_word' id='word_1_343' title='bbox 356 3278 619 3331; x_wconf 86' lang='lat' dir='ltr'><strong>nimirum</strong></span> <span class='ocrx_word' id='word_1_344' title='bbox 647 3275 702 3329; x_wconf 90' lang='lat' dir='ltr'><strong>in</strong></span> <span class='ocrx_word' id='word_1_345' title='bbox 736 3291 900 3345; x_wconf 88' lang='lat' dir='ltr'><strong>quem</strong></span> <span class='ocrx_word' id='word_1_346' title='bbox 931 3273 1016 3329; x_wconf 87' lang='lat' dir='ltr'><strong>sui</strong></span> <span class='ocrx_word' id='word_1_347' title='bbox 1050 3272 1237 3329; x_wconf 81' lang='lat' dir='ltr'><strong>auxilii</strong></span> <span class='ocrx_word' id='word_1_348' title='bbox 1267 3288 1426 3344; x_wconf 83' lang='lat' dir='ltr'><strong>spem</strong></span> <span class='ocrx_word' id='word_1_349' title='bbox 1462 3274 1639 3334; x_wconf 66' lang='lat' dir='ltr'><strong>Judaei</strong></span> <span class='ocrx_word' id='word_1_350' title='bbox 1684 3290 1789 3345; x_wconf 84' lang='lat' dir='ltr'><strong>po-</strong></span> 
     </span>
    </p>
   </div>
   <div class='ocr_carea' id='block_1_45' title="bbox 197 3359 1793 3434">
    <p class='ocr_par' dir='ltr' id='par_1_45' title="bbox 197 3359 1793 3434">
     <span class='ocr_line' id='line_1_45' title="bbox 197 3359 1793 3434; baseline -0.002 -12"><span class='ocrx_word' id='word_1_351' title='bbox 197 3374 384 3423; x_wconf 80' lang='lat' dir='ltr'><strong>suerant</strong></span> <span class='ocrx_word' id='word_1_352' title='bbox 407 3382 601 3425; x_wconf 82' lang='lat' dir='ltr'><strong>arcam</strong></span> <span class='ocrx_word' id='word_1_353' title='bbox 613 3363 915 3423; x_wconf 63' lang='lat' dir='ltr'><strong>tollunt.‘Et</strong></span> <span class='ocrx_word' id='word_1_354' title='bbox 943 3361 1070 3433; x_wconf 81' lang='lat' dir='ltr'><strong>quia</strong></span> <span class='ocrx_word' id='word_1_355' title='bbox 1105 3359 1510 3419; x_wconf 84' lang='lat' dir='ltr'><strong>Gentibustidei</strong></span> <span class='ocrx_word' id='word_1_356' title='bbox 1533 3363 1793 3434; x_wconf 83' lang='lat' dir='ltr'><strong>mysteria</strong></span> 
     </span>
    </p>
   </div>
   <div class='ocr_carea' id='block_1_46' title="bbox 200 3449 1789 3523">
    <p class='ocr_par' dir='ltr' id='par_1_46' title="bbox 200 3449 1789 3523">
     <span class='ocr_line' id='line_1_46' title="bbox 200 3449 1789 3523; baseline -0.002 -12"><span class='ocrx_word' id='word_1_357' title='bbox 200 3454 467 3521; x_wconf 80' lang='lat' dir='ltr'><strong>creduntur,</strong></span> <span class='ocrx_word' id='word_1_358' title='bbox 500 3468 641 3513; x_wconf 78' lang='lat' dir='ltr'><strong>arca</strong></span> <span class='ocrx_word' id='word_1_359' title='bbox 674 3452 777 3512; x_wconf 87' lang='lat' dir='ltr'><strong>Dei</strong></span> <span class='ocrx_word' id='word_1_360' title='bbox 802 3451 856 3508; x_wconf 91' lang='lat' dir='ltr'><strong>in</strong></span> <span class='ocrx_word' id='word_1_361' title='bbox 886 3454 1118 3509; x_wconf 68' lang='lat' dir='ltr'><strong>Acetum</strong></span> <span class='ocrx_word' id='word_1_362' title='bbox 1147 3449 1482 3521; x_wconf 88' lang='lat' dir='ltr'><strong>perdueitur.</strong></span> <span class='ocrx_word' id='word_1_363' title='bbox 1500 3451 1637 3522; x_wconf 62' lang='lat' dir='ltr'><strong>Qum</strong></span> <span class='ocrx_word' id='word_1_364' title='bbox 1655 3466 1789 3523; x_wconf 87' lang='lat' dir='ltr'><strong>pro-</strong></span> 
     </span>
    </p>
   </div>
   <div class='ocr_carea' id='block_1_47' title="bbox 197 3536 1788 3612">
    <p class='ocr_par' dir='ltr' id='par_1_47' title="bbox 197 3536 1788 3612">
     <span class='ocr_line' id='line_1_47' title="bbox 197 3536 1788 3612; baseline 0.001 -18"><span class='ocrx_word' id='word_1_365' title='bbox 197 3538 308 3602; x_wconf 79' lang='lat' dir='ltr'><strong>fecto</strong></span> <span class='ocrx_word' id='word_1_366' title='bbox 322 3558 443 3603; x_wconf 74' lang='lat' dir='ltr'><strong>area</strong></span> <span class='ocrx_word' id='word_1_367' title='bbox 470 3545 530 3603; x_wconf 87' lang='lat' dir='ltr'><strong>in</strong></span> <span class='ocrx_word' id='word_1_368' title='bbox 564 3540 834 3612; x_wconf 81' lang='lat' dir='ltr'><strong>templum</strong></span> <span class='ocrx_word' id='word_1_369' title='bbox 871 3538 1124 3597; x_wconf 81' lang='lat' dir='ltr'><strong>infertur.</strong></span> <span class='ocrx_word' id='word_1_370' title='bbox 1159 3536 1308 3607; x_wconf 86' lang='lat' dir='ltr'><strong>Quid</strong></span> <span class='ocrx_word' id='word_1_371' title='bbox 1344 3552 1483 3611; x_wconf 85' lang='lat' dir='ltr'><strong>ergo</strong></span> <span class='ocrx_word' id='word_1_372' title='bbox 1512 3539 1614 3595; x_wconf 86' lang='lat' dir='ltr'><strong>fuit</strong></span> <span class='ocrx_word' id='word_1_373' title='bbox 1642 3547 1788 3596; x_wconf 86' lang='lat' dir='ltr'><strong>tem-</strong></span> 
     </span>
    </p>
   </div>
   <div class='ocr_carea' id='block_1_48' title="bbox 202 3627 1788 3704">
    <p class='ocr_par' dir='ltr' id='par_1_48' title="bbox 202 3627 1788 3704">
     <span class='ocr_line' id='line_1_48' title="bbox 202 3627 1788 3704; baseline 0 -21"><span class='ocrx_word' id='word_1_374' title='bbox 202 3630 320 3699; x_wconf 86' lang='lat' dir='ltr'><strong>plum</strong></span> <span class='ocrx_word' id='word_1_375' title='bbox 349 3633 568 3704; x_wconf 82' lang='lat' dir='ltr'><strong>Dagon,</strong></span> <span class='ocrx_word' id='word_1_376' title='bbox 604 3630 705 3684; x_wconf 87' lang='lat' dir='ltr'><strong>nisi</strong></span> <span class='ocrx_word' id='word_1_377' title='bbox 737 3644 1083 3701; x_wconf 64' lang='lat' dir='ltr'><strong>unaquaeque</strong></span> <span class='ocrx_word' id='word_1_378' title='bbox 1111 3628 1294 3685; x_wconf 88' lang='lat' dir='ltr'><strong>anima</strong></span> <span class='ocrx_word' id='word_1_379' title='bbox 1320 3627 1577 3695; x_wconf 82' lang='lat' dir='ltr'><strong>inﬁdelis,</strong></span> <span class='ocrx_word' id='word_1_380' title='bbox 1610 3644 1788 3697; x_wconf 88' lang='lat' dir='ltr'><strong>quon—</strong></span> 
     </span>
    </p>
   </div>
   <div class='ocr_carea' id='block_1_49' title="bbox 199 3716 1789 3789">
    <p class='ocr_par' dir='ltr' id='par_1_49' title="bbox 199 3716 1789 3789">
     <span class='ocr_line' id='line_1_49' title="bbox 199 3716 1789 3789; baseline -0.005 -11"><span class='ocrx_word' id='word_1_381' title='bbox 199 3718 297 3777; x_wconf 68' lang='lat' dir='ltr'><strong>dam</strong></span> <span class='ocrx_word' id='word_1_382' title='bbox 321 3720 649 3777; x_wconf 64' lang='lat' dir='ltr'><strong>idololatriae</strong></span> <span class='ocrx_word' id='word_1_383' title='bbox 679 3717 1069 3789; x_wconf 82' lang='lat' dir='ltr'><strong>superstitione</strong></span> <span class='ocrx_word' id='word_1_384' title='bbox 1097 3716 1303 3787; x_wconf 86' lang='lat' dir='ltr'><strong>polluta</strong></span> <span class='ocrx_word' id='word_1_385' title='bbox 1331 3716 1359 3769; x_wconf 72' lang='lat'><strong>‘2</strong></span> <span class='ocrx_word' id='word_1_386' title='bbox 1391 3716 1537 3784; x_wconf 86' lang='lat' dir='ltr'><strong>Quid</strong></span> <span class='ocrx_word' id='word_1_387' title='bbox 1566 3716 1789 3776; x_wconf 79' lang='lat' dir='ltr'><strong>simula-</strong></span> 
     </span>
    </p>
   </div>
   <div class='ocr_carea' id='block_1_50' title="bbox 198 3804 1785 3881">
    <p class='ocr_par' dir='ltr' id='par_1_50' title="bbox 198 3804 1785 3881">
     <span class='ocr_line' id='line_1_50' title="bbox 198 3804 1785 3881; baseline -0.003 -17"><span class='ocrx_word' id='word_1_388' title='bbox 198 3821 319 3864; x_wconf 77' lang='lat' dir='ltr'><strong>crum</strong></span> <span class='ocrx_word' id='word_1_389' title='bbox 343 3810 560 3881; x_wconf 81' lang='lat' dir='ltr'><strong>Dagon,</strong></span> <span class='ocrx_word' id='word_1_390' title='bbox 596 3806 698 3863; x_wconf 86' lang='lat' dir='ltr'><strong>nisi</strong></span> <span class='ocrx_word' id='word_1_391' title='bbox 729 3807 892 3863; x_wconf 86' lang='lat' dir='ltr'><strong>totius</strong></span> <span class='ocrx_word' id='word_1_392' title='bbox 950 3804 1278 3863; x_wconf 87' lang='lat' dir='ltr'><strong>idololatriae</strong></span> <span class='ocrx_word' id='word_1_393' title='bbox 1334 3804 1785 3877; x_wconf 82' lang='lat' dir='ltr'><strong>superstitionem</strong></span> 
     </span>
    </p>
   </div>
   <div class='ocr_carea' id='block_1_51' title="bbox 199 3892 1786 3969">
    <p class='ocr_par' dir='ltr' id='par_1_51' title="bbox 199 3892 1786 3969">
     <span class='ocr_line' id='line_1_51' title="bbox 199 3892 1786 3969; baseline -0.001 -19"><span class='ocrx_word' id='word_1_394' title='bbox 199 3895 417 3969; x_wconf 74' lang='lat' dir='ltr'><strong>designat</strong></span> <span class='ocrx_word' id='word_1_395' title='bbox 443 3899 473 3952; x_wconf 61' lang='grc' dir='ltr'><strong><em>Ὺ</em></strong></span> <span class='ocrx_word' id='word_1_396' title='bbox 502 3896 656 3966; x_wconf 85' lang='lat' dir='ltr'><strong>Quid</strong></span> <span class='ocrx_word' id='word_1_397' title='bbox 684 3895 850 3967; x_wconf 81' lang='lat' dir='ltr'><strong>igitur</strong></span> <span class='ocrx_word' id='word_1_398' title='bbox 877 3901 996 3952; x_wconf 84' lang='lat' dir='ltr'><strong>erat</strong></span> <span class='ocrx_word' id='word_1_399' title='bbox 1029 3894 1199 3960; x_wconf 79' lang='lat' dir='ltr'><strong>aliud.</strong></span> <span class='ocrx_word' id='word_1_400' title='bbox 1232 3893 1491 3964; x_wconf 80' lang='lat' dir='ltr'><strong>mysteria</strong></span> <span class='ocrx_word' id='word_1_401' title='bbox 1521 3892 1645 3951; x_wconf 86' lang='lat' dir='ltr'><strong>ﬁdei</strong></span> <span class='ocrx_word' id='word_1_402' title='bbox 1666 3908 1786 3949; x_wconf 54' lang='lat' dir='ltr'><strong>cor.</strong></span> 
     </span>
    </p>
   </div>
   <div class='ocr_carea' id='block_1_52' title="bbox 195 3980 1784 4054">
    <p class='ocr_par' dir='ltr' id='par_1_52' title="bbox 195 3980 1784 4054">
     <span class='ocr_line' id='line_1_52' title="bbox 195 3980 1784 4054; baseline -0.003 -12"><span class='ocrx_word' id='word_1_403' title='bbox 195 3983 925 4049; x_wconf 58' lang='lat' dir='ltr'><strong>ﬁmeentﬂiumintimare,</strong></span> <span class='ocrx_word' id='word_1_404' title='bbox 952 3999 1114 4054; x_wconf 86' lang='lat' dir='ltr'><strong>quam</strong></span> <span class='ocrx_word' id='word_1_405' title='bbox 1138 3998 1322 4039; x_wconf 78' lang='lat' dir='ltr'><strong>ai&#39;cam</strong></span> <span class='ocrx_word' id='word_1_406' title='bbox 1342 3982 1441 4039; x_wconf 87' lang='lat' dir='ltr'><strong>Dei</strong></span> <span class='ocrx_word' id='word_1_407' title='bbox 1454 3981 1511 4039; x_wconf 89' lang='lat' dir='ltr'><strong>in</strong></span> <span class='ocrx_word' id='word_1_408' title='bbox 1524 3980 1784 4053; x_wconf 83' lang='lat' dir='ltr'><strong>templum</strong></span> 
     </span>
    </p>
   </div>
   <div class='ocr_carea' id='block_1_53' title="bbox 200 4069 1784 4145">
    <p class='ocr_par' dir='ltr' id='par_1_53' title="bbox 200 4069 1784 4145">
     <span class='ocr_line' id='line_1_53' title="bbox 200 4069 1784 4145; baseline 0 -16"><span class='ocrx_word' id='word_1_409' title='bbox 200 4071 360 4145; x_wconf 70' lang='lat' dir='ltr'><strong>Dsgen</strong></span> <span class='ocrx_word' id='word_1_410' title='bbox 385 4072 637 4132; x_wconf 87' lang='lat' dir='ltr'><strong>inferri?</strong></span> <span class='ocrx_word' id='word_1_411' title='bbox 658 4072 817 4129; x_wconf 81' lang='lat' dir='ltr'><strong>Velut</strong></span> <span class='ocrx_word' id='word_1_412' title='bbox 846 4071 993 4128; x_wconf 88' lang='lat' dir='ltr'><strong>enim</strong></span> <span class='ocrx_word' id='word_1_413' title='bbox 1019 4072 1182 4141; x_wconf 79' lang='lat' dir='ltr'><strong>juxta</strong></span> <span class='ocrx_word' id='word_1_414' title='bbox 1218 4072 1415 4143; x_wconf 83' lang='lat' dir='ltr'><strong>Dagon</strong></span> <span class='ocrx_word' id='word_1_415' title='bbox 1445 4069 1784 4129; x_wconf 83' lang='lat' dir='ltr'><strong>statuebatur</strong></span> 
     </span>
    </p>
   </div>
   <div class='ocr_carea' id='block_1_54' title="bbox 195 4158 1779 4233">
    <p class='ocr_par' dir='ltr' id='par_1_54' title="bbox 195 4158 1779 4233">
     <span class='ocr_line' id='line_1_54' title="bbox 195 4158 1779 4233; baseline -0.001 -17"><span class='ocrx_word' id='word_1_416' title='bbox 195 4177 310 4229; x_wconf 83' lang='lat' dir='ltr'><strong>ares,</strong></span> <span class='ocrx_word' id='word_1_417' title='bbox 338 4164 465 4218; x_wconf 89' lang='lat' dir='ltr'><strong>dum</strong></span> <span class='ocrx_word' id='word_1_418' title='bbox 496 4161 894 4233; x_wconf 69' lang='lat' dir='ltr'><strong>praedicatores</strong></span> <span class='ocrx_word' id='word_1_419' title='bbox 921 4167 1126 4217; x_wconf 78' lang='lat' dir='ltr'><strong>sanctae</strong></span> <span class='ocrx_word' id='word_1_420' title='bbox 1138 4159 1402 4219; x_wconf 81' lang='lat' dir='ltr'><strong>Ecclesiae</strong></span> <span class='ocrx_word' id='word_1_421' title='bbox 1415 4159 1665 4217; x_wconf 81' lang='lat' dir='ltr'><strong>Gentiles</strong></span> <span class='ocrx_word' id='word_1_422' title='bbox 1675 4158 1779 4214; x_wconf 87' lang='lat' dir='ltr'><strong>ad-</strong></span> 
     </span>
    </p>
   </div>
   <div class='ocr_carea' id='block_1_55' title="bbox 195 4245 1782 4321">
    <p class='ocr_par' dir='ltr' id='par_1_55' title="bbox 195 4245 1782 4321">
     <span class='ocr_line' id='line_1_55' title="bbox 195 4245 1782 4321; baseline -0.003 -15"><span class='ocrx_word' id='word_1_423' title='bbox 195 4260 461 4319; x_wconf 77' lang='lat' dir='ltr'><strong>monerent,</strong></span> <span class='ocrx_word' id='word_1_424' title='bbox 520 4259 610 4318; x_wconf 87' lang='lat' dir='ltr'><strong>ut,</strong></span> <span class='ocrx_word' id='word_1_425' title='bbox 662 4249 735 4307; x_wconf 85' lang='lat' dir='ltr'><strong>ad</strong></span> <span class='ocrx_word' id='word_1_426' title='bbox 789 4247 1133 4321; x_wconf 84' lang='lat' dir='ltr'><strong>probandam</strong></span> <span class='ocrx_word' id='word_1_427' title='bbox 1188 4245 1317 4307; x_wconf 82' lang='lat' dir='ltr'><strong>ﬁdei</strong></span> <span class='ocrx_word' id='word_1_428' title='bbox 1373 4246 1676 4312; x_wconf 84' lang='lat' dir='ltr'><strong>veritatem,</strong></span> <span class='ocrx_word' id='word_1_429' title='bbox 1726 4254 1782 4302; x_wconf 89' lang='lat' dir='ltr'><strong>et</strong></span> 
     </span>
    </p>
   </div>
   <div class='ocr_carea' id='block_1_56' title="bbox 190 4335 1778 4408">
    <p class='ocr_par' dir='ltr' id='par_1_56' title="bbox 190 4335 1778 4408">
     <span class='ocr_line' id='line_1_56' title="bbox 190 4335 1778 4408; baseline -0.001 -11"><span class='ocrx_word' id='word_1_430' title='bbox 190 4339 615 4405; x_wconf 71' lang='lat' dir='ltr'><strong>praedicationem</strong></span> <span class='ocrx_word' id='word_1_431' title='bbox 642 4352 806 4408; x_wconf 82' lang='lat' dir='ltr'><strong>quam</strong></span> <span class='ocrx_word' id='word_1_432' title='bbox 836 4336 1155 4403; x_wconf 79' lang='lat' dir='ltr'><strong>audiebant,</strong></span> <span class='ocrx_word' id='word_1_433' title='bbox 1184 4343 1242 4394; x_wconf 89' lang='lat' dir='ltr'><strong>et</strong></span> <span class='ocrx_word' id='word_1_434' title='bbox 1262 4335 1592 4393; x_wconf 66' lang='lat' dir='ltr'><strong>idololatria:</strong></span> <span class='ocrx_word' id='word_1_435' title='bbox 1611 4350 1778 4405; x_wconf 85' lang='lat' dir='ltr'><strong>quam</strong></span> 
     </span>
    </p>
   </div>
   <div class='ocr_carea' id='block_1_57' title="bbox 192 4422 1777 4495">
    <p class='ocr_par' dir='ltr' id='par_1_57' title="bbox 192 4422 1777 4495">
     <span class='ocr_line' id='line_1_57' title="bbox 192 4422 1777 4495; baseline 0.002 -17"><span class='ocrx_word' id='word_1_436' title='bbox 192 4430 414 4482; x_wconf 79' lang='lat' dir='ltr'><strong>tenebant</strong></span> <span class='ocrx_word' id='word_1_437' title='bbox 434 4443 657 4482; x_wconf 85' lang='lat' dir='ltr'><strong>errores</strong></span> <span class='ocrx_word' id='word_1_438' title='bbox 687 4426 1054 4483; x_wconf 87' lang='lat' dir='ltr'><strong>discuterent.</strong></span> <span class='ocrx_word' id='word_1_439' title='bbox 1097 4425 1240 4481; x_wconf 84' lang='lat' dir='ltr'><strong>Bene</strong></span> <span class='ocrx_word' id='word_1_440' title='bbox 1286 4424 1467 4495; x_wconf 86' lang='lat' dir='ltr'><strong>itaque</strong></span> <span class='ocrx_word' id='word_1_441' title='bbox 1521 4423 1611 4481; x_wconf 86' lang='lat' dir='ltr'><strong>die</strong></span> <span class='ocrx_word' id='word_1_442' title='bbox 1667 4422 1777 4481; x_wconf 88' lang='lat' dir='ltr'><strong>alia</strong></span> 
     </span>
    </p>
   </div>
   <div class='ocr_carea' id='block_1_58' title="bbox 192 4511 1774 4587">
    <p class='ocr_par' dir='ltr' id='par_1_58' title="bbox 192 4511 1774 4587">
     <span class='ocr_line' id='line_1_58' title="bbox 192 4511 1774 4587; baseline -0.003 -18"><span class='ocrx_word' id='word_1_443' title='bbox 192 4513 357 4587; x_wconf 76' lang='lat' dir='ltr'><strong>Dagon</strong></span> <span class='ocrx_word' id='word_1_444' title='bbox 383 4532 625 4587; x_wconf 77' lang='lat' dir='ltr'><strong>pmnum</strong></span> <span class='ocrx_word' id='word_1_445' title='bbox 654 4515 716 4569; x_wconf 91' lang='lat' dir='ltr'><strong>in</strong></span> <span class='ocrx_word' id='word_1_446' title='bbox 754 4521 895 4570; x_wconf 84' lang='lat' dir='ltr'><strong>terra</strong></span> <span class='ocrx_word' id='word_1_447' title='bbox 922 4518 1048 4571; x_wconf 86' lang='lat' dir='ltr'><strong>ante</strong></span> <span class='ocrx_word' id='word_1_448' title='bbox 1077 4528 1260 4569; x_wconf 86' lang='lat' dir='ltr'><strong>arcam</strong></span> <span class='ocrx_word' id='word_1_449' title='bbox 1294 4511 1570 4581; x_wconf 87' lang='lat' dir='ltr'><strong>jacentem</strong></span> <span class='ocrx_word' id='word_1_450' title='bbox 1602 4512 1774 4567; x_wconf 76' lang='lat' dir='ltr'><strong>Azotii</strong></span> 
     </span>
    </p>
   </div>
   <div class='ocr_carea' id='block_1_59' title="bbox 1949 2029 3485 2111">
    <p class='ocr_par' dir='ltr' id='par_1_59' title="bbox 1949 2029 3485 2111">
     <span class='ocr_line' id='line_1_59' title="bbox 1949 2029 3485 2111; baseline 0.008 -26"><span class='ocrx_word' id='word_1_451' title='bbox 1949 2029 2129 2099; x_wconf 84' lang='lat' dir='ltr'><strong>(Vers.</strong></span> <span class='ocrx_word' id='word_1_452' title='bbox 2163 2030 2243 2101; x_wconf 74' lang='grc'><strong>4.)</strong></span> <span class='ocrx_word' id='word_1_453' title='bbox 2270 2032 2594 2104; x_wconf 76' lang='lat' dir='ltr'><strong>Rursusque</strong></span> <span class='ocrx_word' id='word_1_454' title='bbox 2623 2033 2877 2093; x_wconf 76' lang='lat' dir='ltr'><strong>diluculo</strong></span> <span class='ocrx_word' id='word_1_455' title='bbox 2903 2042 3221 2109; x_wconf 74' lang='lat' dir='ltr'><strong>surgentes,</strong></span> <span class='ocrx_word' id='word_1_456' title='bbox 3243 2042 3485 2111; x_wconf 64' lang='lat' dir='ltr'><strong>invene-</strong></span> 
     </span>
    </p>
   </div>
   <div class='ocr_carea' id='block_1_60' title="bbox 1878 2118 3489 2194">
    <p class='ocr_par' dir='ltr' id='par_1_60' title="bbox 1878 2118 3489 2194">
     <span class='ocr_line' id='line_1_60' title="bbox 1878 2118 3489 2194; baseline 0.01 -21"><span class='ocrx_word' id='word_1_457' title='bbox 1878 2121 2021 2173; x_wconf 84' lang='lat' dir='ltr'><strong>runt</strong></span> <span class='ocrx_word' id='word_1_458' title='bbox 2050 2119 2245 2190; x_wconf 85' lang='lat' dir='ltr'><strong>Dagon</strong></span> <span class='ocrx_word' id='word_1_459' title='bbox 2266 2118 2561 2189; x_wconf 80' lang='lat' dir='ltr'><strong>jacentem</strong></span> <span class='ocrx_word' id='word_1_460' title='bbox 2597 2137 2774 2194; x_wconf 84' lang='lat' dir='ltr'><strong>super</strong></span> <span class='ocrx_word' id='word_1_461' title='bbox 2817 2125 3028 2194; x_wconf 81' lang='lat' dir='ltr'><strong>faciem</strong></span> <span class='ocrx_word' id='word_1_462' title='bbox 3081 2141 3248 2182; x_wconf 86' lang='lat' dir='ltr'><strong>suam</strong></span> <span class='ocrx_word' id='word_1_463' title='bbox 3294 2143 3489 2188; x_wconf 81' lang='lat' dir='ltr'><strong>coram</strong></span> 
     </span>
    </p>
   </div>
   <div class='ocr_carea' id='block_1_61' title="bbox 1879 2205 2299 2263">
    <p class='ocr_par' dir='ltr' id='par_1_61' title="bbox 1879 2205 2299 2263">
     <span class='ocr_line' id='line_1_61' title="bbox 1879 2205 2299 2263; baseline -0.002 -1"><span class='ocrx_word' id='word_1_464' title='bbox 1879 2223 2016 2262; x_wconf 86' lang='lat' dir='ltr'><strong>arca</strong></span> <span class='ocrx_word' id='word_1_465' title='bbox 2045 2205 2299 2263; x_wconf 82' lang='lat' dir='ltr'><strong>Domini.</strong></span> 
     </span>
    </p>
   </div>
   <div class='ocr_carea' id='block_1_62' title="bbox 1977 2277 3490 2373">
    <p class='ocr_par' dir='ltr' id='par_1_62' title="bbox 1977 2277 3490 2373">
     <span class='ocr_line' id='line_1_62' title="bbox 1977 2277 3490 2373; baseline 0.012 -27"><span class='ocrx_word' id='word_1_466' title='bbox 1977 2277 2139 2347; x_wconf 81' lang='lat'><strong>138</strong></span> <span class='ocrx_word' id='word_1_467' title='bbox 2175 2295 2431 2355; x_wconf 89' lang='lat' dir='ltr'><strong>Diluculo</strong></span> <span class='ocrx_word' id='word_1_468' title='bbox 2459 2296 2659 2354; x_wconf 84' lang='lat' dir='ltr'><strong>iterum</strong></span> <span class='ocrx_word' id='word_1_469' title='bbox 2679 2310 2910 2373; x_wconf 79' lang='lat' dir='ltr'><strong>surgunt</strong></span> <span class='ocrx_word' id='word_1_470' title='bbox 2937 2318 2949 2356; x_wconf 92' lang='lat'><strong>:</strong></span> <span class='ocrx_word' id='word_1_471' title='bbox 2992 2302 3120 2373; x_wconf 85' lang='lat' dir='ltr'><strong>quia</strong></span> <span class='ocrx_word' id='word_1_472' title='bbox 3147 2304 3218 2362; x_wconf 87' lang='lat' dir='ltr'><strong>ad</strong></span> <span class='ocrx_word' id='word_1_473' title='bbox 3245 2320 3490 2364; x_wconf 87' lang='lat' dir='ltr'><strong>amorem</strong></span> 
     </span>
    </p>
   </div>
   <div class='ocr_carea' id='block_1_63' title="bbox 1883 2383 3493 2456">
    <p class='ocr_par' dir='ltr' id='par_1_63' title="bbox 1883 2383 3493 2456">
     <span class='ocr_line' id='line_1_63' title="bbox 1883 2383 3493 2456; baseline 0.007 -15"><span class='ocrx_word' id='word_1_474' title='bbox 1883 2383 2085 2441; x_wconf 70' lang='lat' dir='ltr'><strong>auditae</strong></span> <span class='ocrx_word' id='word_1_475' title='bbox 2111 2383 2374 2441; x_wconf 85' lang='lat' dir='ltr'><strong>bonitatis</strong></span> <span class='ocrx_word' id='word_1_476' title='bbox 2425 2386 2542 2456; x_wconf 86' lang='lat' dir='ltr'><strong>jam</strong></span> <span class='ocrx_word' id='word_1_477' title='bbox 2599 2389 2919 2444; x_wconf 88' lang='lat' dir='ltr'><strong>certitudine</strong></span> <span class='ocrx_word' id='word_1_478' title='bbox 2974 2389 3385 2451; x_wconf 79' lang='lat' dir='ltr'><strong>deliberationis</strong></span> <span class='ocrx_word' id='word_1_479' title='bbox 3432 2410 3493 2452; x_wconf 86' lang='lat' dir='ltr'><strong>se</strong></span> 
     </span>
    </p>
   </div>
   <div class='ocr_carea' id='block_1_64' title="bbox 1885 2471 3495 2556">
    <p class='ocr_par' dir='ltr' id='par_1_64' title="bbox 1885 2471 3495 2556">
     <span class='ocr_line' id='line_1_64' title="bbox 1885 2471 3495 2556; baseline 0.007 -27"><span class='ocrx_word' id='word_1_480' title='bbox 1885 2471 2121 2546; x_wconf 84' lang='lat' dir='ltr'><strong>erigunt.</strong></span> <span class='ocrx_word' id='word_1_481' title='bbox 2154 2473 2371 2529; x_wconf 87' lang='lat' dir='ltr'><strong>Primus</strong></span> <span class='ocrx_word' id='word_1_482' title='bbox 2390 2473 2570 2547; x_wconf 89' lang='lat' dir='ltr'><strong>itaque</strong></span> <span class='ocrx_word' id='word_1_483' title='bbox 2590 2476 2708 2532; x_wconf 84' lang='lat' dir='ltr'><strong>dies</strong></span> <span class='ocrx_word' id='word_1_484' title='bbox 2731 2477 3064 2549; x_wconf 86' lang='lat' dir='ltr'><strong>probationis</strong></span> <span class='ocrx_word' id='word_1_485' title='bbox 3104 2489 3205 2549; x_wconf 86' lang='lat' dir='ltr'><strong>est,</strong></span> <span class='ocrx_word' id='word_1_486' title='bbox 3262 2497 3495 2556; x_wconf 82' lang='lat' dir='ltr'><strong>sequens</strong></span> 
     </span>
    </p>
   </div>
   <div class='ocr_carea' id='block_1_65' title="bbox 1886 2560 3493 2643">
    <p class='ocr_par' dir='ltr' id='par_1_65' title="bbox 1886 2560 3493 2643">
     <span class='ocr_line' id='line_1_65' title="bbox 1886 2560 3493 2643; baseline 0.006 -25"><span class='ocrx_word' id='word_1_487' title='bbox 1886 2560 2232 2633; x_wconf 82' lang='lat' dir='ltr'><strong>cognitionis,</strong></span> <span class='ocrx_word' id='word_1_488' title='bbox 2263 2562 2452 2620; x_wconf 84' lang='lat' dir='ltr'><strong>tertius</strong></span> <span class='ocrx_word' id='word_1_489' title='bbox 2480 2580 2608 2620; x_wconf 79' lang='lat' dir='ltr'><strong>vero</strong></span> <span class='ocrx_word' id='word_1_490' title='bbox 2636 2564 2948 2625; x_wconf 71' lang='lat' dir='ltr'><strong>deliberata:</strong></span> <span class='ocrx_word' id='word_1_491' title='bbox 2970 2568 3087 2638; x_wconf 91' lang='lat' dir='ltr'><strong>jam</strong></span> <span class='ocrx_word' id='word_1_492' title='bbox 3135 2569 3493 2643; x_wconf 85' lang='lat' dir='ltr'><strong>certitudinis,</strong></span> 
     </span>
    </p>
   </div>
   <div class='ocr_carea' id='block_1_66' title="bbox 1888 2650 3499 2731">
    <p class='ocr_par' dir='ltr' id='par_1_66' title="bbox 1888 2650 3499 2731">
     <span class='ocr_line' id='line_1_66' title="bbox 1888 2650 3499 2731; baseline 0.007 -24"><span class='ocrx_word' id='word_1_493' title='bbox 1888 2658 1943 2707; x_wconf 90' lang='lat' dir='ltr'><strong>et</strong></span> <span class='ocrx_word' id='word_1_494' title='bbox 1971 2650 2166 2707; x_wconf 67' lang='lat' dir='ltr'><strong>oblata:</strong></span> <span class='ocrx_word' id='word_1_495' title='bbox 2192 2651 2569 2722; x_wconf 85' lang='lat' dir='ltr'><strong>professionis.</strong></span> <span class='ocrx_word' id='word_1_496' title='bbox 2603 2651 2705 2724; x_wconf 85' lang='lat' dir='ltr'><strong>Qui</strong></span> <span class='ocrx_word' id='word_1_497' title='bbox 2735 2654 2979 2726; x_wconf 79' lang='lat' dir='ltr'><strong>profecto</strong></span> <span class='ocrx_word' id='word_1_498' title='bbox 3003 2656 3146 2727; x_wconf 90' lang='lat' dir='ltr'><strong>dies,</strong></span> <span class='ocrx_word' id='word_1_499' title='bbox 3194 2659 3324 2731; x_wconf 87' lang='lat' dir='ltr'><strong>quia</strong></span> <span class='ocrx_word' id='word_1_500' title='bbox 3364 2659 3499 2719; x_wconf 84' lang='lat' dir='ltr'><strong>illu-</strong></span> 
     </span>
    </p>
   </div>
   <div class='ocr_carea' id='block_1_67' title="bbox 1889 2738 3501 2822">
    <p class='ocr_par' dir='ltr' id='par_1_67' title="bbox 1889 2738 3501 2822">
     <span class='ocr_line' id='line_1_67' title="bbox 1889 2738 3501 2822; baseline 0.007 -26"><span class='ocrx_word' id='word_1_501' title='bbox 1889 2738 2109 2796; x_wconf 86' lang='lat' dir='ltr'><strong>minatis</strong></span> <span class='ocrx_word' id='word_1_502' title='bbox 2131 2755 2522 2797; x_wconf 88' lang='lat' dir='ltr'><strong>conversorum</strong></span> <span class='ocrx_word' id='word_1_503' title='bbox 2545 2742 2836 2813; x_wconf 85' lang='lat' dir='ltr'><strong>mentibus,</strong></span> <span class='ocrx_word' id='word_1_504' title='bbox 2868 2743 2923 2798; x_wconf 91' lang='lat' dir='ltr'><strong>in</strong></span> <span class='ocrx_word' id='word_1_505' title='bbox 2978 2745 3271 2818; x_wconf 89' lang='lat' dir='ltr'><strong>splendore</strong></span> <span class='ocrx_word' id='word_1_506' title='bbox 3314 2748 3501 2822; x_wconf 77' lang='lat' dir='ltr'><strong>perfe-</strong></span> 
     </span>
    </p>
   </div>
   <div class='ocr_carea' id='block_1_68' title="bbox 1890 2828 3192 2903">
    <p class='ocr_par' dir='ltr' id='par_1_68' title="bbox 1890 2828 3192 2903">
     <span class='ocr_line' id='line_1_68' title="bbox 1890 2828 3192 2903; baseline 0.005 -19"><span class='ocrx_word' id='word_1_507' title='bbox 1890 2835 1992 2885; x_wconf 76' lang='lat' dir='ltr'><strong>cta:</strong></span> <span class='ocrx_word' id='word_1_508' title='bbox 2021 2835 2075 2883; x_wconf 90' lang='lat' dir='ltr'><strong>et</strong></span> <span class='ocrx_word' id='word_1_509' title='bbox 2113 2837 2501 2885; x_wconf 74' lang='lat' dir='ltr'><strong>consummata:</strong></span> <span class='ocrx_word' id='word_1_510' title='bbox 2527 2828 2657 2887; x_wconf 82' lang='lat' dir='ltr'><strong>ﬁdei</strong></span> <span class='ocrx_word' id='word_1_511' title='bbox 2684 2830 2882 2900; x_wconf 83' lang='lat' dir='ltr'><strong>illuxit,</strong></span> <span class='ocrx_word' id='word_1_512' title='bbox 2911 2833 3153 2903; x_wconf 87' lang='lat' dir='ltr'><strong>sequitur</strong></span> <span class='ocrx_word' id='word_1_513' title='bbox 3178 2852 3192 2890; x_wconf 88' lang='lat'><strong>:</strong></span> 
     </span>
    </p>
   </div>
   <div class='ocr_carea' id='block_1_69' title="bbox 1968 2917 3504 2997">
    <p class='ocr_par' dir='ltr' id='par_1_69' title="bbox 1968 2917 3504 2997">
     <span class='ocr_line' id='line_1_69' title="bbox 1968 2917 3504 2997; baseline 0.008 -25"><span class='ocrx_word' id='word_1_514' title='bbox 1968 2917 2140 2985; x_wconf 81' lang='lat' dir='ltr'><strong>(Vere.</strong></span> <span class='ocrx_word' id='word_1_515' title='bbox 2174 2919 2251 2985; x_wconf 77' lang='lat' dir='ltr'><strong>t.)</strong></span> <span class='ocrx_word' id='word_1_516' title='bbox 2284 2919 2467 2989; x_wconf 79' lang='lat' dir='ltr'><strong>Caput</strong></span> <span class='ocrx_word' id='word_1_517' title='bbox 2493 2921 2688 2975; x_wconf 78' lang='lat' dir='ltr'><strong>autem</strong></span> <span class='ocrx_word' id='word_1_518' title='bbox 2714 2920 2924 2992; x_wconf 83' lang='lat' dir='ltr'><strong>Dagon,</strong></span> <span class='ocrx_word' id='word_1_519' title='bbox 2992 2925 3050 2978; x_wconf 82' lang='lat' dir='ltr'><strong>et</strong></span> <span class='ocrx_word' id='word_1_520' title='bbox 3109 2922 3238 2980; x_wconf 64' lang='lat' dir='ltr'><strong>dum</strong></span> <span class='ocrx_word' id='word_1_521' title='bbox 3294 2922 3504 2997; x_wconf 62' lang='lat' dir='ltr'><strong>palma</strong></span> 
     </span>
    </p>
   </div>
   <div class='ocr_carea' id='block_1_70' title="bbox 1896 3007 3503 3082">
    <p class='ocr_par' dir='ltr' id='par_1_70' title="bbox 1896 3007 3503 3082">
     <span class='ocr_line' id='line_1_70' title="bbox 1896 3007 3503 3082; baseline 0.009 -22"><span class='ocrx_word' id='word_1_522' title='bbox 1896 3021 2181 3064; x_wconf 69' lang='lat' dir='ltr'><strong>marinum</strong></span> <span class='ocrx_word' id='word_1_523' title='bbox 2211 3008 2333 3076; x_wconf 80' lang='lat' dir='ltr'><strong>ejus</strong></span> <span class='ocrx_word' id='word_1_524' title='bbox 2361 3007 2621 3065; x_wconf 62' lang='lat' dir='ltr'><strong>abscissa</strong></span> <span class='ocrx_word' id='word_1_525' title='bbox 2648 3012 2819 3065; x_wconf 83' lang='lat' dir='ltr'><strong>erant</strong></span> <span class='ocrx_word' id='word_1_526' title='bbox 2844 3025 3014 3082; x_wconf 85' lang='lat' dir='ltr'><strong>super</strong></span> <span class='ocrx_word' id='word_1_527' title='bbox 3066 3011 3271 3070; x_wconf 77' lang='lat' dir='ltr'><strong>limen.</strong></span> <span class='ocrx_word' id='word_1_528' title='bbox 3329 3015 3503 3075; x_wconf 81' lang='lat' dir='ltr'><strong>Porro</strong></span> 
     </span>
    </p>
   </div>
   <div class='ocr_carea' id='block_1_71' title="bbox 1898 3094 3128 3164">
    <p class='ocr_par' dir='ltr' id='par_1_71' title="bbox 1898 3094 3128 3164">
     <span class='ocr_line' id='line_1_71' title="bbox 1898 3094 3128 3164; baseline 0.003 -14"><span class='ocrx_word' id='word_1_529' title='bbox 1898 3095 2091 3164; x_wconf 71' lang='lat' dir='ltr'><strong>Bagoa</strong></span> <span class='ocrx_word' id='word_1_530' title='bbox 2123 3098 2369 3153; x_wconf 82' lang='lat' dir='ltr'><strong>truncus</strong></span> <span class='ocrx_word' id='word_1_531' title='bbox 2391 3099 2750 3153; x_wconf 77' lang='lat' dir='ltr'><strong>remanserat</strong></span> <span class='ocrx_word' id='word_1_532' title='bbox 2771 3094 2833 3155; x_wconf 78' lang='lat' dir='ltr'><strong>in</strong></span> <span class='ocrx_word' id='word_1_533' title='bbox 2856 3098 2973 3157; x_wconf 80' lang='lat' dir='ltr'><strong>loco</strong></span> <span class='ocrx_word' id='word_1_534' title='bbox 3001 3115 3128 3159; x_wconf 80' lang='lat' dir='ltr'><strong>suo.</strong></span> 
     </span>
    </p>
   </div>
   <div class='ocr_carea' id='block_1_72' title="bbox 1971 3182 3507 3263">
    <p class='ocr_par' dir='ltr' id='par_1_72' title="bbox 1971 3182 3507 3263">
     <span class='ocr_line' id='line_1_72' title="bbox 1971 3182 3507 3263; baseline 0.01 -27"><span class='ocrx_word' id='word_1_535' title='bbox 1971 3182 2190 3252; x_wconf 86' lang='lat' dir='ltr'><strong>3..Quid</strong></span> <span class='ocrx_word' id='word_1_536' title='bbox 2218 3184 2368 3239; x_wconf 84' lang='lat' dir='ltr'><strong>enim</strong></span> <span class='ocrx_word' id='word_1_537' title='bbox 2395 3183 2612 3257; x_wconf 86' lang='lat' dir='ltr'><strong>Dsgon,</strong></span> <span class='ocrx_word' id='word_1_538' title='bbox 2644 3183 2698 3238; x_wconf 90' lang='lat' dir='ltr'><strong>id</strong></span> <span class='ocrx_word' id='word_1_539' title='bbox 2719 3192 2804 3242; x_wconf 88' lang='lat' dir='ltr'><strong>est</strong></span> <span class='ocrx_word' id='word_1_540' title='bbox 2830 3183 3154 3246; x_wconf 69' lang='lat' dir='ltr'><strong>idololatria</strong></span> <span class='ocrx_word' id='word_1_541' title='bbox 3208 3198 3391 3263; x_wconf 86' lang='lat' dir='ltr'><strong>caput,</strong></span> <span class='ocrx_word' id='word_1_542' title='bbox 3420 3201 3507 3251; x_wconf 83' lang='lat' dir='ltr'><strong>est</strong></span> 
     </span>
    </p>
   </div>
   <div class='ocr_carea' id='block_1_73' title="bbox 1900 3270 3506 3346">
    <p class='ocr_par' dir='ltr' id='par_1_73' title="bbox 1900 3270 3506 3346">
     <span class='ocr_line' id='line_1_73' title="bbox 1900 3270 3506 3346; baseline 0.006 -19"><span class='ocrx_word' id='word_1_543' title='bbox 1900 3270 2050 3327; x_wconf 86' lang='lat' dir='ltr'><strong>aliud</strong></span> <span class='ocrx_word' id='word_1_544' title='bbox 2079 3271 2187 3327; x_wconf 89' lang='lat' dir='ltr'><strong>nisi</strong></span> <span class='ocrx_word' id='word_1_545' title='bbox 2216 3270 2395 3343; x_wconf 88' lang='lat' dir='ltr'><strong>ipsum</strong></span> <span class='ocrx_word' id='word_1_546' title='bbox 2425 3272 2641 3329; x_wconf 88' lang='lat' dir='ltr'><strong>initium</strong></span> <span class='ocrx_word' id='word_1_547' title='bbox 2667 3273 2846 3331; x_wconf 87' lang='lat' dir='ltr'><strong>omnis</strong></span> <span class='ocrx_word' id='word_1_548' title='bbox 2868 3274 3167 3346; x_wconf 86' lang='lat' dir='ltr'><strong>iniquitatis</strong></span> <span class='ocrx_word' id='word_1_549' title='bbox 3193 3279 3454 3339; x_wconf 82' lang='lat' dir='ltr'><strong>diabolus</strong></span> <span class='ocrx_word' id='word_1_550' title='bbox 3475 3282 3506 3337; x_wconf 73' lang='grc' dir='ltr'><strong>Ῥ</strong></span> 
     </span>
    </p>
   </div>
   <div class='ocr_carea' id='block_1_74' title="bbox 1902 3359 3508 3435">
    <p class='ocr_par' dir='ltr' id='par_1_74' title="bbox 1902 3359 3508 3435">
     <span class='ocr_line' id='line_1_74' title="bbox 1902 3359 3508 3435; baseline 0.009 -21"><span class='ocrx_word' id='word_1_551' title='bbox 1902 3359 1968 3415; x_wconf 83' lang='lat' dir='ltr'><strong>Et</strong></span> <span class='ocrx_word' id='word_1_552' title='bbox 2003 3376 2126 3432; x_wconf 85' lang='lat' dir='ltr'><strong>quae</strong></span> <span class='ocrx_word' id='word_1_553' title='bbox 2156 3368 2281 3416; x_wconf 88' lang='lat' dir='ltr'><strong>sunt</strong></span> <span class='ocrx_word' id='word_1_554' title='bbox 2314 3360 2513 3431; x_wconf 74' lang='lat' dir='ltr'><strong>palmae</strong></span> <span class='ocrx_word' id='word_1_555' title='bbox 2579 3376 2837 3418; x_wconf 85' lang='lat' dir='ltr'><strong>manuum</strong></span> <span class='ocrx_word' id='word_1_556' title='bbox 2889 3362 3027 3435; x_wconf 89' lang='lat' dir='ltr'><strong>ejus,</strong></span> <span class='ocrx_word' id='word_1_557' title='bbox 3089 3365 3196 3421; x_wconf 84' lang='lat' dir='ltr'><strong>nisi</strong></span> <span class='ocrx_word' id='word_1_558' title='bbox 3251 3369 3508 3429; x_wconf 75' lang='lat' dir='ltr'><strong>universa</strong></span> 
     </span>
    </p>
   </div>
   <div class='ocr_carea' id='block_1_75' title="bbox 1897 3447 3503 3529">
    <p class='ocr_par' dir='ltr' id='par_1_75' title="bbox 1897 3447 3503 3529">
     <span class='ocr_line' id='line_1_75' title="bbox 1897 3447 3503 3529; baseline 0.007 -25"><span class='ocrx_word' id='word_1_559' title='bbox 1897 3463 2066 3520; x_wconf 90' lang='lat' dir='ltr'><strong>opera</strong></span> <span class='ocrx_word' id='word_1_560' title='bbox 2095 3447 2418 3505; x_wconf 62' lang='lat' dir='ltr'><strong>idololatriae</strong></span> <span class='ocrx_word' id='word_1_561' title='bbox 2445 3450 2475 3503; x_wconf 77' lang='lat'><strong>‘2</strong></span> <span class='ocrx_word' id='word_1_562' title='bbox 2515 3450 2690 3521; x_wconf 82' lang='lat' dir='ltr'><strong>Caput</strong></span> <span class='ocrx_word' id='word_1_563' title='bbox 2716 3450 2902 3524; x_wconf 88' lang='lat' dir='ltr'><strong>itaque</strong></span> <span class='ocrx_word' id='word_1_564' title='bbox 2914 3452 3113 3526; x_wconf 80' lang='lat' dir='ltr'><strong>Dagon</strong></span> <span class='ocrx_word' id='word_1_565' title='bbox 3133 3454 3315 3512; x_wconf 88' lang='lat' dir='ltr'><strong>amisit</strong></span> <span class='ocrx_word' id='word_1_566' title='bbox 3345 3459 3503 3529; x_wconf 83' lang='lat' dir='ltr'><strong>:quia</strong></span> 
     </span>
    </p>
   </div>
   <div class='ocr_carea' id='block_1_76' title="bbox 1893 3536 3504 3617">
    <p class='ocr_par' dir='ltr' id='par_1_76' title="bbox 1893 3536 3504 3617">
     <span class='ocr_line' id='line_1_76' title="bbox 1893 3536 3504 3617; baseline 0.009 -25"><span class='ocrx_word' id='word_1_567' title='bbox 1893 3552 1994 3607; x_wconf 88' lang='lat' dir='ltr'><strong>per</strong></span> <span class='ocrx_word' id='word_1_568' title='bbox 2021 3536 2290 3593; x_wconf 90' lang='lat' dir='ltr'><strong>idolorum</strong></span> <span class='ocrx_word' id='word_1_569' title='bbox 2312 3537 2577 3594; x_wconf 88' lang='lat' dir='ltr'><strong>culturam</strong></span> <span class='ocrx_word' id='word_1_570' title='bbox 2606 3554 2835 3610; x_wconf 80' lang='lat' dir='ltr'><strong>regnare</strong></span> <span class='ocrx_word' id='word_1_571' title='bbox 2890 3540 3119 3613; x_wconf 85' lang='lat' dir='ltr'><strong>maligni</strong></span> <span class='ocrx_word' id='word_1_572' title='bbox 3172 3543 3391 3617; x_wconf 77' lang='lat' dir='ltr'><strong>spiritus</strong></span> <span class='ocrx_word' id='word_1_573' title='bbox 3445 3546 3504 3607; x_wconf 73' lang='lat' dir='ltr'><strong>in</strong></span> 
     </span>
    </p>
   </div>
   <div class='ocr_carea' id='block_1_77' title="bbox 1893 3625 3503 3693">
    <p class='ocr_par' dir='ltr' id='par_1_77' title="bbox 1893 3625 3503 3693">
     <span class='ocr_line' id='line_1_77' title="bbox 1893 3625 3503 3693; baseline 0.008 -12"><span class='ocrx_word' id='word_1_574' title='bbox 1893 3626 2058 3681; x_wconf 87' lang='lat' dir='ltr'><strong>corde</strong></span> <span class='ocrx_word' id='word_1_575' title='bbox 2100 3625 2392 3682; x_wconf 84' lang='lat' dir='ltr'><strong>Gentilium</strong></span> <span class='ocrx_word' id='word_1_576' title='bbox 2439 3626 2716 3683; x_wconf 81' lang='lat' dir='ltr'><strong>desinunt.</strong></span> <span class='ocrx_word' id='word_1_577' title='bbox 2770 3628 2971 3685; x_wconf 81' lang='lat' dir='ltr'><strong>Palmae</strong></span> <span class='ocrx_word' id='word_1_578' title='bbox 3023 3630 3188 3687; x_wconf 86' lang='lat' dir='ltr'><strong>etiam</strong></span> <span class='ocrx_word' id='word_1_579' title='bbox 3244 3650 3503 3693; x_wconf 78' lang='lat' dir='ltr'><strong>insanum</strong></span> 
     </span>
    </p>
   </div>
   <div class='ocr_carea' id='block_1_78' title="bbox 1894 3713 3500 3787">
    <p class='ocr_par' dir='ltr' id='par_1_78' title="bbox 1894 3713 3500 3787">
     <span class='ocr_line' id='line_1_78' title="bbox 1894 3713 3500 3787; baseline 0.007 -19"><span class='ocrx_word' id='word_1_580' title='bbox 1894 3713 2013 3783; x_wconf 90' lang='lat' dir='ltr'><strong>ejus</strong></span> <span class='ocrx_word' id='word_1_581' title='bbox 2039 3713 2303 3770; x_wconf 77' lang='lat' dir='ltr'><strong>abscissa)</strong></span> <span class='ocrx_word' id='word_1_582' title='bbox 2331 3721 2476 3783; x_wconf 83' lang='lat' dir='ltr'><strong>sunt,</strong></span> <span class='ocrx_word' id='word_1_583' title='bbox 2512 3715 2641 3787; x_wconf 88' lang='lat' dir='ltr'><strong>quia</strong></span> <span class='ocrx_word' id='word_1_584' title='bbox 2680 3715 2843 3775; x_wconf 84' lang='lat' dir='ltr'><strong>idolis</strong></span> <span class='ocrx_word' id='word_1_585' title='bbox 2886 3718 3043 3775; x_wconf 87' lang='lat' dir='ltr'><strong>vanis</strong></span> <span class='ocrx_word' id='word_1_586' title='bbox 3063 3719 3331 3777; x_wconf 82' lang='lat' dir='ltr'><strong>sacriﬁcia</strong></span> <span class='ocrx_word' id='word_1_587' title='bbox 3357 3739 3500 3780; x_wconf 79' lang='lat' dir='ltr'><strong>nus-</strong></span> 
     </span>
    </p>
   </div>
   <div class='ocr_carea' id='block_1_79' title="bbox 1892 3801 3499 3882">
    <p class='ocr_par' dir='ltr' id='par_1_79' title="bbox 1892 3801 3499 3882">
     <span class='ocr_line' id='line_1_79' title="bbox 1892 3801 3499 3882; baseline 0.003 -23"><span class='ocrx_word' id='word_1_588' title='bbox 1892 3818 2055 3871; x_wconf 85' lang='lat' dir='ltr'><strong>quam</strong></span> <span class='ocrx_word' id='word_1_589' title='bbox 2085 3801 2400 3859; x_wconf 68' lang='lat' dir='ltr'><strong>elici-untur.</strong></span> <span class='ocrx_word' id='word_1_590' title='bbox 2432 3803 2505 3858; x_wconf 85' lang='lat' dir='ltr'><strong>Et</strong></span> <span class='ocrx_word' id='word_1_591' title='bbox 2533 3802 2655 3874; x_wconf 84' lang='lat' dir='ltr'><strong>quia</strong></span> <span class='ocrx_word' id='word_1_592' title='bbox 2684 3818 2717 3860; x_wconf 85' lang='lat' dir='ltr'><strong>a</strong></span> <span class='ocrx_word' id='word_1_593' title='bbox 2737 3805 2945 3861; x_wconf 83' lang='lat' dir='ltr'><strong>cunctis</strong></span> <span class='ocrx_word' id='word_1_594' title='bbox 2983 3805 3236 3864; x_wconf 86' lang='lat' dir='ltr'><strong>ﬁdelibus</strong></span> <span class='ocrx_word' id='word_1_595' title='bbox 3250 3808 3371 3882; x_wconf 82' lang='lat' dir='ltr'><strong>ejus</strong></span> <span class='ocrx_word' id='word_1_596' title='bbox 3406 3812 3499 3871; x_wconf 70' lang='lat' dir='ltr'><strong>de.</strong></span> 
     </span>
    </p>
   </div>
   <div class='ocr_carea' id='block_1_80' title="bbox 1888 3888 3500 3968">
    <p class='ocr_par' dir='ltr' id='par_1_80' title="bbox 1888 3888 3500 3968">
     <span class='ocr_line' id='line_1_80' title="bbox 1888 3888 3500 3968; baseline 0.006 -22"><span class='ocrx_word' id='word_1_597' title='bbox 1888 3889 2138 3947; x_wconf 81' lang='lat' dir='ltr'><strong>formitas</strong></span> <span class='ocrx_word' id='word_1_598' title='bbox 2164 3889 2369 3962; x_wconf 88' lang='lat' dir='ltr'><strong>ubique</strong></span> <span class='ocrx_word' id='word_1_599' title='bbox 2399 3888 2754 3964; x_wconf 85' lang='lat' dir='ltr'><strong>conspicitur,</strong></span> <span class='ocrx_word' id='word_1_600' title='bbox 2781 3901 2996 3950; x_wconf 86' lang='lat' dir='ltr'><strong>truncus</strong></span> <span class='ocrx_word' id='word_1_601' title='bbox 3031 3895 3227 3968; x_wconf 83' lang='lat' dir='ltr'><strong>Dagon</strong></span> <span class='ocrx_word' id='word_1_602' title='bbox 3272 3899 3328 3956; x_wconf 87' lang='lat' dir='ltr'><strong>in</strong></span> <span class='ocrx_word' id='word_1_603' title='bbox 3375 3899 3500 3961; x_wconf 87' lang='lat' dir='ltr'><strong>loco</strong></span> 
     </span>
    </p>
   </div>
   <div class='ocr_carea' id='block_1_81' title="bbox 1887 3977 3498 4052">
    <p class='ocr_par' dir='ltr' id='par_1_81' title="bbox 1887 3977 3498 4052">
     <span class='ocr_line' id='line_1_81' title="bbox 1887 3977 3498 4052; baseline 0.01 -20"><span class='ocrx_word' id='word_1_604' title='bbox 1887 3994 1989 4035; x_wconf 90' lang='lat' dir='ltr'><strong>suo</strong></span> <span class='ocrx_word' id='word_1_605' title='bbox 2018 3977 2347 4033; x_wconf 84' lang='lat' dir='ltr'><strong>remansisse</strong></span> <span class='ocrx_word' id='word_1_606' title='bbox 2384 3990 2737 4036; x_wconf 87' lang='lat' dir='ltr'><strong>memoratur.</strong></span> <span class='ocrx_word' id='word_1_607' title='bbox 2762 3982 2936 4052; x_wconf 87' lang='lat' dir='ltr'><strong>Caput</strong></span> <span class='ocrx_word' id='word_1_608' title='bbox 2962 3998 3098 4039; x_wconf 85' lang='lat' dir='ltr'><strong>vero</strong></span> <span class='ocrx_word' id='word_1_609' title='bbox 3129 3990 3498 4048; x_wconf 84' lang='lat' dir='ltr'><strong>etmunusab-</strong></span> 
     </span>
    </p>
   </div>
   <div class='ocr_carea' id='block_1_82' title="bbox 1887 4066 3495 4147">
    <p class='ocr_par' dir='ltr' id='par_1_82' title="bbox 1887 4066 3495 4147">
     <span class='ocr_line' id='line_1_82' title="bbox 1887 4066 3495 4147; baseline 0.007 -26"><span class='ocrx_word' id='word_1_610' title='bbox 1887 4066 2175 4135; x_wconf 72' lang='lat' dir='ltr'><strong>scissae,et</strong></span> <span class='ocrx_word' id='word_1_611' title='bbox 2202 4083 2365 4137; x_wconf 89' lang='lat' dir='ltr'><strong>super</strong></span> <span class='ocrx_word' id='word_1_612' title='bbox 2411 4067 2581 4123; x_wconf 88' lang='lat' dir='ltr'><strong>limen</strong></span> <span class='ocrx_word' id='word_1_613' title='bbox 2636 4068 2830 4139; x_wconf 70' lang='lat' dir='ltr'><strong>posita:</strong></span> <span class='ocrx_word' id='word_1_614' title='bbox 2869 4080 3243 4130; x_wconf 87' lang='lat' dir='ltr'><strong>memorantur</strong></span> <span class='ocrx_word' id='word_1_615' title='bbox 3290 4094 3304 4135; x_wconf 90' lang='lat'><strong>:</strong></span> <span class='ocrx_word' id='word_1_616' title='bbox 3361 4079 3495 4147; x_wconf 83' lang='lat' dir='ltr'><strong>quia</strong></span> 
     </span>
    </p>
   </div>
   <div class='ocr_carea' id='block_1_83' title="bbox 1885 4154 3491 4235">
    <p class='ocr_par' dir='ltr' id='par_1_83' title="bbox 1885 4154 3491 4235">
     <span class='ocr_line' id='line_1_83' title="bbox 1885 4154 3491 4235; baseline 0.001 -26"><span class='ocrx_word' id='word_1_617' title='bbox 1885 4154 2389 4227; x_wconf 85' lang='lat' dir='ltr'><strong>profectoquisquis</strong></span> <span class='ocrx_word' id='word_1_618' title='bbox 2415 4155 2485 4211; x_wconf 89' lang='lat' dir='ltr'><strong>ad</strong></span> <span class='ocrx_word' id='word_1_619' title='bbox 2510 4170 2691 4213; x_wconf 86' lang='lat' dir='ltr'><strong>veram</strong></span> <span class='ocrx_word' id='word_1_620' title='bbox 2736 4155 2896 4213; x_wconf 88' lang='lat' dir='ltr'><strong>ﬁdem</strong></span> <span class='ocrx_word' id='word_1_621' title='bbox 2954 4158 3281 4232; x_wconf 78' lang='lat' dir='ltr'><strong>ingreditur,</strong></span> <span class='ocrx_word' id='word_1_622' title='bbox 3333 4165 3491 4235; x_wconf 75' lang='lat' dir='ltr'><strong>prin-</strong></span> 
     </span>
    </p>
   </div>
   <div class='ocr_carea' id='block_1_84' title="bbox 1885 4241 3490 4319">
    <p class='ocr_par' dir='ltr' id='par_1_84' title="bbox 1885 4241 3490 4319">
     <span class='ocr_line' id='line_1_84' title="bbox 1885 4241 3490 4319; baseline 0.007 -19"><span class='ocrx_word' id='word_1_623' title='bbox 1885 4243 2028 4315; x_wconf 78' lang='lat' dir='ltr'><strong>cipis</strong></span> <span class='ocrx_word' id='word_1_624' title='bbox 2058 4241 2343 4299; x_wconf 84' lang='lat' dir='ltr'><strong>diabolicae</strong></span> <span class='ocrx_word' id='word_1_625' title='bbox 2358 4242 2633 4303; x_wconf 82' lang='lat' dir='ltr'><strong>suasionis</strong></span> <span class='ocrx_word' id='word_1_626' title='bbox 2673 4244 2957 4315; x_wconf 86' lang='lat' dir='ltr'><strong>repellere,</strong></span> <span class='ocrx_word' id='word_1_627' title='bbox 3004 4254 3173 4319; x_wconf 71' lang='lat' dir='ltr'><strong>atqtie</strong></span> <span class='ocrx_word' id='word_1_628' title='bbox 3213 4250 3490 4313; x_wconf 80' lang='lat' dir='ltr'><strong>universis</strong></span> 
     </span>
    </p>
   </div>
   <div class='ocr_carea' id='block_1_85' title="bbox 1882 4331 3488 4410">
    <p class='ocr_par' dir='ltr' id='par_1_85' title="bbox 1882 4331 3488 4410">
     <span class='ocr_line' id='line_1_85' title="bbox 1882 4331 3488 4410; baseline 0.001 -20"><span class='ocrx_word' id='word_1_629' title='bbox 1882 4332 2130 4403; x_wconf 81' lang='lat' dir='ltr'><strong>ejusdem</strong></span> <span class='ocrx_word' id='word_1_630' title='bbox 2161 4332 2374 4390; x_wconf 69' lang='lat' dir='ltr'><strong>Satanae</strong></span> <span class='ocrx_word' id='word_1_631' title='bbox 2402 4331 2661 4403; x_wconf 77' lang='lat' dir='ltr'><strong>operibus</strong></span> <span class='ocrx_word' id='word_1_632' title='bbox 2687 4333 3001 4391; x_wconf 83' lang='lat' dir='ltr'><strong>renuntiare</strong></span> <span class='ocrx_word' id='word_1_633' title='bbox 3037 4336 3365 4410; x_wconf 72' lang='lat' dir='ltr'><strong>praecipitur.</strong></span> <span class='ocrx_word' id='word_1_634' title='bbox 3380 4342 3488 4399; x_wconf 81' lang='lat' dir='ltr'><strong>Po.</strong></span> 
     </span>
    </p>
   </div>
   <div class='ocr_carea' id='block_1_86' title="bbox 1880 4420 3480 4493">
    <p class='ocr_par' dir='ltr' id='par_1_86' title="bbox 1880 4420 3480 4493">
     <span class='ocr_line' id='line_1_86' title="bbox 1880 4420 3480 4493; baseline 0.008 -17"><span class='ocrx_word' id='word_1_635' title='bbox 1880 4422 1985 4477; x_wconf 84' lang='lat' dir='ltr'><strong>sita</strong></span> <span class='ocrx_word' id='word_1_636' title='bbox 2012 4438 2144 4493; x_wconf 78' lang='lat' dir='ltr'><strong>ergo</strong></span> <span class='ocrx_word' id='word_1_637' title='bbox 2174 4423 2289 4477; x_wconf 85' lang='lat' dir='ltr'><strong>haec</strong></span> <span class='ocrx_word' id='word_1_638' title='bbox 2310 4429 2435 4477; x_wconf 83' lang='lat' dir='ltr'><strong>sunt</strong></span> <span class='ocrx_word' id='word_1_639' title='bbox 2472 4420 2531 4478; x_wconf 89' lang='lat' dir='ltr'><strong>in</strong></span> <span class='ocrx_word' id='word_1_640' title='bbox 2585 4420 2792 4491; x_wconf 87' lang='lat' dir='ltr'><strong>limine,</strong></span> <span class='ocrx_word' id='word_1_641' title='bbox 2850 4431 2908 4479; x_wconf 90' lang='lat' dir='ltr'><strong>ut</strong></span> <span class='ocrx_word' id='word_1_642' title='bbox 2960 4422 3031 4480; x_wconf 88' lang='lat' dir='ltr'><strong>ab</strong></span> <span class='ocrx_word' id='word_1_643' title='bbox 3080 4425 3480 4491; x_wconf 81' lang='lat' dir='ltr'><strong>introeuntibus</strong></span> 
     </span>
    </p>
   </div>
   <div class='ocr_carea' id='block_1_87' title="bbox 1878 4505 3482 4593">
    <p class='ocr_par' dir='ltr' id='par_1_87' title="bbox 1878 4505 3482 4593">
     <span class='ocr_line' id='line_1_87' title="bbox 1878 4505 3482 4593; baseline 0.008 -26"><span class='ocrx_word' id='word_1_644' title='bbox 1878 4510 2265 4568; x_wconf 86' lang='lat' dir='ltr'><strong>conculcentur</strong></span> <span class='ocrx_word' id='word_1_645' title='bbox 2296 4509 2453 4579; x_wconf 86' lang='lat' dir='ltr'><strong>:quia</strong></span> <span class='ocrx_word' id='word_1_646' title='bbox 2482 4526 2608 4569; x_wconf 83' lang='lat' dir='ltr'><strong>vere</strong></span> <span class='ocrx_word' id='word_1_647' title='bbox 2654 4505 2835 4567; x_wconf 82' lang='lat' dir='ltr'><strong>fidelis</strong></span> <span class='ocrx_word' id='word_1_648' title='bbox 2860 4528 2978 4569; x_wconf 85' lang='lat' dir='ltr'><strong>esse</strong></span> <span class='ocrx_word' id='word_1_649' title='bbox 3008 4530 3118 4573; x_wconf 88' lang='lat' dir='ltr'><strong>non</strong></span> <span class='ocrx_word' id='word_1_650' title='bbox 3146 4519 3363 4589; x_wconf 85' lang='lat' dir='ltr'><strong>poterit,</strong></span> <span class='ocrx_word' id='word_1_651' title='bbox 3383 4525 3482 4593; x_wconf 85' lang='lat' dir='ltr'><strong>qui</strong></span> 
     </span>
    </p>
   </div>
   <div class='ocr_carea' id='block_1_88' title="bbox 190 4598 3482 4682">
    <p class='ocr_par' dir='ltr' id='par_1_88' title="bbox 190 4598 3482 4682">
     <span class='ocr_line' id='line_1_88' title="bbox 190 4598 3482 4682; baseline 0.002 -24"><span class='ocrx_word' id='word_1_652' title='bbox 190 4612 496 4673; x_wconf 74' lang='lat' dir='ltr'><strong>repererunt.</strong></span> <span class='ocrx_word' id='word_1_653' title='bbox 531 4604 711 4661; x_wconf 85' lang='lat' dir='ltr'><strong>Unam</strong></span> <span class='ocrx_word' id='word_1_654' title='bbox 750 4601 951 4672; x_wconf 87' lang='lat' dir='ltr'><strong>quippe</strong></span> <span class='ocrx_word' id='word_1_655' title='bbox 1014 4600 1162 4659; x_wconf 86' lang='lat' dir='ltr'><strong>diem</strong></span> <span class='ocrx_word' id='word_1_656' title='bbox 1217 4601 1423 4657; x_wconf 76' lang='lat' dir='ltr'><strong>Azotus</strong></span> <span class='ocrx_word' id='word_1_657' title='bbox 1479 4598 1683 4666; x_wconf 82' lang='lat' dir='ltr'><strong>habuit,</strong></span> <span class='ocrx_word' id='word_1_658' title='bbox 1713 4598 1771 4653; x_wconf 90' lang='lat' dir='ltr'><strong>in</strong></span> <span class='ocrx_word' id='word_1_659' title='bbox 1797 4601 1849 4660; x_wconf 93' lang='lat' dir='ltr'><strong>D</strong></span> <span class='ocrx_word' id='word_1_660' title='bbox 1879 4607 1934 4656; x_wconf 89' lang='lat' dir='ltr'><strong>et</strong></span> <span class='ocrx_word' id='word_1_661' title='bbox 1959 4598 2143 4669; x_wconf 85' lang='lat' dir='ltr'><strong>pravis</strong></span> <span class='ocrx_word' id='word_1_662' title='bbox 2171 4598 2398 4669; x_wconf 77' lang='lat' dir='ltr'><strong>maligni</strong></span> <span class='ocrx_word' id='word_1_663' title='bbox 2426 4598 2648 4670; x_wconf 84' lang='lat' dir='ltr'><strong>spiritus</strong></span> <span class='ocrx_word' id='word_1_664' title='bbox 2672 4599 2919 4658; x_wconf 85' lang='lat' dir='ltr'><strong>consiliis</strong></span> <span class='ocrx_word' id='word_1_665' title='bbox 2960 4602 3260 4676; x_wconf 80' lang='lat' dir='ltr'><strong>adversari,</strong></span> <span class='ocrx_word' id='word_1_666' title='bbox 3317 4618 3482 4682; x_wconf 81' lang='lat' dir='ltr'><strong>atque</strong></span> 
     </span>
    </p>
   </div>
   <div class='ocr_carea' id='block_1_89' title="bbox 187 4686 1768 4763">
    <p class='ocr_par' dir='ltr' id='par_1_89' title="bbox 187 4686 1768 4763">
     <span class='ocr_line' id='line_1_89' title="bbox 187 4686 1768 4763; baseline -0.001 -20"><span class='ocrx_word' id='word_1_667' title='bbox 187 4691 339 4749; x_wconf 76' lang='lat' dir='ltr'><strong>audita</strong></span> <span class='ocrx_word' id='word_1_668' title='bbox 365 4690 762 4763; x_wconf 64' lang='lat' dir='ltr'><strong>pmdicatione</strong></span> <span class='ocrx_word' id='word_1_669' title='bbox 790 4688 1054 4756; x_wconf 86' lang='lat' dir='ltr'><strong>veritatis,</strong></span> <span class='ocrx_word' id='word_1_670' title='bbox 1086 4688 1313 4746; x_wconf 81' lang='lat' dir='ltr'><strong>alterum</strong></span> <span class='ocrx_word' id='word_1_671' title='bbox 1352 4687 1407 4745; x_wconf 90' lang='lat' dir='ltr'><strong>in</strong></span> <span class='ocrx_word' id='word_1_672' title='bbox 1455 4686 1768 4760; x_wconf 71' lang='lat' dir='ltr'><strong>cognitione</strong></span> 
     </span>
    </p>
   </div>
   <div class='ocr_carea' id='block_1_90' title="bbox 186 4775 1764 4851">
    <p class='ocr_par' dir='ltr' id='par_1_90' title="bbox 186 4775 1764 4851">
     <span class='ocr_line' id='line_1_90' title="bbox 186 4775 1764 4851; baseline -0.003 -14"><span class='ocrx_word' id='word_1_673' title='bbox 186 4778 308 4836; x_wconf 74' lang='lat' dir='ltr'><strong>ﬁdei.</strong></span> <span class='ocrx_word' id='word_1_674' title='bbox 333 4782 519 4839; x_wconf 78' lang='lat' dir='ltr'><strong>Primo</strong></span> <span class='ocrx_word' id='word_1_675' title='bbox 548 4792 787 4851; x_wconf 86' lang='lat' dir='ltr'><strong>namque</strong></span> <span class='ocrx_word' id='word_1_676' title='bbox 824 4778 917 4835; x_wconf 88' lang='lat' dir='ltr'><strong>die</strong></span> <span class='ocrx_word' id='word_1_677' title='bbox 942 4793 1074 4834; x_wconf 79' lang='lat' dir='ltr'><strong>arca</strong></span> <span class='ocrx_word' id='word_1_678' title='bbox 1084 4777 1185 4835; x_wconf 88' lang='lat' dir='ltr'><strong>Dei</strong></span> <span class='ocrx_word' id='word_1_679' title='bbox 1200 4778 1355 4848; x_wconf 82' lang='lat' dir='ltr'><strong>juxta</strong></span> <span class='ocrx_word' id='word_1_680' title='bbox 1365 4777 1562 4848; x_wconf 87' lang='lat' dir='ltr'><strong>Dagou</strong></span> <span class='ocrx_word' id='word_1_681' title='bbox 1579 4775 1764 4833; x_wconf 83' lang='lat' dir='ltr'><strong>statui-</strong></span> 
     </span>
    </p>
   </div>
   <div class='ocr_carea' id='block_1_91' title="bbox 186 4865 1766 4941">
    <p class='ocr_par' dir='ltr' id='par_1_91' title="bbox 186 4865 1766 4941">
     <span class='ocr_line' id='line_1_91' title="bbox 186 4865 1766 4941; baseline -0.001 -19"><span class='ocrx_word' id='word_1_682' title='bbox 186 4874 271 4935; x_wconf 82' lang='lat' dir='ltr'><strong>tur,</strong></span> <span class='ocrx_word' id='word_1_683' title='bbox 298 4869 421 4941; x_wconf 80' lang='lat' dir='ltr'><strong>quia</strong></span> <span class='ocrx_word' id='word_1_684' title='bbox 450 4870 510 4927; x_wconf 91' lang='lat' dir='ltr'><strong>in</strong></span> <span class='ocrx_word' id='word_1_685' title='bbox 538 4868 735 4925; x_wconf 85' lang='lat' dir='ltr'><strong>audita</strong></span> <span class='ocrx_word' id='word_1_686' title='bbox 753 4866 1140 4939; x_wconf 80' lang='lat' dir='ltr'><strong>praedicatione</strong></span> <span class='ocrx_word' id='word_1_687' title='bbox 1167 4865 1565 4936; x_wconf 83' lang='lat' dir='ltr'><strong>Redemptoris,</strong></span> <span class='ocrx_word' id='word_1_688' title='bbox 1615 4880 1766 4921; x_wconf 87' lang='lat' dir='ltr'><strong>erro-</strong></span> 
     </span>
    </p>
   </div>
   <div class='ocr_carea' id='block_1_92' title="bbox 184 4953 1763 5026">
    <p class='ocr_par' dir='ltr' id='par_1_92' title="bbox 184 4953 1763 5026">
     <span class='ocr_line' id='line_1_92' title="bbox 184 4953 1763 5026; baseline 0.002 -17"><span class='ocrx_word' id='word_1_689' title='bbox 184 4956 460 5015; x_wconf 77' lang='lat' dir='ltr'><strong>risretusti</strong></span> <span class='ocrx_word' id='word_1_690' title='bbox 492 4958 752 5017; x_wconf 75' lang='lat' dir='ltr'><strong>tenebras</strong></span> <span class='ocrx_word' id='word_1_691' title='bbox 778 4955 1214 5026; x_wconf 82' lang='lat' dir='ltr'><strong>deprehendunt.</strong></span> <span class='ocrx_word' id='word_1_692' title='bbox 1262 4954 1448 5011; x_wconf 79' lang='lat' dir='ltr'><strong>Altera</strong></span> <span class='ocrx_word' id='word_1_693' title='bbox 1495 4968 1627 5012; x_wconf 84' lang='lat' dir='ltr'><strong>vero</strong></span> <span class='ocrx_word' id='word_1_694' title='bbox 1673 4953 1763 5012; x_wconf 85' lang='lat' dir='ltr'><strong>die</strong></span> 
     </span>
    </p>
   </div>
   <div class='ocr_carea' id='block_1_93' title="bbox 185 5043 1765 5117">
    <p class='ocr_par' dir='ltr' id='par_1_93' title="bbox 185 5043 1765 5117">
     <span class='ocr_line' id='line_1_93' title="bbox 185 5043 1765 5117; baseline -0.001 -16"><span class='ocrx_word' id='word_1_695' title='bbox 185 5055 460 5117; x_wconf 75' lang='lat' dir='ltr'><strong>surgentes,</strong></span> <span class='ocrx_word' id='word_1_696' title='bbox 516 5058 757 5117; x_wconf 84' lang='lat' dir='ltr'><strong>pronum</strong></span> <span class='ocrx_word' id='word_1_697' title='bbox 793 5044 852 5102; x_wconf 87' lang='lat' dir='ltr'><strong>in</strong></span> <span class='ocrx_word' id='word_1_698' title='bbox 908 5051 1048 5101; x_wconf 87' lang='lat' dir='ltr'><strong>terra</strong></span> <span class='ocrx_word' id='word_1_699' title='bbox 1101 5051 1224 5101; x_wconf 84' lang='lat' dir='ltr'><strong>ante</strong></span> <span class='ocrx_word' id='word_1_700' title='bbox 1265 5058 1450 5101; x_wconf 87' lang='lat' dir='ltr'><strong>arcam</strong></span> <span class='ocrx_word' id='word_1_701' title='bbox 1489 5043 1765 5113; x_wconf 72' lang='lat' dir='ltr'><strong>iacentem</strong></span> 
     </span>
    </p>
   </div>
   <div class='ocr_carea' id='block_1_94' title="bbox 182 5131 1763 5205">
    <p class='ocr_par' dir='ltr' id='par_1_94' title="bbox 182 5131 1763 5205">
     <span class='ocr_line' id='line_1_94' title="bbox 182 5131 1763 5205; baseline -0.002 -15"><span class='ocrx_word' id='word_1_702' title='bbox 182 5131 347 5205; x_wconf 79' lang='lat' dir='ltr'><strong>Dsgen</strong></span> <span class='ocrx_word' id='word_1_703' title='bbox 384 5138 726 5192; x_wconf 82' lang='lat' dir='ltr'><strong>invenerunt</strong></span> <span class='ocrx_word' id='word_1_704' title='bbox 768 5152 781 5190; x_wconf 89' lang='lat'><strong>:</strong></span> <span class='ocrx_word' id='word_1_705' title='bbox 838 5134 970 5205; x_wconf 85' lang='lat' dir='ltr'><strong>quia</strong></span> <span class='ocrx_word' id='word_1_706' title='bbox 1018 5132 1074 5191; x_wconf 89' lang='lat' dir='ltr'><strong>in</strong></span> <span class='ocrx_word' id='word_1_707' title='bbox 1125 5133 1441 5204; x_wconf 74' lang='lat' dir='ltr'><strong>cognitione</strong></span> <span class='ocrx_word' id='word_1_708' title='bbox 1523 5132 1763 5189; x_wconf 85' lang='lat' dir='ltr'><strong>veritatis</strong></span> 
     </span>
    </p>
   </div>
   <div class='ocr_carea' id='block_1_95' title="bbox 182 5219 1760 5293">
    <p class='ocr_par' dir='ltr' id='par_1_95' title="bbox 182 5219 1760 5293">
     <span class='ocr_line' id='line_1_95' title="bbox 182 5219 1760 5293; baseline -0.001 -16"><span class='ocrx_word' id='word_1_709' title='bbox 182 5228 350 5277; x_wconf 76' lang='lat' dir='ltr'><strong>statum</strong></span> <span class='ocrx_word' id='word_1_710' title='bbox 368 5222 687 5280; x_wconf 65' lang='lat' dir='ltr'><strong>uiololntria</strong></span> <span class='ocrx_word' id='word_1_711' title='bbox 715 5221 969 5293; x_wconf 89' lang='lat' dir='ltr'><strong>perdidit.</strong></span> <span class='ocrx_word' id='word_1_712' title='bbox 1005 5221 1159 5282; x_wconf 88' lang='lat' dir='ltr'><strong>Unde</strong></span> <span class='ocrx_word' id='word_1_713' title='bbox 1182 5229 1237 5278; x_wconf 87' lang='lat' dir='ltr'><strong>et</strong></span> <span class='ocrx_word' id='word_1_714' title='bbox 1266 5221 1409 5277; x_wconf 84' lang='lat' dir='ltr'><strong>bene</strong></span> <span class='ocrx_word' id='word_1_715' title='bbox 1433 5234 1559 5276; x_wconf 87' lang='lat' dir='ltr'><strong>cum</strong></span> <span class='ocrx_word' id='word_1_716' title='bbox 1580 5219 1760 5290; x_wconf 87' lang='lat' dir='ltr'><strong>lapsus</strong></span> 
     </span>
    </p>
   </div>
   <div class='ocr_carea' id='block_1_96' title="bbox 181 5308 1749 5383">
    <p class='ocr_par' dir='ltr' id='par_1_96' title="bbox 181 5308 1749 5383">
     <span class='ocr_line' id='line_1_96' title="bbox 181 5308 1749 5383; baseline -0.003 -14"><span class='ocrx_word' id='word_1_717' title='bbox 181 5308 342 5383; x_wconf 69' lang='lat' dir='ltr'><strong>Bagoa</strong></span> <span class='ocrx_word' id='word_1_718' title='bbox 371 5312 660 5379; x_wconf 78' lang='lat' dir='ltr'><strong>asaeritur,</strong></span> <span class='ocrx_word' id='word_1_719' title='bbox 686 5312 875 5381; x_wconf 80' lang='lat' dir='ltr'><strong>jacere</strong></span> <span class='ocrx_word' id='word_1_720' title='bbox 904 5325 1112 5381; x_wconf 84' lang='lat' dir='ltr'><strong>pronus</strong></span> <span class='ocrx_word' id='word_1_721' title='bbox 1139 5309 1195 5364; x_wconf 89' lang='lat' dir='ltr'><strong>in</strong></span> <span class='ocrx_word' id='word_1_722' title='bbox 1223 5317 1366 5365; x_wconf 88' lang='lat' dir='ltr'><strong>terra</strong></span> <span class='ocrx_word' id='word_1_723' title='bbox 1392 5314 1749 5367; x_wconf 86' lang='lat' dir='ltr'><strong>memoratur.</strong></span> 
     </span>
    </p>
   </div>
   <div class='ocr_carea' id='block_1_97' title="bbox 182 5396 1759 5473">
    <p class='ocr_par' dir='ltr' id='par_1_97' title="bbox 182 5396 1759 5473">
     <span class='ocr_line' id='line_1_97' title="bbox 182 5396 1759 5473; baseline 0 -20"><span class='ocrx_word' id='word_1_724' title='bbox 182 5400 491 5457; x_wconf 72' lang='lat' dir='ltr'><strong>Antearcam</strong></span> <span class='ocrx_word' id='word_1_725' title='bbox 522 5400 742 5473; x_wconf 83' lang='lat' dir='ltr'><strong>quidem</strong></span> <span class='ocrx_word' id='word_1_726' title='bbox 773 5398 942 5465; x_wconf 77' lang='lat' dir='ltr'><strong>cadit,</strong></span> <span class='ocrx_word' id='word_1_727' title='bbox 974 5399 1098 5469; x_wconf 84' lang='lat' dir='ltr'><strong>quia</strong></span> <span class='ocrx_word' id='word_1_728' title='bbox 1127 5412 1196 5456; x_wconf 80' lang='lat' dir='ltr'><strong>ex</strong></span> <span class='ocrx_word' id='word_1_729' title='bbox 1233 5396 1614 5468; x_wconf 84' lang='lat' dir='ltr'><strong>mysteriorum</strong></span> <span class='ocrx_word' id='word_1_730' title='bbox 1668 5397 1759 5453; x_wconf 91' lang='lat' dir='ltr'><strong>di-</strong></span> 
     </span>
    </p>
   </div>
   <div class='ocr_carea' id='block_1_98' title="bbox 180 5485 1760 5556">
    <p class='ocr_par' dir='ltr' id='par_1_98' title="bbox 180 5485 1760 5556">
     <span class='ocr_line' id='line_1_98' title="bbox 180 5485 1760 5556; baseline -0.002 -12"><span class='ocrx_word' id='word_1_731' title='bbox 180 5486 407 5546; x_wconf 67' lang='lat' dir='ltr'><strong>vinorum</strong></span> <span class='ocrx_word' id='word_1_732' title='bbox 434 5489 667 5548; x_wconf 79' lang='lat' dir='ltr'><strong>scientia</strong></span> <span class='ocrx_word' id='word_1_733' title='bbox 699 5486 1010 5545; x_wconf 78' lang='lat' dir='ltr'><strong>inualescit.</strong></span> <span class='ocrx_word' id='word_1_734' title='bbox 1072 5487 1183 5544; x_wconf 88' lang='lat' dir='ltr'><strong>Sed</strong></span> <span class='ocrx_word' id='word_1_735' title='bbox 1231 5501 1442 5556; x_wconf 77' lang='lat' dir='ltr'><strong>pronus</strong></span> <span class='ocrx_word' id='word_1_736' title='bbox 1500 5485 1558 5540; x_wconf 90' lang='lat' dir='ltr'><strong>in</strong></span> <span class='ocrx_word' id='word_1_737' title='bbox 1612 5493 1760 5541; x_wconf 88' lang='lat' dir='ltr'><strong>terra</strong></span> 
     </span>
    </p>
   </div>
   <div class='ocr_carea' id='block_1_99' title="bbox 180 5572 1757 5649">
    <p class='ocr_par' dir='ltr' id='par_1_99' title="bbox 180 5572 1757 5649">
     <span class='ocr_line' id='line_1_99' title="bbox 180 5572 1757 5649; baseline -0.004 -10"><span class='ocrx_word' id='word_1_738' title='bbox 180 5572 320 5645; x_wconf 65' lang='lat' dir='ltr'><strong>licet,</strong></span> <span class='ocrx_word' id='word_1_739' title='bbox 356 5579 515 5649; x_wconf 77' lang='lat' dir='ltr'><strong>quia,</strong></span> <span class='ocrx_word' id='word_1_740' title='bbox 550 5576 898 5646; x_wconf 68' lang='lat' dir='ltr'><strong>auctoratum</strong></span> <span class='ocrx_word' id='word_1_741' title='bbox 924 5575 1063 5645; x_wconf 84' lang='lat' dir='ltr'><strong>Deo,</strong></span> <span class='ocrx_word' id='word_1_742' title='bbox 1086 5574 1159 5634; x_wconf 75' lang='lat' dir='ltr'><strong>ad</strong></span> <span class='ocrx_word' id='word_1_743' title='bbox 1184 5582 1462 5646; x_wconf 77' lang='lat' dir='ltr'><strong>aspectum</strong></span> <span class='ocrx_word' id='word_1_744' title='bbox 1515 5572 1757 5633; x_wconf 81' lang='lat' dir='ltr'><strong>ﬁdelium</strong></span> 
     </span>
    </p>
   </div>
   <div class='ocr_carea' id='block_1_100' title="bbox 183 5660 1760 5738">
    <p class='ocr_par' dir='ltr' id='par_1_100' title="bbox 183 5660 1760 5738">
     <span class='ocr_line' id='line_1_100' title="bbox 183 5660 1760 5738; baseline -0.001 -16"><span class='ocrx_word' id='word_1_745' title='bbox 183 5660 423 5724; x_wconf 58' lang='lat' dir='ltr'><strong>diuulsae</strong></span> <span class='ocrx_word' id='word_1_746' title='bbox 440 5666 674 5723; x_wconf 86' lang='lat' dir='ltr'><strong>rationis</strong></span> <span class='ocrx_word' id='word_1_747' title='bbox 701 5666 1002 5738; x_wconf 74' lang='lat' dir='ltr'><strong>imaginem</strong></span> <span class='ocrx_word' id='word_1_748' title='bbox 1048 5679 1158 5722; x_wconf 90' lang='lat' dir='ltr'><strong>non</strong></span> <span class='ocrx_word' id='word_1_749' title='bbox 1211 5663 1401 5721; x_wconf 86' lang='lat' dir='ltr'><strong>habet.</strong></span> <span class='ocrx_word' id='word_1_750' title='bbox 1460 5661 1568 5732; x_wconf 90' lang='lat' dir='ltr'><strong>Qui</strong></span> <span class='ocrx_word' id='word_1_751' title='bbox 1614 5663 1760 5721; x_wconf 90' lang='lat' dir='ltr'><strong>enim</strong></span> 
     </span>
    </p>
   </div>
   <div class='ocr_carea' id='block_1_101' title="bbox 1875 4685 3480 4767">
    <p class='ocr_par' dir='ltr' id='par_1_101' title="bbox 1875 4685 3480 4767">
     <span class='ocr_line' id='line_1_101' title="bbox 1875 4685 3480 4767; baseline 0.003 -27"><span class='ocrx_word' id='word_1_752' title='bbox 1875 4686 2076 4758; x_wconf 86' lang='lat' dir='ltr'><strong>iniquis</strong></span> <span class='ocrx_word' id='word_1_753' title='bbox 2097 4685 2372 4756; x_wconf 81' lang='lat' dir='ltr'><strong>operibus,</strong></span> <span class='ocrx_word' id='word_1_754' title='bbox 2404 4701 2513 4747; x_wconf 83' lang='lat' dir='ltr'><strong>non</strong></span> <span class='ocrx_word' id='word_1_755' title='bbox 2541 4688 2820 4759; x_wconf 87' lang='lat' dir='ltr'><strong>proponit.</strong></span> <span class='ocrx_word' id='word_1_756' title='bbox 2855 4690 2998 4747; x_wconf 80' lang='lat' dir='ltr'><strong>Nam</strong></span> <span class='ocrx_word' id='word_1_757' title='bbox 3026 4693 3118 4763; x_wconf 87' lang='lat' dir='ltr'><strong>qui</strong></span> <span class='ocrx_word' id='word_1_758' title='bbox 3154 4695 3353 4767; x_wconf 65' lang='grc' dir='ltr'><strong>Βεεοη</strong></span> <span class='ocrx_word' id='word_1_759' title='bbox 3378 4715 3480 4757; x_wconf 75' lang='lat' dir='ltr'><strong>ca-</strong></span> 
     </span>
    </p>
   </div>
   <div class='ocr_carea' id='block_1_102' title="bbox 1878 4775 3474 4847">
    <p class='ocr_par' dir='ltr' id='par_1_102' title="bbox 1878 4775 3474 4847">
     <span class='ocr_line' id='line_1_102' title="bbox 1878 4775 3474 4847; baseline 0.009 -19"><span class='ocrx_word' id='word_1_760' title='bbox 1878 4783 1974 4847; x_wconf 87' lang='lat' dir='ltr'><strong>put</strong></span> <span class='ocrx_word' id='word_1_761' title='bbox 2000 4783 2250 4845; x_wconf 86' lang='lat' dir='ltr'><strong>atterere,</strong></span> <span class='ocrx_word' id='word_1_762' title='bbox 2282 4783 2337 4831; x_wconf 88' lang='lat' dir='ltr'><strong>et</strong></span> <span class='ocrx_word' id='word_1_763' title='bbox 2365 4789 2558 4831; x_wconf 88' lang='lat' dir='ltr'><strong>manus</strong></span> <span class='ocrx_word' id='word_1_764' title='bbox 2603 4775 2755 4843; x_wconf 84' lang='lat' dir='ltr'><strong>vitat,</strong></span> <span class='ocrx_word' id='word_1_765' title='bbox 2793 4777 2893 4834; x_wconf 89' lang='lat' dir='ltr'><strong>etsi</strong></span> <span class='ocrx_word' id='word_1_766' title='bbox 2946 4777 3192 4838; x_wconf 86' lang='lat' dir='ltr'><strong>ﬁdelium</strong></span> <span class='ocrx_word' id='word_1_767' title='bbox 3246 4800 3474 4847; x_wconf 83' lang='lat' dir='ltr'><strong>numero</strong></span> 
     </span>
    </p>
   </div>
   <div class='ocr_carea' id='block_1_103' title="bbox 1876 4862 3470 4937">
    <p class='ocr_par' dir='ltr' id='par_1_103' title="bbox 1876 4862 3470 4937">
     <span class='ocr_line' id='line_1_103' title="bbox 1876 4862 3470 4937; baseline -0.001 -17"><span class='ocrx_word' id='word_1_768' title='bbox 1876 4863 2140 4920; x_wconf 85' lang='lat' dir='ltr'><strong>contineri</strong></span> <span class='ocrx_word' id='word_1_769' title='bbox 2168 4862 2408 4931; x_wconf 85' lang='lat' dir='ltr'><strong>videtur,</strong></span> <span class='ocrx_word' id='word_1_770' title='bbox 2437 4862 2725 4923; x_wconf 84' lang='lat' dir='ltr'><strong>idololatra</strong></span> <span class='ocrx_word' id='word_1_771' title='bbox 2741 4866 2982 4937; x_wconf 81' lang='lat' dir='ltr'><strong>quodam</strong></span> <span class='ocrx_word' id='word_1_772' title='bbox 3009 4869 3177 4927; x_wconf 88' lang='lat' dir='ltr'><strong>modo</strong></span> <span class='ocrx_word' id='word_1_773' title='bbox 3197 4887 3321 4933; x_wconf 68' lang='lat' dir='ltr'><strong>em</strong></span> <span class='ocrx_word' id='word_1_774' title='bbox 3339 4891 3470 4933; x_wconf 67' lang='lat' dir='ltr'><strong>con-</strong></span> 
     </span>
    </p>
   </div>
   <div class='ocr_carea' id='block_1_104' title="bbox 1875 4951 3475 5022">
    <p class='ocr_par' dir='ltr' id='par_1_104' title="bbox 1875 4951 3475 5022">
     <span class='ocr_line' id='line_1_104' title="bbox 1875 4951 3475 5022; baseline 0.01 -16"><span class='ocrx_word' id='word_1_775' title='bbox 1875 4952 2125 5011; x_wconf 73' lang='lat' dir='ltr'><strong>vincitur.</strong></span> <span class='ocrx_word' id='word_1_776' title='bbox 2173 4952 2235 5011; x_wconf 87' lang='lat' dir='ltr'><strong>In</strong></span> <span class='ocrx_word' id='word_1_777' title='bbox 2278 4951 2641 5009; x_wconf 82' lang='lat' dir='ltr'><strong>oblectatione</strong></span> <span class='ocrx_word' id='word_1_778' title='bbox 2709 4954 2913 5010; x_wconf 86' lang='lat' dir='ltr'><strong>etenim</strong></span> <span class='ocrx_word' id='word_1_779' title='bbox 2991 4956 3301 5016; x_wconf 70' lang='lat' dir='ltr'><strong>daemonum</strong></span> <span class='ocrx_word' id='word_1_780' title='bbox 3364 4979 3475 5022; x_wconf 87' lang='lat' dir='ltr'><strong>non</strong></span> 
     </span>
    </p>
   </div>
   <div class='ocr_carea' id='block_1_105' title="bbox 1872 5039 3467 5116">
    <p class='ocr_par' dir='ltr' id='par_1_105' title="bbox 1872 5039 3467 5116">
     <span class='ocr_line' id='line_1_105' title="bbox 1872 5039 3467 5116; baseline 0.006 -19"><span class='ocrx_word' id='word_1_781' title='bbox 1872 5040 2049 5097; x_wconf 83' lang='lat' dir='ltr'><strong>solum</strong></span> <span class='ocrx_word' id='word_1_782' title='bbox 2077 5039 2346 5097; x_wconf 77' lang='lat' dir='ltr'><strong>exteriora</strong></span> <span class='ocrx_word' id='word_1_783' title='bbox 2364 5039 2645 5111; x_wconf 82' lang='lat' dir='ltr'><strong>sacrificia,</strong></span> <span class='ocrx_word' id='word_1_784' title='bbox 2677 5043 2774 5098; x_wconf 80' lang='lat' dir='ltr'><strong>sed</strong></span> <span class='ocrx_word' id='word_1_785' title='bbox 2794 5042 2956 5100; x_wconf 85' lang='lat' dir='ltr'><strong>etiam</strong></span> <span class='ocrx_word' id='word_1_786' title='bbox 3002 5043 3189 5116; x_wconf 84' lang='lat' dir='ltr'><strong>iniqua</strong></span> <span class='ocrx_word' id='word_1_787' title='bbox 3242 5049 3467 5107; x_wconf 85' lang='lat' dir='ltr'><strong>deside-</strong></span> 
     </span>
    </p>
   </div>
   <div class='ocr_carea' id='block_1_106' title="bbox 1870 5127 3464 5205">
    <p class='ocr_par' dir='ltr' id='par_1_106' title="bbox 1870 5127 3464 5205">
     <span class='ocr_line' id='line_1_106' title="bbox 1870 5127 3464 5205; baseline 0.008 -22"><span class='ocrx_word' id='word_1_788' title='bbox 1870 5128 1950 5184; x_wconf 86' lang='lat' dir='ltr'><strong>ria</strong></span> <span class='ocrx_word' id='word_1_789' title='bbox 1973 5129 2045 5183; x_wconf 86' lang='lat' dir='ltr'><strong>ab</strong></span> <span class='ocrx_word' id='word_1_790' title='bbox 2072 5144 2258 5185; x_wconf 87' lang='lat' dir='ltr'><strong>eorum</strong></span> <span class='ocrx_word' id='word_1_791' title='bbox 2289 5127 2913 5186; x_wconf 74' lang='lat' dir='ltr'><strong>cultoribusotlerunnir.</strong></span> <span class='ocrx_word' id='word_1_792' title='bbox 2938 5130 3047 5199; x_wconf 86' lang='lat' dir='ltr'><strong>Qui</strong></span> <span class='ocrx_word' id='word_1_793' title='bbox 3076 5148 3210 5205; x_wconf 82' lang='lat' dir='ltr'><strong>ergo</strong></span> <span class='ocrx_word' id='word_1_794' title='bbox 3234 5135 3291 5193; x_wconf 91' lang='lat' dir='ltr'><strong>in</strong></span> <span class='ocrx_word' id='word_1_795' title='bbox 3321 5151 3464 5195; x_wconf 70' lang='lat' dir='ltr'><strong>veras</strong></span> 
     </span>
    </p>
   </div>
   <div class='ocr_carea' id='block_1_107' title="bbox 1868 5216 3453 5289">
    <p class='ocr_par' dir='ltr' id='par_1_107' title="bbox 1868 5216 3453 5289">
     <span class='ocr_line' id='line_1_107' title="bbox 1868 5216 3453 5289; baseline 0.007 -17"><span class='ocrx_word' id='word_1_796' title='bbox 1868 5216 1997 5275; x_wconf 87' lang='lat' dir='ltr'><strong>ﬁdei</strong></span> <span class='ocrx_word' id='word_1_797' title='bbox 2025 5217 2335 5289; x_wconf 86' lang='lat' dir='ltr'><strong>cognitione</strong></span> <span class='ocrx_word' id='word_1_798' title='bbox 2350 5226 2600 5289; x_wconf 86' lang='lat' dir='ltr'><strong>receptus</strong></span> <span class='ocrx_word' id='word_1_799' title='bbox 2627 5226 2725 5288; x_wconf 90' lang='lat' dir='ltr'><strong>est,</strong></span> <span class='ocrx_word' id='word_1_800' title='bbox 2765 5227 2820 5275; x_wconf 91' lang='lat' dir='ltr'><strong>et</strong></span> <span class='ocrx_word' id='word_1_801' title='bbox 2847 5217 2916 5274; x_wconf 90' lang='lat' dir='ltr'><strong>ab</strong></span> <span class='ocrx_word' id='word_1_802' title='bbox 2952 5219 3249 5280; x_wconf 89' lang='lat' dir='ltr'><strong>immundis</strong></span> <span class='ocrx_word' id='word_1_803' title='bbox 3296 5225 3453 5283; x_wconf 61' lang='grc' dir='ltr'><strong>ὀρεία</strong></span> 
     </span>
    </p>
   </div>
   <div class='ocr_carea' id='block_1_108' title="bbox 1869 5307 3466 5387">
    <p class='ocr_par' dir='ltr' id='par_1_108' title="bbox 1869 5307 3466 5387">
     <span class='ocr_line' id='line_1_108' title="bbox 1869 5307 3466 5387; baseline 0.006 -25"><span class='ocrx_word' id='word_1_804' title='bbox 1869 5307 2036 5367; x_wconf 70' lang='lat' dir='ltr'><strong>aeriis</strong></span> <span class='ocrx_word' id='word_1_805' title='bbox 2062 5315 2116 5362; x_wconf 88' lang='lat' dir='ltr'><strong>et</strong></span> <span class='ocrx_word' id='word_1_806' title='bbox 2143 5307 2327 5377; x_wconf 78' lang='lat' dir='ltr'><strong>pravis</strong></span> <span class='ocrx_word' id='word_1_807' title='bbox 2353 5308 2612 5379; x_wconf 82' lang='lat' dir='ltr'><strong>operibus</strong></span> <span class='ocrx_word' id='word_1_808' title='bbox 2637 5322 2744 5362; x_wconf 89' lang='lat' dir='ltr'><strong>non</strong></span> <span class='ocrx_word' id='word_1_809' title='bbox 2763 5314 3025 5375; x_wconf 87' lang='lat' dir='ltr'><strong>remotus,</strong></span> <span class='ocrx_word' id='word_1_810' title='bbox 3082 5310 3211 5378; x_wconf 85' lang='lat' dir='ltr'><strong>quia</strong></span> <span class='ocrx_word' id='word_1_811' title='bbox 3271 5313 3466 5387; x_wconf 79' lang='lat' dir='ltr'><strong>Dagon</strong></span> 
     </span>
    </p>
   </div>
   <div class='ocr_carea' id='block_1_109' title="bbox 1867 5393 3461 5474">
    <p class='ocr_par' dir='ltr' id='par_1_109' title="bbox 1867 5393 3461 5474">
     <span class='ocr_line' id='line_1_109' title="bbox 1867 5393 3461 5474; baseline 0.004 -21"><span class='ocrx_word' id='word_1_812' title='bbox 1867 5396 2128 5453; x_wconf 88' lang='lat' dir='ltr'><strong>collidere</strong></span> <span class='ocrx_word' id='word_1_813' title='bbox 2147 5402 2382 5466; x_wconf 88' lang='lat' dir='ltr'><strong>caputet</strong></span> <span class='ocrx_word' id='word_1_814' title='bbox 2408 5411 2599 5449; x_wconf 88' lang='lat' dir='ltr'><strong>manus</strong></span> <span class='ocrx_word' id='word_1_815' title='bbox 2639 5393 2885 5464; x_wconf 87' lang='lat' dir='ltr'><strong>despicit,</strong></span> <span class='ocrx_word' id='word_1_816' title='bbox 2928 5394 3173 5467; x_wconf 80' lang='lat' dir='ltr'><strong>maligno</strong></span> <span class='ocrx_word' id='word_1_817' title='bbox 3227 5402 3461 5474; x_wconf 78' lang='lat' dir='ltr'><strong>spiritui,</strong></span> 
     </span>
    </p>
   </div>
   <div class='ocr_carea' id='block_1_110' title="bbox 1867 5481 3465 5564">
    <p class='ocr_par' dir='ltr' id='par_1_110' title="bbox 1867 5481 3465 5564">
     <span class='ocr_line' id='line_1_110' title="bbox 1867 5481 3465 5564; baseline 0.003 -25"><span class='ocrx_word' id='word_1_818' title='bbox 1867 5500 2025 5555; x_wconf 88' lang='lat' dir='ltr'><strong>quem</strong></span> <span class='ocrx_word' id='word_1_819' title='bbox 2055 5484 2112 5539; x_wconf 91' lang='lat' dir='ltr'><strong>in</strong></span> <span class='ocrx_word' id='word_1_820' title='bbox 2155 5482 2432 5541; x_wconf 87' lang='lat' dir='ltr'><strong>oblatione</strong></span> <span class='ocrx_word' id='word_1_821' title='bbox 2475 5481 2914 5541; x_wconf 72' lang='lat' dir='ltr'><strong>caerimoniarum</strong></span> <span class='ocrx_word' id='word_1_822' title='bbox 2956 5483 3206 5558; x_wconf 84' lang='lat' dir='ltr'><strong>despicit,</strong></span> <span class='ocrx_word' id='word_1_823' title='bbox 3236 5507 3339 5564; x_wconf 78' lang='lat' dir='ltr'><strong>per</strong></span> <span class='ocrx_word' id='word_1_824' title='bbox 3372 5495 3465 5554; x_wconf 74' lang='lat' dir='ltr'><strong>in-</strong></span> 
     </span>
    </p>
   </div>
   <div class='ocr_carea' id='block_1_111' title="bbox 1868 5569 3464 5647">
    <p class='ocr_par' dir='ltr' id='par_1_111' title="bbox 1868 5569 3464 5647">
     <span class='ocr_line' id='line_1_111' title="bbox 1868 5569 3464 5647; baseline 0.003 -18"><span class='ocrx_word' id='word_1_825' title='bbox 1868 5581 2031 5632; x_wconf 72' lang='lat' dir='ltr'><strong>terere</strong></span> <span class='ocrx_word' id='word_1_826' title='bbox 2048 5570 2524 5643; x_wconf 72' lang='lat' dir='ltr'><strong>comupiscentiee,</strong></span> <span class='ocrx_word' id='word_1_827' title='bbox 2555 5578 2608 5626; x_wconf 90' lang='lat' dir='ltr'><strong>et</strong></span> <span class='ocrx_word' id='word_1_828' title='bbox 2660 5569 2948 5628; x_wconf 81' lang='lat' dir='ltr'><strong>exterioris</strong></span> <span class='ocrx_word' id='word_1_829' title='bbox 2992 5573 3118 5633; x_wconf 68' lang='lat' dir='ltr'><strong>vita</strong></span> <span class='ocrx_word' id='word_1_830' title='bbox 3157 5577 3464 5647; x_wconf 64' lang='lat' dir='ltr'><strong>immundi.</strong></span> 
     </span>
    </p>
   </div>
   <div class='ocr_carea' id='block_1_112' title="bbox 1866 5653 3464 5748">
    <p class='ocr_par' dir='ltr' id='par_1_112' title="bbox 1866 5653 3464 5748">
     <span class='ocr_line' id='line_1_112' title="bbox 1866 5653 3464 5748; baseline -0.009 -26"><span class='ocrx_word' id='word_1_831' title='bbox 1866 5662 2022 5736; x_wconf 81' lang='lat' dir='ltr'><strong>tiam,</strong></span> <span class='ocrx_word' id='word_1_832' title='bbox 2051 5659 2383 5720; x_wconf 85' lang='lat' dir='ltr'><strong>oblationem</strong></span> <span class='ocrx_word' id='word_1_833' title='bbox 2410 5657 2556 5719; x_wconf 80' lang='lat' dir='ltr'><strong>facit.</strong></span> <span class='ocrx_word' id='word_1_834' title='bbox 2589 5656 2772 5727; x_wconf 85' lang='lat' dir='ltr'><strong>Quare</strong></span> <span class='ocrx_word' id='word_1_835' title='bbox 2801 5666 2855 5716; x_wconf 92' lang='lat' dir='ltr'><strong>et</strong></span> <span class='ocrx_word' id='word_1_836' title='bbox 2880 5660 3133 5743; x_wconf 70' lang='lat' dir='ltr'><strong>subditur</strong></span> <span class='ocrx_word' id='word_1_837' title='bbox 3161 5683 3183 5748; x_wconf 59' lang='grc' dir='ltr'>Ξ</span> <span class='ocrx_word' id='word_1_838' title='bbox 3436 5653 3464 5666; x_wconf 79' lang='grc'><em>⁴</em></span> 
     </span>
    </p>
   </div>
  </div>
