4062 6182
570 302 674 363 175

1791 301 2038 359 SANCTI
2064 301 2410 363 GREGORII
2436 303 2663 362 MAGNI

3746 320 3838 376 176

644 430 822 500 (Vers.
852 429 930 500 5.)
975 430 1215 503 PrOpler
1253 427 1353 485 hoc
1400 441 1518 483 non
1566 422 1795 481 calcant
1852 421 2175 480 sacerdotes
2202 427 2255 485 Α
2281 423 2549 495 greditur,
2581 425 2805 481 alteram
2834 441 2996 497 quam
3013 425 3392 499 omnipotentis
3419 427 3518 485 Dei
3546 430 3709 487 virtus
3728 449 3842 506 ope-

576 518 769 590 Dagon
798 534 969 592 super
1001 520 1177 575 limen
1208 533 1382 590 usque
1408 516 1472 571 in
1503 513 1839 570 hodiernum
1872 512 2042 566 diem.

646 611 699 663 4.
733 608 1060 664 Sacerdotes
1093 607 1299 678 quippe
1356 607 1549 677 Dagon
1605 617 1666 657 se
1709 616 1829 656 esse
1884 598 2176 667 insinuant,

2281 520 2425 568 ratur
2454 530 2467 566 :
2502 529 2721 570 necesse
2748 523 2832 570 est
2860 530 2992 589 ergo
3010 524 3068 571 ut
3096 524 3377 587 utramque
3402 526 3625 574 mortem
3654 521 3707 575 in
3753 524 3844 580 hoc

2277 600 2398 656 loco
2454 601 2802 672 spiritualiter
2851 605 3208 660 attendamus.
3261 608 3405 661 Mors
3458 608 3687 678 quidem,
3750 627 3847 681 qua

577 696 668 768 qui
699 712 868 767 super
890 696 1057 751 limen
1082 711 1192 750 non
1222 696 1454 750 calcant.
1489 690 1698 761 Quibus
1726 690 1781 744 in
1818 688 2004 746 verbis
2023 697 2180 744 caute
2277 699 2587 759 peccatores
2617 706 2649 746 a
2678 693 2912 762 peccatis
2939 694 3252 763 paenitendo
3280 703 3580 765 resurgunt,
3612 697 3845 771 designa-

574 784 971 854 inspiciendum
1002 791 1105 851 est,
1139 784 1262 854 quia
1290 797 1400 837 non
1431 780 1583 846 dixit,
1619 778 1805 845 limen,
1853 776 1954 832 sed
2010 792 2183 846 super
2278 786 2379 841 tur,
2413 779 2539 848 quia
2568 778 2699 834 dicit
2730 782 3092 852 :Aggravala
3120 786 3205 839 est
3233 797 3402 855 super
3430 786 3640 842 Azotios
3659 803 3848 843 manus

575 871 764 939 limen,
797 879 856 928 ut
884 879 1045 942 caput
1072 878 1126 928 et
1155 886 1350 927 manus
1381 871 1575 942 Dagon
1600 866 1860 923 calcanda
1894 881 2018 922 esse
2068 866 2176 922 do-

573 968 814 1030 ceantur,
848 976 968 1033 quae
997 975 1161 1032 super
1187 961 1357 1016 limen
1384 958 1627 1014 abscissa
1663 970 1782 1012 esse
1834 954 2168 1011 referuntur.

571 1049 783 1106 Idcirco
813 1058 993 1105 autem
1027 1049 1335 1106 sacerdotes
1365 1062 1531 1117 super
1578 1045 1747 1100 limen
1798 1058 1909 1100 non
1944 1042 2172 1111 calcant,

574 1139 705 1208 quia
733 1138 1006 1195 abscissas
1029 1140 1145 1209 ejus
1167 1153 1363 1194 manus
1392 1144 1446 1192 et
1475 1140 1638 1206 caput
1692 1132 1833 1204 pede
1885 1139 2174 1188 conterere

568 1226 777 1282 vitant.
818 1228 1143 1283 Sacerdotes
1170 1241 1407 1296 namque
1435 1226 1625 1296 Dagon
1655 1236 1827 1291 usque
1855 1220 1913 1274 in
1949 1218 2174 1275 hodier-

568 1330 701 1369 num
732 1315 873 1371 diem
898 1323 1216 1370 remanent:
1252 1315 1378 1384 quia
1416 1313 1509 1384 qui
1530 1327 1628 1381 per
1654 1307 2170 1365 immundadeside-

563 1402 642 1458 ria
674 1404 893 1474 antiquo
923 1405 1063 1459 hosti
1094 1401 1416 1471 sacriﬁcent,
1450 1400 1629 1455 adhuc
1655 1406 1796 1453 sunt.
1828 1395 1932 1465 Qui
1976 1395 2170 1466 profe-

566 1499 652 1548 cto
682 1508 846 1563 super
871 1491 1063 1564 templi
1091 1491 1262 1547 limen
1295 1490 1509 1546 calcare
1549 1487 1823 1559 refugiunt
1857 1501 1869 1537 :
1904 1486 2031 1555 quia
2069 1500 2169 1540 nec

565 1580 861 1635 immundis
890 1579 1358 1654 suggestionibus,
1388 1593 1492 1633 nec
1520 1576 1678 1631 malis
1706 1574 1963 1647 cperibus
2012 1574 2170 1629 resis-

563 1671 701 1724 tunt.
738 1669 930 1741 Dagon
969 1671 1153 1739 itaque
1177 1666 1489 1723 sacerdotes
1517 1672 1660 1732 sunt,
1702 1662 1829 1735 quia
1843 1663 1944 1717 etsi
1967 1678 2166 1716 manu-

2274 867 2523 924 Domini.
2558 868 2656 922 Illa
2684 877 2866 923 autem
2898 885 3045 926 mors
3075 887 3181 942 qua
3195 870 3437 927 Gentiles
3450 872 3849 931 seimmunditite

2274 962 2329 1009 et
2356 954 2627 1025 iniquitati
2678 972 2867 1013 servos
2922 958 3301 1028 exhibueruut,
3358 959 3680 1032 designatur,
3737 979 3849 1017 cum

2274 1044 2512 1099 morderi
2533 1059 2571 1100 a
2598 1045 2861 1113 muribus,
2893 1050 2949 1101 et
2968 1046 3214 1116 interﬁci,
3246 1048 3516 1104 dicuntur.
3535 1050 3650 1104 Mus
3670 1050 3852 1123 quippe

2269 1129 2611 1188 immundum
2630 1140 2715 1188 est
2741 1134 2965 1202 animal,
2987 1143 3041 1190 et
3068 1151 3167 1205 per
3194 1136 3398 1209 Legem
3430 1137 3516 1192 edi
3537 1137 3850 1208 prohibitum

2270 1221 2468 1290 (Leuit.
2503 1237 2575 1290 xi,
2605 1223 2717 1292 29).
2748 1220 2891 1291 Quid
2931 1238 3062 1295 ergo
3095 1239 3192 1296 per
3246 1241 3447 1292 mures,
3504 1225 3603 1280 nisi
3656 1226 3852 1283 daemo-

2269 1308 2361 1362 nia
2388 1308 2752 1380 designuntur
2775 1312 2805 1364 ’ἶ
2833 1310 2903 1365 Et
2933 1312 3060 1381 quid
3091 1320 3172 1367 est
3228 1312 3467 1368 morderi
3518 1329 3549 1367 a
3603 1314 3847 1383 muribus,

2268 1395 2373 1450 nisi
2404 1397 2608 1467 peccati
2635 1413 2799 1467 paena
2830 1398 3053 1453 lacerari
3083 1400 3111 1452 ‘I
3142 1399 3250 1456 Sed
3278 1401 3666 1457 mordebantur
3692 1417 3722 1456 a
3746 1419 3851 1457 mu-

2266 1483 2437 1555 ribus,
2458 1502 2583 1540 cnm
2613 1487 2686 1541 ud
2712 1488 3063 1558 purgandum
3116 1496 3365 1544 ventrem
3422 1489 3845 1562 egrediebantur.

2266 1569 2408 1640 Quid
2431 1581 2516 1629 est
2541 1589 2678 1645 ergo
2709 1590 2942 1646 purgare
2966 1582 3237 1645 ventrem,
3267 1577 3374 1631 nisi
3405 1577 3712 1647 expletione
3736 1594 3856 1649 pec-

2265 1660 2370 1715 cati
2403 1661 2617 1717 miserae
2648 1663 2810 1717 famae
2843 1664 3068 1719 fetorem
3098 1665 3352 1734 proferre
3378 1668 3408 1721 ‘I
3451 1664 3558 1735 Qui
3606 1683 3739 1740 ergo
3789 1666 3853 1722 ad

558 1756 717 1813 factis
743 1772 805 1812 se
860 1756 1018 1813 idolis
1070 1771 1178 1813 non
1233 1754 1535 1819 humiliant,
1593 1750 2151 1822 concupiscentiamm
2180 1775 2235 1836 B
2265 1748 2605 1821 purgandum
2637 1759 2881 1805 ventrem
2909 1752 3202 1823 egreditur,
3235 1754 3473 1809 murium
3503 1769 3689 1811 morsu
3715 1755 3859 1826 peri-

557 1853 739 1901 tamen
766 1845 1068 1901 simulacris
1114 1860 1216 1915 per
1267 1843 1476 1898 nefaria
1529 1856 1694 1912 opera
1748 1855 1809 1895 se
1847 1840 2147 1895 incurvant.

560 1933 820 2006 Sequitur
850 1949 864 1989 :

584 2020 587 2021 ⁷
629 2023 803 2091 (Vers.
836 2024 912 2094 6.)
955 2023 1285 2096 Aggravata
1328 2024 1416 2077 est
1461 2035 1669 2076 manus
1715 2017 1941 2075 Domini
1992 2031 2164 2088 super

552 2111 796 2169 Aeolios.

623 2203 684 2259 5.
721 2201 909 2255 Manus
936 2198 1157 2256 Domini
1187 2205 1269 2256 est
1294 2199 1465 2256 virtus
1496 2197 1697 2253 divina:
1737 2192 2040 2267 potestatis.
2089 2192 2161 2248 Et

550 2288 675 2362 quia
696 2288 751 2344 in
772 2290 974 2346 Azotiis
1002 2287 1297 2360 primordia
1328 2286 1645 2359 gentilitatis
1673 2283 1954 2355 designata
2012 2290 2155 2349 sunt,

551 2376 683 2448 quid
708 2385 789 2432 est
806 2377 949 2449 quod
981 2392 1176 2432 manus
1204 2375 1422 2431 Domini
1449 2373 1834 2445 superAzotios
1854 2377 2157 2442 aggravata

549 2454 872 2536 perhibetur
899 2466 928 2518 ‘2
961 2465 1070 2520 Sed
1088 2480 1307 2518 manum
1337 2478 1502 2535 super
1531 2465 1755 2516 Azotum
1812 2457 2151 2533 aggravavit,

551 2567 677 2609 cum
708 2552 1009 2609 Gentilium
1029 2552 1200 2608 corda
1228 2551 1430 2606 virtute
1457 2566 1571 2605 suae
1593 2547 1850 2620 potentiae
1895 2548 1964 2602 ad
2010 2562 2151 2603 con-

544 2642 852 2696 versionem
882 2640 1069 2696 movit.
1107 2640 1246 2695 Nam
1276 2640 1407 2694 dum
1436 2654 1535 2710 per
1561 2638 1825 2693 internam
1855 2635 2151 2706 aspiratio-

544 2744 670 2785 nem
701 2730 780 2785 eis
809 2729 919 2784 vim
940 2737 1157 2785 aeternae
1186 2728 1377 2784 mortis
1406 2728 1660 2793 innotuit,
1694 2726 1764 2781 de
1827 2724 2149 2796 perpetratis

542 2818 943 2891 iniquitatibus,
969 2818 1227 2873 Gentium
1256 2824 1467 2873 mentes
1497 2815 1733 2870 mirabili
1765 2823 1964 2871 terrore
2015 2829 2145 2885 per-

542 2906 725 2961 cussit.
759 2905 899 2975 Quia
953 2920 1089 2979 ergo
1141 2906 1272 2959 dum
1325 2921 1521 2959 manus
1574 2904 1809 2979 Domini
1847 2909 2145 2975 aggravata

541 2996 756 3063 dicitur,
814 2977 1041 3050 interﬁci
1097 2994 1267 3049 Azotii
1325 2992 1698 3063 perhibentur,
1732 2977 1878 3042 139
1901 2992 2144 3064 gravedo

542 3084 661 3138 hmo
689 3097 881 3137 manus
918 3081 1179 3152 accipitur
1206 3081 2141 3150 inmultiplicalioneconversorum.

537 3171 682 3228 Nam
710 3171 850 3227 mori
879 3169 1181 3226 Gentilibus
1216 3169 1336 3238 fuit,
1386 3168 1458 3223 ab
1506 3167 1825 3224 inﬁdelitate
1879 3169 2137 3239 separari.

539 3261 704 3316 Manu
733 3275 948 3331 quoque
976 3258 1195 3314 Domini
1224 3257 1422 3326 occidi,
1456 3266 1536 3312 est
1564 3257 1815 3313 eamdem
1845 3273 1989 3313 verae
2016 3256 2143 3314 ﬁdei

533 3348 932 3423 'cognitionem,
964 3363 1072 3403 non
1101 3345 1398 3402 ministerio
1450 3345 1753 3413 hominum,
1810 3345 1904 3401 sed
1960 3346 2145 3402 divina

541 3437 761 3503 virtute,
789 3434 1108 3508 promereri.
1154 3435 1320 3490 Levis
1349 3434 1531 3505 itaque
1568 3441 1683 3489 erat
1711 3450 1904 3490 manus
1927 3434 2145 3491 Domini

540 3541 711 3597 super
739 3526 987 3591 Azotum,
1011 3539 1131 3578 cum
1162 3522 1339 3578 adhuc
1366 3538 1467 3593 per
1491 3536 1697 3593 paucos
1727 3523 2003 3579 ministros
2020 3522 2145 3579 ﬁdei

543 3613 706 3685 pauci
735 3627 978 3669 errorem
1010 3613 1323 3667 desererent
1351 3610 1690 3683 gentilitatis.
1727 3610 1880 3667 Unde
1904 3619 1958 3665 et
1993 3611 2146 3681 quasi

544 3702 615 3758 de
635 3700 1027 3775 aggravatione
1047 3713 1243 3754 manus
1271 3714 1426 3754 orare
1456 3698 1607 3754 verbi
1634 3698 1909 3754 ministros
1953 3699 2148 3755 Domi-

542 3805 648 3845 nus
675 3791 951 3858 admonet,
981 3787 1198 3843 dicens:
1230 3788 1420 3843 Messis
1430 3786 1564 3859 quid
1583 3802 1672 3842 me
1691 3787 1879 3843 multa
1894 3792 2147 3860 est,ope-

545 3879 695 3935 rarii
722 3882 918 3935 autem
925 3877 1099 3950 pauci
1116 3895 1136 3932 :
1156 3879 1344 3948 rogate
1355 3876 1659 3932 Dominum
1673 3879 1885 3945 messis,
1902 3881 1968 3933 ut
2013 3878 2148 3933 mit-

547 3970 637 4023 tat
652 3967 938 4039 operarios
964 3965 1030 4020 in
1044 3980 1284 4022 messem
1301 3980 1464 4021 suam
1487 3964 1714 4035 (Matth.
1745 3980 1823 4034 ix,
1847 3965 1956 4035 38).
1980 3964 2151 4035 Quasi

543 4055 703 4111 aliter
726 4054 912 4111 dicat:
945 4053 1053 4123 Qui
1081 4069 1186 4125 per
1231 4067 1439 4124 paucos
1485 4052 1780 4122 ministros,
1830 4054 1978 4110 velut
2038 4054 2147 4110 levi

542 4159 711 4199 manu
739 4158 946 4216 paucos
965 4142 1037 4198 ad
1059 4140 1372 4197 inﬁdelitate
1400 4149 1641 4212 separat,
1673 4149 1862 4214 rogate
1902 4150 1960 4196 ut
1992 4141 2151 4197 mini-

542 4239 683 4288 stros
710 4230 1052 4302 multiplicat,
1083 4237 1143 4285 ut
1171 4229 1327 4302 quasi
1355 4230 1411 4283 in
1458 4244 1844 4285 conversorum
1900 4229 2148 4285 multitu-

2172 3131 2223 3195 C

2272 1837 2437 1892 mitur
2468 1852 2482 1891 :
2514 1838 2638 1908 quia
2668 1840 2757 1909 qui
2787 1841 3067 1910 peccando
3094 1842 3164 1896 ad
3194 1842 3426 1899 aliorum
3471 1845 3718 1900 notitiam
3770 1859 3862 1914 per

2268 1925 2584 1997 exemplum
2615 1928 2895 1998 pravitatis
2920 1930 3252 1995 extenditur,
3281 1932 3355 1987 ad
3376 1940 3639 1988 aeternam
3662 1946 3861 2002 quoque

2269 2021 2498 2071 mortem
2526 2016 2683 2088 gravi
2725 2017 3035 2073 daemonum
3075 2018 3419 2091 obligatione
3476 2021 3753 2076 retinetur.
3808 2021 3864 2073 In

2266 2103 2540 2159 secretiori
2570 2104 2714 2159 enim
2729 2112 2884 2176 parte
2913 2106 3120 2161 natium
3151 2108 3396 2177 percussi
3455 2109 3809 2181 perhibentur
3845 2125 3859 2161 :

2267 2189 2395 2262 quia
2424 2199 2690 2261 peccator
2717 2193 2947 2265 quisque
2973 2211 3043 2250 ex
3088 2212 3156 2251 ea
3210 2206 3371 2266 parte
3428 2198 3627 2253 vulnus
3680 2196 3867 2267 accipit

2265 2279 2460 2335 animai
2517 2295 2680 2352 quam
2733 2282 2982 2339 incurvat
3033 2284 3105 2339 ad
3160 2287 3373 2356 peccati
3439 2286 3860 2343 delectationem.

2264 2368 2399 2423 Cum
2429 2384 2563 2441 ergo
2593 2385 2785 2425 manus
2813 2371 3031 2427 Domini
3060 2389 3233 2445 super
3261 2375 3502 2431 Azotum
3526 2383 3864 2449 aggravatur,

2261 2471 2295 2511 a
2323 2457 2575 2511 muribus
2595 2473 2895 2527 percussus
2921 2465 3177 2517 asseritur
3208 2477 3222 2516 :
3274 2464 3408 2533 quia
3456 2462 3866 2535 praedicantibus

2259 2553 2476 2601 aeternae
2505 2546 2628 2602 vita:
2657 2546 2987 2618 doctoribus,
3019 2549 3149 2605 dum
3170 2550 3595 2609 abinﬁdelitate
3622 2551 3869 2609 Gentiles

2257 2634 2501 2689 conversi
2531 2642 2675 2700 sunt,
2706 2651 2819 2706 qua
2847 2646 3192 2708 peccatorum
3226 2649 3425 2710 morte,
3456 2642 3710 2697 suasione
3753 2639 3866 2696 dae-

2255 2737 2497 2791 monum,
2531 2724 2757 2797 obligati
2788 2733 2986 2793 essent,
3019 2738 3420 2799 cognoverunt.
3459 2730 3693 2786 Morderi
3713 2728 3872 2802 igitur

2257 2811 2460 2866 Azotiis
2500 2821 2624 2882 post
2653 2821 3008 2886 aggravatam
3066 2831 3287 2870 manum
3321 2818 3577 2887 Domini,
3626 2825 3708 2874 est
3752 2822 3870 2889 post

2256 2916 2402 2955 verae
2431 2899 2558 2956 ﬁdei
2587 2902 2981 2973 cognitionem,
3004 2904 3347 2960 daemonibus
3377 2922 3495 2964 non
3524 2906 3745 2978 subjici,
3775 2904 3871 2961 sed

2253 2987 2450 3059 quibus
2477 3005 2538 3044 se
2564 2991 2769 3059 peccati
2791 2990 3050 3046 fetoribus
3084 2998 3283 3064 prauae]
3299 2997 3499 3051 mortis
3541 2996 3869 3060 obtulerant,

2252 3091 2350 3146 per
2398 3076 2523 3134 ﬁdei
2581 3078 3028 3135 illuminationem
3058 3082 3275 3138 intueri.
3326 3081 3506 3152 Quasi
3543 3085 3694 3139 enim
3750 3090 3875 3138 tunc

2252 3165 2417 3220 morsi
2475 3174 2621 3235 sunt,
2683 3168 2902 3240 quando
2956 3177 3309 3239 peccatorum
3356 3188 3590 3229 suorum
3660 3184 3876 3229 morsus

2251 3264 2617 3326 agnoverunt.
2652 3255 2910 3326 Sequitur
2942 3273 2956 3311 :

2321 3344 2498 3413 (Vera.
2526 3345 2604 3412 7.)
2645 3344 2903 3401 Videntes
2929 3349 3120 3403 autem
3135 3346 3460 3408 viridzotii
3493 3349 3884 3424 hujuscemodi

2249 3433 2498 3504 plagam,
2526 3432 2807 3489 dixerunt
2836 3453 2856 3489 :
2887 3435 3007 3491 Non
3034 3442 3268 3492 maneat
3281 3454 3429 3495 arca
3447 3441 3559 3497 Dei
3580 3445 3740 3514 apud
3750 3455 3877 3511 nos,

2252 3522 2518 3592 quoniam
2539 3520 2686 3577 dura
2714 3526 2800 3577 est
2828 3537 3036 3580 manus
3055 3525 3178 3594 eius
3205 3540 3378 3599 super
3402 3544 3543 3600 nos,
3603 3534 3665 3587 et
3713 3545 3883 3603 super

2255 3609 2444 3679 Dagon
2464 3608 2633 3665 deum
2661 3614 2945 3687 nostrum.

2323 3697 2549 3776 TANam
2579 3713 2700 3755 cum
2732 3707 3023 3756 cernerent
3070 3701 3273 3773 templa
3318 3702 3560 3776 destrui,
3609 3705 3882 3763 sacriﬁcia

2263 3770 2426 3837 140
2457 3801 2691 3856 cessare,
2722 3803 2927 3844 uxores
2956 3804 2990 3843 a
3018 3788 3151 3844 viris
3177 3770 3232 3845 et
3269 3791 3416 3847 viros
3476 3770 3557 3850 ab
3614 3796 3881 3852 uxoribus

2254 3873 2451 3942 dividi,
2482 3891 2516 3932 a
2537 3875 2875 3949 genitoribus
2901 3876 3045 3933 ﬁlios
3072 3886 3127 3933 et
3153 3887 3335 3950 patres
3361 3896 3392 3935 a
3423 3880 3562 3937 ﬁliis
3593 3883 3880 3955 separari;

2255 3964 2382 4035 quid
2413 3964 2560 4019 aliud
2591 3980 2756 4036 quam
2785 3974 2839 4020 et
2867 3981 3033 4037 super
3057 3982 3115 4022 se
3143 3974 3198 4022 et
3224 3983 3391 4039 super
3418 3973 3883 4043 superstitionem

2255 4067 2409 4107 suam
2438 4067 2656 4108 manum
2687 4053 2904 4108 Domini
2933 4054 3122 4109 duram
3151 4070 3274 4111 esse
3293 4065 3638 4128 putaverunt
3682 4062 3714 4115 7
3769 4060 3884 4118 Sed

2254 4140 2384 4213 quid
2419 4140 2618 4196 deinde
2647 4141 2850 4197 factum
2871 4140 3049 4210 fuerit,
3079 4145 3326 4216 sequitur
3353 4162 3366 4200 :

2252 4258 2255 4265 ›
2324 4229 2505 4300 (Vere.
2542 4230 2620 4299 8.)
2661 4230 2732 4284 Et
2780 4230 3079 4288 mittentes
3124 4241 3641 4305 congregaverant
3673 4252 3884 4296 omnes

545 4321 674 4376 dine
724 4336 945 4376 manum
1001 4325 1208 4390 gravet.
1273 4317 1382 4372 Sed
1425 4324 1482 4372 et
1524 4316 1719 4372 modus
1756 4316 2148 4373 interfectionis
2252 4319 2516 4389 satrapas
2535 4318 3588 4394 Philisthinorum,responderuntque
3612 4325 3888 4386 Getha'i:

544 4407 833 4477 exponitur
882 4423 897 4460 :
947 4406 1077 4478 quia
1157 4403 1402 4476 quisquis
1466 4403 1606 4458 mori
1682 4407 1785 4459 hac
1856 4404 2147 4460 infectione
2263 4404 2739 4463 Circumducatur
2765 4423 2903 4464 arca
2937 4408 3060 4464 Dei.

541 4494 759 4565 dicitur,
789 4495 921 4550 dum
946 4493 1019 4549 ad
1048 4492 1392 4566 purgandum
1420 4499 1670 4548 ventrem
1717 4491 1905 4561 exiret,
1960 4493 2016 4548 in
2063 4509 2146 4550 se-
2169 4483 2225 4546 D
2325 4498 2377 4549 8.
2411 4494 2551 4563 Quia
2604 4504 2849 4566 satrapas
2894 4495 3339 4553 Philisthinorum
3379 4511 3893 4577 congregaverant

540 4583 763 4639 cretiori
818 4591 970 4653 parte
1014 4581 1221 4636 natium
1275 4580 1516 4637 morderi
1563 4596 1596 4635 a
1640 4581 1884 4637 muribus
1947 4583 2140 4655 perhi-
2248 4581 2463 4652 dicitur,
2494 4599 2663 4654 quare
2699 4592 2881 4640 autem
2935 4597 3422 4658 congregaverant
3468 4607 3595 4648 non
3640 4594 3883 4651 dicitur.

539 4670 717 4727 betur.
773 4670 861 4727 Ad
904 4669 1133 4727 litteram
1181 4684 1289 4726 una
1336 4668 1611 4741 percussio
1666 4669 1756 4727 hic
1807 4671 2136 4742 ostenditur,
2249 4671 2358 4728 Sed
2377 4670 2502 4742 quia
2528 4671 2876 4743 respondisse
2902 4680 3129 4745 satrapae
3174 4674 3443 4746 dicuntur,
3503 4687 3569 4736 et
3630 4682 3894 4740 circum-

531 4758 635 4816 sed
661 4759 720 4814 in
738 4759 914 4831 typica
940 4758 1275 4832 expositione
1299 4757 1625 4831 geminatur.
1655 4758 1796 4815 Nam
1824 4773 1922 4831 per
1948 4759 2140 4817 littera:
2249 4760 2514 4816 ducendae
2541 4776 2667 4816 arca
2709 4761 2996 4817 consilium
3023 4762 3291 4832 tribuisse,
3324 4765 3455 4838 quia
3481 4767 3564 4823 ad
3619 4770 3894 4828 tribuen-

535 4846 1011 4920 signiﬁcationem,
1039 4855 1094 4903 et
1149 4848 1525 4920 gravationem
1568 4862 1762 4904 manus
1786 4848 2028 4918 Domini,
2085 4855 2142 4905 et
2248 4847 2377 4904 dum
2406 4863 2505 4920 pro
2532 4847 2725 4905 eadem
2755 4850 3201 4906 aI-caaconsilium
3229 4852 3404 4909 vocati
3434 4865 3639 4914 essent
3689 4866 3900 4932 aperte

534 4935 773 4993 murium
804 4951 1017 4992 morsus
1044 4934 1115 4991 ad
1166 4935 1417 5007 ejusdem
1452 4936 1643 4993 mortis
1672 4935 1923 4993 eﬁ'ectum
1960 4936 2138 5008 perti-
2246 4935 2606 5010 cognoscitur.
2638 4935 2742 5005 Qui
2761 4952 2895 5009 ergo
2941 4946 3065 4994 sunt
3106 4946 3341 5012 satrapa:
3383 4942 3895 5017 Philisthinorum,

537 5032 677 5082 net:
745 5024 875 5097 quia
928 5023 1001 5080 ad
1048 5025 1153 5080 hoc
1209 5023 1408 5080 dicitur
1459 5040 1652 5079 manus
1710 5024 1927 5080 Domini
1970 5040 2136 5096 super
2242 5023 2349 5080 nisi
2377 5025 2534 5081 electi
2560 5025 2945 5095 praedicatores
2964 5026 3260 5083 Gentilium
3287 5029 3317 5082 ?
3344 5029 3614 5102 Satrapm
3646 5036 3900 5108 quidem

528 5112 749 5171 Azotios
762 5111 1050 5186 aggravari
1063 5110 1209 5184 quod
1221 5127 1321 5183 per
1333 5111 1570 5167 murium
1599 5126 1812 5167 morsus
1830 5111 2075 5174 interﬁci.
2238 5112 2520 5184 principes
2537 5112 2803 5168 dicuntur.
2835 5113 2917 5168 De
2945 5114 3147 5185 quibus
3200 5116 3450 5185 profecto
3502 5121 3904 5196 principibus

606 5206 659 5257 6.
692 5200 833 5270 Quia
869 5216 998 5257 vero
1023 5216 1125 5271 per
1144 5199 1444 5271 spiritalem
1483 5198 1937 5271 signiﬁcationem
1994 5200 2130 5256 duas
2240 5217 2339 5272 per
2351 5200 2922 5257 Psalmistamdicitur:
2946 5203 3240 5276 Principes
3257 5207 3612 5278 populorum
3632 5228 3902 5285 congre-

528 5296 732 5345 mortes
759 5288 1122 5362 agnovimus:
1155 5303 1321 5343 unam
1348 5286 1606 5343 videlicet
1654 5302 1763 5357 qua
1808 5296 2129 5357 peccatores
2234 5290 2367 5362 gali
2393 5293 2530 5346 sunt
2557 5290 2808 5346 cumDeo
2826 5289 3294 5360 Abraham(PsaL
3328 5310 3474 5360 var,
3508 5296 3651 5367 10).
3702 5301 3910 5372 Popu-

525 5376 751 5447 justitia':
775 5376 1051 5445 peccando
1105 5375 1424 5443 moriuntur,
1484 5375 1706 5430 alteram
1762 5391 1871 5447 qua
1919 5376 2052 5445 justi
2095 5392 2126 5432 a
2230 5376 2409 5432 lorum
2439 5393 2676 5450 namque
2702 5378 3067 5449 appellatione
3098 5378 3311 5437 Gentes
3336 5381 3752 5455 designantur.
3781 5389 3905 5457 Qui

519 5464 762 5536 peccatis
781 5464 838 5519 in
867 5465 1065 5534 quibus
1092 5464 1337 5522 vixerant
1363 5463 1683 5536 paenitendo
1737 5479 1797 5520 se
1851 5464 2071 5537 erigunt
2103 5481 2118 5530 ;
2234 5481 2367 5539 ergo
2393 5466 2721 5539 populorum
2748 5481 2952 5522 nomen
2980 5475 3036 5523 et
3061 5468 3367 5541 principum
3411 5472 3633 5542 posuit,
3709 5476 3912 5535 nimi-

516 5567 686 5611 unam
713 5567 840 5628 quae
867 5556 939 5611 ad
965 5554 1210 5613 humana
1236 5552 1423 5626 corda,
1454 5551 1680 5610 diabolo
1707 5551 1995 5625 suadente,
2025 5552 2117 5611 in-
2228 5571 2353 5611 rum
2382 5570 2498 5613 eos.
2532 5555 2602 5613 de
2628 5554 2829 5628 quibus
2844 5554 3108 5628 loquitur,
3123 5556 3574 5617 Philisthinorum
3608 5571 3913 5640 δια-ιρις
