4062 6182
245 285 337 344 177
1085 290 1161 347 ΙΝ
1198 288 1471 347 PRIMUM
1506 286 1757 347 REGUM
1791 287 2331 348 EXPOSITIONES.
2364 320 2433 333 -—
2471 292 2598 349 LIB.
2632 291 2725 348 III.

3440 292 3546 352 178

247 412 565 485 designavit.
629 412 733 483 Qui
789 422 939 471 certe
991 414 1317 488 populorum
1355 413 1628 486 principes
1708 429 1831 470 cum
1860 416 1919 478 Α
1948 422 2297 486 putrescunt:
2326 415 2454 488 quia
2482 415 2554 471 ad
2611 421 2925 472 consuetum
2952 417 3264 487 pacatorum
3318 414 3535 472 ﬂuxum

245 502 506 556 Abraham
541 503 659 558 Deo
687 512 1087 570 convenerunt,
1117 503 1340 577 quando
1368 503 1435 557 ad
1465 502 1693 559 salutem
1705 518 1833 559 con-

246 590 621 645 vertendarum
655 591 935 658 Gentium,
965 593 1065 647 hoc
1089 592 1475 664 praedicatores
1529 598 1835 648 sonuerunt

245 678 418 745 verbo,
451 680 601 750 quod
631 680 978 751 omnipotens
1008 682 1152 736 Deus
1182 680 1398 736 interno
1428 680 1507 736 eis
1554 680 1837 748 aspirabat

243 767 533 823 desiderio.
569 766 740 837 Quasi
768 770 915 825 enim
954 770 1009 825 in
1037 770 1345 826 auditorum
1385 768 1679 825 Gentilium
1707 784 1834 825 cor-

243 856 394 911 dibus
423 857 567 912 mira
599 866 716 913 erat
742 859 1118 915 convenientia
1148 858 1246 914 Dei
1276 866 1332 914 et
1353 858 1679 931 principum,
1711 874 1835 913 cum

240 944 392 1002 simul
425 954 477 1001 et
509 961 544 1000 a
577 947 783 1003 sanctis
840 948 1289 1019 pradicatoribus
1355 948 1617 1004 rationem
1672 955 1836 1004 rectae

242 1034 650 1106 praedicationis
697 1036 1035 1108 acciperent,
1066 1045 1232 1108 atque
1262 1053 1294 1094 s
1334 1036 1567 1094 Domino
1597 1036 1835 1092 fructum

242 1122 392 1178 bonae
421 1123 739 1180 voluntatis.
771 1125 841 1181 Et
868 1125 994 1196 quia
1023 1125 1323 1182 adversarii
1344 1142 1472 1182 esse
1490 1139 1837 1198 cognoscun-

244 1218 337 1276 tur,
368 1211 467 1283 qui
503 1211 787 1269 dixerant:
817 1229 937 1270 non
979 1223 1209 1271 maneat
1226 1231 1362 1272 arca
1379 1215 1478 1271 Dei
1493 1215 1645 1287 apud
1687 1229 1791 1270 nos
1817 1233 1838 1273 :

244 1300 517 1370 quomodo
547 1300 823 1373 principes
844 1303 1114 1358 mittentes
1142 1304 1528 1376 congregant?
1569 1303 1680 1359 Sed
1707 1303 1838 1357 mit-

243 1396 371 1454 tere,
392 1396 451 1444 et
478 1390 754 1461 principes
782 1406 1142 1463 congregem,
1173 1400 1258 1447 est
1284 1400 1594 1447 sanctorum
1636 1391 1841 1464 praedi-

243 1483 485 1533 catorum
516 1485 729 1533 mentes
758 1479 834 1534 ad
864 1479 1264 1550 praedicationis
1287 1480 1605 1536 instantiam
1638 1495 1844 1551 provo-

241 1582 355 1621 care
398 1581 415 1620 :
462 1566 587 1636 quia
639 1566 748 1621 illic
800 1576 918 1623 erat
972 1569 1228 1623 attentius
1265 1569 1692 1640 praedicandum,
1750 1568 1844 1624 ubi

243 1654 532 1711 Gentilium
574 1657 743 1710 corda
768 1657 820 1710 in
846 1672 1034 1712 errore
1062 1658 1386 1726 profundius
1432 1658 1842 1730 mergebantur.

1938 519 2037 575 per
2065 504 2248 574 iniqua
2274 520 2444 575 opera
2468 512 2838 561 recurvantur.
2878 505 2989 561 Hos
3016 504 3272 560 nimirum
3303 505 3372 559 ab
3423 504 3535 560 im-

1938 593 2183 663 perfecta
2211 593 2562 664 percussione
2590 593 2734 649 male
2764 607 2924 648 sanos
2951 591 3042 648 ille
3087 593 3395 665 redarguit,
3439 594 3534 666 qui

1940 680 2010 736 ad
2030 680 2230 737 fetores
2249 681 2507 751 pristinos
2536 680 2820 737 devolutos
2847 680 3101 746 insinuat,
3135 682 3309 738 Canis
3339 698 3537 739 rever-

1940 785 2036 824 sus
2065 769 2137 825 ad
2159 769 2449 836 vomitum,
2470 774 2530 825 et
2551 785 2648 825 sus
2666 768 2783 825 lota
2813 769 2876 824 in
2908 769 3197 826 volutabra
3232 771 3529 841 luti(Prov.

1941 872 2090 922 xxvn,
2124 858 2221 919 11;
2255 858 2315 913 Il
2339 860 2493 914 Petr.
2526 874 2586 924 ιι,
2617 858 2728 927 22).
2766 856 2939 926 Quasi
2978 859 3131 914 enim
3188 857 3259 913 ad
3312 873 3535 930 compu-

1941 946 2279 1002 trescendum
2309 946 2514 1003 extales
2538 946 2882 1018 percutiebat
2910 945 3020 1011 ille,
3056 947 3149 1019 qui
3197 946 3348 1002 verbi
3404 947 3531 1019 gla-

1940 1033 2090 1089 dium
2120 1034 2390 1106 ingerens,
2420 1035 2521 1090 ait:
2557 1034 2691 1091 Non
2709 1040 2905 1106 regnet
2931 1038 3229 1108 peccatum
3265 1035 3330 1091 in
3351 1040 3534 1093 uestro

1942 1123 2180 1180 mortali
2207 1139 2455 1197 corpore,
2486 1128 2555 1181 ut
2579 1124 2853 1181 obediatis
2889 1123 3370 1197 concupiscentiis
3406 1125 3532 1198 ejus

1944 1214 2120 1284 (Rom.
2151 1228 2232 1282 vt,
2262 1214 2372 1284 12).

2019 1305 2106 1357 10.
2151 1302 2329 1357 Potest
2357 1304 2538 1358 autem
2560 1317 2660 1371 per
2700 1302 2821 1371 hoc,
2878 1300 3025 1373 quod
3076 1302 3252 1358 Asotii
3309 1301 3529 1358 dicunt:

1945 1391 2065 1448 Non
2082 1395 2312 1447 maneat
2333 1390 2630 1462 arcaapud
2665 1406 2786 1455 nos,
2811 1405 3020 1456 eorum,
3063 1390 3156 1461 qui
3209 1390 3278 1447 de
3329 1390 3537 1446 eisdem

1948 1478 2213 1535 Gentibus
2242 1484 2297 1535 et
2324 1479 2551 1535 verbum
2583 1478 2707 1534 ﬁdei
2747 1478 3050 1544 audierunt,
3083 1487 3137 1535 et
3165 1478 3233 1533 ad
3274 1487 3538 1535 mternam

1948 1568 2116 1623 vitam
2148 1568 2371 1622 minime
2416 1566 2779 1636 praedestinati
2818 1566 3040 1623 credere
3090 1567 3395 1633 noluerunt,
3427 1583 3544 1639 per-

1948 1656 2179 1711 versitas
2206 1655 2501 1727 designari.
2555 1655 2971 1711 Circumducere
3025 1670 3157 1727 ergo
3212 1670 3392 1712 arcam
3440 1655 3543 1711 Dei

242 1744 372 1797 Hine
404 1750 491 1798 est
515 1744 660 1813 quod
686 1745 945 1816 egregius
958 1744 1152 1801 doctor
1177 1746 1498 1802 nobiliorem
1520 1747 1590 1802 de
1610 1745 1840 1802 indomi-
1866 1764 1922 1827 Β
1950 1744 2181 1814 satrapis
2204 1744 2321 1808 fuit,
2352 1744 2552 1800 sanctis
2576 1743 3029 1814 praedicatoribus
3054 1744 3171 1811 ejus
3190 1744 3419 1798 verbum
3436 1760 3539 1800 ve-

244 1833 304 1886 tis
328 1832 585 1888 hostibus
609 1849 670 1888 se
699 1834 932 1905 elegisse
964 1833 1241 1889 victoriam
1293 1835 1578 1907 gloriatur,
1610 1835 1797 1891 dicens
1821 1852 1836 1891 :

245 1921 315 1978 Ab
333 1922 662 1977 Jerusatem
676 1938 850 1994 usque
874 1922 1165 1994 Illyricum
1195 1925 1619 1996 per-circuitum
1630 1925 1843 1993 repleri

244 2010 613 2081 Evangelium
639 2008 856 2066 Christi
878 2030 896 2066 :
916 2013 999 2067 sic
1009 2017 1203 2067 autem
1235 2014 1335 2069 hoc
1348 2014 1651 2086 prtedicavi
1668 2013 1843 2068 Evan-

242 2100 468 2169 gelinm,
492 2115 612 2154 non
633 2099 728 2154 ubi
740 2099 883 2156 deeo
899 2103 1322 2157 annuntiatum
1344 2103 1559 2171 fuerat,
1584 2116 1655 2156 ne
1673 2116 1844 2172 super

244 2188 497 2244 alienum
520 2188 981 2258 [undamentum
1014 2190 1356 2258 wdiﬁcarem
1398 2192 1580 2257 (Rom.
1621 2205 1716 2256 xv,
1751 2189 1838 2255 19,

245 2276 348 2345 20).
374 2276 662 2330 Provocati
685 2292 824 2347 ergo
846 2285 975 2331 sunt
992 2278 1265 2348 principes
1285 2294 1392 2332 non
1424 2277 1716 2343 desiderio,
1745 2276 1844 2331 sed

246 2379 429 2419 errore
447 2362 778 2434 inﬁdelium,
809 2381 933 2419 cum
966 2365 1089 2420 inde
1108 2367 1221 2421 Deo
1245 2368 1449 2422 lucrum
1470 2366 1646 2436 majus
1657 2365 1845 2422 facere

247 2453 487 2508 arbitrati
536 2461 686 2518 sunt,
728 2454 873 2508 unde
903 2453 1081 2526 caligo
1110 2471 1350 2509 errorum
1385 2470 1483 2525 per
1528 2454 1711 2508 ﬂatum
1742 2470 1844 2509 su-

246 2541 442 2611 perbiae
471 2541 760 2596 sublimius
798 2541 1084 2597 ferebatur.
1119 2541 1298 2611 Quare
1327 2549 1381 2596 et
1408 2549 1612 2597 sanctae
1641 2541 1842 2613 praedi-

246 2630 469 2685 sationis
498 2628 759 2685 instantia
783 2630 1119 2702 designatur.
1152 2646 1275 2686 cum
1296 2630 1554 2685 subditur
1575 2647 1588 2683 :
1607 2633 1843 2703 Respon-

245 2719 559 2791 det-uritque
576 2718 802 2775 Gethtei
825 2734 840 2773 :
875 2719 1365 2775 Circumducatur
1396 2734 1533 2774 arca
1581 2719 1700 2775 Dei.
1758 2716 1842 2774 llli

249 2806 459 2863 dicunt:
484 2809 607 2863 Non
630 2810 1015 2864 muneatarca
1044 2808 1143 2863 Dei
1161 2809 1314 2879 apud
1334 2824 1477 2869 nos:
1513 2816 1567 2863 et
1613 2808 1701 2860 isti
1746 2807 1840 2861 di-

249 2904 402 2951 cunt:
435 2895 937 2952 Circumducatur.
970 2894 1114 2964 Quid
1143 2904 1225 2951 est
1256 2896 1399 2951 enim
1422 2911 1607 2952 arcam
1622 2895 1722 2952 Dei
1736 2895 1842 2951 cir-

251 2984 594 3051 cnmducere,
627 2984 731 3038 nisi
763 3000 907 3041 vera:
935 2984 1062 3040 ﬁdei
1096 2985 1356 3056 mysteria
1387 2984 1601 3057 publice
1645 2983 1840 3055 praedi-

1949 1832 2124 1888 ritatis
2137 1832 2472 1900 subtrahere,
2487 1840 2648 1904 atque
2667 1832 2894 1902 illis,qui
2923 1832 3078 1903 digni
3093 1839 3263 1900 erant,
3282 1832 3543 1904 mysteria

1948 1919 2074 1976 ﬁdei
2095 1921 2483 1977 revelare.Circ
2490 1937 2574 1975 un:
2582 1920 2742 1977 ducta
2759 1936 2892 1992 ergo
2904 1929 2985 1976 est
2996 1920 3274 1993 arcazquia
3285 1918 3413 1975 ﬁdei
3427 1936 3550 1976 nos-

1949 2016 2046 2064 tra:
2076 2018 2412 2065 sacramenta
2442 2009 2512 2064 ab
2530 2009 2758 2063 aliorum
2779 2010 2970 2065 notitia
2981 2009 3194 2064 sublata
3219 2017 3362 2078 sunt,
3382 2017 3549 2081 atque

1951 2098 2078 2155 aliis
2108 2098 2368 2154 revelata.
2403 2097 2557 2154 Unde
2588 2105 2791 2152 etcum
2820 2097 3338 2166 circumduceretur,
3379 2099 3550 2154 inter-

1952 2187 2113 2242 fectio
2143 2201 2341 2258 magna
2387 2185 2548 2239 nimis
2577 2200 2678 2256 per
2690 2184 3193 2256 singulascivitates
3219 2184 3540 2256 ﬁeriperhi-

1953 2276 2108 2330 betur
2134 2292 2148 2328 :
2181 2275 2307 2344 quia
2335 2273 2645 2343 ubicunque
2677 2273 2901 2328 verbum
2923 2272 3348 2342 ducebantﬁdei,
3368 2275 3549 2344 gratia

1953 2363 2413 2433 multiplicabatur
2466 2361 2873 2418 conversionis.
2939 2362 3005 2416 Et
3061 2362 3189 2432 quia
3242 2361 3552 2433 ubicunque

1950 2452 2343 2522 praedicabant,
2395 2451 2540 2506 inter
2594 2467 2690 2506 eos
2743 2450 2835 2520 qui
2889 2450 3181 2507 credebant
3234 2458 3394 2507 erant
3452 2451 3549 2523 qui

1951 2540 2312 2611 praedestinati
2342 2540 2413 2594 ad
2441 2548 2705 2595 aeternam
2734 2540 2904 2594 vitam
2933 2555 3041 2595 non
3068 2546 3241 2607 erant,
3256 2539 3506 2611 sequitur
3531 2557 3547 2595 :

2022 2630 2198 2700 (Vers.
2226 2630 2458 2693 10,11.)
2481 2630 2757 2684 Miscrunt
2797 2645 2993 2685 arcam
3032 2630 3135 2685 Dei
3168 2629 3237 2683 in
3272 2630 3547 2686 Acearon.

1952 2720 2199 2791 Cumque
2210 2719 2457 2775 uenisset
2471 2735 2607 2775 arcu
2618 2718 2717 2775 Dei
2727 2721 2791 2774 in
2805 2720 3557 2787 Accaron,exctamnverunt

1950 2809 2322 2865 Accaronitte.
2339 2807 2594 2863 dicentes
2631 2826 2648 2860 :
2681 2807 2959 2863 Miserum
2980 2808 3052 2863 ad
3072 2823 3175 2864 nos
3202 2823 3398 2864 arcam
3415 2808 3541 2873 Dei,

1950 2902 2015 2952 ut
2033 2900 2092 2951 in
2103 2896 2322 2963 ter/tein
2337 2901 2356 2948 t
2368 2911 2468 2950 nos
2482 2899 2535 2949 ct
2548 2896 2821 2967 papulum
2834 2899 3115 2951 nostrum.
3133 2896 3409 2951 Miserunt
3422 2910 3550 2966 ergo

1945 2989 2004 3043 et
2013 2998 2457 3056 congregaverun
2469 2986 2493 3038 t
2503 2998 2693 3039 omnes
2702 2982 3552 3056 mtramehilisthinorumqui

248 3074 409 3128 care?
428 3074 615 3130 Manet
639 3072 783 3128 enim
811 3089 931 3128 arca
960 3074 1104 3144 apud
1129 3090 1242 3138 eos,
1274 3075 1369 3147 qui
1398 3091 1548 3130 verte
1580 3073 1704 3127 ﬁdei
1736 3088 1833 3130 sa-

1959 3071 2482 3131 dixerunt:Dimitti
2488 3076 2542 3128 te
2553 3088 2746 3128 arcam
2759 3071 2986 3129 Domini
2996 3073 3059 3128 in
3073 3071 3257 3128 locum
3283 3087 3473 3128 suum.

252 3171 547 3229 crementa,
582 3178 709 3233 quae
734 3162 980 3226 audiunt,
1014 3179 1113 3233 per
1140 3178 1380 3218 amorem
1425 3162 1843 3234 amplectuntur.

255 3247 350 3318 Qui
380 3259 566 3306 autem
593 3251 713 3307 Non
731 3253 1127 3324 maneatapud
1160 3267 1264 3307 nos
1279 3267 1417 3307 arca
1459 3252 1662 3315 dicunt,
1698 3267 1845 3320 prte-

253 3339 576 3395 dicationem
628 3338 757 3395 ﬁdei
798 3355 831 3393 a
878 3356 938 3393 se
967 3340 1133 3395 averti
1163 3340 1568 3410 concupiscunt.
1601 3339 1846 3409 Satrapes

254 3443 379 3500 ergo
407 3427 750 3483 eicontrario
777 3427 996 3482 dicunt:
1030 3428 1511 3485 Circumducatur
1538 3444 1673 3484 arca
1692 3429 1794 3483 Dei
1823 3445 1843 3494 ;

254 3517 375 3586 quia
420 3516 532 3571 illis
599 3516 857 3571 attentius
904 3514 1087 3570 divina
1143 3517 1528 3587 praedicabant,
1589 3532 1726 3587 quos
1774 3515 1843 3570 ed

256 3605 430 3660 odium
463 3605 716 3659 veritatis
746 3604 932 3675 gravis
959 3620 1111 3660 error
1133 3606 1472 3660 accenderat.
1504 3605 1566 3660 Et
1596 3604 1724 3677 quia
1745 3619 1845 3674 per

254 3701 567 3749 sanctorum
624 3693 1037 3762 praedicatorum
1082 3692 1383 3748 ministeria
1448 3693 1609 3748 etiam
1660 3693 1842 3747 talium

254 3798 446 3854 magna
499 3783 663 3838 lucra
709 3781 897 3855 regnis
952 3780 1270 3837 cmlestibus
1299 3781 1449 3837 illata
1474 3790 1616 3848 sunt,
1650 3781 1843 3853 sequi-

255 3879 367 3926 tur:
1402 3888 1407 3893 ‘

316 3961 509 4027 (Vers.
549 3964 628 4017 9.)
669 3960 787 4015 Illis
836 3963 1036 4015 autem
1086 3959 1645 4015 circumducentibus
1694 3974 1843 4026 eam,

252 4050 413 4117 ﬁebat
425 4065 640 4104 manus
655 4049 879 4103 Domini
889 4064 992 4120 per
1009 4050 1268 4119 singulas
1289 4050 1456 4103 civim
1465 4052 1548 4103 tes
1566 4049 1627 4103 in
1636 4051 1845 4111 ter/ec-

256 4139 422 4193 tionis
442 4154 672 4205 magnae
694 4138 892 4198 nimis,
923 4141 979 4191 et
1000 4137 1354 4207 percutiebat
1382 4138 1528 4192 viros
1565 4139 1847 4191 uniuscu-

244 4228 442 4296 jusque
457 4227 620 4281 urbis
631 4243 663 4279 a
676 4242 849 4298 paruo
861 4241 1034 4297 usque
1046 4225 1420 4294 admaiorem,
1434 4229 1489 4281 et
1500 4230 1850 4298 computres-

254 4316 449 4370 cebant
463 4315 858 4384 prominentes
875 4314 1102 4368 extales
1130 4329 1351 4369 eorum.

321 4406 374 4456 9.
406 4405 559 4457 Area
589 4401 791 4472 quippe
821 4401 1266 4464 circumducitur,
1294 4417 1412 4456 cum
1445 4403 1701 4472 mysteria
1724 4400 1852 4456 ﬁdei

2023 3167 2111 3217 11.
2154 3163 2420 3231 Satrapes,
2452 3171 2508 3215 ut
2539 3161 2796 3224 diximus,
2830 3161 3002 3231 sancti
3027 3160 3414 3230 prmdicatores
3456 3160 3546 3216 in-

1952 3253 2284 3323 telliguntur.
2316 3250 2672 3317 Accaronitte,
2706 3250 2798 3320 qui
2846 3251 3260 3321 interpretantur
3312 3249 3545 3318 sterila,

1953 3340 2193 3396 Gentiles
2219 3339 2509 3407 designant
2538 3337 2997 3394 ineonvertibiles.
3013 3337 3389 3407 Quinimirum
3407 3354 3546 3409 prae-

1953 3430 2224 3485 dicatores
2270 3426 2606 3482 dimittendae
2652 3442 2791 3482 arcae
2818 3426 3107 3483 consilium
3137 3426 3456 3495 tribuerunt,
3486 3434 3546 3482 ut

1951 3519 1996 3573 si
2027 3518 2254 3572 salutem
2284 3532 2434 3570 suam
2464 3516 2533 3570 de
2564 3515 2749 3570 divina
2776 3514 3170 3585 praedicatione
3206 3522 3540 3583 recusarent,

1952 3606 2205 3661 ﬁdelibus
2236 3605 2302 3660 ad
2323 3614 2580 3659 aeternam
2614 3604 2841 3674 patriam
2871 3619 2995 3659 cum
3024 3605 3380 3660 sacramentis
3416 3603 3547 3659 ﬁdei

1954 3695 2317 3761 tendentibus,
2351 3709 2458 3748 non
2486 3694 2831 3748 obsisterent.
2871 3693 3043 3748 Locus
3084 3707 3319 3763 namque
3375 3707 3540 3761 arcte,

1953 3786 2261 3839 divinorum
2291 3782 3019 3837 videlicetsacramentorum
3049 3781 3125 3835 ibi
3154 3796 3276 3837 esse
3302 3796 3544 3853 cognos-

1955 3875 2110 3939 citur,
2152 3873 2245 3925 ubi
2280 3871 2540 3941 quidquid
2573 3871 2641 3924 de
2685 3870 3053 3939 omnipotente
3097 3870 3213 3927 Deo
3249 3884 3392 3925 nunc
3445 3885 3546 3940 per

1956 3962 2326 4029 Scriptuarum
2361 3958 2675 4028 mysterium
2706 3957 2919 4025 dicitur,
2967 3965 3155 4027 aperta
3195 3957 3547 4027 postmodum

1956 4050 2113 4105 nobis
2143 4048 2450 4117 cognitione
2479 4045 2774 4100 revelatur.
2817 4046 3099 4115 Proprium
3140 4045 3343 4115 quippe
3402 4061 3544 4100 arcae

1958 4140 2136 4193 locum
2162 4141 2516 4206 COgItOVt‘lal,
2550 4133 2639 4202 qui
2670 4132 2919 4188 dicebat:
2985 4134 3239 4190 Videmus
3266 4150 3422 4189 nunc
3442 4149 3549 4204 per

1953 4226 2245 4299 speculum
2258 4225 2319 4277 in
2331 4223 2798 4290 wnigmate,tunc
2809 4225 3003 4276 autem
3014 4223 3162 4292 facie
3176 4221 3248 4276 ad
3278 4222 3489 4291 faciem
3520 4240 3541 4275 :

1954 4335 1995 4371 η
2005 4331 2112 4369 unc
2125 4327 2391 4384 cognosco
2403 4327 2477 4367 ex
2489 4312 2670 4380 parte,
2687 4313 2824 4365 tunc
2838 4325 3182 4380 cognoscam,
3197 4311 3346 4365 sicut
3367 4312 3425 4364 et
3445 4324 3546 4364 co-

1957 4406 2152 4474 gnitus
2181 4400 2377 4470 sum(1
2407 4400 2660 4467 Cor.xm,
2687 4400 2793 4467 12).
2824 4398 3119 4453 Consilium
3145 4397 3324 4467 itaque
3372 4405 3548 4452 satra-

258 4492 435 4559 patatn
490 4500 547 4545 et
591 4466 941 4545 sine-timore
994 4490 1371 4560 praedicantur.
1404 4491 1476 4545 Et
1503 4466 1655 4559 -quia
1713 4491 1853 4545 inter
1879 4466 1929 4525 D
1957 4466 2153 4564 parum
2188 4489 2305 4557 fuit,
2328 4466 2385 4542 ut
2400 4489 2455 4541 in
2484 4488 2658 4542 locum
2700 4503 2860 4541 suum
2888 4487 3081 4543 reverti
3110 4466 3297 4543 arcam
3314 4486 3410 4541 Dei
3427 4501 3550 4556 per-

256 4580 408 4635 initia
478 4579 609 4633 ﬁdei
665 4578 934 4634 innumeri
998 4578 1470 4648 convertebantur,
1551 4579 1854 4635 interfectio

257 4682 457 4737 magna
486 4665 652 4720 nimis
688 4667 836 4732 141
877 4681 974 4734 per
1000 4665 1246 4720 civitates
1277 4664 1519 4737 singulas
1551 4666 1691 4722 facta
1724 4685 1854 4735 per-

259 4754 500 4811 hibetur.
533 4756 669 4809 ltem
698 4754 825 4824 quia
846 4769 954 4808 non
982 4753 1156 4807 solum
1187 4753 1484 4822 simplices,
1516 4755 1612 4809 sed
1644 4756 1861 4825 sapien-

270 4850 350 4899 tes
381 4844 637 4898 conversi
663 4850 813 4895 sunt:
840 4842 1030 4896 eadem
1052 4841 1355 4896 interfectio
1391 4858 1423 4895 a
1472 4859 1639 4911 parvo
1697 4858 1864 4914 usque

265 4934 332 4987 ad
361 4933 628 5002 majorem
664 4930 803 4984 facta
841 4930 1118 4985 asseritur.
1163 4928 1269 4983 Sed
1307 4946 1407 4998 per
1451 4932 1694 4985 eamdem
1744 4947 1868 5001 per-

276 5022 586 5076 cessionem
616 5025 1057 5087 computrescere
1076 5017 1280 5072 extales
1305 5018 1630 5073 referuntur.
1693 5021 1868 5074 Exta-

269 5109 345 5164 les
370 5111 573 5181 quippe
606 5115 1038 5177 putrescere,est
1052 5106 1261 5175 peccati
1287 5115 1497 5161 meatus
1523 5109 1591 5161 ab
1610 5108 1871 5162 eﬂ'usione

279 5197 513 5251 consueti
547 5196 735 5251 {eloris
766 5194 977 5263 penitus
1007 5193 1253 5248 interire.
1287 5196 1427 5248 Bene
1475 5212 1705 5264 namque
1744 5213 1874 5266 per-

283 5302 462 5341 cussus
515 5295 618 5353 est,
652 5285 810 5354 cujus
870 5282 1241 5350 prominentes
1272 5284 1483 5337 extulcs
1530 5294 1875 5353 eomputres-

287 5384 433 5428 eunt:
462 5374 587 5444 quia
619 5371 881 5427 nimirum
912 5369 1152 5424 nonnulli
1181 5378 1324 5437 sunt,
1358 5372 1448 5441 qui
1504 5380 1624 5441 post
1674 5372 1881 5426 mundi-

287 5462 428 5530 tiam
458 5478 693 5517 convers
720 5460 860 5519 02‘s,
891 5456 1115 5528 pristina
1161 5459 1492 5513 nvolvuntnr
1508 5460 1665 5513 sorde
1688 5459 1901 5532 ﬂagitii.

299 5550 373 5605 llo
391 5568 510 5606 rum
562 5554 823 5623 prcecto
866 5544 1238 5619 nominantes
1267 5547 1480 5604 extulcs
1508 5549 1730 5605 minime
1759 5565 1908 5605 com.

1961 4581 2263 4636 mitterent:
2318 4584 2377 4631 ut
2425 4576 2697 4644 videlicet,
2728 4574 2820 4646 qui
2865 4575 2932 4631 de
2958 4575 3113 4631 verbi
3168 4575 3555 4646 praedicatione

1964 4669 2169 4724 nullum
2192 4665 2318 4721 ﬁdei
2352 4667 2583 4719 fructum
2614 4662 2878 4731 ferebant,
2893 4679 3015 4719 eam
3043 4665 3231 4719 saltem
3251 4664 3358 4718 illis
3376 4663 3559 4718 dimit-

1969 4764 2161 4822 terent,
2194 4754 2288 4825 qui
2314 4770 2379 4808 ex
2410 4768 2475 4808 ea
2515 4752 2746 4807 fructum
2768 4751 2877 4807 sibi
2908 4753 2963 4807 in
2992 4753 3291 4808 aeternitate
3337 4768 3556 4823 praepa-

1973 4844 2342 4901 rarent.Bene
2367 4842 2549 4913 igitur,
2578 4841 2668 4911 qui
2704 4841 3041 4896 remittendae
3082 4857 3228 4896 aram
3273 4839 3565 4896 consilium

1975 4933 2269 5002 accipiunt,
2296 4929 2636 4985 Accaronitae
2657 4931 3027 4985 nominantur.
3053 4928 3390 4985 Accaronitte
3418 4929 3569 4998 quip-

1978 5038 2049 5093 pe
2079 5023 2492 5091 interpretantur
2512 5019 2749 5073 steriles.
2789 5018 2931 5086 Quia
2959 5017 3103 5073 enim
3134 5018 3203 5073 de
3232 5017 3414 5073 audita
3443 5013 3572 5069 ﬁdei

1980 5111 2224 5177 veritate,
2264 5108 2468 5162 nullum
2501 5107 2852 5173 credulitatis,
2877 5116 2966 5163 aut
2993 5107 3121 5162 boni
3151 5106 3330 5177 operis
3344 5106 3577 5159 fructum

1983 5199 2263 5261 dederant,
2294 5197 2505 5252 steriles
2535 5204 2705 5252 erant.
2737 5197 3016 5251 Tollenda:
3046 5211 3184 5266 ergo
3228 5208 3367 5248 arcte
3425 5191 3585 5261 prin-

1987 5289 2137 5353 cipes
2168 5286 2457 5341 consilium
2502 5287 2650 5354 142
2687 5285 3048 5355 praebuerunt,
3090 5282 3187 5337 sed
3215 5296 3249 5336 a
3276 5280 3550 5335 sterilibus
3572 5320 3586 5341 ,

2010 5384 2069 5430 ut
2097 5374 2348 5430 videlicet
2376 5374 2529 5428 verbi
2559 5374 2655 5428 Dei
2675 5389 2880 5438 semen,
2911 5370 3055 5441 quod
3084 5370 3139 5423 in
3168 5369 3403 5440 pessima
3455 5378 3603 5426 terra

2013 5463 2321 5537 germinare
2377 5480 2486 5517 non
2539 5464 2773 5531 poterat,
2812 5467 2968 5525 terra:
3025 5458 3246 5529 optima:
3283 5468 3608 5527 servaretur,

2015 5565 2138 5625 qua:
2158 5552 2227 5608 de
2255 5551 2361 5607 hoc
2383 5552 2567 5606 labore
2592 5546 2805 5617 hiemis,
2838 5544 2895 5602 in
2939 5546 3165 5619 perenni
3218 5547 3331 5607 vita
3384 5543 3618 5607 ﬂuctum
