4034 6174
554 154 656 209 179

1752 152 1997 208 ΞΛΝΟΤΙ
2038 151 2380 210 GREGORII
2419 155 2649 210 MAGNI

3730 166 3819 217 180

555 278 906 334 centesimum
950 277 1215 349 proferret
1273 276 1469 332 aetatis.
1528 277 1597 332 Et
1634 291 1851 332 causam
1906 278 2153 347 protinus
2178 277 2232 339 A
2261 278 2607 349 Nequeenim
2650 280 2702 335 in
2733 277 2929 335 malum
2961 280 3258 337 ascendere
3299 280 3505 338 clamor
3526 291 3725 354 poterat
3760 287 3822 341 vi-

558 366 868 423 relaxandas
895 380 1043 422 arcas
1072 366 1386 434 ostendunt,
1419 380 1542 421 cum
1592 366 1976 436 praedicatores
2031 367 2157 422 sub-

524 456 733 510 [dunt:

628 544 811 614 (Vers.
845 545 1050 613 ll.)Ne
1081 545 1394 615 interﬁciat
1423 562 1525 601 nos
1548 561 1674 601 cum
1705 547 1914 617 populo
1929 551 2148 602 nostra.

632 637 717 689 η.
750 634 1080 689 Accaronitae
1106 636 1486 690 clamaverunt
1508 654 1519 689 :
1539 637 1812 690 Miserunt
1844 652 2038 691 arcam
2063 636 2158 691 Dei

558 723 631 778 ad
650 728 845 791 nos,ut
866 724 1293 791 interﬁeiatnos
1316 729 1373 777 et
1393 726 1669 796 populum
1696 725 2163 780 nostrum.Satra-

560 827 648 880 pm
664 810 953 867 consilium
977 812 1241 877 tribuunt,
1270 812 1540 867 dicentes:
1566 814 2026 868 Dimititeurcam
2061 815 2161 869 Dei

564 899 759 969 Israel,
789 904 855 953 ut
894 915 1011 955 non
1036 900 1353 969 interﬁciat
1391 916 1506 955 non
1541 916 1670 956 cum
1701 904 1907 973 populo
1943 905 2158 957 nostra.

567 988 703 1055 Quis
724 996 808 1042 est
826 988 1080 1057 populus,
1106 988 1174 1045 de
1196 1005 1302 1058 quo
1325 994 1575 1060 satrapae,
1596 990 1649 1042 id
1671 998 1747 1043 est
1764 991 2062 1059 principes,
2082 989 2162 1043 di-

568 1085 695 1132 cunt
711 1095 723 1131 :
738 1082 805 1132 ut
818 1094 935 1133 non
957 1078 1277 1139 interficiat
1291 1095 1393 1134 nos
1419 1095 1550 1134 cum
1561 1080 1768 1150 populo
1781 1079 2008 1135 nostra?
2028 1079 2162 1148 Quis

568 1164 1019 1235 estpopulus,nisi
1035 1166 1273 1237 populus
1285 1166 1856 1221 Christianus‘lDicunt
1868 1182 1998 1239 ergo
2011 1167 2131 1239 prin
2141 1197 2164 1210 ο

564 1254 1034 1324 oipes,Dimittite
1047 1271 1243 1313 arcam
1260 1257 1356 1311 Dei
1372 1257 1552 1312 Israel
1559 1260 1647 1323 ,ut
1661 1257 2059 1313 reveriaturin
2076 1259 2161 1314 lo-

568 1358 702 1399 cum
712 1341 1077 1412 suum.Quasi
1091 1344 1233 1398 dicat
1248 1344 1376 1399 hoc:
1395 1345 1549 1400 Unde
1560 1359 1661 1400 vos
1674 1345 1810 1401 mori
1825 1345 2165 1417 pertimesci-

530 1472 533 1475 -
567 1432 816 1500 tis,nobis
830 1431 898 1485 ad
910 1439 1125 1487 aeternio
1138 1432 1266 1487 vita:
1299 1432 1549 1488 meritum
1583 1449 1833 1489 exercere
1846 1449 1951 1489 non
1968 1434 2162 1505 prohi-

568 1521 762 1576 beatis.
792 1520 898 1575 Sed
920 1521 1064 1593 quod
1077 1519 1317 1576 addunt:
1348 1525 1414 1579 Ut
1433 1537 1549 1577 non
1572 1524 1887 1592 interﬁciat
1908 1540 2009 1580 nos
2030 1541 2160 1580 eum

2263 382 2449 423 rerum
2491 376 2845 425 mortuorum.
2881 370 2989 425 Sed
3037 372 3163 441 quia
3195 372 3585 441 percussionem
3638 375 3823 429 natium

2265 457 2515 527 superius
2544 458 2832 513 retulimus
2859 459 2931 517 ad
2962 460 3334 531 cognitionem
3365 470 3827 531 peccatortim,sunt

2264 546 2512 615 profecto
2532 546 2652 613 viri,
2685 548 2776 618 qui
2805 563 2913 602 non
2945 556 3069 602 sunt
3099 549 3319 602 mortui.
3361 548 3470 601 Viri
3500 550 3824 619 quippesunt,

2267 631 2359 700 qui
2391 646 2488 701 pro
2517 639 2720 685 aeterna
2753 632 2862 686 vita
2892 647 3054 702 quam
3086 641 3365 702 appetunt,
3398 649 3555 702 agere
3574 636 3721 688 fortia
3744 636 3830 689 de-

2265 728 2568 773 creverunt.
2612 720 2716 776 Sed
2773 720 2875 774 viri
2933 721 3112 775 adhuc
3160 735 3264 775 non
3315 730 3437 775 sunt
3498 723 3702 786 mortui,
3749 725 3829 794 qui

2267 822 2434 877 agere
2464 824 2660 880 magna
2689 809 3009 875 deliberant,
3051 811 3207 877 143
3231 818 3285 864 et
3316 818 3488 864 tamen
3515 809 3580 864 ad
3608 812 3831 867 dolorem

2266 898 2699 967 compunctionis
2731 897 2874 953 mala
2904 900 3173 968 praeterita
3232 914 3572 970 nequaquam
3603 909 3830 969 pensant.

2268 987 2583 1040 Mordentur
2627 1002 2759 1058 ergo
2787 1001 2820 1040 a
2879 987 3145 1054 muribus,
3196 994 3253 1043 ut
3282 988 3577 1042 moriantur
3600 1003 3612 1041 :
3636 988 3753 1057 quis
3787 988 3833 1043 in

2269 1075 2466 1146 quibus
2492 1076 2740 1148 nequiter
2757 1075 3092 1144 ceciderunt,
3125 1076 3388 1141 recolunt,
3421 1083 3471 1131 et
3519 1091 3616 1147 pro
3663 1085 3836 1146 praete-

2268 1166 2389 1220 ritis
2420 1164 2633 1221 actibus
2662 1181 2721 1220 se
2750 1165 3047 1235 promereri
3075 1174 3292 1220 aeternae
3338 1164 3462 1219 vita)
3515 1165 3835 1221 amissionem

2269 1251 2669 1321 credunt.Quia
2696 1269 2830 1324 ergo
2854 1253 2952 1307 viri
2984 1253 3212 1321 sunt,dc
3244 1253 3343 1309 Dei
3371 1253 3837 1311 misericordianon

2269 1342 2590 1412 desperant:
2615 1350 2666 1397 et
2696 1343 2823 1412 quia
2852 1342 3193 1409 mordentur,
3226 1349 3287 1396 ut
3338 1342 3646 1410 moriantur,
3684 1344 3748 1399 de
3781 1359 3840 1401 eo

2270 1432 2416 1502 quod
2444 1432 2625 1501 magni
2655 1447 2776 1486 esse
2807 1431 3090 1502 incipiunt,
3124 1445 3180 1486 se
3210 1446 3319 1486 non
3347 1431 3605 1487 exaltant.

2340 1521 2427 1575 14.
2462 1518 2703 1589 Quorum
2729 1520 2974 1589 profecto
3005 1520 3212 1574 clamor
3260 1520 3313 1573 in
3370 1520 3563 1575 cwlum
3620 1521 3844 1576 ascendit

567 1611 775 1682 papula
807 1608 1319 1676 nostro,Gentilium
1343 1612 1560 1683 quidem
1592 1613 1954 1682 reproborum
2001 1614 2161 1669 corda
2194 1633 2245 1694 Β
2274 1604 2402 1675 (ιιιῘῆ
2452 1606 2800 1675 omnipotens
2844 1607 2991 1661 Deus
3021 1620 3410 1660 conversorum
3470 1606 3697 1678 gemitus
3740 1606 3843 1661 cle-

570 1700 628 1753 in
653 1712 834 1754 errore
865 1714 964 1753 suo
995 1714 1092 1770 per
1122 1702 1261 1755 hanc
1292 1702 1699 1769 responsionem
1729 1702 2160 1770 confunduntur,

569 1788 698 1842 dum
729 1786 859 1842 inde
888 1803 948 1841 se
974 1786 1061 1841 isti
1091 1787 1425 1843 aﬁirmarent
1453 1796 1678 1843 mortem
1736 1790 1988 1858 evadere,
2022 1793 2164 1846 unde

569 1877 646 1930 illi
679 1877 1018 1946 trepidarent
1051 1877 1207 1931 mori.
1246 1880 1442 1932 Arcam
1473 1894 1689 1951 quoque
1715 1880 1811 1933 Dei
1844 1880 2012 1934 sancti
2028 1897 2164 1951 pra:-

568 1961 843 2016 dicatores
871 1959 1151 2016 auferunt:
1177 1962 1299 2033 quia
1331 1962 1465 2016 dum
1495 1964 1960 2033 contemptoribus
1999 1965 2165 2036 spiri-

569 2048 700 2104 talia
730 2049 1063 2119 panduntur,
1098 2049 1166 2103 ad
1196 2050 1884 2107 damnationemindiscreti
1907 2054 2166 2123 praedica-

572 2138 708 2192 toris
738 2137 938 2209 agitur,
967 2137 1010 2191 si
1043 2137 1234 2192 eadem
1267 2138 1451 2193 divina
1480 2142 1878 2209 mysteria,non
1902 2141 2168 2197 imitanda

567 2225 814 2297 perfidis,
830 2227 924 2281 sed
955 2226 1248 2294 irridendo,
1264 2235 1320 2282 et
1333 2227 1411 2296 (a)
1427 2228 1802 2283 concludenda
1813 2230 2155 2286 deserantur.

567 2315 712 2370 Nam
767 2314 918 2385 quasi
968 2313 1355 2370 transferenda
1402 2331 1541 2371 arcas
1594 2333 1702 2371 non
1749 2325 1857 2371 tam
1913 2328 2162 2390 satrapae,

569 2418 738 2475 quam
772 2410 1113 2473 satraparum
1139 2403 1404 2457 Dominus
1439 2413 1776 2475 praeceptum
1808 2407 2064 2477 ponebat,
2096 2408 2169 2463 di-

566 2504 725 2546 cens:
756 2491 943 2547 Nolite
976 2496 1244 2547 sanetum
1277 2492 1412 2547 dare
1432 2492 1691 2559 canibus,
1731 2510 1912 2567 neque
1938 2498 2166 2566 ponatis

566 2579 913 2649 margaritas
924 2580 1287 2649 anteporcos,
1307 2594 1379 2634 ne
1409 2582 1666 2637 conversi
1690 2584 2031 2639 coneulcent
2071 2601 2167 2639 eas

570 2666 807 2739 pedibus
818 2666 1348 2737 suis(Matth.vn,6).
1365 2668 1499 2722 Hinc
1512 2668 1704 2724 iterum
1717 2668 1867 2727 dicit:
1883 2672 1942 2727 Si
1967 2688 2162 2745 perse-

573 2755 1116 2826 cuttvosfuerintln
1128 2757 2161 2830 unaeiuitate,/‘ugiteinaliam(matt.

564 2858 624 2913 Χ,
660 2844 774 2914 23).
824 2847 1019 2900 Arcam
1050 2844 1253 2914 itaque,
1276 2860 1345 2900 ne
1366 2846 1680 2913 moriantur,
1712 2847 2000 2903 auferunt:
2034 2850 2164 2920 quia

566 2932 1036 3003 contemptoribus
1062 2932 1264 2989 idcirco
1292 2934 1596 3004 spiritantia
1620 2936 1975 3006 abscondunt,
2009 2954 2077 2993 ne
2096 2938 2163 2993 de

2277 1694 2722 1763 menteraccipit.
2747 1695 2810 1748 Et
2833 1694 2961 1765 quia
2990 1695 3043 1748 in
3061 1702 3304 1765 tempore
3333 1694 3704 1749 conversionis
3719 1696 3844 1750 Gen-

2272 1782 2402 1836 tium
2435 1798 2677 1852 magnus
2707 1791 2823 1837 erat
2849 1784 2917 1837 ad
2949 1782 3109 1837 ﬁdem
3129 1799 3441 1851 concursus,
3466 1800 3571 1839 non
3599 1783 3665 1837 ab
3684 1784 3843 1853 aliqua

2272 1886 2402 1931 una,
2434 1872 2527 1925 sed
2545 1887 2578 1924 a
2605 1871 2853 1940 pluribus
2869 1871 3178 1926 civitatibus
3204 1871 3412 1927 clamor
3423 1874 3721 1927 ascendisse
3740 1888 3845 1941 per-

2276 1955 2509 2010 hibetur.
2568 1955 2720 2012 Uude
2767 1963 2822 2011 et
2850 1956 2903 2010 in
2949 1972 3185 2026 persona
3234 1956 3557 2010 universalis
3609 1955 3846 2012 Ecclesia:

2275 2045 2547 2113 propheta
2575 2044 2915 2113 deprecatur,
2930 2044 3146 2099 dicens:
3174 2044 3412 2100 Intende
3433 2045 3679 2102 orationi
3700 2060 3843 2110 mea,

2274 2148 2311 2186 a
2329 2132 2538 2201 ﬁnibus
2562 2138 2731 2187 terra'
2747 2133 2819 2188 ad
2843 2138 2894 2189 te
2910 2134 3155 2190 clamavi
3198 2134 3373 2204 (Psal.
3408 2149 3503 2205 ιχ,
3522 2135 3574 2202 2,
3606 2135 3682 2202 3).
3719 2135 3777 2189 Et
3798 2135 3847 2187 in

2275 2220 2476 2276 ctelum
2507 2222 2817 2277 ascendisse
2846 2221 3140 2277 clamorem
3172 2238 3205 2276 a
3233 2220 3432 2277 ﬁnibus
3456 2231 3617 2278 teme
3632 2221 3849 2277 claman-

2277 2309 2346 2363 tis
2393 2310 2703 2376 ostendens,
2737 2310 2843 2365 ait:
2877 2311 3185 2366 Exaudivit
3219 2312 3287 2366 de
3327 2311 3540 2384 templo
3554 2315 3740 2367 sancto
3760 2326 3848 2366 suo

2277 2413 2465 2453 vocem
2483 2413 2686 2462 meam,
2708 2403 2765 2453 et
2780 2401 2997 2455 clamor
3016 2415 3174 2455 meus
3194 2401 3255 2454 in
3269 2404 3534 2468 conspiret
3545 2419 3576 2457 ιι
3620 2401 3736 2467 eius
3765 2402 3851 2455 in-

2277 2486 2472 2542 troivit
2483 2487 2546 2540 in
2558 2503 2725 2542 aures
2738 2488 2860 2554 eius
2872 2488 3050 2557 (Psal.
3065 2503 3203 2550 xvu.
3223 2490 3299 2560 7).
3317 2490 3448 2543 Cum
3482 2504 3612 2560 ergo
3624 2502 3852 2558 unaque:-

2276 2590 2382 2645 que
2398 2574 2655 2629 civitasin
2668 2576 2864 2630 celum
2879 2576 3145 2631 clamasse
3168 2575 3380 2643 dicitur,
3403 2576 3723 2631 universalis
3748 2589 3855 2646 ptr-

2274 2662 2492 2717 nitentis
2506 2664 2876 2718 conversionis
2894 2664 3319 2720 commendatur.
3350 2663 3513 2734 Quod
3540 2665 3581 2720 si
3596 2663 3854 2735 percussio

2274 2752 2343 2805 ad
2397 2752 2824 2820 conversionem,
2851 2753 3062 2809 clamor
3090 2762 3271 2809 autem
3315 2756 3552 2809 refertur
3579 2754 3647 2808 ad
3674 2750 3855 2808 divinte

2271 2838 2448 2894 laudis
2475 2840 2821 2897 devotionem
2851 2858 2864 2903 ;
2890 2842 2994 2897 hoc
3024 2842 3274 2912 profecto
3330 2841 3383 2896 in
3414 2842 3686 2913 mysteriis
3716 2841 3851 2896 Scri-

2273 2937 2557 2998 pturarum
2584 2930 2841 3001 legimus,
2874 2930 3016 3001 quod
3046 2930 3320 2985 videmus.
3371 2930 3431 2984 In
3494 2931 3590 2986 Dei
3633 2945 3855 3000 namque

568 3036 756 3078 corum
783 2987 1094 3091 contemptu
1123 3021 1159 3075 ii
1188 3022 1278 3091 qui
1300 2987 1498 3079 temere
1528 3039 1588 3078 ea
1600 2987 2164 3094 proferunt,e3;indis-
2198 2987 2248 3050 Ο
2275 2987 2669 3088 omnipotenti;
2689 2987 2944 3074 laudibus
2987 3034 3326 3091 unaquaeque
3382 3018 3580 3075 civitas
3634 2987 3851 3073 clamat:

569 3109 810 3165 cretionc
835 3109 1148 3179 puniantur.
1171 3110 1280 3165 Sed
1308 3112 1432 3180 quia
1455 3113 1793 3168 Accaronitis
1823 3128 1943 3168 arca
1970 3116 2166 3183 prisci-

571 3193 722 3268 pitur
749 3197 969 3266 dimitti,
989 3199 1093 3253 hoc
1121 3197 1364 3268 profecto
1394 3199 1646 3267 insinuat,
1680 3201 1823 3273 quod
1879 3203 2115 3272 praemisi
2151 3224 2163 3260 :

572 3285 701 3359 quia
739 3294 982 3355 tempore
1008 3287 1401 3355 persecutionis
1427 3296 1734 3345 sanctorum
1757 3291 2168 3361 praedicatorum

573 3374 884 3431 exhortatio
914 3374 1055 3430 facta
1111 3382 1213 3443 est,
1245 3383 1303 3429 ut
1343 3375 1447 3445 ipsi
1495 3377 1819 3440 crederent;
1875 3380 2170 3451 aliquando

580 3472 781 3530 autem,
808 3471 866 3518 ut
896 3463 941 3518 si
971 3463 1075 3534 ipsi
1102 3461 1229 3518 vitae
1284 3464 1508 3518 verbum
1539 3480 1647 3519 non
1678 3467 1996 3537 reciperent,
2029 3470 2168 3524 illud

579 3551 967 3622 recipientibus
994 3567 1102 3606 non
1131 3551 1442 3607 obstarent:
1469 3560 1521 3609 et
1550 3553 1593 3606 si
1630 3554 1733 3623 ipsi
1778 3561 2173 3611 tormentorum

581 3646 750 3708 metu,
776 3639 967 3703 salutis
994 3640 1140 3695 viam
1186 3655 1295 3695 non
1325 3642 1640 3712 arriperent,
1666 3643 1745 3695 eis
1785 3643 2176 3713 impedimento

583 3741 694 3783 non
722 3735 923 3795 essent,
938 3726 1030 3798 qui
1064 3728 1135 3782 ad
1153 3743 1321 3801 regna
1348 3730 1586 3784 emlestia
1603 3730 1856 3786 festinare
1884 3748 1983 3787 nec
1995 3733 2175 3803 minis,

586 3830 686 3875 nec
714 3817 891 3886 panis
915 3814 1276 3872 destitissent.
1315 3817 1607 3889 Sequitur:

659 3906 838 3975 (Vera.
870 3906 999 3976 12.)
1026 3906 1215 3963 Flebat
1235 3906 1390 3963 enim
1422 3908 1595 3962 timor
1619 3910 1823 3965 mortis
1853 3912 1916 3966 in
1937 3912 2182 3983 singulis

589 3995 840 4059 urbibus,
855 3998 912 4050 et
940 3994 1272 4067 gravissima
1298 3997 1458 4052 valde
1484 4011 1695 4053 manus
1723 3999 1970 4055 Domini.

665 4084 783 4139 Hoc
807 4083 1029 4154 quidem
1060 4082 1131 4138 ad
1152 4084 1475 4140 exteriorem
1495 4087 1925 4155 persecutionem
1958 4089 2191 4160 qualiter

591 4172 908 4244 accipiatur,
939 4186 1105 4243 supra
1131 4172 1435 4243 expositum
1464 4182 1561 4228 est.
1580 4175 1866 4247 Sequitur:

668 4263 845 4331 (Vers.
870 4261 985 4330 12.)
1032 4262 1146 4317 Viri
1164 4275 1396 4334 quoque,
1421 4263 1518 4333 qui
1548 4265 1763 4318 mortui
1792 4279 1903 4319 non
1926 4268 2184 4335 fuerant,

2274 3107 2402 3176 quia
2423 3106 2803 3178 Redemptoris
2832 3108 3097 3179 praeconia
3128 3107 3277 3162 orbis
3329 3109 3617 3163 universus
3670 3121 3856 3178 nequa-

2276 3211 2438 3265 quam
2470 3203 2649 3258 tacet;
2711 3213 2867 3266 quem
2891 3213 2997 3252 non
3028 3197 3291 3252 absconse.
3312 3196 3595 3267 praedicat,
3627 3197 3719 3252 sed
3772 3196 3855 3250 in-

2276 3283 2509 3339 effabilis
2559 3284 2758 3340 latitia:
2793 3286 3122 3355 jubilatione
3180 3285 3480 3340 collaudat.
3546 3285 3684 3356 Quid
3725 3283 3855 3339 enim

2280 3373 2451 3439 aliud,
2472 3388 2632 3442 quam
2664 3373 2941 3428 universas
2966 3373 3215 3428 civitates
3242 3375 3308 3428 ad
3340 3372 3637 3431 clamorem
3675 3375 3859 3429 cohor-

2283 3461 2514 3529 tabatur,
2547 3461 2638 3533 qui
2670 3461 2886 3515 diecbat
2906 3476 2919 3516 :
2940 3463 3143 3517 Omnes
3160 3464 3659 3535 (2entes,plaudite
3682 3462 3861 3518 mani-

2283 3550 2647 3622 bus.jubilate
2660 3550 2769 3607 Deo
2785 3554 2848 3605 in
2860 3566 2989 3607 voce
3003 3553 3234 3606 rasutta
3243 3553 3436 3619 tionis,
3450 3553 3716 3624 quoniam
3732 3549 3870 3605 Deus

2283 3653 2543 3695 summus
2554 3643 2609 3694 et
2625 3640 2984 3707 terribilis,et
3002 3656 3107 3696 rex
3121 3655 3745 3712 magnussuperomnes
3755 3640 3870 3695 deos

2286 3728 2460 3795 (Psal.
2477 3727 2771 3798 x1.vr,2.3).
2789 3729 2925 3784 Hinc
2947 3729 3142 3783 iterum
3157 3728 3475 3792 admonens,
3497 3731 3577 3784 ait
3601 3748 3613 3784 :
3646 3729 3873 3785 Jubilate

2290 3820 2396 3874 Deo
2430 3819 2616 3872 omnis
2664 3822 2837 3883 terra,
2866 3820 3073 3873 servite
3097 3819 3334 3873 Domino
3360 3818 3423 3872 in
3463 3817 3675 3873 tartitia
3709 3816 3873 3883 (Psal.

2291 3921 2449 3972 χαι,
2474 3904 2549 3978 2).
2583 3904 2719 3960 Hinc
2748 3922 2982 3972 rursum,
3007 3914 3114 3960 tam
3145 3907 3362 3977 plagam
3390 3908 3757 3961 mordentium
3772 3920 3878 3958 mu-

2295 3995 2455 4061 rium,
2486 4010 2650 4065 quam
2699 3993 2995 4049 clamorem
3022 3994 3305 4050 civitatum
3358 3996 3639 4067 exprimit,
3667 3995 3875 4050 dicens:

2301 4084 2728 4138 Commoveatur
2754 4099 2791 4137 α
2832 4084 2982 4154 facie
2998 4086 3119 4154 ejus
3138 4083 3401 4139 universa
3434 4088 3615 4151 terra,
3635 4084 3801 4139 dicite
3821 4082 3877 4135 in

2302 4171 2593 4235 Gentibus,
2614 4173 2749 4243 quin
2769 4172 3040 4226 Dominus
3073 4172 3330 4243 regnavit
3353 4173 3532 4237 (Psal.
3551 4188 3678 4238 xcv,
3700 4177 3753 4237 9,
3777 4173 3877 4238 10).

2298 4258 2640 4314 Praemiserat
2660 4258 2824 4314 enim:
2848 4258 3089 4315 Cantate
3106 4260 3339 4317 Domino
3350 4263 3648 4317 canticum
3662 4275 3879 4317 natum.

592 4350 1066 4422 percutiebantur
1091 4351 1155 4404 in
1184 4351 1481 4405 secretiori
1509 4354 1672 4422 parte
1693 4353 1925 4407 natium
1951 4372 1969 4408 :
1999 4358 2058 4408 et
2085 4371 2171 4410 as-

2293 4347 2531 4400 cantate
2580 4343 2818 4398 Domino
2852 4345 3035 4399 omnis
3075 4349 3231 4400 terra
3282 4344 3446 4411 (Ibid.
3486 4348 3556 4411 l).
3591 4345 3884 4400 Commotio

597 4432 1607 4506 candebatululatusuniuseujusque
1618 4435 1943 4492 civitatisin
1964 4441 2188 4496 eretum.

673 4519 769 4573 13.
798 4517 880 4571 De
922 4515 1128 4570 natium
1155 4514 1374 4588 quidem
1404 4520 1773 4588 percussione.
1797 4521 1918 4590 quia
1945 4524 2194 4593 superius

600 4604 859 4669 diximus,
891 4603 1179 4659 dicendum
1210 4603 1298 4660 hic
1321 4620 1429 4659 non
1460 4613 1621 4673 esset,
1653 4607 1694 4660 si
1718 4607 1806 4663 hic
1852 4609 1998 4664 aliud
2029 4627 2192 4681 quam

599 4695 675 4748 ibi
705 4707 1042 4766 nequaquam
1074 4691 1364 4748 diceretur.
1401 4693 1543 4762 Quid
1573 4705 1653 4751 est
1680 4712 1832 4769 ergo,
1866 4698 2011 4769 quod
2028 4700 2155 4756 dicit
2182 4708 2195 4743 τ

605 4782 719 4839 νίνί
733 4783 1069 4855 quoque,qui
1081 4784 1293 4838 mortui
1302 4798 1418 4839 non
1430 4787 2196 4856 fuerant,percutiebantur?

598 4871 876 4943 Numquid
904 4884 1036 4927 vero
1066 4870 1123 4936 ii,
1156 4871 1246 4940 qui
1278 4873 1475 4927 mortui
1504 4872 1977 4942 fuerant,morderi
1996 4878 2192 4932 iterum

599 4975 703 5032 pro
731 4974 872 5015 arcae
891 4972 1057 5029 pcena
1076 4957 1428 5014 debuerunt?
1460 4962 1568 5016 Sed
1591 4969 1789 5017 etcum
1819 4978 2192 5033 percussorum

597 5051 808 5108 clamor
837 5048 890 5101 in
935 5046 1132 5102 caelum
1180 5047 1486 5103 ascendisse
1554 5048 1768 5114 dicitur,
1801 5051 1937 5104 satis
1982 5043 2193 5106 ostendi

600 5145 835 5211 poterat,
865 5136 993 5206 quia
1020 5135 1091 5190 de
1116 5135 1274 5202 vivis,
1297 5143 1349 5190 et
1376 5151 1485 5190 non
1521 5136 1590 5191 de
1618 5136 1848 5193 mortuis
1901 5138 2188 5194 diceretur.

675 5258 751 5327 (a)
764 5257 1018 5313 Fortasse
1028 5254 1344 5328 legendum,
1357 5255 1765 5313 coneulcanda.
1790 5255 1951 5325 Sane,
1967 5260 2192 5316 conch

599 5346 805 5411 dendo,
826 5343 961 5399 nihil
992 5344 1082 5400 hic
1110 5342 1405 5417 signiﬁcat.
1421 5342 1671 5414 Optimus
1688 5352 1864 5401 autem
1886 5353 1969 5401 est
2001 5360 2190 5403 sensus

595 5428 1247 5505 legendoconculcandtt.
1267 5432 1553 5503 Prasterea,
1567 5433 1713 5507 quod
1734 5432 1819 5491 hic
1835 5433 1910 5491 ait
1928 5434 2184 5507 scriptor,

2302 4432 2505 4501 quippe
2536 4438 2699 4487 terrae
2728 4432 2959 4502 pertinet
2994 4432 3064 4486 ad
3093 4432 3336 4487 dolorem
3367 4433 3730 4501 per-nitentia:
3761 4446 3884 4487 can-

2304 4529 2418 4575 tare
2446 4519 2702 4587 Domino,
2734 4521 2855 4575 sive
2885 4521 3207 4575 annuntiare
3236 4521 3288 4575 in
3321 4521 3588 4576 Gentibus
3620 4522 3748 4593 quia
3780 4521 3888 4575 Do-

2303 4610 2482 4663 minus
2526 4609 2795 4678 regnavit,
2853 4610 2920 4663 ad
2955 4609 3191 4663 studium
3245 4610 3671 4679 praedicationis,
3720 4616 3772 4663 et
3827 4607 3890 4662 ad

2302 4698 2646 4753 devotionem
2695 4696 2897 4752 divime
2935 4697 3134 4753 laudis.
3191 4698 3625 4770 Uniuscujusque
3671 4696 3896 4753 civitatis

2300 4786 2511 4840 clamor
2538 4786 2590 4839 in
2621 4785 2819 4839 cmlum
2850 4786 3096 4840 ascendit
3116 4803 3130 4839 :
3153 4787 3277 4856 quia
3307 4787 3360 4839 in
3380 4787 3631 4841 universo
3647 4786 3892 4841 orbatam

2303 4873 2712 4944 praedicationis
2768 4875 2985 4940 veritas,
3018 4890 3179 4943 quam
3224 4875 3579 4929 devotionum
3626 4874 3816 4930 laudes
3865 4889 3893 4926 a

2304 4962 2554 5017 ﬁdelibus
2574 4971 2775 5016 sancta!
2814 4962 3075 5017 Ecclesia:
3104 4963 3494 5027 declamantur,
3526 4980 3651 5033 quia
3696 4962 3766 5017 ad
3812 4978 3892 5015 su-

2303 5051 2456 5121 perni
2482 5049 2695 5104 auditus
2722 5050 3103 5105 celsitudinem
3134 5067 3236 5121 per
3275 5052 3670 5120 susceptionem
3700 5050 3895 5105 divina:

2302 5138 2640 5210 dignationis
2660 5148 3024 5195 assumuntur.

2298 5257 2585 5315 conﬁrmat
2630 5260 2733 5315 hoc
2778 5259 2966 5315 Matth.
2998 5259 3329 5316 testimonio.
3380 5261 3562 5320 Nolite
3593 5266 3893 5326 sanetum,

2297 5356 2427 5417 etc.,
2458 5348 2713 5407 conversi
2740 5349 3078 5407 conculeent
3099 5364 3217 5409 eas.
