4034 6174
235 274 315 327 191
1074 268 1144 323 IN
1188 268 1453 324 PRIMUM
1492 268 1741 325 REGE-lli
1783 269 2313 339 EXPOSITIONES.
2347 306 2415 314 —
2446 275 2569 330 LIB.
2611 275 2679 328 Il.

855 393 1071 448 CAPUT
1104 394 1191 446 IV.

295 484 333 551 (Ι
364 484 501 555 Reg.
536 499 611 549 γι,
648 482 722 552 1.)
754 482 885 537 Fuit
915 498 1039 554 ergo
1067 498 1202 537 orca
1234 482 1467 537 Domini
1491 483 1553 537 in
1595 484 1824 555 regione

235 572 701 628 Philisthinorum
731 576 944 644 septem
970 572 1275 626 mensibus.

296 683 343 733 l.
370 677 514 746 Quid
544 688 751 751 septem
778 694 989 733 menses
1018 677 1121 740 isti,
1154 678 1252 731 nisi
1310 686 1472 732 totam
1525 679 1649 733 vita)
1672 697 1822 750 prm-

238 769 391 821 sentis
420 767 795 837 prolixitatem
828 767 1164 839 designant?
1208 766 1528 837 Quanquam
1576 768 1744 823 Azotii
1772 778 1825 823 ct

232 858 474 911 Aecaroui
485 866 553 910 tae
566 856 739 912 clama
748 855 1614 923 rent,Circumducaturarcchi
1628 858 1799 913 Israel
1806 899 1823 927 ,

232 953 273 998 et
298 963 407 999 non
439 949 677 1000 maneat
698 961 835 1000 arca
888 945 986 999 Dei
1032 945 1181 1017 apud
1218 960 1321 999 nos
1349 964 1366 996 ς
1398 945 1615 999 veritate
1648 955 1822 1001 tamen

232 1042 424 1087 sanctae
449 1032 696 1088 bistorim
722 1031 941 1101 dicitur,
978 1031 1123 1104 quod
1152 1032 1201 1085 in
1232 1039 1359 1104 typo
1402 1042 1601 1088 saneta:
1627 1034 1819 1088 Eccle-

228 1122 314 1175 sia:
360 1137 779 1193 cognoscamus,
833 1121 961 1193 quia
1017 1120 1069 1174 in
1116 1120 1338 1192 regione
1385 1122 1821 1176 l’liilistbiuorum

227 1225 343 1264 arca
368 1210 461 1264 Dei
494 1219 701 1281 septem
732 1208 1009 1264 mensibus
1032 1208 1149 1264 fuit.
1177 1210 1298 1263 Non
1324 1226 1454 1282 ergo
1480 1210 1744 1265 malorum
1771 1219 1823 1266 et

224 1299 507 1368 impiorum
540 1298 819 1352 hominum
848 1297 1113 1364 voluntas,
1161 1298 1254 1351 sed
1304 1297 1744 1367 Deidispensatio
1770 1300 1821 1352 in

226 1388 391 1441 salute
420 1386 718 1441 Gentilium
745 1386 1044 1456 adimpleta
1075 1393 1175 1441 est.
1202 1388 1320 1439 Jam
1354 1387 1570 1457 quidem
1606 1388 1671 1441 de
1696 1404 1824 1457 gen-

227 1474 404 1529 tilitate
431 1474 634 1529 sublati
658 1484 780 1529 sunt
805 1474 980 1544 impii,
1004 1475 1117 1544 jam
1146 1475 1337 1529 mortui
1366 1484 1507 1542 sunt,
1538 1474 1625 1545 qui
1659 1475 1820 1529 Chri-

223 1563 279 1617 sti
311 1564 655 1618 confessorcs
682 1563 1166 1633 persequebantur,
1194 1571 1247 1617 et
1273 1571 1451 1617 tamen
1495 1580 1618 1618 arca
1647 1564 1740 1619 Dei
1791 1580 1822 1619 a

223 1652 665 1707 Philistliinorum
718 1652 940 1724 regione
986 1667 1093 1704 non
1144 1652 1346 1705 tollitur
1396 1670 1406 1705 :
1461 1653 1587 1722 quia
1638 1653 1823 1707 divina

220 1750 555 1795 sacramenta
579 1741 724 1810 apud
751 1741 974 1807 Gentes,
1002 1741 1170 1793 sancti
1215 1740 1443 1809 Spiritus
1491 1741 1687 1810 poeulo
1714 1742 1815 1794 de—
1845 1740 1898 1799 Β

222 1829 435 1895 briatas,
487 1846 589 1899 per
635 1828 931 1883 studiosam
984 1828 1402 1882 sollicitudinem
1456 1838 1817 1883 reservantur.

220 1919 350 1973 Bene
375 1926 561 1972 autem
590 1917 788 1971 dicitur
811 1925 1018 1986 septem
1045 1914 1340 1984 mensibus,
1367 1916 1493 1986 quia
1515 1925 1819 1971 sanctarum

221 2007 617 2077 Seripturarum
645 2004 901 2075 mysteria
940 2008 1100 2073 144
1126 2020 1293 2074 usque
1339 2004 1391 2058 in
1439 2004 1623 2058 mundi
1662 2005 1821 2059 linem

222 2113 329 2150 cum
354 2095 558 2149 Christi
586 2093 840 2148 ﬁdelibus
866 2092 1253 2164 perdurabuut.
1283 2092 1390 2148 Sed
1418 2094 1661 2167 quisquis
1683 2094 1822 2163 ejus-

221 2187 330 2238 dem
362 2193 574 2238 sanetae
600 2182 897 2253 Scriptura:
926 2181 1180 2252 mysteria
1227 2197 1325 2251 per
1359 2182 1589 2253 gratiam
1618 2182 1822 2237 intimae

220 2273 488 2326 charitatis
515 2270 899 2341 apprehendit,
926 2285 1033 2324 non
1082 2270 1148 2324 dc
1184 2269 1327 2337 loco,
1361 2270 1416 2323 in
1467 2286 1573 2339 quo
1605 2278 1821 2340 tempo-

222 2362 391 2416 raliter
414 2377 544 2415 arca
576 2358 882 2424 dimittitur,
910 2357 1006 2413 sed
1042 2357 1109 2412 de
1138 2373 1224 2423 eo,
1274 2357 1327 2411 in
1369 2372 1476 2430 quo
1501 2357 1825 2415 actemalitcr

221 2450 429 2515 sistitur,
456 2447 729 2503 sollicitus
754 2446 871 2501 fuit.
906 2444 1086 2515 Quare
1112 2455 1164 2501 et
1188 2446 1437 2501 subditur
1462 2464 1473 2499 :

280 2557 454 2621 (νει-ς.
490 2553 571 2620 2.)
596 2554 665 2609 Et
698 2557 1039 2610 vocaverunt
1056 2551 1373 2609 Philistha’i
1395 2552 1735 2618 sacerdotes,
1765 2558 1821 2610 et

222 2644 426 2701 diuinos
440 2644 733 2700 dicentes:
754 2639 894 2711 Quid
905 2641 1186 2712 faciemus
1199 2641 1266 2696 de
1277 2641 1513 2697 arcaDei
1529 2642 1558 2694 ?
1571 2642 1821 2699 lndicatc

225 2734 391 2789 nobis.
414 2732 484 2786 Et
503 2730 775 2803 quomodo
794 2732 1163 2785 remittamus
1186 2745 1311 2785 eam
1337 2730 1400 2784 in
1422 2730 1606 2785 locum
1631 2746 1817 2785 suum.

284 2825 334 2875 2.
362 2821 468 2889 Qui
493 2828 638 2887 sunt,
671 2818 762 2892 qui
789 2818 1102 2872 sacerdotes
1152 2826 1206 2872 et
1253 2816 1469 2872 divinos
1515 2817 1819 2885 consulunt,

222 2910 315 2965 nisi
340 2909 534 2964 ﬁdeles
558 2916 765 2961 sanctae
789 2906 1071 2973 Ecclesiae,
1107 2905 1194 2975 qui
1214 2914 1437 2960 tutorum
1463 2905 1653 2959 salutis
1675 2905 1819 2961 viam

224 2998 330 3053 sine
353 3013 534 3053 errore
561 3005 742 3052 tenere
766 2993 1200 3065 concupiscunt?
1250 2995 1314 3047 Et
1361 2994 1449 3063 qui
1490 2994 1818 3061 sacerdotes,

3430 276 3530 330 182

1853 392 1907 454 Λ
1940 396 2168 463 gloriam
2200 398 2489 467 cemimus,
2522 401 2736 469 quando
2762 401 2830 455 ab
2856 402 2975 457 altis
3000 403 3290 475 ﬁgurarum
3344 403 3534 472 tegmi-

1932 487 2088 540 nibus
2112 488 2347 557 specicm
2379 488 2574 543 divinae
2600 490 2900 560 majestatis
2927 493 3163 548 revelata
3214 492 3353 548 faeie
3398 510 3535 547 con-

1934 582 2159 629 tuemur.
2210 576 2289 632 De
2340 577 2443 630 ista
2500 577 2699 648 quippe
2744 578 2944 634 inloco
2970 596 3065 635 sua
3090 597 3229 636 arcae
3270 580 3534 636 relatione

1931 680 2030 733 per
2059 666 2381 734 prophetam
2414 664 2609 720 dicitur
2638 684 2649 720 :
2678 671 2746 722 Et
2773 682 2885 722 non
2904 666 3116 724 docebit
3136 670 3220 725 vir
3234 670 3390 725 ultra
3406 684 3530 740 pro-

1932 755 2152 807 ximum
2187 769 2373 820 suum,
2405 755 2598 809 dicens
2634 773 2649 806 .·
2682 753 2953 825 Cognosce
2983 757 3283 812 Dominum
3315 776 3334 808 :
3363 774 3397 819 α
3426 759 3531 813 mi-

1933 842 2088 896 nimo
2108 857 2282 912 usque
2311 840 2385 895 ad
2409 845 2731 911 maximum
2772 848 3107 914 cognoscent
3156 860 3247 899 me
3299 846 3527 911 (Jerem.

1930 945 2090 993 xxxr,
2144 930 2251 998 34).
2292 929 2424 983 llinc
2480 931 2712 985 Joannes
2736 932 3083 1003 repromittit,
3133 930 3319 986 dicens
3352 931 3530 986 :Cum

1928 1018 2284 1089 apparuerit.
2309 1019 2527 1073 similes
2555 1021 2608 1074 ei
2638 1022 2871 1085 erimus,
2901 1021 3169 1092 quoniam
3218 1020 3530 1076 videbimus

1930 1122 2058 1161 eum
2091 1109 2264 1162 sicuti
2293 1111 2377 1162 est
2409 1108 2459 1176 (l
2480 1107 2648 1163 Joan.
2680 1124 2759 1179 m,
2792 1107 2867 1177 2).
2901 1107 3011 1163 Sed
3053 1109 3168 1179 jam
3194 1108 3533 1163 remittendus

1932 1194 2073 1264 quod
2135 1195 2425 1250 consilium
2480 1197 2793 1251 sacerdotes
2842 1205 2894 1251 et
2943 1194 3111 1251 divini
3167 1197 3534 1267 quarrentibus

1934 1283 2187 1347 tribuant,
2217 1284 2574 1339 attendamus.
2603 1285 2742 1339 Nam
2769 1283 3009 1355 sequitur
3040 1302 3053 1340 :

2005 1390 2181 1450 (Vers.
2209 1392 2285 1459 4.)
2320 1391 2423 1458 Qui
2452 1391 2729 1447 dixerunt
2763 1407 2775 1448 :
2810 1392 2880 1448 Si
2933 1391 3271 1449 dimiseritis
3328 1410 3526 1450 arcam

1931 1479 2031 1533 Dei
2063 1475 2254 1547 Israel,
2287 1480 2467 1536 nolite
2497 1480 2786 1561 dimittere
2813 1498 2938 1536 eam
2971 1498 3225 1548 vacuam,
3257 1482 3352 1541 sed
3389 1483 3533 1551 quad

1930 1566 2165 1635 debetis,
2198 1568 2414 1623 reddite
2443 1568 2496 1624 ei
2523 1565 2624 1641 p'ro
2651 1573 2902 1641 peccato,
2934 1573 2989 1625 et
3005 1574 3143 1625 tunc
3162 1570 3532 1641 curabimiui,

1932 1660 1988 1710 et
2016 1658 2206 1710 scietis
2234 1672 2407 1724 quare
2438 1658 2809 1713 nonurecedat
2836 1675 3043 1714 mam“
3071 1660 3195 1727 eius
3225 1676 3259 1713 α
3290 1659 3459 1722 vobis.

2001 1763 2052 1815 3.
2088 1761 2356 1829 Quidnam
2387 1768 2466 1816 est
2496 1778 2623 1817 arca
2671 1778 2861 1830 vacua,
2918 1764 3020 1819 nisi
3070 1763 3253 1820 divina
3305 1765 3536 1827 scientia

1929 1849 2043 1903 sine
2073 1850 2212 1903 bona
2241 1851 2554 1920 operatione
2575 1851 2602 1903 7
2633 1851 2868 1907 Vacuam
2900 1867 3131 1924 namque
3148 1870 3333 1907 arcam
3352 1854 3535 1910 remit-

1932 1946 2062 2003 tere,
2094 1946 2172 1992 cst
2196 1938 2264 1993 de
2295 1939 2606 2010 cognitione
2662 1938 3024 2015 spiritualium
3073 1951 3535 2001 sacramentorum

1933 2026 2160 2080 fructum
2186 2026 2313 2082 boni
2336 2027 2517 2097 operis
2541 2026 2747 2082 nullum
2782 2027 2943 2083 ferre.
2996 2029 3177 2084 Vacua
3228 2046 3363 2102 ergo
3409 2047 3535 2085 arca

1931 2115 2241 2181 remittitur,
2273 2129 2395 2170 cum
2425 2131 2578 2169 mens
2607 2115 2674 2169 ad
2705 2115 2867 2170 ﬁdem
2892 2117 3174 2185 venientis,
3194 2117 3261 2173 ad
3279 2127 3537 2174 aeternam

1931 2201 2031 2257 Dei
2061 2201 2572 2272 contemplationem
2595 2203 2709 2273 jam
2740 2204 2969 2259 transire
2998 2204 3291 2273 desiderat,
3345 2214 3397 2261 et
3455 2214 3539 2260 ta-

1932 2305 2055 2344 men
2082 2289 2133 2343 in
2160 2290 2261 2344 hac
2286 2290 2397 2345 vita
2423 2289 2581 2345 bonis
2608 2290 2864 2362 operibus
2896 2291 3146 2358 insudare
3193 2309 3537 2364 nequaquam

1929 2386 2105 2432 curat.
2139 2376 2561 2433 Praedicatorum
2586 2394 2719 2451 ergo
2746 2394 2879 2435 voce
2916 2379 3248 2451 praccipitur,
3302 2389 3362 2436 ut
3411 2396 3540 2436 arca

1928 2482 2049 2519 cum
2076 2465 2382 2533 dimittitur,
2441 2482 2616 2521 vacua
2665 2481 2774 2521 non
2823 2465 3113 2536 relaxetur,
3167 2476 3244 2537 ut,
3294 2468 3339 2523 si
3393 2468 3539 2533 bona

1929 2570 2117 2624 opera,
2145 2553 2389 2627 quisquis
2418 2553 2590 2610 ﬁdelis
2615 2563 2715 2622 est,
2746 2570 2853 2609 non
2886 2555 3228 2626 multiplicat,
3278 2556 3346 2612 ad
3375 2564 3539 2612 teter-

1928 2659 2053 2697 nam
2084 2642 2181 2697 Dei
2214 2643 2598 2713 omnipotentis
2623 2642 3006 2715 cognitionem,
3035 2643 3177 2714 quod
3222 2644 3539 2700 transiturus

1929 2731 2016 2797 sit,
2049 2729 2321 2787 conﬁdere
2349 2747 2457 2787 non
2483 2738 2790 2801 praesumat.
2832 2733 2987 2801 145
3014 2732 3195 2787 Vacua
3214 2740 3389 2788 autem
3409 2749 3535 2789 arca

1929 2835 2036 2871 non
2067 2819 2374 2885 dimittitur,
2408 2818 2454 2874 si
2479 2819 2613 2874 illud
2638 2820 2686 2873 ei
2714 2835 2814 2890 pro
2843 2828 3068 2890 peccato
3094 2821 3355 2890 redditur,
3379 2822 3529 2894 quod

1929 2906 2174 2961 debetur.
2208 2905 2351 2974 Quid
2376 2914 2458 2962 est
2487 2907 2632 2976 quod
2684 2923 2783 2977 pro
2836 2918 3059 2979 peccato
3110 2908 3339 2964 debetur
3365 2927 3526 2978 arcas,

1927 2994 2028 3049 nisi
2060 2993 2276 3053 aﬂlictio
2301 2994 2515 3053 devota:
2543 2995 2876 3064 pmnitentiaa
2894 2997 2923 3049 ‘t
2952 2995 3072 3066 Quo
3129 2996 3324 3053 inloco
3344 3006 3532 3053 notan-

224 3095 269 3141 et
297 3087 485 3153 divini,
518 3085 620 3140 nisi
652 3092 857 3140 sanctae
889 3083 1149 3138 Ecclesia:
1195 3082 1580 3153 praedicatores
1626 3083 1820 3137 intelli-
1850 3087 1900 3151 Ο
1929 3083 2057 3137 dum
2089 3090 2191 3150 est,
2220 3083 2347 3153 quia
2377 3083 2456 3139 eis
2484 3083 2723 3154 loquitur
2747 3084 2894 3154 quia
2922 3084 3166 3140 muribus
3193 3086 3356 3141 morsi
3386 3094 3526 3141 sunt.

225 3176 457 3246 guntur‘?
481 3173 807 3228 Sacerdotes
822 3172 1024 3242 quippe
1050 3179 1172 3225 sunt
1195 3170 1267 3225 ob
1287 3169 1617 3226 oblationem
1640 3187 1816 3226 sacra-
1838 3160 1883 3219 QJ
1928 3170 2028 3241 Qui
2054 3170 2196 3225 enim
2224 3179 2344 3226 sunt
2371 3171 2537 3225 morsi
2568 3187 2603 3228 a
2631 3172 2894 3242 muribus,
2921 3173 3029 3228 nisi
3060 3172 3150 3245 qui
3201 3173 3257 3228 in
3290 3173 3418 3229 ﬁdei
3442 3191 3531 3230 ca-

224 3264 373 3318 menti
410 3281 422 3316 :
458 3262 627 3316 divini
677 3276 827 3328 vero,
879 3258 1177 3313 ministerio
1224 3259 1645 3329 praedicationis.
1674 3261 1814 3314 Nam

223 3351 321 3406 duo
341 3352 444 3405 ista
470 3368 521 3421 in
552 3349 790 3421 pastoris
811 3363 1050 3420 persona
1073 3347 1416 3414 conveniunt,
1449 3347 1490 3400 si
1523 3347 1569 3401 ci
1602 3348 1741 3402 adsit
1764 3356 1817 3402 et

220 3441 463 3495 sanctitas
514 3440 659 3507 vita,
710 3447 761 3493 et
791 3436 1024 3491 eruditio
1050 3435 1330 3505 sapicntise
1359 3453 1370 3488 :
1407 3436 1531 3505 quia
1556 3436 1625 3489 ad
1678 3452 1813 3505 pur-

220 3532 392 3600 ganda
441 3536 670 3598 peccata
719 3524 1065 3579 subditorum
1114 3523 1433 3579 constitutus
1484 3533 1583 3591 est,
1637 3533 1689 3578 ct
1744 3524 1815 3579 ad

218 3633 447 3672 errorum
480 3615 769 3686 caliginem
810 3612 1218 3683 praedicationis
1262 3612 1382 3667 luce
1411 3612 1811 3682 depellendam.

219 3705 397 3769 Pastor
419 3720 554 3775 ergo
582 3711 790 3757 sanctae
812 3701 1097 3767 Ecclesim,
1156 3700 1243 3770 qui
1298 3700 1427 3755 vitae
1478 3702 1812 3757 sanctitatem

216 3792 385 3858 habet,
412 3802 466 3848 et
492 3791 695 3846 divinae
740 3788 1150 3859 praedicationis
1174 3788 1424 3843 virtutem
1476 3803 1581 3842 non
1632 3788 1812 3853 liabet,

211 3882 466 3937 sacerdos
497 3879 740 3951 quidem,
769 3886 822 3932 et
850 3893 955 3931 non
984 3875 1199 3930 divinus
1224 3884 1324 3930 est.
1380 3877 1511 3930 Item
1564 3877 1610 3931 si
1658 3878 1813 3934 verbi

208 3970 515 4024 facundiam
542 3968 757 4034 retinet,
791 3967 906 4020 sine
933 3965 1058 4021 vitae
1084 3965 1393 4033 sanctitate,
1447 3965 1544 4019 etsi
1598 3965 1815 4020 divinus

206 4074 320 4113 esse
343 4058 491 4113 cerni
502 4062 607 4123 tur,
620 4054 908 4110 sacerdotii
921 4055 1121 4108 honore
1133 4069 1471 4123 nequaquam
1498 4054 1691 4108 decora
1701 4063 1807 4108 tur:

206 4148 323 4217 quia
353 4145 503 4219 quod
532 4143 843 4198 sublimiter
870 4141 1152 4211 praadicat,
1182 4149 1390 4195 terrena
1415 4141 1624 4197 actione
1675 4158 1810 4197 con-

204 4236 395 4291 culcal.
425 4234 531 4302 Qui
560 4241 743 4287 autem
796 4231 864 4285 de
912 4246 1054 4285 arcae
1103 4229 1243 4295 loco,
1295 4238 1347 4283 et
1392 4229 1459 4283 de
1493 4230 1811 4285 remittenda

203 4341 326 4378 arca
345 4324 441 4378 Dei
473 4323 829 4391 interrogant,
861 4324 909 4372 et
935 4318 1241 4372 sacerdotes
1270 4326 1319 4372 et
1345 4318 1559 4371 divinos
1579 4328 1769 4373 vocant
1796 4339 1807 4373 :

1928 3258 2143 3314 lilOliCEB
2209 3258 2603 3316 illuminatione
2660 3261 2846 3332 positi,
2912 3269 3035 3316 ante
3100 3261 3347 3332 ejusdem
3403 3261 3527 3317 ﬁdei

1926 3348 2315 3420 cognitionem,
2343 3347 2464 3403 sive
2494 3357 2636 3421 post,
2692 3365 2858 3423 prava
2908 3349 3089 3421 egisse
3135 3366 3195 3405 se
3237 3350 3528 3406 recolunt?

1924 3435 2061 3489 Nam
2090 3435 2180 3504 qui
2206 3443 2332 3491 ante
2357 3436 2587 3508 gratiam
2640 3436 3061 3508 regenerationis
3106 3437 3253 3495 nulla
3302 3437 3527 3493 crimina

1925 3522 2163 3589 admisit,
2187 3530 2239 3577 et
2262 3525 2690 3595 regenerationis
2708 3525 2906 3587 donum
2931 3525 3096 3597 digna
3117 3527 3525 3581 conversatione

1927 3611 2167 3676 retinuit,
2201 3628 2342 3667 arcte.
2367 3612 2582 3681 quidem
2616 3612 2797 3678 debet,
2829 3612 2927 3666 sed
2955 3613 3003 3668 ei
3036 3629 3138 3683 pro
3162 3621 3385 3685 peccato
3417 3630 3522 3668 non

1924 3699 2108 3753 debet.
2138 3700 2459 3771 Cognitione
2485 3700 2705 3770 quidem
2729 3700 2895 3754 divini
2927 3699 3146 3771 eloquii,
3180 3701 3307 3756 boni
3341 3704 3526 3772 operis

1926 3789 2155 3841 reddere
2184 3788 2410 3842 fructum
2448 3789 2679 3862 cogitur,
2728 3789 2821 3842 sed
2878 3789 2947 3843 ad
2995 3790 3320 3860 pu‘nitentiae
3370 3791 3524 3845 satis-

1925 3876 2213 3930 factionem
2241 3892 2303 3929 ex
2331 3876 2611 3941 scelerum,
2640 3892 2760 3946 qua:
2785 3877 3004 3946 respuit,
3060 3877 3244 3932 debito
3297 3894 3401 3932 non
3427 3896 3523 3933 ur-

1924 3972 2103 4035 getur.
2138 3961 2237 4031 Qui
2266 3979 2395 4030 ergo
2422 3963 2741 4017 mordentur
2768 3963 2964 4031 adhuc,
2995 3964 3234 4021 debitum
3262 3981 3402 4020 area)
3424 3982 3522 4039 pro

1922 4059 2147 4121 peccato
2175 4051 2427 4111 reddant;
2474 4058 2530 4104 ut
2551 4065 2651 4120 pro
2676 4051 2963 4104 criminum
3016 4054 3295 4121 memoria,
3346 4055 3524 4107 bumi-

1925 4140 2029 4193 lem
2059 4138 2386 4211 poenitentiae
2420 4137 2747 4191 oblationem
2801 4140 3155 4209 omnipotenti
3209 4142 3321 4195 Deo
3373 4142 3523 4195 resti-

1923 4236 2092 4281 tuant.
2144 4227 2207 4280 Et
2261 4234 2383 4279 tunc
2423 4225 2637 4295 quidem
2695 4234 2985 4295 curantur;
3039 4226 3166 4296 quia
3218 4235 3327 4281 tum
3386 4246 3521 4283 con-

1923 4316 2164 4370 scientiae
2213 4313 2411 4368 vulnus
2463 4314 2769 4382 obducitur,
2817 4330 2937 4368 cum
2986 4313 3182 4371 alllicta
3230 4332 3380 4371 mens
3426 4334 3524 4386 per

204 4414 319 4481 quia
350 4412 610 4466 nimirum
637 4409 696 4475 ii,
723 4408 811 4478 qui
843 4408 912 4461 de
940 4406 1249 4478 cognitione
1296 4406 1493 4459 divinae
1550 4408 1810 4476 prmdica-
1841 4434 1893 4493 Ι)
1922 4402 2296 4473 paenitentiam
2327 4403 2395 4456 ad
2438 4403 2721 4473 sperandae
2777 4404 2948 4459 venia:
2993 4405 3329 4459 securitatem
3383 4406 3520 4460 rele-

202 4501 363 4554 tionis
388 4508 635 4555 ventura}
660 4497 783 4551 vita!
812 4494 1011 4567 gaudia
1043 4495 1294 4565 dilignznt,
1341 4495 1408 4548 ad
1461 4495 1656 4548 salutis
1687 4512 1811 4550 con-

202 4590 400 4656 silium,
429 4603 532 4643 nec
557 4584 804 4639 camales
829 4584 1121 4652 sapientes,
1150 4597 1249 4636 nec
1280 4582 1503 4635 multum
1532 4584 1812 4653 simplices

201 4678 487 4749 religiosos
545 4683 793 4745 pastores
844 4676 1108 4741 quierunt.
1161 4670 1482 4725 Sacerdotes
1530 4672 1707 4741 itaque
1760 4682 1812 4727 et

201 4765 413 4818 divinos
434 4771 663 4818 vocant:
688 4761 813 4831 quia
826 4761 905 4814 eis
930 4775 989 4813 se
1013 4759 1371 4823 committunt,
1401 4757 1490 4828 qui
1518 4768 1564 4812 et
1596 4761 1811 4828 superni

207 4853 575 4907 rectitudinem
603 4849 811 4904 itineris
856 4848 1231 4902 demonstrant
1281 4846 1608 4901 sublimitate
1634 4848 1811 4902 scicn-

213 4941 318 5005 tia},
344 4951 395 4995 et
420 4957 521 5012 pro
549 4937 786 4993 subditis
838 4935 1186 5006 omnipotenti
1247 4935 1359 4988 Deo
1414 4936 1589 4989 idonei
1646 4937 1811 4990 inter-

215 5044 448 5084 cessores
500 5036 642 5093 sunt,
698 5042 799 5096 per
840 5024 1126 5095 puritatem
1176 5023 1319 5076 vita).
1379 5024 1454 5076 De
1490 5025 1812 5079 remittenda

216 5116 373 5177 igitur
398 5120 448 5170 in
481 5116 658 5170 locum
686 5130 845 5166 suum
879 5129 1001 5165 arca
1036 5112 1367 5177 interrogant
1395 5129 1407 5164 :
1438 5112 1557 5180 quia
1592 5114 1657 5166 de
1710 5114 1814 5167 ista

217 5207 507 5275 cognitione
531 5204 957 5273 Seiipturarum,
1008 5216 1165 5268 quam
1212 5198 1262 5251 in
1312 5202 1577 5268 mysteriis
1625 5201 1813 5253 verito—

223 5306 327 5343 rum
347 5295 631 5362 accipiunt,
660 5290 894 5345 transire
922 5289 988 5340 ad
1010 5288 1302 5356 perfectam
1327 5288 1421 5341 Dei
1445 5289 1811 5353 eoe‘i'iitioucm

222 5376 269 5429 in
295 5382 577 5435 aeternitate
601 5376 1018 5446 concupiscunt.
1056 5375 1209 5428 Velut
1232 5375 1377 5427 enim
1421 5391 1546 5429 arca
1594 5377 1813 5429 remitti-

226 5472 316 5531 ιω,
345 5483 457 5522 cum
484 5484 659 5541 parva
688 5470 794 5520 ista
820 5461 1061 5534 cognitio
1090 5477 1188 5530 per
1204 5461 1326 5515 vitm
1349 5464 1631 5531 pru‘sentis
1653 5472 1817 5516 trans-

220 5548 335 5609 itum
363 5557 698 5628 adimptetur.
731 5554 799 5608 Et
834 5551 887 5604 in
939 5548 1058 5605 loco
1094 5565 1191 5603 suo
1247 5558 1478 5604 ostensie
1532 5565 1671 5607 arca:
1720 5552 1815 5606 Dei

1921 4501 2095 4553 vatur.
2130 4491 2277 4544 Tunc
2302 4490 2464 4545 etiam
2500 4491 2695 4559 sciunt,
2728 4508 2895 4562 quare
2921 4508 3117 4546 manus
3160 4493 3374 4549 Domini
3414 4511 3521 4551 non

1922 4581 2133 4634 recedat
2162 4579 2231 4632 ab
2263 4580 2342 4634 eis
2371 4597 2385 4633 :
2415 4578 2535 4649 quia
2565 4588 2685 4633 tunc
2732 4580 3016 4635 utilitatem
3060 4582 3519 4653 compunctionis,

1920 4685 2015 4722 seu
2042 4666 2252 4723 aﬁlictte
2282 4667 2458 4721 carnis
2488 4667 2689 4721 bonum
2722 4668 3044 4740 intelligunt,
3074 4685 3197 4724 cum
3224 4670 3292 4729 de
3321 4670 3523 4728 ﬁducia

1922 4755 2499 4825 divinmimlulgentiae
2544 4753 2885 4809 inetl'abiliter
2934 4757 3198 4813 lietantur.
3250 4759 3389 4827 Quid
3442 4770 3524 4815 est

1923 4845 2066 4905 enim
2099 4845 2258 4897 dolor
2282 4841 2629 4913 [annitentiag
2657 4842 2757 4895 nisi
2787 4843 2963 4915 plagae
2995 4846 3240 4902 molestia
3278 4863 3341 4902 ex
3402 4849 3522 4903 da:-

1922 4950 2144 4988 monum
2181 4930 2570 5000 percussione?
2600 4931 2736 4983 Nam
2794 4933 2948 5001 quasi
3007 4934 3059 4988 in
3111 4935 3302 4989 dolore
3342 4936 3522 5007 plaga:

1922 5023 2101 5076 adhuc.
2128 5020 2323 5074 acriter
2369 5021 2660 5088 pungentis
2708 5020 3000 5089 suspirabat
3057 5039 3353 5077 conversus
3408 5025 3519 5089 ille,

1923 5126 2044 5164 cum
2078 5109 2321 5161 diceret:
2349 5110 2654 5161 Conversus
2682 5123 2805 5163 sum
2840 5110 2898 5161 in
2930 5126 3185 5164 mrunma
3216 5128 3359 5175 mea,
3385 5112 3516 5165 (tum

1924 5199 2232 5267 cmi/igitur
2260 5199 2421 5266 spina
2449 5196 2796 5262 (I‘saLxxxr,
2820 5196 2893 5259 4).
2919 5196 3056 5263 Quid
3084 5198 3224 5249 enim
3256 5214 3517 5263 aerumna,

1926 5288 2025 5340 nisi
2060 5285 2404 5339 atllictiooem
2438 5283 2667 5337 insinuat
2695 5284 3063 5352 pu‘iiitcntiae‘?
3108 5284 3213 5337 Sed
3247 5285 3296 5337 in
3328 5287 3519 5340 eadem

1925 5390 2165 5429 {erumna
2191 5388 2508 5427 conversum
2542 5387 2599 5425 se
2620 5371 2827 5436 asserit,
2854 5369 2981 5422 dum
3002 5370 3171 5439 spinm
3190 5371 3522 5429 conﬁxumm

1924 5463 2103 5515 sentit.
2137 5462 2302 5528 Quasi
2331 5461 2469 5513 dicat
2504 5477 2515 5512 :
2546 5459 2682 5511 Dum
2714 5458 3083 5511 recordatione
3132 5458 3320 5529 ﬂagitii
3364 5478 3519 5515 mor-

1928 5551 2080 5619 deor,
2110 5566 2247 5605 iii-ca:
2276 5547 2515 5604 debitum
2547 5545 2771 5600 reddere
2803 5560 2904 5599 non
2931 5545 3158 5602 desisto.
3180 5548 3348 5619 Spina
3371 5551 3525 5622 quip-
