4034 6174
505 301 605 358 183

1700 298 1947 354 ΞΛΝΟΤΙ
1984 293 2326 354 GREGORII
2364 295 2587 350 MAGNI

3678 301 3770 354 18L

505 442 577 497 pe
601 425 904 498 conﬁgitur,
950 425 1080 481 dum
1112 442 1211 497 per
1248 424 1636 497 omnipotentis
1677 424 1777 480 Dei
1826 423 2108 493 dispensa-
2137 420 2192 481 A
2219 421 2311 476 nis
2327 421 2780 493 quibusvidimus
2796 423 2946 479 niala
2968 422 3139 489 (Psal.
3159 424 3483 488 ιιιχχιι,14,
3512 421 3611 487 15).
3639 422 3783 478 Velut

508 515 730 581 tionem,
777 516 843 570 ad
876 514 1139 586 lacrymas
1165 530 1548 571 conversorum
1595 514 1777 569 anima
1825 512 2109 565 criminum

509 602 881 659 recordatione
912 604 1293 658 inflammatur.
1319 603 1383 658 Et
1412 619 1551 658 arca
1575 602 1823 657 debitum
1859 600 2106 667 solvitur,

509 690 724 759 quando
750 692 864 760 jam
895 708 994 761 pro
1025 692 1283 762 qualitate
1313 692 1573 758 criminis,
1629 704 1885 747 mensura
1915 697 2109 743 exten-

506 779 650 832 ditur
672 779 1110 846 lamentationis;
1166 797 1287 834 curn
1340 788 1463 851 post
1514 780 1791 833 diuturnas
1844 778 2110 848 lacrymas

509 865 726 923 afllicta
754 868 843 921 diu
873 869 1056 937 menti,
1096 869 1294 923 interni
1318 868 1494 923 solatii
1547 867 1635 921 lux
1688 865 2006 930 infunditur,
2035 874 2112 919 at-

511 971 615 1025 que
646 972 675 1010 a
705 956 1076 1025 percussionis
1107 956 1309 1011 intima
1337 955 1581 1026 pondere
1598 954 1783 1010 divino
1808 954 1950 1009 dono
1978 952 2111 1008 levi-

508 1051 669 1116 gatur
699 1062 711 1098 :
740 1060 867 1099 cum
893 1045 1008 1115 jam
1059 1054 1309 1118 purgata
1357 1044 1527 1101 menti
1574 1060 1673 1115 per
1722 1043 1948 1115 gratiam
1999 1058 2111 1097 sua

505 1132 873 1202 inspirationis
900 1134 1239 1205 omnipotens
1266 1134 1415 1188 Deus
1443 1132 1773 1205 appropriat,
1827 1139 1987 1202 atque
2042 1146 2111 1184 ex

506 1220 708 1277 fiducia
737 1230 1042 1277 consecuta
1071 1221 1420 1294 indulgentia
1475 1238 1597 1276 eam
1624 1220 1909 1285 exhilarat,
1945 1234 2109 1291 quam

507 1309 557 1366 ei
588 1326 654 1364 ex
685 1311 985 1381 prasentia
1011 1326 1127 1365 sua
1155 1311 1330 1383 gratia
1359 1309 1753 1364 subministrat.
1776 1307 1941 1377 Quasi
1964 1307 2109 1363 enim

514 1398 582 1452 de
607 1398 951 1469 percussione
985 1407 1108 1454 tunc
1133 1407 1371 1467 sanatur,
1404 1414 1525 1453 cum
1572 1414 1670 1467 per
1697 1396 1893 1451 refusa
1924 1394 2109 1450 indul-

509 1486 707 1555 gentia
764 1486 995 1559 gratiam
1045 1486 1363 1558 magnitudo
1419 1484 1623 1542 doloris
1679 1485 1747 1540 de
1800 1483 2113 1556 pmniteutis

509 1573 710 1631 afllicta
735 1583 917 1630 mente
950 1583 1278 1631 removetur.

581 1685 634 1737 4.
673 1681 826 1737 Unde
869 1689 922 1736 et
950 1683 1016 1748 is,
1050 1682 1139 1753 qui
1171 1682 1222 1735 in
1254 1695 1496 1737 arumna
1521 1678 1951 1747 convertebatur,
1983 1680 2112 1734 dum

2218 510 2363 564 enim
2409 510 2461 563 in
2508 520 2668 565 nocte
2706 511 3038 581 paenitentia
3084 510 3284 566 luctum
3326 518 3655 579 exceperant,
3700 509 3782 580 qui

2217 613 2376 652 mane
2405 597 2658 654 videlicet
2685 599 2887 654 divina
2934 598 3262 671 dignationis
3300 606 3587 668 apparente
3630 597 3783 652 clari-

2220 692 2344 751 tate,
2375 702 2434 739 se
2465 686 2697 758 repletos
2729 687 3096 743 misericordia
3138 685 3561 759 congaudebant,
3607 685 3690 755 qui
3733 700 3786 740 se

2220 773 2502 829 delectatis
2532 791 2630 846 pro
2685 775 2897 844 diebus,
2931 776 2984 830 in
3025 776 3224 846 quibus
3272 774 3528 829 humiliati
3573 774 3783 839 fuerant,

2218 870 2464 917 asserunt
2496 882 2508 917 :
2541 879 2639 934 per
2667 863 2872 920 donum
2911 864 3222 930 curationis,
3264 862 3577 937 gravitatem
3614 876 3789 916 manus

2219 949 2456 1017 Domini,
2490 968 2654 1023 quare
2684 952 2753 1006 ab
2784 952 2861 1007 eis
2890 968 3000 1008 non
3033 958 3354 1018 recesserat,
3394 951 3527 1007 scire
3575 949 3790 1004 demon-

2219 1047 2483 1095 strantur.
2522 1040 2632 1095 Sed
2663 1040 2787 1110 quia
2814 1057 2843 1095 a
2863 1040 3194 1113 principibus
3223 1040 3399 1095 adhuc
3418 1056 3511 1108 per
3528 1037 3792 1094 consilium

2219 1127 2430 1194 dicitur,
2462 1135 2520 1182 ut
2546 1128 2690 1199 quod
2721 1127 2953 1184 debetur
2975 1144 3073 1200 pro
3102 1136 3329 1200 peccato
3371 1142 3510 1183 arcae
3538 1126 3789 1194 reddatur,

2216 1224 2269 1274 et
2298 1217 2427 1286 quid
2455 1217 2532 1271 sit
2558 1216 2694 1273 illud
2722 1218 2868 1289 quod
2898 1218 3147 1287 debetur,
3168 1233 3278 1272 non
3296 1214 3591 1289 exponitur,
3612 1214 3794 1285 adjun-

2216 1314 2365 1362 ctum
2395 1313 2478 1362 est
2510 1322 2524 1362 :

2291 1403 2469 1471 (Vers.
2504 1405 2555 1471 4,
2589 1404 2667 1473 5.)
2716 1403 2823 1471 Qui
2848 1404 3250 1476 respondentes
3284 1404 3559 1460 dixerunt
3602 1421 3620 1458 :
3662 1399 3797 1465 Quid

2220 1496 2305 1548 est
2335 1491 2479 1564 quod
2507 1509 2610 1565 pro
2629 1493 2835 1549 delicto
2874 1490 3105 1550 reddere
3132 1494 3469 1550 debeamus?
3505 1491 3796 1563 Responde-

2220 1581 2684 1636 runtitliﬂuxta
2697 1597 3001 1637 numerum
3026 1583 3450 1654 provinciarum
3476 1577 3801 1635 Philisthiim

2223 1670 2473 1741 quinque
2492 1686 2630 1726 anos
2660 1686 2861 1726 aureos
2902 1672 3154 1741 facietis,
3204 1675 3260 1728 et
3306 1671 3547 1743 quinque
3584 1683 3802 1723 mures:

510 1768 878 1842 configeretur
900 1773 1075 1842 spina,
1109 1770 1162 1824 in
1209 1771 1402 1824 eodem
1433 1769 1644 1839 psalmo
1690 1768 2112 1839 omnipotentem
2140 1769 2199 1833 B
2230 1757 2359 1829 quia
2385 1757 2557 1828 plaga
2589 1774 2708 1814 una
2735 1759 2854 1829 fuit
2881 1759 3032 1815 vais
3062 1764 3116 1815 et
3134 1761 3383 1831 satrapis
3406 1759 3619 1813 vestris.
3635 1756 3804 1811 Facie-

510 1858 685 1913 Deum
718 1859 1011 1913 curationis
1042 1876 1154 1914 sua
1184 1867 1462 1914 auctorem
1517 1858 1762 1913 latanter
1807 1855 2116 1927 alloquitur,

513 1946 701 2001 dicens
722 1965 734 2001 :
755 1949 831 2003 Tu
851 1964 910 2001 es
924 1947 1069 2003 mihi
1086 1948 1369 2020 refugium
1389 1966 1419 2002 α
1435 1963 1725 2019 pressura,
1743 1963 1864 2019 qua
1880 1947 2119 2003 circum-

517 2034 677 2090 dedit
702 2052 812 2102 me,
845 2038 1129 2092 exultatio
1148 2053 1271 2091 mea
1290 2037 1521 2106 (Psalm.
1540 2051 1697 2104 xxxx,
1716 2036 1791 2105 '7).
1805 2036 2121 2091 Pressuram

525 2123 723 2194 quippe
749 2132 904 2178 vocat
929 2124 1309 2196 gravissimam
1334 2125 1495 2179 valde
1524 2140 1740 2178 manum
1773 2123 2011 2179 Domini.
2043 2123 2123 2177 De

517 2227 622 2282 qua
647 2212 993 2282 percussione
1023 2212 1367 2285 gravissima
1398 2228 1590 2268 manus
1615 2214 1775 2267 etiam
1812 2211 2006 2266 Paulus
2035 2211 2123 2265 lo-

416 2308 425 2313 ‘
519 2300 723 2370 quitur,
753 2300 940 2354 dicens
964 2316 976 2355 :
1007 2303 1126 2372 Ipse
1148 2303 1302 2356 enim
1326 2301 1565 2371 spiritus
1582 2316 1684 2371 pro
1704 2299 2126 2371 nobispostulat

516 2388 820 2461 gemitibus
838 2389 1319 2444 inenarrabilibus
1339 2390 1517 2457 (Rom.
1543 2404 1659 2456 vni,
1684 2391 1794 2457 26).
1811 2386 1915 2451 Qui
1937 2402 2067 2457 ergo
2095 2403 2129 2441 a

518 2492 771 2547 pressura
803 2477 1071 2530 invenisse
1087 2476 1614 2547 Dominiref‘ugium,
1638 2484 1690 2530 et
1710 2475 2126 2530 exsultationem

520 2562 772 2630 insinuat,
789 2563 857 2617 ab
876 2564 1072 2618 interni
1095 2563 1304 2619 doloris
1323 2563 1689 2633 percussione,
1712 2563 1914 2634 gaudio
1932 2563 2129 2618 divina

523 2652 879 2724 indulgentia
921 2660 1159 2707 curatum
1191 2668 1249 2707 se
1288 2668 1406 2707 esse
1452 2650 1779 2706 manifestat.
1825 2652 1962 2707 Ilinc
1998 2653 2129 2707 item

532 2739 723 2795 dolens
751 2741 928 2796 adhuc
958 2739 1256 2810 conﬁtetur,
1285 2740 1498 2795 dicens:
1532 2742 1646 2797 Tibi
1671 2741 1777 2797 soli
1797 2744 2043 2810 peccavi,
2076 2744 2133 2796 et

530 2829 750 2884 malum
765 2846 951 2885 coram
982 2835 1036 2886 te
1058 2830 1170 2899 feci
1212 2832 1390 2898 (Psat,
1417 2846 1467 2898 1.,
1502 2831 1577 2901 6).
1603 2829 1709 2884 Sed
1740 2830 1866 2901 quia
1895 2829 2132 2885 decura-

531 2918 675 2972 tione
706 2918 1000 2988 prasumit,
1051 2917 1350 2986 insinuans,
1381 2918 1455 2972 ait
1485 2937 1503 2974 :
1532 2918 1782 2973 Auditui
1825 2934 1947 2974 meo
1979 2919 2134 2973 dabis

530 3007 800 3076 gaudium
830 3010 886 3062 et
904 3008 1190 3073 laetitiam,
1214 3011 1269 3063 et
1290 3006 1665 3063 exsultabant
1682 3023 1805 3063 ossa
1827 3006 2135 3064 humiliata

538 3093 728 3161 (.’bid.,
760 3097 836 3164 7).
872 3094 1123 3150 Debitum
1147 3111 1276 3167 ergo
1305 3111 1446 3151 arca
1476 3094 1721 3150 redditur
1748 3110 1847 3167 pro
1894 3104 2130 3165 peccato,

537 3198 660 3236 cum
687 3192 1003 3252 peccatores
1034 3200 1100 3237 ex
1133 3184 1428 3254 Scriptura
1458 3199 1622 3239 sacra
1642 3182 1951 3256 cognitione
1993 3181 2130 3237 aflli-

535 3279 757 3341 guntur,
791 3278 843 3325 et
873 3271 1113 3327 cruciatu
1162 3280 1373 3344 tergere
1429 3272 1620 3343 culpas
1674 3280 1944 3344 satagunt,
2003 3287 2139 3342 quas

535 3358 713 3413 carnis
742 3358 1099 3415 delectatione
1120 3367 1419 3416 traxerunt.
1445 3361 1715 3416 Curantur
1741 3370 1942 3429 autem,
1973 3377 2141 3434 quan-

539 3446 611 3500 do
634 3445 752 3516 jam
780 3447 997 3519 expleta
1028 3464 1278 3503 mensura
1308 3447 1632 3514 aﬂlictionis,
1667 3449 1735 3504 ad
1765 3447 2017 3504 fiduciam
2046 3448 2142 3503 di-

541 3533 684 3589 vina
712 3536 1072 3607 indulgentia
1110 3539 1266 3606 146
1300 3553 1399 3607 per
1426 3537 1689 3592 auxilium
1719 3536 2024 3592 relevantur
2053 3537 2141 3591 in-

546 3624 680 3678 terni
722 3623 922 3681 solatii.
974 3626 1130 3681 Unde
1175 3635 1227 3680 et
1271 3624 1559 3680 Psalmista
1605 3624 1860 3696 loquitur,
1909 3625 2141 3682 dicens:

551 3712 766 3768 Cibabis
779 3729 879 3768 nos
891 3729 1039 3784 pane
1054 3715 1458 3786 lacrgmarum,
1474 3717 1529 3770 et
1542 3718 1736 3786 potum
1749 3714 1903 3769 dabis
1915 3715 2070 3770 nobis
2082 3715 2146 3770 in

550 3802 817 3873 tacrymis
838 3803 899 3857 in
916 3818 1184 3858 mensura
1217 3803 1394 3870 (Psal.
1427 3818 1625 3869 LXXIX,
1658 3806 1733 3872 6).
1766 3803 2148 3874 Lacrymarum

546 3889 749 3962 quippe
779 3898 937 3961 potus
966 3890 1035 3943 ad
1068 3906 1377 3946 mensuram
1408 3890 1501 3946 dat
1533 3907 1546 3945 :
1581 3890 1710 3961 quia
1741 3890 1983 3961 profecto
2015 3908 2148 3964 pec-

545 3985 719 4046 cator,
752 3978 848 4033 etsi
880 3995 945 4033 ex
975 3977 1184 4034 interna
1217 3979 1313 4034 Dei
1340 3979 1673 4048 aspiratione
1703 3994 1801 4048 pro
1823 3979 1983 4050 culpa
2004 3996 2151 4035 com-

548 4066 832 4138 pungitur,
863 4082 929 4122 ex
960 4068 1145 4123 eadem
1171 4067 1601 4138 compunctionis
1628 4066 1915 4123 afllictione
1958 4068 2150 4123 eodem

550 4156 867 4211 consolante
897 4155 1226 4211 releventur.
1256 4156 1413 4214 Unde
1429 4165 1482 4212 et
1510 4172 1611 4227 per
1638 4157 1860 4227 Moysen
1889 4154 2154 4210 Dominus

548 4243 680 4299 dicit
703 4260 717 4297 :
743 4244 850 4314 Ego
870 4244 1140 4311 occidam,
1161 4248 1217 4300 et
1242 4260 1336 4315 ego
1353 4246 1534 4300 vivere
1546 4244 1790 4313 faciam:
1808 4244 2152 4314 percutiam,

546 4336 604 4388 et
623 4348 718 4403 ego
733 4333 940 4390 sanabo
954 4332 1143 4402 (Deut.
1168 4347 1350 4400 xxxii,
1383 4336 1493 4402 39).
1525 4330 1758 4386 Perculit
1804 4344 2057 4400 namque,
2101 4340 2156 4387 et

549 4429 705 4473 sanat
738 4435 750 4473 :
780 4420 908 4491 quia
944 4435 1080 4489 quos
1116 4435 1214 4490 per
1260 4418 1733 4488 compunctionem
1780 4419 2005 4490 sauciat,
2053 4436 2156 4491 per

2233 1847 2410 1917 iisque
2440 1846 2854 1903 similitudines
2882 1864 3123 1903 anorum
3154 1853 3489 1912 vestrorum,
3520 1849 3574 1901 et
3612 1842 3805 1900 simili-

2233 1934 2462 1989 tudines
2474 1951 2526 1988 m
2538 1937 2749 2002 arium,
2764 1936 2858 2007 qui
2876 1935 3135 1992 demoliti
3149 1939 3287 1991 sunt
3307 1940 3540 1997 terram,
3555 1937 3609 1988 et
3624 1930 3809 1986 dabitis

2233 2025 2339 2078 Deo
2371 2021 2550 2079 Israel
2576 2024 2837 2095 gloriam,
2861 2025 2911 2079 si
2930 2025 3080 2095 forte
3108 2026 3318 2080 relevet
3344 2038 3578 2078 manum
3605 2034 3755 2076 suam
3779 2034 3812 2073 a

2231 2110 2402 2179 vobis,
2437 2115 2491 2166 et
2523 2128 2557 2167 a
2587 2112 2694 2167 diis
2723 2114 2943 2179 vestris,
2968 2116 3026 2168 et
3046 2130 3082 2168 a
3112 2113 3266 2169 terra
3295 2114 3499 2169 vestra.

2303 2202 2355 2253 5.
2390 2197 2534 2268 Quid
2563 2207 2662 2268 est,
2696 2199 2840 2269 quod
2889 2200 3127 2270 quinque
3158 2216 3388 2256 auorum
3432 2196 3811 2262 similitudines,

2233 2290 2287 2342 et
2312 2287 2534 2342 totidem
2582 2287 2959 2343 similitudines
2985 2289 3239 2355 murium,
3267 2289 3424 2358 juxta
3445 2284 3814 2358 provinciarum

2234 2391 2544 2444 numerum,
2577 2374 2692 2430 fieri
2715 2375 2999 2445 jubentur,
3032 2385 3085 2431 et
3113 2377 3192 2431 sic
3221 2392 3368 2431 arca
3401 2374 3632 2430 debitum
3660 2372 3817 2427 solvi-

2238 2472 2323 2518 tur
2342 2464 2370 2515 ?
2400 2463 2525 2518 Hac
2546 2464 2811 2535 profecto,
2836 2464 2881 2519 si
2902 2480 3054 2520 more
3070 2465 3299 2520 Judaico
3325 2464 3620 2519 secundum
3640 2461 3819 2516 littera

2235 2550 2497 2605 vilitatem
2542 2559 2852 2623 pensantur,
2906 2568 3015 2608 non
3062 2554 3232 2608 solum
3293 2550 3636 2624 despicienda
3688 2555 3819 2615 sunt,

2237 2638 2332 2693 sed
2361 2655 2462 2694 nec
2509 2639 2693 2694 auditu
2733 2640 2924 2712 digna.
2971 2641 3103 2709 Qua
3152 2639 3399 2712 profecto
3434 2640 3592 2712 digne
3619 2635 3819 2708 accipit,

2239 2727 2328 2797 qui
2358 2743 2463 2797 quo
2493 2728 2684 2783 viliora
2715 2745 2812 2799 per
2857 2730 3050 2784 littera
3098 2745 3293 2785 sonum
3341 2730 3511 2794 audit,
3560 2744 3622 2784 eo
3650 2741 3712 2783 ea
3737 2739 3825 2796 per

2241 2814 2537 2885 spiritalem
2552 2815 3006 2888 significationem
3026 2818 3239 2873 utiliora
3257 2827 3395 2873 esset
3420 2816 3823 2889 intelligit.Nam

2243 2912 2465 2958 sanctus
2497 2904 2748 2975 Spiritus,
2782 2921 2889 2976 quo
2917 2906 3210 2976 inspirante
3242 2911 3353 2961 tota
3386 2907 3506 2983 hac
3554 2920 3698 2960 sacra
3742 2901 3823 2957 hi-

2244 2993 2410 3047 storia
2436 2992 2705 3062 scribitur,
2741 3010 3011 3065 nunquam
3042 3002 3152 3049 tam
3209 2994 3339 3050 vilia
3391 3001 3656 3065 promeret
3707 2992 3746 3045 si
3779 2991 3825 3044 in

2248 3081 2409 3151 hujus
2434 3080 2657 3135 vilitatis
2678 3098 2877 3137 arcano
2926 3098 3126 3154 magna
3174 3084 3459 3152 quadam,
3510 3091 3561 3137 et
3611 3080 3829 3153 pretiosa

2252 3169 2406 3224 valde
2438 3170 2691 3240 mysteria
2722 3186 2829 3224 non
2861 3171 3126 3242 signaret.
3163 3170 3317 3225 Unde
3359 3171 3551 3225 doctor
3597 3167 3832 3242 egregius

2248 3256 2461 3322 fatetur,
2488 3258 2711 3314 dicens:
2742 3260 2942 3315 Omnia
2972 3261 3031 3314 in
3052 3260 3236 3330 ﬁgura
3261 3259 3665 3331 contingebant
3690 3259 3832 3321 illis;

2247 3348 2461 3418 scripta
2477 3351 2614 3402 sunt
2629 3353 2820 3402 autem
2834 3363 2973 3419 pr0p
2983 3352 3066 3402 ter
3083 3363 3204 3414 nos,
3219 3349 3281 3401 in
3303 3364 3441 3420 quos
3458 3348 3598 3416 ﬁnes
3611 3348 3835 3403 siccata-

2248 3452 2375 3490 rum
2396 3435 2745 3491 devenerunt
2770 3436 2817 3504 (1
2832 3435 2951 3492 Cor.
2967 3451 3026 3502 x,
3048 3439 3157 3505 11).
3191 3436 3270 3490 Eo
3297 3436 3463 3507 igitur
3490 3451 3586 3507 per
3604 3434 3834 3505 Spiritum

2250 3522 2408 3575 allius
2436 3523 2759 3594 requirenda
2787 3531 2931 3593 sunt,
2966 3539 3073 3595 quo
3120 3524 3175 3576 in
3218 3526 3460 3594 exposita
3508 3524 3648 3579 velut
3691 3534 3839 3579 carne

2250 3610 2443 3665 littera
2473 3610 2578 3665 vile
2608 3611 2841 3665 cernitur
2869 3612 3012 3680 quod
3042 3613 3353 3681 loquuntur.
3402 3612 3536 3681 Qua
3566 3627 3694 3683 ergo
3727 3612 3839 3664 sunt

2254 3713 2485 3753 auorum
2533 3699 2931 3765 similitudines,
2983 3715 3103 3769 qua
3150 3700 3379 3753 murium
3431 3698 3737 3772 imagines?
3779 3697 3840 3752 Et

2256 3787 2383 3857 quia
2411 3788 2527 3841 hac
2554 3795 2662 3842 tarn
2692 3787 2760 3842 ad
2793 3788 3049 3842 tentantia
3076 3787 3369 3856 damonia,
3406 3804 3567 3859 quam
3597 3788 3665 3843 ad
3694 3800 3841 3841 mem-

2255 3874 2352 3929 bra
2381 3885 2736 3946 peccatorum
2763 3875 3021 3932 fetoribus
3049 3875 3315 3947 exposita,
3371 3877 3617 3948 superius
3665 3873 3838 3930 retuli-

2258 3981 2399 4027 mus,
2423 3964 2804 4019 similitudines
2832 3979 3059 4019 auorum
3088 3973 3141 4017 et
3162 3967 3417 4035 murium,
3446 3982 3551 4038 qua
3577 3962 3841 4038 significa-

2256 4052 2401 4108 tione
2432 4052 2805 4108 deaurantur‘?
2834 4052 2943 4108 Sed
2974 4053 3216 4123 profecto
3247 4061 3375 4109 tunc
3422 4070 3566 4111 arca
3618 4052 3841 4108 debitum

2258 4156 2357 4211 pro
2388 4149 2612 4211 peccato
2636 4141 2777 4196 bene
2803 4140 3044 4209 solvitur,
3070 4141 3115 4196 si
3144 4156 3375 4197 anorum
3420 4151 3472 4198 et
3517 4141 3742 4197 murium
3770 4137 3843 4192 si-

2260 4228 2587 4283 militudines
2616 4245 2684 4284 ex
2715 4245 2844 4284 auro
2878 4229 3229 4284 fabricentur.
3263 4230 3322 4284 In
3352 4230 3440 4284 ani
3473 4230 3671 4301 quippe
3698 4226 3843 4283 simi-

2259 4316 2482 4372 litudine
2511 4317 2790 4373 emittendi
2821 4319 2976 4385 147
3012 4317 3199 4373 fetoris
3237 4318 3541 4373 membrum
3573 4318 3801 4373 cernitur
3829 4328 3840 4368 :

2262 4412 2317 4459 et
2348 4412 2548 4473 tamen,
2597 4406 2723 4476 quia
2770 4406 3086 4473 similitudo,
3136 4422 3242 4462 non
3290 4407 3494 4461 veritas
3542 4415 3638 4474 est,
3686 4405 3844 4459 fetore

548 4506 899 4578 indulgentia
943 4506 1290 4561 securitatem
1333 4515 1507 4561 curat.
1567 4507 1706 4560 Bene
1749 4505 1925 4578 itaque
1953 4508 2131 4563 curati:

2255 4493 2371 4565 jam
2398 4471 2545 4549 nullo
2574 4471 2894 4549 maculatur.
2930 4496 2993 4549 Et
3019 4471 3146 4567 quia
3192 4496 3259 4549 de
3311 4510 3445 4551 auro
3489 4471 3729 4560 efﬁcitur,
3753 4494 3847 4547 hoc

540 4594 652 4663 jam
676 4593 874 4648 dicitur
898 4609 910 4648 :
938 4595 1002 4648 Et
1019 4596 1231 4658 scietis,
1251 4611 1423 4666 quare
1440 4612 1573 4650 man
1584 4611 1646 4650 us
1657 4595 1777 4666 ejus
1792 4611 1907 4652 non
1925 4598 2151 4654 recedat

541 4681 761 4738 avobis.
793 4683 935 4737 Nam
964 4689 1259 4755 antequam
1288 4691 1453 4752 curet,
1487 4698 1654 4753 quare
1702 4699 1891 4739 manus
1930 4684 2148 4741 Domini

541 4774 614 4825 ab
664 4770 742 4824 eis
791 4785 899 4825 non
944 4771 1186 4835 recedat,
1236 4771 1378 4827 scire
1425 4787 1533 4827 non
1556 4780 1785 4843 possunt
1817 4788 1828 4824 :
1863 4772 1990 4844 quia
2023 4778 2149 4830 tunc

540 4858 878 4930 poenitentia
906 4859 1108 4913 bonum
1140 4859 1464 4932 intelligunt,
1493 4876 1615 4915 cum
1646 4859 1699 4913 in
1729 4859 2006 4930 purificato
2030 4859 2145 4931 jam

543 4949 707 5005 corde
737 4947 911 5004 sancti
959 4947 1196 5018 Spiritus
1240 4948 1469 5019 gratiam
1518 4956 1935 5016 recognoscunt,
1964 4958 2015 5004 et
2057 4950 2145 5005 di-

542 5039 687 5092 vina
715 5036 1063 5105 indulgentia
1090 5036 1228 5090 dona
1254 5035 1661 5105 concupiscunt,
1694 5036 1762 5090 de
1794 5035 1992 5106 quibus
2012 5037 2147 5092 inef-

538 5124 693 5181 fabili
751 5125 1111 5181 exsultatione
1154 5124 1513 5193 gratulantur.
1566 5126 1701 5179 Nam
1743 5126 1981 5179 curantis
2026 5125 2141 5194 jam

538 5232 734 5270 manus
766 5214 979 5269 Domini
1012 5228 1262 5278 causam,
1282 5229 1383 5284 qua
1414 5214 1480 5266 ab
1507 5212 1795 5267 afllictione
1832 5228 1937 5267 non
1970 5229 2144 5267 reces-

537 5309 700 5370 serat,
764 5320 857 5359 ens
929 5304 1100 5359 scisse
1169 5309 1544 5371 conspexerat,
1623 5302 1710 5372 qui
1768 5317 2140 5371 percussorum

536 5392 926 5445 exsultationes
951 5391 1223 5463 exprimit,
1274 5391 1389 5446 Deo
1434 5390 1661 5461 loquens
1690 5396 1741 5443 et
1770 5388 1954 5443 dicens
1987 5403 1999 5443 :
2033 5392 2137 5447 tle-

533 5478 675 5546 picti
693 5495 889 5533 sumus
906 5496 1073 5534 mane
1091 5480 1477 5536 misericordia
1507 5482 1626 5546 tua,
1647 5478 2061 5532 exsultavimus
2081 5487 2138 5534 et

533 5572 799 5627 delectati
811 5580 1005 5626 lunias
1018 5585 1118 5644 pre
1132 5556 1547 5642 «delinguitth
1562 5588 1659 5630 nos
1676 5565 2133 5641 humiliantth

2259 4581 2502 4654 profecto
2536 4583 2771 4637 insinuat
2804 4602 2816 4637 :
2851 4583 2976 4655 quia
3015 4600 3081 4637 ex
3113 4583 3400 4653 splendore
3449 4579 3847 4653 pulchritudinis

2257 4670 2465 4742 species
2492 4678 2854 4726 commutatur
2882 4671 3254 4726 deformitatis.
3289 4671 3547 4727 Peccator
3573 4686 3702 4744 ergo
3729 4684 3848 4725 con-

2254 4775 2444 4835 versus
2472 4759 2560 4814 ani
2603 4758 3007 4813 similitudinem
3061 4759 3208 4827 facit,
3260 4776 3381 4814 cum
3419 4760 3616 4830 quibus
3646 4756 3846 4829 peccati

2255 4847 2528 4903 fetoribus
2563 4845 2810 4901 membra
2856 4863 2952 4902 sua
3004 4847 3344 4917 deposuerat,
3404 4849 3474 4902 ad
3532 4847 3843 4903 memoriam

2253 4944 2417 5000 ducit.
2449 4944 2557 4998 Ani
2587 4958 2719 5015 ergo
2746 4943 3154 4999 similitudinem
3213 4944 3496 5009 fabricare,
3549 4952 3632 5000 est
3677 4958 3843 4998 mem-

2252 5034 2478 5091 brorum
2503 5048 2724 5087 suorum
2747 5048 2921 5102 nuper
2950 5033 3288 5103 peccantium
3317 5034 3702 5104 turpitudinem
3736 5045 3844 5102 p02-

2251 5122 2437 5177 nitenti
2489 5121 2655 5177 corde
2700 5121 2965 5176 recolere.
2999 5122 3121 5176 Non
3160 5122 3341 5191 itaque
3391 5138 3576 5189 anum,
3627 5122 3721 5175 sed
3760 5117 3844 5173 ani

2248 5217 2658 5272 similitudinem
2719 5215 2967 5285 fabricat,
3023 5217 3111 5286 qui
3170 5227 3222 5272 et
3274 5234 3305 5272 a
3351 5218 3557 5288 peccati
3591 5215 3845 5271 fetoribus

2250 5305 2491 5360 membra
2521 5305 2712 5373 abluit,
2740 5314 2793 5360 et
2822 5306 3013 5360 eadem
3054 5305 3323 5374 membra,
3379 5305 3575 5376 quibus
3619 5304 3847 5376 peccatis

2243 5394 2562 5461 subdiderit,
2594 5394 2831 5449 recolere
2861 5409 2966 5448 non
2996 5393 3213 5449 omittit.
3258 5394 3322 5448 Et
3370 5394 3591 5464 quidem
3620 5409 3689 5448 ex
3719 5406 3845 5446 auro

2243 5483 2357 5538 ﬁeri
2388 5482 2475 5537 ani
2506 5481 2803 5536 similitudo
2832 5483 3096 5559 cernitur,
3121 5480 3245 5549 quia
3268 5478 3335 5536 ad
3365 5481 3601 5551 pretium
3631 5488 3844 5559 aterque

2239 5558 2426 5627 salutis
2454 5572 2800 5641 peccatorum
2832 5554 3186 5639 turpltudfnes
3216 5568 3535 5625 atteruntur.
3602 5557 3694 5622 Vel
3731 5554 3839 5619 ror-
