4034 6174
291 271 379 325 185
1090 273 1164 329 ΙΝ
1203 271 1446 330 PRMUM
1476 268 1726 327 REGUM
1798 265 2333 324 EXPOSITIONES.
2373 298 2443 308 —
2481 269 2614 324 LIB.
2651 269 2746 324 Ill.

3475 269 3580 324 186

297 405 424 451 tasse
450 395 797 450 memorando
833 395 1218 450 similitudines
1259 411 1480 450 auorum
1510 394 1660 460 ﬁunt,
1692 391 1870 446 flendo
1898 391 1955 451 A
1983 407 2234 462 superna:
2254 391 2683 446 conversationis
2705 390 2973 463 fulgorem
3003 390 3249 454 radiant;
3283 395 3336 446 et
3351 390 3460 462 ipsi
3488 392 3580 463 qui

298 486 600 539 deaurantur
635 501 646 535 :
683 484 806 552 quia
836 492 888 537 et
928 484 1240 551 recolendo,
1282 501 1400 554 quae
1430 483 1678 548 fecimus,
1713 480 1871 550 fingi-

291 591 391 626 mus
415 591 424 624 :
457 580 509 626 et
540 573 668 624 dum
690 573 980 627 commissa
997 574 1250 628 attentius
1278 574 1547 644 lugemus,
1571 573 1623 624 in
1643 571 1870 640 justitiae

290 661 613 730 splendorem
649 661 894 714 membra
923 662 1262 716 deauramus.
1295 666 1530 716 Ariorum
1561 676 1694 730 ergo
1713 659 1871 714 simi-

289 751 458 815 litudo,
489 764 596 804 non
629 750 832 804 veritas
861 752 1118 819 cernitur,
1144 753 1272 820 quia
1300 760 1424 805 tunc
1451 757 1706 820 peccator
1761 763 1872 802 sua:

288 837 629 893 deformitatis
673 837 1021 908 ignominiam
1079 840 1322 910 respicit,
1357 856 1479 894 cum
1510 853 1681 909 prava
1708 852 1873 908 Opera

288 943 380 981 non
406 926 578 980 solum
629 929 960 983 comittendo
1017 943 1125 984 non
1181 936 1414 997 exercet,
1473 929 1572 982 sed
1625 926 1872 982 etiamin

289 1015 545 1085 praeterito
571 1031 630 1070 se
659 1017 1002 1072 commisisse
1047 1017 1395 1074 vehementer
1423 1017 1588 1072 dolet.
1622 1015 1874 1084 Quinque

281 1113 438 1158 autem
473 1105 564 1158 ani
597 1102 712 1159 fieri
768 1105 1046 1173 iubentur,
1108 1107 1232 1177 quia
1285 1105 1601 1160 universalis
1628 1103 1873 1160 omnium

285 1193 563 1248 Gentilium
596 1194 900 1250 satisfactio
923 1194 1240 1264 imperatur.
1275 1195 1430 1250 Unde
1459 1202 1512 1250 et
1538 1198 1694 1250 caute
1723 1197 1876 1248 nota-

285 1290 382 1334 tum
410 1289 482 1335 est
503 1299 518 1335 :
549 1283 728 1337 Jua'ta
742 1299 1046 1339 numerum
1059 1283 1485 1356 provinciarum
1504 1282 1871 1338 Philisthiim.

289 1369 448 1437 Quare
465 1385 614 1424 enim
647 1370 890 1442 quinque
931 1379 1054 1425 sunt
1085 1371 1525 1426 Pbilistbiuorum
1554 1370 1872 1442 provinciae,

287 1458 527 1529 nisiquia
560 1459 808 1514 carnalis
839 1460 950 1514 vita
971 1460 1270 1515 Gentilium
1299 1460 1614 1532 designatur
1658 1460 1686 1513 ‘2
1734 1459 1878 1528 Quia

290 1546 418 1601 enim
450 1549 660 1617 quique
689 1563 887 1602 sensus
917 1548 1163 1619 corporis
1193 1565 1300 1603 non
1331 1549 1399 1602 ad
1432 1549 1645 1604 laudem
1705 1549 1878 1602 Crea-

283 1636 417 1703 toris,
441 1637 547 1690 sed
575 1637 645 1690 ad
677 1636 954 1691 carnalem
987 1637 1149 1691 vitam
1180 1637 1424 1704 contulit,
1444 1654 1542 1709 per
1569 1637 1878 1706 quinarium

1975 480 2092 548 jam
2120 480 2218 534 Dei
2247 480 2635 551 omnipotentis
2661 481 2861 534 auxilio
2888 480 3043 534 fortia
3073 482 3306 551 agimus,
3338 480 3578 534 immun-

1980 568 2176 623 dorum
2207 569 2489 639 spirituum
2523 575 2822 638 prostratos
2855 568 3023 623 fuisse
3037 569 3312 623 fraudibus
3332 578 3577 624 nosmet-

1980 656 2133 724 ipsos
2165 658 2435 712 videmus.
2469 657 2627 725 Quod
2660 657 2902 728 profecto
2934 656 3239 722 consilium,
3274 657 3400 726 quia
3420 656 3582 727 pluri-

1980 745 2085 799 bus
2117 745 2381 813 tribuunt,
2417 746 2662 816 ejusdem
2708 761 2921 817 quoque
2971 745 3233 799 rationem
3263 745 3578 809 ostendunt,

1982 835 2113 903 quia
2142 834 2372 890 dicunt:
2406 835 2729 906 Quiaplaga
2747 851 2862 889 una
2901 834 3017 904 fuit
3041 834 3187 888 vobis
3222 838 3278 888 et
3331 835 3579 906 satrapis

1979 924 2202 979 vestris.
2249 922 2420 992 Quasi
2449 931 2636 993 aperte
2666 922 2883 978 dicant:
2945 921 3084 990 Quia
3113 937 3301 976 omnes
3351 930 3574 990 peccato

1981 1011 2184 1066 subditi
2216 1012 2413 1076 fuistis,
2448 1027 2676 1068 necesse
2703 1018 2788 1067 est
2816 1019 2873 1064 ut
2896 1011 2964 1064 ad
3001 1009 3248 1066 melioris
3280 1009 3408 1063 vitze
3459 1017 3578 1063 stu-

1981 1099 2130 1154 dium
2162 1099 2335 1156 corda
2352 1099 2561 1170 pariter
2593 1100 2934 1171 prmparetis.
2961 1099 3115 1156 Unde
3137 1107 3191 1152 et
3210 1097 3405 1153 Paulus
3426 1096 3576 1152 dicit:

1987 1187 2190 1244 Omnes
2216 1193 2621 1260 peccaverunt,
2655 1193 2711 1244 et
2744 1193 2908 1260 egent
2937 1189 3118 1258 glaria
3135 1189 3252 1254 Dei,
3275 1187 3584 1259 justiﬁcati

1980 1278 2166 1348 gratis
2192 1293 2293 1349 per
2321 1279 2572 1348 gratiam
2601 1278 2779 1348 ipsius
2821 1277 3002 1346 (Rom.
3036 1292 3114 1343 ιιι,
3144 1276 3255 1346 ‘28).

2055 1368 2112 1423 7.
2156 1366 2219 1420 Et
2247 1375 2304 1420 ut
2344 1367 2596 1420 attentius
2653 1366 3008 1422 meliorandae
3061 1366 3187 1420 vita:
3239 1363 3579 1436 propositum

1983 1455 2384 1523 commendent,
2419 1455 2747 1510 inculcando
2776 1463 3021 1526 repetam
3052 1455 3296 1511 dicentes
3321 1455 3581 1510 :Facietis

1983 1543 2394 1599 similitudines
2431 1560 2697 1611 (morum,
2727 1551 3068 1611 vestrorum,
3093 1548 3148 1600 et
3178 1544 3452 1608 murium,
3487 1546 3584 1615 qui

1987 1631 2245 1687 demoliti
2261 1638 2396 1688 sunt
2421 1638 2656 1699 terram,
2681 1638 2738 1690 et
2758 1635 2966 1689 dabitis
2991 1635 3094 1688 Deo
3124 1634 3297 1687 Israel
3324 1633 3581 1702 gloriam,

279 1740 557 1779 numerum
606 1724 1046 1780 Pbilistbinorum
1105 1726 1402 1797 provinciae
1455 1727 1860 1796 exprimuntur.
1898 1749 1950 1808 Β
1988 1721 2038 1776 si
2057 1725 2206 1792 forte
2223 1724 2431 1777 relevet
2448 1739 2681 1778 manum
2700 1740 2864 1778 suam
2883 1739 2917 1777 ιι
2941 1723 3104 1789 vobis,
3121 1739 3154 1776 a
3171 1721 3279 1777 diis
3299 1722 3583 1787 vestris,et

278 1811 511 1883 Quinque
548 1829 686 1867 anos
715 1829 914 1868 aureos
943 1815 1336 1886 praecipiuntur
1362 1823 1419 1871 ut
1462 1816 1686 1880 faciant,
1716 1823 1772 1868 ut
1803 1815 1870 1869 de

278 1901 518 1955 omnibus
568 1911 1015 1975 compungantur
1072 1905 1360 1966 sensibus;
1395 1913 1453 1958 ut
1500 1905 1627 1976 quia
1682 1920 1872 1959 omnes

270 1999 648 2058 peccaverunt,
684 1991 807 2045 ideo
839 1991 906 2046 ad
935 2008 1190 2062 supernae
1221 1994 1348 2049 vitae
1378 1994 1679 2048 claritatem
1702 2009 1871 2048 mem-

274 2076 357 2130 bra
383 2079 573 2132 omnia
605 2079 880 2150 redigant,
912 2096 1035 2152 quae
1084 2097 1182 2151 per
1235 2082 1632 2137 oblectamenta
1688 2081 1872 2136 carnis

273 2167 584 2221 omnimoda
611 2168 932 2237 polluerunt
961 2169 1122 2224 sorde
1153 2169 1362 2240 ﬂagitii.
1397 2172 1457 2224 In
1510 2185 1644 2225 auro
1674 2169 1870 2240 quippe

272 2271 501 2324 superna:
534 2257 981 2312 conversationis
1012 2257 1189 2329 fulgor
1220 2259 1537 2326 ostenditur,
1587 2261 1717 2330 quia
1771 2275 1871 2328 per

270 2343 478 2398 Joanem
508 2344 587 2400 de
617 2361 855 2415 superna
896 2345 1112 2401 civitate
1131 2346 1329 2401 dicitur
1353 2348 1504 2418 :Ipsa
1524 2363 1650 2403 vero
1672 2349 1872 2402 civitas

271 2449 460 2487 aurum
492 2435 1014 2500 munaum,similis
1028 2437 1172 2490 vitro
1187 2437 1396 2491 mundo
1414 2438 1602 2509 (Apoc.
1618 2451 1740 2504 xxr,
1761 2437 1867 2505 18).

271 2521 503 2576 Membra
535 2523 710 2594 igitur
738 2523 1090 2592 deaurantur,
1125 2539 1247 2578 cum
1305 2540 1504 2594 corpus
1547 2533 1764 2580 terrena
1821 2532 1875 2580 et

269 2624 472 2666 cienosa
491 2611 1061 2679 concupiscentiarum
1081 2612 1323 2668 foeditate
1337 2612 1602 2681 deforme,
1621 2614 1670 2667 in
1689 2614 1874 2684 splen-

267 2698 441 2752 dorem
473 2708 852 2754 commutatur
880 2707 1096 2754 aiternze
1127 2701 1288 2755 vitae:
1335 2717 1466 2756 cum
1500 2701 1744 2757 videlicet
1775 2719 1874 2773 per

270 2797 461 2842 sanctae
489 2788 932 2842 conversationis
963 2789 1417 2858 pulchritudinem
1476 2790 1670 2856 radiat,
1728 2792 1872 2862 quod

279 2875 323 2928 in
355 2877 601 2946 appetitu
636 2877 928 2930 mundana":
973 2877 1351 2932 delectationis
1381 2890 1724 2947 peccatorum
1784 2881 1872 2935 fe-

276 2969 382 3018 tore
408 2965 689 3019 sordebat.
726 2965 805 3018 Ad
833 2965 986 3018 istam
1018 2981 1254 3035 namque
1269 2967 1673 3022 deaurationem
1687 2968 1876 3022 beatus

277 3052 459 3106 Paulus
511 3055 798 3108 auditores
863 3069 988 3108 suos
1021 3055 1368 3123 admonebat,
1407 3055 1593 3110 dicens
1627 3073 1640 3109 :
1713 3058 1873 3113 Sicut
1905 3095 1956 3158 Ο

264 3139 601 3197 exhibuistis
615 3141 865 3196 membra
882 3147 1061 3197 vestra
1073 3145 1284 3198 servire
1296 3144 1759 3209 immunditiw,et
1774 3147 1878 3201 ini-

277 3231 365 3297 qui
373 3232 482 3284 tati
495 3233 573 3284 ad
589 3233 774 3301 iniqui
782 3234 977 3297 tatem,
998 3233 1081 3284 ita
1095 3232 1412 3287 exhibeatis
1425 3233 1676 3289 membra
1690 3239 1876 3290 vestra

273 3319 824 3389 servirejustitiwin
851 3320 1363 3388 sanctiﬁcationem
1382 3321 1554 3391 (ltom,
1575 3337 1648 3386 vn,
1668 3324 1779 3392 19).
1814 3324 1875 3378 Et

270 3407 411 3474 quasi
447 3408 518 3461 ad
555 3422 804 3461 amorum
837 3407 1214 3462 similitudines
1240 3423 1337 3463 eos
1391 3410 1662 3479 respicere
1717 3427 1872 3465 com-

268 3495 488 3563 pellens,
527 3495 732 3558 intulit,
749 3495 966 3549 dicens:
986 3495 1160 3562 Quem
1179 3513 1306 3567 ergo
1323 3500 1580 3567 fructum
1597 3500 1876 3557 habuistis

273 3587 327 3636 in
352 3587 569 3649 illis,in
591 3583 792 3654 quibus
807 3600 961 3639 nunc
978 3585 1481 3641 erubescitistNam
1497 3589 1629 3650 ﬁnis
1642 3590 1871 3647 illorum

269 3692 425 3730 mors.
456 3677 706 3728 Anorttm
755 3687 890 3743 ergo
919 3671 1299 3728 similitudines
1329 3675 1394 3728 ad
1428 3675 1684 3731 ruborem
1700 3677 1832 3733 ﬁunt
1857 3694 1870 3734 :

276 3765 395 3834 quia
424 3761 680 3834 profecto
712 3758 967 3814 finditatis
995 3771 1194 3815 nostrae
1209 3763 1448 3816 maculas
1465 3763 1533 3818 ad
1557 3767 1874 3822 memoriam

273 3852 546 3916 ducimus,
581 3856 640 3902 ut
671 3848 738 3902 de
770 3848 977 3902 eisdem
1026 3849 1255 3903 maculis
1308 3852 1731 3908 confundamur.
1765 3855 1875 3911 Sed

267 3941 596 3994 deaurantur
625 3936 695 3990 ad
728 3937 1118 3991 securitatem:
1161 3938 1289 4008 quia
1317 3940 1562 4009 profecto
1603 3942 1733 3996 dum
1770 3944 1873 3998 de-

270 4030 599 4082 formitatem
633 4035 877 4080 nostram
908 4042 1156 4094 superna:
1187 4026 1310 4082 vitae
1341 4028 1586 4084 claritate
1643 4031 1874 4086 obduci-

266 4134 398 4184 mus,
424 4115 602 4172 divini
621 4113 896 4168 examinis
915 4114 1314 4171 discussionem
1330 4118 1566 4188 quadam
1588 4119 1874 4176 securitate

273 4206 662 4275 praestolamur.

333 4299 381 4348 ὓ.
415 4296 601 4348 Mures
629 4293 818 4358 etiam,
845 4292 943 4361 qui
977 4299 1173 4348 terram
1203 4293 1448 4348 demoliti
1473 4301 1614 4363 sunt,
1648 4296 1717 4351 de
1738 4311 1874 4351 auro

272 4383 379 4436 fieri
407 4383 710 4451 iubentur:
746 4381 874 4452 quia
904 4389 956 4434 et
981 4381 1244 4435 immundi
1277 4383 1516 4452 spiritus,
1577 4384 1668 4452 qui
1726 4384 1873 4439 carni

1977 1827 2012 1864 a
2034 1814 2186 1865 terra
2206 1815 2409 1865 vestra.
2445 1811 2554 1878 Eis,
2587 1828 2707 1880 qua:
2734 1810 3008 1882 praedictae
3043 1819 3186 1877 sunt,
3208 1809 3583 1864 similitudini-

1979 1899 2080 1952 bus
2101 1899 2277 1954 factis.
2296 1899 2409 1953 Deo
2424 1899 2658 1970 gloriam
2679 1900 2828 1968 dare,
2845 1909 2927 1954 est
2947 1900 3014 1955 de
3029 1899 3207 1954 studio
3224 1898 3351 1952 boni
3371 1898 3576 1969 operis,

1978 1995 2030 2040 et
2060 1986 2127 2042 de
2155 1987 2513 2042 aestimatione
2546 1988 2886 2055 humilitatis,
2925 1989 2982 2042 in
3011 1988 3310 2058 semetipso
3343 1985 3577 2042 inaniter

1979 2090 2088 2130 non
2121 2075 2386 2146 gloriari;
2421 2076 2516 2130 sed
2553 2077 2651 2130 Dei
2702 2077 3090 2146 omnipotentis
3126 2075 3377 2130 laudibus
3417 2090 3580 2130 omne

1979 2163 2127 2235 quod
2156 2164 2339 2236 agitur
2369 2164 2704 2234 impendere.
2741 2166 2804 2219 Et
2833 2164 2959 2235 quia
2987 2164 3171 2219 dicunt
3196 2181 3206 2216 :
3241 2164 3298 2219 Si
3322 2167 3469 2233 forte
3492 2179 3580 2218 re-

1983 2253 2126 2309 levet
2152 2270 2392 2308 manum
2413 2269 2576 2308 suam
2596 2271 2630 2308 a
2651 2253 2798 2309 vobis
2833 2252 2883 2320 (Ι
2903 2256 3030 2323 Reg.
3061 2268 3137 2319 vr,
3163 2253 3250 2321 5):
3279 2251 3406 2322 quid
3435 2251 3582 2306 aliud

1977 2339 2033 2394 in
2053 2342 2154 2396 hoc
2178 2341 2344 2396 verbo
2365 2341 2723 2396 dubitationis
2746 2341 3028 2410 accipitur,
3053 2341 3156 2395 nisi
3183 2341 3312 2411 quia
3341 2339 3424 2393 dif
3427 2337 3586 2395 ﬁcilis

1979 2430 2280 2484 ostenditur
2304 2430 2675 2486 reconciliatio
2714 2430 3135 2486 criminosorum
3166 2431 3194 2482 ει
3227 2428 3380 2484 Unde
3411 2437 3460 2482 et
3489 2443 3586 2497 per

1976 2521 2171 2574 Jonam
2201 2518 2395 2573 dicitur
2417 2537 2428 2572 :
2485 2519 2616 2586 Quis
2634 2521 2764 2585 scit,
2783 2519 2833 2573 si
2851 2523 3236 2586 convertatur,
3256 2530 3308 2572 et
3328 2519 3588 2588 ignoscat

1979 2609 2128 2664 Deus
2157 2610 2350 2677 (lance.
2373 2624 2452 2676 in,
2489 2611 2542 2678 Ξ)
2563 2610 2589 2660 ‘2
2621 2607 2762 2676 Quia
2795 2623 2951 2678 ergo,
2985 2607 3030 2660 si
3067 2605 3199 2661 forte
3231 2605 3430 2660 relevet
3464 2620 3586 2658 ma-

1978 2713 2108 2751 num
2128 2697 2347 2763 dicitur,
2377 2698 2706 2752 commoveri
2730 2697 2798 2751 ad
2822 2696 3154 2765 pmnitentiae
3172 2693 3437 2766 lacrymas
3461 2709 3585 2750 cum

1977 2802 2175 2856 magna
2207 2785 2521 2840 fortitudine
2546 2785 2840 2840 debemus:
2897 2786 3024 2855 quia
3057 2785 3155 2839 etsi
3191 2783 3241 2836 hi
3274 2785 3365 2854 qui
3400 2782 3581 2854 paeni-

1979 2874 2200 2928 tentiam
2234 2883 2499 2929 austeram
2534 2874 2758 2939 faciunt,
2807 2875 2898 2927 vix
2929 2872 3177 2927 fiduciam
3209 2871 3397 2926 salutis
3425 2872 3583 2925 iuve-

1979 2963 2156 3030 niunt,
2185 2963 2532 3034 negligentes
2561 2962 2697 3016 salvi
2731 2962 2847 3015 fieri
2890 2961 3103 3030 quando
3135 2967 3367 3030 possunt
3393 2960 3421 3013 ‘?
3451 2960 3586 3027 Quae

1984 3052 2232 3120 profecto
2253 3050 2710 3106 reconciliationis
2735 3049 3020 3104 difﬁcultas
3049 3049 3092 3102 si
3122 3050 3175 3102 in
3199 3049 3583 3118 poenitentium

1986 3141 2352 3195 zestimatione
2383 3147 2615 3204 tenetur,
2645 3140 2792 3208 apud
2829 3137 3261 3207 omnipotentem
3289 3138 3461 3191 Deum
3493 3152 3586 3191 ne-

1984 3244 2264 3300 quaquam
2296 3228 2567 3283 invenitur
2601 3245 2612 3281 :
2647 3227 2768 3297 quia
2794 3235 2846 3282 et
2875 3227 3003 3280 dum
3032 3226 3286 3280 Ninivitze
3312 3225 3460 3280 velut
3489 3239 3586 3292 pro

1985 3316 2194 3372 difficili
2225 3315 2663 3372 reconciliatione
2691 3317 2851 3387 gravi
2875 3316 3187 3385 poenitentia
3219 3330 3278 3368 se
3301 3314 3580 3383 dejiciunt,

1984 3405 2373 3476 omnipotentis
2392 3405 2487 3459 Dei
2515 3404 2955 3459 misericordiam
2981 3403 3140 3456 facile
3161 3409 3497 3456 meruerunt.
3522 3402 3588 3456 Et

1985 3509 2108 3549 cum
2140 3496 2419 3564 prophetae
2473 3492 2641 3548 Joelis
2672 3508 2807 3548 voce
2865 3491 2976 3546 acri
3003 3507 3063 3546 se
3094 3493 3208 3546 Deo
3236 3489 3467 3560 populus
3495 3490 3584 3543 la-

1983 3591 2166 3636 mento
2196 3589 2512 3653 prostraret,
2546 3581 2659 3652 egit
2685 3581 2952 3652 profecto,
2984 3586 3043 3634 ut
3075 3581 3176 3649 qui
3203 3580 3488 3635 videbatur
3516 3577 3586 3633 ad

1984 3669 2311 3742 placandum
2338 3669 2590 3737 difﬁcilis,
2616 3671 2735 3740 ejus
2767 3669 2902 3723 iram
2929 3668 3214 3739 levigaret.
3239 3669 3374 3722 Nam
3408 3668 3587 3721 statim

1982 3759 2034 3812 in
2054 3775 2118 3814 eo
2131 3760 2394 3829 scriptum
2407 3767 2515 3814 est:
2536 3760 2765 3815 Zelatus
2779 3764 2860 3813 est
2882 3759 3078 3813 Domin
3089 3773 3154 3812 us
3174 3761 3383 3812 terram
3399 3773 3583 3823 suam,

1983 3851 2040 3903 et
2071 3850 2322 3916 pepercit
2351 3848 2556 3918 papula
2575 3849 2847 3911 suo(Joel.
2877 3849 3054 3912 11,18).
3079 3847 3270 3901 Manus
3288 3845 3468 3915 itaque
3491 3860 3582 3899 re-

1983 3937 2206 4005 levatur,
2240 3951 2364 3990 cum
2395 3951 2550 3989 mens
2580 3935 2633 3988 in
2680 3935 2994 4005 paenitentia
3024 3933 3200 3990 valide
3249 3942 3577 4003 compuncta

1983 4024 2054 4078 ad
2066 4031 2374 4079 consecutae
2387 4023 2784 4078 misericordia)
2798 4023 3018 4090 donum,
3050 4023 3233 4076 divina
3250 4021 3583 4090 aspiratione

1983 4113 2297 4167 sustollitur.
2332 4113 2396 4166 Et
2425 4111 2574 4183 quia,
2623 4120 2680 4165 ut
2729 4111 2872 4178 dixi,
2905 4112 2959 4164 in
2987 4111 3139 4165 initio
3169 4110 3444 4164 nascentis
3473 4111 3581 4164 Ec-

1982 4201 2188 4268 clesiae,
2220 4201 2358 4256 sicut
2386 4199 2661 4272 generalis
2703 4207 3048 4270 peccatorum
3077 4198 3389 4263 conversio,
3425 4196 3495 4250 ita
3529 4204 3580 4250 et

1982 4290 2256 4361 generalis
2277 4294 2398 4344 erat
2417 4288 2788 4344 reconciliatio
2816 4302 3202 4343 conversorum
3224 4303 3236 4339 :
3270 4301 3463 4339 manus
3479 4283 3580 4339 Dei

1991 4395 2110 4447 quae
2139 4378 2433 4434 relevanda
2459 4377 2734 4443 asseritur,
2767 4385 2820 4431 et
2862 4375 2928 4430 ab
2956 4374 3306 4440 auditoribus,
3331 4382 3383 4428 et
3410 4389 3441 4428 a
3471 4372 3581 4427 diis

271 4450 470 4525 nostra:
503 4450 878 4540 corruptionis
891 4469 1289 4524 oblectamenta
1305 4450 1632 4542 suggerunt,
1650 4471 1878 4540 adjusti—
1904 4450 1960 4512 D
1993 4482 2210 4536 eorum,
2243 4475 2296 4521 et
2324 4483 2354 4520 a
2406 4475 2554 4522 terra
2597 4465 2897 4522 relevanda
2941 4463 3270 4534 perhibetur.
3323 4463 3422 4515 Per
3449 4462 3582 4516 deos

272 4559 582 4614 ficationem
613 4567 857 4613 nostram
887 4564 1278 4613 memorantur.
1313 4557 1455 4626 Quid
1494 4567 1574 4613 est
1615 4560 1760 4613 enim
1796 4561 1876 4614 si-

271 4648 609 4702 militudines
640 4646 879 4700 murium
912 4645 1113 4712 facere,
1147 4646 1250 4700 nisi
1282 4663 1374 4702 eas
1414 4663 1548 4716 quas
1591 4647 1657 4702 de
1719 4649 1880 4704 nobis

272 4738 498 4808 maligni
533 4735 760 4807 spiritus
792 4734 1099 4789 habuerunt
1125 4734 1402 4803 victorias,
1433 4736 1878 4792 memorari‘?Sed

270 4827 503 4879 murium
538 4839 756 4894 quoque
789 4822 1166 4877 similitudines
1221 4823 1564 4892 deaurantur,
1596 4841 1718 4879 cum
1775 4841 1876 4880 nos

267 4929 448 4969 eorum
463 4913 632 4968 elisos
649 4911 856 4966 viribus
868 4911 1355 4981 suspiramus.Nam
1375 4913 1500 4967 dum
1523 4913 1760 4982 ipsorum
1775 4930 1874 4968 nos

267 5003 545 5056 fraudibus
577 5001 749 5056 victos
782 4999 1114 5070 plangimus,
1157 5001 1312 5068 148
1347 5000 1734 5056 similitudines
1756 5018 1873 5071 pro-

269 5092 405 5146 fecto
436 5091 670 5144 murium
704 5103 902 5143 aureas
923 5096 1190 5155 tenemus,
1209 5088 1337 5142 dum
1356 5090 1628 5158 praeterita
1647 5090 1873 5145 consilia

266 5179 565 5232 damonum
592 5194 701 5232 non
725 5176 995 5230 habemus
1019 5176 1069 5229 in
1090 5176 1467 5232 blandimento
1489 5177 1791 5248 operis,sed
1814 5181 1871 5232 in

268 5275 578 5336 contemptu
593 5283 649 5320 re
655 5264 1015 5336 probationis.
1041 5265 1122 5318 Ex
1144 5279 1275 5319 auro
1296 5265 1476 5336 itaque
1489 5265 1872 5322 similitudines

270 5356 498 5408 murium
527 5355 680 5419 fiunt,
713 5354 847 5424 quia
877 5354 1164 5422 prazteritze
1197 5354 1412 5408 fraudes
1440 5354 1751 5408 daemonum
1802 5354 1872 5409 ad

271 5443 536 5513 fulgorem
567 5442 732 5496 nobis
763 5441 920 5495 bona:
951 5441 1074 5495 vita:
1127 5440 1431 5518 proﬁciunt.
1493 5443 1666 5497 Tanto
1725 5443 1871 5498 enim

269 5524 574 5585 humiliores
596 5529 716 5599 jam
763 5536 973 5596 sumtis,
1007 5536 1205 5598 quanto
1234 5529 1478 5586 mitobra
1535 5534 1719 5586 nostra
1773 5538 1872 5602 per

1989 4572 2224 4628 namque
2236 4555 2500 4610 sublimes
2513 4563 2565 4610 et
2582 4554 2855 4622 sapientes
2867 4553 2963 4606 viri
2978 4552 3348 4623 designantur.
3368 4552 3508 4605 Nam
3531 4557 3584 4604 et

1989 4645 2056 4698 ad
2071 4645 2292 4714 Moysen
2305 4644 2572 4698 Dominus
2585 4643 2742 4697 dicit:
2766 4643 2935 4698 Posui
2949 4646 3002 4696 te
3015 4642 3074 4696 in
3089 4641 3253 4696 deum
3269 4641 3586 4695 Pharaonis

1988 4732 2190 4791 (Exod.
2215 4747 2310 4798 vu,
2329 4732 2400 4799 1).
2429 4732 2497 4786 Ει
2520 4731 2571 4784 in
2597 4731 2756 4800 Legis
2779 4730 2936 4785 etiam
2968 4730 3221 4784 mandato
3244 4727 3580 4799 prtecipitur:

1985 4823 2105 4877 Diis
2125 4838 2240 4877 non
2259 4821 2524 4876 detrahes
2545 4819 2746 4889 (Exod.
2771 4834 2920 4886 xm,
2944 4821 3057 4886 28).
3083 4819 3184 4872 Per
3203 4825 3397 4872 terram
3427 4831 3580 4883 vero,

1985 4910 2094 4964 sim
2105 4910 2153 4982 pl
2163 4909 2320 4964 icium
2338 4909 2445 4964 vita
2463 4907 2814 4978 exprimitur:
2846 4907 2971 4978 quia
2991 4907 3118 4961 dum
3141 4904 3582 4977 praedicationem

1982 5000 2347 5070 superiorum,
2379 4997 2524 5052 velut
2554 4996 2680 5052 cmli
2709 4995 2949 5066 pluviam
2979 4995 3034 5048 in
3066 5011 3126 5048 se
3154 4993 3459 5057 cadentem,
3488 5007 3581 5044 re-

1981 5089 2207 5158 cipiunt,
2239 5086 2306 5140 de
2342 5085 2661 5158 irrigatione
2689 5084 2843 5140 verbi
2876 5084 3105 5137 fructum
3121 5081 3403 5152 proferunt
3421 5079 3582 5133 bonae

1981 5176 2329 5245 operationis.
2360 5179 2405 5229 Α
2433 5175 2534 5228 diis
2577 5189 2732 5245 ergo,
2767 5181 2817 5226 et
2849 5188 2881 5226 a
2936 5179 3082 5225 terra
3137 5183 3325 5222 manus
3355 5167 3579 5221 Domini

1981 5265 2268 5328 relevetur.
2302 5279 2425 5320 cum
2455 5271 2567 5318 tam
2627 5262 2925 5332 sapientes,
2981 5274 3144 5328 quam
3202 5255 3479 5327 simplices
3509 5257 3580 5312 ad

1981 5354 2363 5408 certitudinem
2391 5352 2594 5407 divina
2635 5349 2986 5418 indulgentiae
3015 5355 3106 5400 aut
3136 5346 3349 5401 occulto
3376 5350 3429 5401 et
3461 5348 3582 5417 spi-

1982 5441 2127 5497 ritali
2157 5441 2373 5506 solatio,
2406 5451 2495 5493 aut
2527 5437 2950 5508 praedicatorum
2990 5433 3198 5501 judicio
3227 5435 3575 5489 reducuntur.

1983 5523 2137 5586 Unde
2168 5535 2221 5586 et
2251 5526 2316 5597 is,
2352 5522 2441 5599 qui
2462 5525 2618 5595 paulo
2642 5516 2888 5591 superius
2906 5517 3160 5578 deaurari
3181 5521 3429 5579 membra
3456 5531 3579 5578 mea
