4034 6174
433 195 538 248 187

1635 187 1879 244 SANCTI
1919 183 2261 244 GREGORII
2299 186 2352 242 Μ
2357 185 2524 242 ΔϐΝῐ

3630 198 3730 250 188

434 322 644 380 nucrat,
665 313 879 369 dicens:
908 315 1179 370 Exhiliete
1203 315 1450 370 membra
1473 316 1659 370 rostra.
1683 311 1893 367 servire
1906 311 2026 382 ius»
2057 307 2115 370 Α
2144 311 2305 366 simul
2334 321 2519 372 sancta
2546 312 2810 383 Ecclesia,
2844 323 3284 388 autunaqumque
3305 319 3568 391 cujusque
3599 318 3728 375 tide-

436 409 582 471 tltiw
603 406 664 460 iu
685 403 1193 472 sancti/irationem
1212 407 1389 473 (Rom.
1411 419 1485 470 vr,
1517 403 1622 470 te),
1647 401 1798 470 quasi
1821 399 2027 456 releva-

432 502 502 548 tae
515 507 707 549 manus
732 496 767 560 1
781 496 823 556 4
840 495 890 558 9
913 491 1401 562 Dominijudicium
1421 490 1730 560 proferens,
1745 490 1844 544 ait:
1866 491 2026 546 Nunc

434 585 629 637 autem
661 581 888 637 liberati
933 598 970 637 (ι
1024 585 1276 654 peccato,
1321 581 1467 636 servi
1495 585 1688 636 mrtem
1719 580 1866 649 facti
1895 580 2026 642 Deo,

435 669 656 726 habetis
673 673 929 741 fructum
959 675 1207 725 vestrum
1221 670 1280 724 in
1299 669 1594 736 sanctiﬁca
1604 670 1834 730 tionem,
1854 667 2028 736 ﬁnem

435 775 563 814 vero
595 759 766 813 vitam
797 752 1072 814 externam
1104 759 1284 826 (Ibid,
1310 762 1421 826 ‘22).
1471 757 1610 812 llinc
1641 757 1838 810 iterum
1887 769 2026 810 con-

435 847 607 901 versis
635 862 666 900 a
695 845 975 918 nequioris
1012 847 1137 902 vitae
1194 845 1558 915 deformitate,
1617 845 1883 915 integrum
1914 843 2030 898 auri

436 935 704 1006 fulgorem
737 935 1048 1000 mirabatur,
1081 935 1270 990 dicens
1297 953 1308 988 :
1339 935 1551 989 Fuisti:
1580 933 1843 988 alicunde
1864 937 2028 988 tene~

435 1024 564 1088 brae,
606 1038 763 1078 nunc
795 1029 990 1080 autem
1028 1025 1133 1080 lux
1166 1025 1227 1080 in
1261 1023 1492 1080 Domino
1521 1023 1682 1094 (Eph.
1707 1038 1763 1086 v,
1789 1024 1866 1090 8).
1891 1021 2029 1078 Hinc

435 1109 580 1166 idem
611 1127 738 1166 suos
767 1111 1102 1179 collaudans,
1121 1112 1194 1166 ait
1220 1130 1231 1165 :
1267 1112 1330 1168 1η
1355 1111 1537 1168 media
1556 1111 1812 1167 nationis
1841 1126 2029 1182 praua:

438 1203 495 1254 et
522 1215 814 1271 pcrversw,
850 1203 914 1256 in
933 1202 1132 1274 quibus
1163 1202 1388 1267 lucetis,
1430 1201 1591 1272 quasi
1623 1199 1936 1256 luminaria
1967 1200 2028 1254 in

437 1290 836 1356 mundoU’hil.
871 1306 930 1357 ιι,
964 1292 1072 1358 15).
1109 1289 1282 1345 Factis
1320 1289 1484 1362 igitur
1509 1305 1578 1344 ex
1607 1303 1739 1343 auro
1769 1287 2028 1342 similitu-

437 1379 656 1432 dinibus
685 1393 910 1433 auorum
943 1387 993 1434 et
1023 1379 1276 1442 murium,
1303 1387 1357 1433 et
1385 1379 1511 1433 data
1541 1378 1658 1432 Dco
1685 1377 1882 1448 gloria,
1909 1392 2029 1431 ma-

435 1482 536 1522 nus
563 1467 780 1522 Domini
809 1469 1113 1523 relevetur:
1144 1469 1269 1540 quia
1297 1475 1420 1538 post
1447 1465 1778 1536 paenitentia:
1807 1467 2027 1534 luctum,

436 1565 563 1625 post
594 1556 1026 1612 meliorationem
1057 1556 1204 1621 vitae,
1247 1563 1301 1611 et
1337 1556 1716 1611 aestimationis
1744 1554 2032 1609 humilita—

2137 401 2202 456 lis
2235 403 2414 457 anima
2451 402 2772 475 designatur
2802 407 2829 458 ’ἔ
2860 405 3025 474 Cujus
3071 408 3314 475 proiecto
3343 407 3570 478 plaustri
3599 417 3732 464 rota:

2137 499 2260 546 sunt.
2287 501 2584 561 utrumque
2613 493 3038 552 Testamentum.
3068 495 3204 552 Nam
3235 495 3366 552 dum
3399 504 3582 552 sancta
3617 499 3735 554 Ec-

2136 579 2326 647 clesia,
2359 578 2446 636 vel
2479 580 2653 640 electa
2683 581 3114 651 quaelibetmens
3146 600 3247 653 per
3269 591 3423 639 vetus
3451 593 3502 640 et
3532 602 3736 642 novum

2137 671 2546 728 Testamentum
2578 669 2854 736 instructa,
2886 672 2956 728 ad
2986 679 3247 728 internum
3275 673 3445 730 vitam
3471 673 3734 741 innititur,

2138 759 2297 830 quasi
2324 759 2648 816 sublimibus
2670 760 2906 831 praelatis
2928 761 3076 827 rotis,
3097 761 3165 816 ad
3194 765 3531 832 propositum
3555 763 3736 820 locum

2139 861 2237 915 per
2263 845 2430 902 altum
2465 844 2654 901 fertur.
2673 845 2780 902 Sed
2811 846 3110 920 plaustrum
3153 845 3270 905 fieri
3309 861 3509 905 novum
3537 849 3737 920 praeci-

2137 934 2298 1003 pitur.
2331 942 2388 988 ut
2413 934 2678 1001 videlicet,
2721 934 2814 1005 qui
2869 934 2942 993 ad
2993 944 3193 994 mterna
3221 935 3420 1007 gaudia
3449 937 3737 1006 pervenire

2135 1021 2436 1090 desiderat,
2471 1038 2570 1092 per
2606 1029 2936 1094 pmceptum
2984 1023 3290 1086 dilectionis
3345 1025 3468 1083 novi
3499 1026 3738 1083 hominis

2136 1111 2430 1181 splendore
2458 1111 2738 1170 vestiatur.
2777 1113 2892 1173 Hoc
2921 1112 3122 1184 quippe
3151 1113 3451 1182 plaustrum
3481 1114 3734 1171 innovari

2138 1201 2486 1273 praecipiebat
2511 1201 2793 1265 Dominus.
2825 1204 2865 1270 1
2879 1205 2924 1268 5
2935 1205 2988 1270 0
3005 1202 3194 1260 dicens
3213 1219 3226 1256 :
3247 1202 3365 1260 Hoc
3377 1207 3464 1259 est
3481 1219 3734 1275 praecep-

2138 1295 2260 1347 tum
2293 1307 2502 1356 meum,
2535 1298 2602 1349 ut
2631 1291 2885 1360 diligatis
2920 1291 3186 1358 invicem,
3219 1293 3369 1350 sicut
3400 1293 3584 1350 dilexi
3637 1308 3734 1348 vos

2140 1381 2331 1448 (Joan.
2351 1397 2446 1446 xv,
2481 1383 2590 1445 12).
2609 1381 2744 1438 llinc
2760 1380 2958 1437 Paulus
2970 1380 3230 1451 praecipit,
3248 1379 3461 1437 dicens:
3487 1383 3734 1437 Renova-

2135 1472 2284 1528 miui
2307 1470 2516 1539 spiritu
2535 1469 2744 1525 mentis
2763 1475 2983 1533 vestrae,
3001 1473 3058 1528 et
3074 1469 3601 1527 induimininovum
3628 1469 3734 1526 lto-

2137 1561 2373 1625 minem,
2398 1559 2496 1630 qui
2516 1557 2829 1614 secundum
2855 1558 3027 1613 Deum
3049 1561 3277 1613 creatus
3301 1564 3387 1614 est
3408 1557 3627 1628 (Eplies.
3654 1572 3732 1624 IV,

441 1652 568 1710 tem,
592 1643 662 1698 ad
679 1645 894 1715 plenam
911 1645 1298 1714 omnipotentis
1318 1644 1414 1699 Dei
1437 1643 1860 1698 misericordiam
1895 1659 2028 1714 pcc-
2057 1662 2110 1722 Β
2141 1650 2251 1717 23).
2272 1647 2407 1701 Hinc
2422 1647 2689 1704 Romanos
2701 1645 3000 1716 alloquens,
3019 1645 3118 1702 ait:
3147 1647 3266 1702 Non
3286 1645 3348 1701 in
3371 1646 3737 1703 comessatio-

437 1741 648 1788 catores
681 1733 1037 1788 reducuntur.
1077 1735 1150 1788 Et
1180 1733 1310 1804 quia
1351 1733 1453 1787 ista
1483 1733 1665 1788 omnia
1694 1734 1870 1787 adhuc
1932 1747 2032 1802 per

439 1821 724 1876 consilium
765 1822 1194 1892 praecipiuntur;
1254 1821 1673 1893 praedicatorum
1701 1836 1830 1876 vero
1859 1821 2031 1876 cousi-

441 1909 574 1964 lium
602 1911 695 1966 alii
725 1910 920 1966 devote
951 1910 1258 1981 perficiunt,
1316 1910 1414 1964 alii
1469 1925 1599 1964 vero
1655 1916 2031 1975 contemnunt,

441 1998 530 2069 qui
565 1999 633 2054 de
660 1997 819 2055 bona:
847 2001 972 2054 vitae
1001 2000 1292 2070 splendore
1311 1999 1486 2054 bonos
1507 1998 1757 2052 laudibus
1783 1996 2032 2064 eﬁ'erunt,

442 2095 625 2143 contra
655 2089 918 2159 superbos
954 2104 1052 2158 per
1107 2087 1474 2143 invectionem
1527 2087 1907 2158 increpationis
1937 2103 2032 2143 ac—

443 2177 760 2231 cenduntur.
793 2178 931 2231 Nam
963 2177 1208 2248 sequitur
1237 2195 1250 2230 :

513 2265 688 2334 (Vers.
725 2265 802 2337 6.)
839 2267 1022 2334 Quare
1065 2266 1387 2336 aggravatis
1432 2265 1602 2322 corda
1657 2268 1862 2330 vestra,
1885 2265 2037 2322 sicut

442 2352 736 2425 ﬂigi/plus,
769 2358 826 2408 et
859 2353 1079 2411 Pharao
1112 2355 1142 2406 ξ)

515 2445 566 2496 8.
597 2441 705 2496 Cor
729 2457 982 2513 namque.
1017 2450 1078 2495 ut
1104 2442 1366 2514 Egyptus
1406 2450 1458 2496 et
1487 2443 1717 2510 Pharao,
1751 2451 2030 2517 aggravet,

443 2529 534 2598 qui
557 2528 672 2597 jam
701 2530 1012 2600 cognitione
1033 2529 1178 2585 sacri
1201 2531 1419 2600 eloquii,
1445 2531 1669 2586 vulnera
1691 2540 2034 2603 peccatorum

441 2631 660 2670 suorum
689 2615 962 2688 intelligit,
996 2625 1049 2672 et
1078 2625 1264 2672 tamen
1301 2634 1402 2686 per
1429 2619 1861 2675 meliorationem
1886 2619 2031 2687 vilia,

441 2720 543 2773 per
569 2705 978 2761 amaritudinem
1011 2707 1360 2776 pmnitentim,
1405 2707 1476 2761 ad
1501 2724 1631 2762 vera
1685 2709 1880 2763 futurae
1910 2709 2036 2764 vitae

442 2792 643 2862 gaudia
671 2793 909 2847 animum
941 2809 1053 2848 non
1083 2793 1328 2849 intendit.
1361 2795 1504 2851 Bene
1533 2812 1669 2867 ergo
1689 2796 1954 2870 Egyptiis
1979 2797 2035 2850 in

440 2881 704 2952 gravitate
724 2882 906 2936 cordis
932 2882 1222 2936 similatur.
1260 2884 1522 2954 Egyptus
1553 2886 1754 2957 quippe
1800 2885 2034 2940 tenebras

441 2969 654 3024 dicitur.
688 2970 829 3038 Quid
859 2987 991 3042 ergo
1021 2972 1235 3043 Egypti
1277 2973 1498 3028 nomine
1553 2973 1841 3042 accipitur,
1875 2973 1978 3028 nisi
2002 2989 2034 3028 a

443 3057 707 3114 cmlorum
739 3059 963 3113 sedibus
1013 3061 1332 3132 angelorum
1389 3061 1544 3132 lapsa
1599 3063 1886 3117 multitudo
1911 3063 1940 3114 ‘l
1969 3063 2037 3117 Et

443 3145 573 3217 quid
600 3146 653 3200 in
686 3146 964 3202 Pharaone
993 3147 1206 3220 IEgypIi
1229 3165 1378 3219 rege,
1411 3149 1514 3204 nisi
1546 3149 1662 3219 ipse
1691 3151 2034 3204 tenebrarum

443 3241 630 3294 auctor
647 3234 896 3290 diabolus
913 3235 1226 3307 designatur
1245 3237 1273 3290 ‘l
1304 3238 1444 3292 Bene
1461 3253 1594 3310 ergo
1615 3236 2039 3294 dissimulatores

441 3323 796 3390 paenitentiae,
829 3325 1060 3396 Egypto
1089 3331 1143 3379 et
1173 3325 1441 3380 Pharaoni
1473 3325 1528 3380 in
1560 3327 1741 3380 cordis
1769 3341 2038 3396 aggrava-

440 3411 588 3467 tione
618 3412 938 3468 similantur.
965 3413 1206 3483 Reprobi
1237 3413 1441 3484 quippe
1471 3414 1651 3486 angeli
1683 3416 1849 3485 semel
1868 3431 1897 3469 a
1919 3430 2036 3470 coe-

441 3498 670 3554 lestibus
699 3501 856 3572 lapsi,
887 3503 1028 3557 sicut
1054 3517 1295 3556 amorem
1326 3501 1539 3557 amissa:
1569 3503 1912 3558 beatitudinis
1928 3519 2038 3558 non

441 3588 732 3658 recipiunt,
765 3591 834 3643 ita
873 3599 925 3644 et
971 3591 1342 3660 paenitentiam
1399 3606 1565 3663 agere
1611 3592 1680 3646 de
1734 3600 2037 3662 perpetrata

439 3677 698 3748 superbia
718 3693 1001 3750 nunquam
1034 3688 1275 3747 possunt.
1303 3681 1440 3739 Dum
1471 3695 1604 3752 ergo
1632 3681 1800 3735 sancti
1832 3680 2036 3751 praedi-

440 3773 656 3821 catores
703 3774 888 3820 contra
928 3767 1274 3836 impudentes
1335 3776 1650 3837 peccatores
1675 3784 1772 3838 per
1823 3776 2034 3824 acutam

441 3854 870 3926 increpationem
921 3871 984 3911 se
1023 3856 1300 3924 iurabant,
1357 3857 1570 3928 digypti
1633 3863 1687 3911 et
1743 3858 2038 3913 Pharaonis

440 3944 846 3998 similitudinem
879 3944 948 3999 ad
979 3945 1216 3999 medium
1245 3945 1448 4014 ducunt
1479 3965 1498 4011 ;
1545 3953 1603 4001 ut
1631 3945 1906 4002 auditores
1935 3963 2034 4004 co-

441 4047 562 4086 rum
595 4041 744 4098 tanto
769 4033 976 4087 facilius
997 4033 1064 4087 ad
1083 4033 1513 4089 satisfactionem
1541 4043 1820 4105 proruunt,
1835 4044 2036 4108 quanto

441 4137 540 4192 per
569 4121 641 4187 id,
668 4122 808 4192 quod
833 4122 1201 4192 pmnitentiam
1222 4123 1413 4179 nolunt
1436 4140 1622 4195 agere,
1651 4124 1922 4180 damnatis
1942 4141 2034 4179 an-

439 4211 578 4280 gelis
607 4227 666 4266 se
695 4227 814 4265 esse
846 4212 1056 4266 similes
1085 4229 1191 4267 non
1225 4213 1492 4283 ignorant.
1521 4213 1674 4268 Unde
1696 4221 1748 4267 et
1770 4214 2036 4278 instanter

437 4299 505 4352 ad
538 4301 771 4354 studium
803 4301 1136 4370 adimplendi
1161 4301 1369 4354 consilii
1393 4316 1489 4354 eos
1505 4309 1728 4370 cogunt,
1751 4302 1882 4354 dum
1905 4302 2029 4354 sub-

439 4383 732 4438 inferentes
759 4385 978 4439 dicunt:

510 4471 688 4538 (νοτε.
720 4473 868 4539 7-9.)
917 4472 1178 4542 Accipite
1207 4487 1354 4542 ergo,
1400 4475 1456 4526 et
1485 4472 1661 4542 facite
1694 4472 2028 4545 plaustrum

439 4574 646 4613 siceum
677 4575 880 4624 unum,
911 4564 968 4614 et
997 4561 1138 4616 duas
1170 4575 1367 4616 vaccas
1385 4564 1554 4630 Ietas,
1575 4561 1773 4632 quibus
1797 4579 1911 4618 non
1943 4568 2026 4619 est

439 4647 515 4698 im
521 4647 767 4716 positum
779 4647 1006 4716 j-ugum,
1017 4650 1248 4718 jtmgite
1262 4650 1334 4704 ad
1344 4651 1688 4720 plaustrum.
1704 4659 1761 4707 et
1779 4652 2029 4708 claudite

436 4735 645 4788 vitulos
675 4749 872 4789 carum
903 4736 1089 4791 domi:
1118 4738 1440 4808 tolletisque
1469 4754 1664 4794 arcam
1696 4741 1938 4801 Domini.
1971 4745 2028 4796 ct

435 4824 660 4892 ponetis
689 4838 810 4876 eam
846 4825 905 4876 in
934 4823 1283 4894 plaustrum,
1315 4830 1371 4882 et
1395 4843 1526 4883 vasa
1547 4842 1741 4892 aurea,
1769 4845 1892 4900 qua!
1921 4845 2027 4885 c1!-

433 4912 685 4967 solvistis
715 4912 764 4965 ei
792 4926 893 4979 pro
921 4911 1146 4974 delicto,
1167 4915 1390 4984 ponetis
1409 4915 1468 4970 in
1501 4917 1748 4986 capsella
1777 4918 1849 4971 ad
1880 4918 2031 4972 latus

435 5003 578 5072 ejus,
613 5004 669 5054 ct
697 5000 978 5054 dimittite
1006 5017 1152 5064 eam,
1213 5007 1277 5057 ut
1311 5004 1495 5057 vadat.
1531 5005 1598 5058 Et
1625 5006 1942 5074 aspirictis:
1972 5010 2027 5059 et

435 5091 485 5143 si
515 5089 740 5158 quidem
772 5104 873 5158 per
904 5091 1048 5142 viam
1093 5091 1404 5157 con/inium
1441 5107 1671 5146 suorum
1711 5094 2032 5148 ascenderit

433 5183 633 5232 contra
668 5179 1006 5240 Bcthsamcs,
1068 5180 1187 5248 ipse
1232 5181 1372 5248 fecit
1403 5179 1549 5234 vobis
1577 5179 1796 5249 grande
1815 5185 2030 5238 malum

435 5275 563 5328 hoc.
607 5279 667 5328 Si
701 5280 892 5329 autem
935 5277 1194 5340 minime,
1253 5278 1444 5335 scietis
1499 5280 1630 5350 quia
1679 5295 2032 5350 nequaquam

433 5384 641 5424 manus
673 5374 792 5440 eius
825 5373 1016 5442 tetigit
1048 5388 1172 5440 nos,
1205 5373 1301 5428 sed
1323 5389 1456 5429 casu
1484 5375 1714 5430 accidit.

508 5469 568 5520 9.
608 5465 748 5533 Quid
779 5467 920 5523 enim
962 5470 1189 5541 plaustri
1237 5471 1474 5539 nomine,
1532 5469 1630 5526 nisi
1662 5478 1753 5527 aut
1784 5473 2037 5532 universa

2139 1738 2308 1794 nibus
2334 1740 2390 1792 et
2412 1735 2797 1801 ebrietatibus,
2813 1751 2928 1792 non
2957 1735 3017 1791 in
3037 1735 3402 1791 contentione
3422 1737 3480 1789 et
3505 1735 3741 1792 cernula-

2144 1829 2318 1891 tione,
2331 1825 2519 1880 nonin
2531 1823 2807 1881 cubilibus
2819 1829 2876 1880 et
2887 1823 3280 1894 impudiciliis.
3311 1823 3409 1882 sed
3427 1823 3746 1880 induimini

2142 1916 2456 1973 Dominum
2469 1914 2658 1970 Iesum
2675 1911 2965 1969 Christum
2988 1911 3168 1980 (llam.
3187 1911 3424 1980 Xlll,13).
3443 1911 3741 1967 Plauslrum

2143 2004 2311 2076 igitur
2341 2017 2540 2058 novum
2587 1999 2732 2068 facit,
2764 1999 2854 2071 qui
2912 2007 2964 2054 et
3021 2007 3310 2070 utrumque
3337 1999 3745 2067 Testamentum

2144 2089 2592 2161 rectcintelligit.
2623 2096 2680 2144 et
2706 2087 3000 2159 splendore
3043 2095 3257 2145 sanctas
3311 2086 3748 2147 conversationis

2145 2181 2392 2244 indutus,
2424 2178 2489 2234 ad
2521 2192 2760 2248 superna
2788 2191 2911 2233 sese
2943 2175 3218 2232 desideria
3251 2174 3518 2232 extendit.

2218 2273 2306 2323 10.
2338 2270 2567 2322 Possunt
2595 2280 2814 2336 quoque
2854 2271 3010 2330 rotas,
3058 2263 3254 2334 quibus
3294 2264 3402 2322 hoc
3428 2262 3742 2334 plaustrum

2143 2356 2412 2427 graditur,
2445 2353 2600 2413 electi
2630 2353 2896 2424 cujusque
2924 2353 3210 2424 geminum
3230 2353 3558 2410 desiderium
3585 2352 3740 2408 desi-

2143 2459 2319 2516 gnare
2342 2459 2355 2496 :
2381 2443 2514 2513 quia
2535 2442 2922 2512 quisquisjam,
2941 2440 3238 2512 opitulante
3253 2441 3389 2508 Deo,
3411 2447 3742 2512 praesentem

2145 2531 2309 2586 vitam
2342 2530 2394 2586 in
2412 2543 2716 2587 aerumnam
2745 2528 3199 2600 peregrinationis
3221 2536 3383 2594 tenet,
3408 2527 3478 2588 ad
3501 2527 3740 2588 futuram

2144 2620 2531 2677 beatitudinem
2565 2617 2771 2672 idcirco
2798 2617 3082 2687 pervenire
3097 2617 3362 2677 desiderat
3388 2635 3405 2684 ;
3437 2622 3496 2674 ut
3523 2618 3744 2686 impas-

2143 2709 2316 2764 sibilis
2345 2717 2397 2762 et
2425 2706 2742 2762 immortalis
2773 2703 2862 2761 ﬁat
2888 2723 2900 2759 :
2934 2713 2992 2764 ut
3016 2705 3269 2762 videlicet
3289 2721 3392 2775 per
3405 2721 3590 2773 unum,
3611 2721 3742 2763 eam

2145 2813 2307 2868 quam
2365 2799 2568 2864 horret,
2618 2794 2887 2852 miseriam
2919 2794 3144 2852 deserat
3180 2809 3194 2863 ;
3251 2810 3350 2864 per
3393 2794 3561 2862 aliud,
3594 2809 3742 2860 eam,

2144 2902 2309 2958 quam
2347 2892 2711 2957 promeretur,
2767 2883 3156 2942 beatitudinem
3215 2897 3493 2955 nunquam
3524 2885 3748 2954 perdat.

2147 2975 2338 3030 Vaccae
2367 2983 2552 3028 autem
2582 2979 2712 3027 sunt
2739 2972 2914 3028 sancti
2957 2971 3357 3042 pmdicatorcs.
3391 2971 3497 3040 Qui
3527 2971 3659 3044 quia
3688 2981 3750 3029 et

2143 3062 2364 3133 gemino
2394 3069 2666 3132 praecepto
2695 3060 2978 3120 charitatis
3003 3060 3244 3130 insignes
3270 3067 3412 3129 sunt,
3436 3059 3564 3114 etin
3589 3075 3738 3119 nova

2143 3150 2555 3210 conversatione
2600 3159 2982 3207 conversorum
3041 3149 3250 3208 animas
3305 3148 3558 3220 gignunt,
3591 3157 3748 3208 recte

2144 3247 2256 3296 tam
2285 3239 2496 3300 binario
2528 3253 2776 3300 numero,
2807 3251 2970 3308 quam
3030 3237 3295 3296 feminino
3351 3251 3557 3308 genere
3587 3237 3743 3292 desi-

2144 3336 2407 3400 gnantur.
2445 3327 2609 3384 Vituli
2640 3331 2820 3385 autem
2853 3333 2978 3387 sunt
3017 3325 3292 3383 desideria
3322 3334 3550 3383 terrena.
3601 3327 3740 3380 Cum

2143 3432 2288 3488 ergo
2306 3431 2487 3473 vaccas
2507 3415 2801 3486 plaustrum
2821 3417 3054 3481 trahunt,
3075 3413 3222 3470 domi
3243 3413 3436 3472 vitulos
3447 3415 3736 3470 claudunt:

2143 3506 2270 3576 quia
2299 3507 2427 3562 dum
2458 3505 2647 3564 electis
2676 3503 2926 3562 ﬁdelibus
2947 3503 3016 3561 ad
3041 3520 3328 3576 supernam
3363 3505 3597 3574 patriam
3627 3505 3739 3558 du-

2142 3602 2320 3650 catum
2351 3593 2618 3664 praebent,
2641 3608 2708 3652 ea
2737 3592 3148 3662 desideriaquaa
3166 3593 3246 3648 eis
3270 3593 3555 3663 reprobam
3567 3593 3736 3647 vitam

2144 3691 2466 3755 suggerunt,
2499 3681 2716 3752 prodire
2747 3681 2817 3737 ad
2845 3679 3096 3737 eﬂ'ectum
3121 3681 3431 3751 prohibent.
3465 3681 3740 3736 Claudum

2145 3772 2347 3842 quippe
2377 3770 2598 3837 vitulos,
2631 3785 2748 3828 cum
2775 3769 2895 3837 jam
2953 3769 3198 3840 superba
3227 3769 3498 3828 desideria
3528 3769 3582 3822 in
3612 3769 3741 3840 ipso

2144 3859 2518 3931 suggestionis
2547 3857 2722 3922 initio,
2757 3857 2894 3915 intra
2923 3856 3312 3916 conscientiam
3345 3864 3652 3924 conterunt,
3685 3865 3745 3911 et

2144 3947 2414 4019 proﬁcere
2443 3964 2506 4007 ea
2537 3945 2605 4002 ad
2637 3945 2888 4004 et'fcctum
2917 3944 3102 4014 operis
3129 3961 3238 4000 non
3268 3945 3600 4015 permittunt.
3629 3945 3746 4001 Un-

2142 4039 2212 4092 de
2242 4044 2295 4091 et
2327 4051 2524 4101 vaccae,
2556 4035 2752 4105 quibus
2781 4049 2889 4090 non
2945 4041 3026 4088 est
3077 4033 3276 4103 jugum
3309 4032 3638 4103 impositum,
3670 4032 3745 4086 ad
3839 4099 3852 4110 ο

2142 4125 2476 4180 trahendum
2499 4123 2792 4194 plaustrum
2813 4121 3020 4191 exquiri
3043 4121 3426 4190 perhibentur:
3455 4121 3581 4190 quia
3604 4137 3745 4190 prae-

2140 4215 2409 4268 dicatores
2437 4212 2624 4266 electis
2661 4210 2929 4277 ﬁdelibus,
2977 4209 3300 4280 providendi
3337 4218 3482 4274 sunt,
3515 4210 3606 4280 qui
3641 4226 3746 4280 per

2141 4303 2289 4361 nulla
2325 4317 2491 4357 onera
2520 4300 2764 4357 criminis
2790 4299 3020 4366 subjecti
3055 4298 3155 4352 sint
3185 4299 3412 4368 imperio
3441 4298 3734 4360 diabolicae

2059 4361 2110 4420 D
2141 4390 2442 4462 potestatis.
2476 4391 2554 4446 De
2579 4406 2686 4459 quo
2717 4361 2962 4460 profecto
2985 4389 3122 4459 jugo
3151 4361 3612 4458 per-prophetam
3638 4389 3736 4441 di-

2136 4480 2276 4535 citur
2300 4497 2312 4534 :
2351 4479 2992 4552 Computrcscctjupum
3014 4495 3048 4533 α
3069 4477 3220 4547 facie
3237 4477 3348 4534 olei
3375 4478 3505 4545 (lsa.
3539 4493 3590 4541 κ,
3617 4477 3733 4546 27).

2140 4569 2282 4622 Bene
2302 4576 2482 4624 autem
2506 4583 2796 4636 processus
2817 4581 3070 4623 sensuum
3094 4564 3268 4622 ordini
3297 4565 3595 4625 concordat
3615 4581 3737 4618 ver-

2137 4657 2333 4714 borum
2367 4673 2380 4708 :
2433 4656 2558 4724 quia
2587 4655 2683 4710 etsi
2713 4653 2944 4713 adversa
3000 4653 3372 4710 dominatione
3401 4661 3526 4710 sunt
3554 4653 3731 4714 liberi.

2140 4760 2357 4799 necesse
2387 4753 2471 4800 est
2502 4751 2558 4797 ut
2586 4759 2802 4812 semper
2838 4743 2945 4796 sint
2985 4742 3054 4798 de
3111 4742 3286 4799 futura
3316 4743 3736 4798 conversatione

2137 4833 2398 4902 suspecti.
2451 4833 2644 4888 Vaccae
2689 4846 2822 4900 ergo
2869 4840 2921 4888 et
2975 4831 3094 4884 sine
3127 4831 3267 4901 jugo
3297 4839 3439 4895 sunt,
3471 4841 3523 4886 et
3551 4837 3735 4884 tamen

2137 4937 2329 4976 earum
2365 4919 2519 4975 vituli
2549 4919 3069 4978 domiclauduutur:
3105 4920 3226 4988 quia
3258 4919 3428 4974 sancti
3458 4919 3737 4989 praedica—

2142 5019 2285 5064 tores
2316 5007 2642 5064 advsrsariis
2673 5007 2952 5079 spiritibus
2983 5025 3048 5060 ex
3107 5008 3308 5062 virtute
3338 5008 3690 5064 dominantur
3721 5025 3737 5064 :

2139 5098 2235 5151 sed
2257 5096 2328 5151 ab
2361 5095 2683 5150 edomandis
2715 5096 2898 5166 pravis
2955 5095 3261 5162 desideriis,
3293 5111 3358 5148 eo
3382 5095 3738 5155 intentionem

2141 5199 2246 5238 non
2279 5185 2548 5245 auferunt,
2583 5199 2689 5251 quo
2721 5183 2789 5240 dc
2829 5183 3133 5245 sanctitate,
3167 5199 3272 5252 qua
3302 5199 3362 5235 se
3389 5190 3607 5236 ornatos
3635 5197 3737 5236 as-

2143 5281 2366 5351 piciunt,
2400 5277 2744 5334 securitatem
2793 5279 2847 5331 in
2905 5281 3004 5332 hac
3041 5279 3154 5332 vita
3181 5285 3497 5349 perpetuam
3529 5278 3737 5334 habere

2144 5393 2250 5432 non
2284 5385 2528 5446 possunt.
2552 5377 2620 5430 Et
2651 5376 2774 5446 quia
2806 5377 3002 5430 talibus
3030 5377 3230 5432 divina».
3255 5375 3578 5448 cognitionis
3606 5391 3732 5447 gra-

2147 5473 2219 5530 tia
2247 5473 2412 5530 latius
2442 5473 2697 5546 aperitur,
2729 5483 2850 5545 apte
2887 5487 3014 5530 arca
3064 5473 3280 5528 Domini
3312 5473 3448 5540 tolli,
3483 5481 3536 5528 et
3564 5489 3731 5544 super
