4034 6174
329 201 419 253 189

1173 193 1247 248 ΙΝ
1275 192 1545 250 PRIMUM
1575 188 1821 248 REGUM
1850 187 2389 248 EXPOSITIONES.
2421 221 2487 232 —
2520 193 2643 249 LIB.
2674 195 2771 257 Ill.

3516 199 3616 251 190

327 321 611 391 plaustrum
643 319 768 391 poni
785 318 1122 391 praecipitur.
1148 319 1305 391 Quod
1322 325 1501 373 autem
1529 315 1737 387 imponi
1780 328 1909 370 arca
1936 311 1994 374 A
2023 315 2378 373 eruditionem
2429 319 2753 388 percipiant,
2796 329 2849 374 et
2908 319 3114 374 limam
3174 321 3616 376 consuetudinem

330 408 654 465 auditoribus
692 425 858 480 super
904 409 1201 479 plaustrum
1243 408 1481 478 jubetur,
1513 407 1615 461 hoc
1660 404 1908 474 proferto

328 499 570 564 insinuat,
602 497 876 563 videlicet,
910 499 1055 571 quod
1101 499 1157 553 in
1200 506 1384 552 sancta
1439 495 1684 551 Ecclesia
1728 493 1910 562 plures

328 587 533 645 ordines
561 586 860 657 praesulum
892 587 1196 642 invenimus
1221 604 1232 639 :
1254 587 1383 657 quia
1406 586 1533 639 dum
1549 582 1911 655 praerogativa

326 676 406 730 alii
436 676 554 730 aliis
583 675 865 747 digniores
894 685 1037 741 sunt,
1070 677 1235 731 etiam
1285 674 1659 731 auctoritatem
1711 671 1908 743 praeci-

324 764 488 836 piendi
518 765 820 821 sortiuntur
849 767 926 834 (rt)
959 767 1013 819 in
1043 765 1279 820 culmine
1308 764 1512 819 ordinis
1529 762 1753 819 altioris.
1777 762 1910 814 Cum

324 868 445 925 ergo
470 869 598 909 arca
623 854 841 908 Domini
874 853 1058 909 reduci
1080 854 1412 924 praccipitur,
1433 868 1595 922 super
1616 854 1911 921 plaustrum

323 957 517 998 novum
545 942 679 1011 poni
710 941 1024 1012 perhibetur
1056 960 1068 995 :
1102 943 1225 1013 quia
1256 941 1502 1013 profecto
1533 940 1603 995 ad
1648 948 1911 993 aeternam

318 1031 542 1100 patriam
571 1047 696 1085 cum
723 1031 1036 1102 cognitione
1064 1037 1527 1086 sacramentorum
1557 1028 1912 1099 spiritualium

319 1126 455 1175 recte
494 1118 769 1190 graditur,
801 1118 891 1190 qui
943 1119 1046 1174 hoc
1093 1118 1240 1190 quod
1287 1118 1357 1174 de
1403 1124 1593 1173 sancta
1637 1116 1915 1186 Scriptura

319 1207 517 1274 didicit,
550 1224 649 1279 per
677 1224 837 1264 novas
864 1206 1296 1265 conversationis
1325 1206 1778 1279 pulchritudinem
1807 1219 1916 1259 non

318 1297 584 1370 relinquit.

383 1390 437 1441 lt
456 1428 469 1441 .
500 1386 582 1440 Ad
615 1385 757 1441 latus
787 1395 967 1443 autem
996 1385 1241 1457 ejusdem
1274 1400 1416 1443 arcae
1437 1401 1565 1441 vasa
1587 1398 1777 1451 aurea,
1798 1399 1918 1453 qua)

315 1475 358 1532 ei
385 1491 480 1546 pro
512 1474 719 1531 delicto
752 1482 879 1530 sunt
907 1476 1140 1540 reddita,
1173 1475 1303 1547 poni
1350 1474 1749 1545 praecipiuntur.
1786 1474 1921 1529 Vasa

314 1566 507 1634 quippe
540 1572 728 1623 aureat
756 1572 937 1628 vocat.
965 1580 1085 1636 quae
1109 1564 1359 1635 superius
1379 1571 1670 1630 memorat,
1692 1562 1914 1617 dicens:

2019 406 2177 461 bona:
2204 408 2556 476 Operationis.
2588 410 2730 463 Nam
2759 426 2860 465 nec
2888 410 3221 479 simplicibus
3270 409 3530 478 subjectis
3569 421 3619 464 et

2018 496 2159 551 bene
2191 496 2519 564 viventibus,
2552 512 2655 553 nec
2684 498 2908 555 eruditis
2938 506 2992 554 et
3024 498 3250 555 infirmis
3281 499 3499 555 vivendi
3546 499 3615 553 li-

2018 585 2204 640 bertas
2234 594 2379 640 recte
2408 584 2742 642 conceditur.
2776 587 2858 643 Illi
2887 587 3088 655 quippe
3121 604 3151 641 a
3182 587 3379 642 callido
3418 588 3616 641 adver-

2018 676 2164 731 sario
2182 673 2359 744 decipi
2380 683 2522 730 tanto
2540 675 2757 729 facilius
2778 682 3048 744 poterunt,
3073 676 3287 744 quando
3327 680 3382 729 et
3425 676 3620 744 depre-

2020 765 2261 823 hendere
2291 765 2411 833 ejus
2441 763 2664 821 insidias
2695 780 2793 832 per
2819 764 3111 833 Spiritalem
3144 764 3497 819 eruditionem
3516 780 3617 819 nc—

2021 871 2291 926 quaquam
2322 853 2630 909 didicerunt
2663 869 2675 907 :
2710 852 2793 908 isti
2818 868 2948 908 vero
2976 867 3043 907 eo
3080 852 3355 906 difﬁcilius
3402 861 3619 907 servant

2021 945 2224 1000 bonum
2272 944 2607 1007 eruditionis,
2654 958 2762 1014 quo
2812 942 3088 997 tentatoris
3136 942 3361 1012 laqueos
3425 940 3617 995 eruditi

2020 1034 2381 1106 conspiciunt,
2431 1039 2483 1088 et
2531 1047 2715 1087 eorum
2765 1029 2977 1087 vincula
3008 1030 3249 1084 devitarc
3272 1030 3463 1084 eruditi
3508 1045 3617 1082 non

2022 1129 2264 1194 possunt.
2298 1123 2448 1177 Tunc
2474 1136 2607 1191 ergo
2634 1126 3003 1189 competenter
3021 1134 3147 1174 arca
3167 1118 3478 1184 dimittitur,
3498 1132 3620 1172 cum

2024 1212 2100 1280 id,
2133 1212 2220 1268 cui
2269 1210 2474 1281 imponi
2523 1209 2739 1275 debeat,
2789 1208 3081 1278 plaustrum
3132 1214 3259 1262 ante
3306 1205 3616 1270 fabricatur,

2025 1317 2148 1358 cum
2181 1302 2233 1356 ei
2262 1316 2394 1355 vasa
2424 1316 2608 1363 aurea,
2642 1314 2762 1367 qum
2782 1297 3050 1352 debentur
3070 1312 3168 1366 pro
3189 1312 3356 1366 peeea
3368 1305 3438 1361 to,
3459 1313 3522 1349 ex
3548 1295 3622 1350 la-

2028 1398 2140 1446 tere
2159 1389 2540 1460 dependuntur
2563 1406 2576 1441 :
2598 1389 2721 1459 quia
2733 1386 2979 1456 profecto
2999 1394 3124 1440 tunc
3135 1400 3325 1440 secura
3344 1401 3463 1439 esse
3478 1392 3623 1453 pote-

2027 1482 2096 1535 rit
2123 1480 2233 1535 vita
2264 1479 2433 1533 libere
2462 1478 2699 1532 viventis
2728 1476 2945 1540 subditi,
2971 1491 3089 1529 cum
3111 1474 3517 1528 renovationem
3542 1473 3620 1527 in-

2028 1569 2238 1625 terioris
2254 1566 2491 1623 hominis
2509 1566 2781 1621 custodire
2800 1564 2967 1635 longe
2985 1580 3084 1619 usu
3100 1563 3346 1617 didicerit
3371 1580 3384 1623 ;
3409 1577 3530 1616 cum
3553 1576 3623 1616 ex

309 1654 550 1710 Faciem
562 1655 808 1711 similitu
817 1654 977 1709 dine:
988 1670 1231 1710 auorum
1242 1658 1555 1711 vestrorum
1568 1656 1623 1707 et
1638 1670 1691 1707 m
1702 1652 1885 1708 arium
1897 1691 1911 1705 .

2030 1658 2391 1729 vitmpurilate
2403 1656 2777 1712 celsitudinem
2792 1652 2987 1707 divinae
2999 1651 3604 1720 eruditionisapprehen

311 1744 364 1796 lu
394 1743 595 1812 quibus
624 1744 869 1813 profecto
898 1743 1041 1797 vasis
1069 1746 1413 1813 peccatorum
1457 1746 1618 1813 atque
1648 1740 1909 1795 tentatio-

311 1847 428 1885 num
460 1831 734 1885 memoria
760 1831 1039 1903 designari
1068 1831 1407 1887 dixeramus.
1439 1830 1579 1894 Quid
1622 1837 1708 1884 est
1751 1844 1908 1900 ergo,

310 1919 442 1988 quod
485 1918 743 1990 superius
786 1935 1035 1985 auorum,
1068 1926 1123 1974 et
1174 1923 1326 1989 151
1374 1919 1608 1973 murium
1658 1917 1913 1971 similitu-

310 2008 455 2063 dines
483 2023 614 2063 esse
638 2008 931 2079 perhibuit,
947 2023 1090 2065 nunc
1110 2024 1238 2065 vasa
1256 2023 1421 2063 aurea
1442 2006 1781 2078 appellavit?
1804 2006 1913 2061 Sed

309 2096 377 2150 ibi
405 2097 471 2153 de
505 2111 598 2163 eo,
634 2096 779 2167 quod
808 2112 953 2153 arcas
981 2112 1079 2167 pro
1123 2104 1351 2168 peccato
1398 2096 1607 2152 exsolvi
1654 2096 1912 2151 debebat.

311 2185 665 2248 tractabatur,
688 2184 775 2241 hic
791 2193 971 2239 autem
994 2186 1063 2241 de
1083 2201 1227 2241 arcte
1247 2180 1590 2241 remissione.
1616 2184 1755 2253 Quid
1779 2200 1915 2255 ergo

308 2282 404 2340 est,
436 2273 595 2346 quod
623 2290 712 2329 res
741 2272 860 2329 ista:
889 2274 1098 2329 ezedcm
1128 2274 1423 2330 honestiori
1454 2273 1675 2329 nomine
1724 2273 1914 2343 expri-

306 2371 546 2429 muntur,
580 2362 687 2417 nisi
717 2362 847 2433 quia
874 2369 1118 2433 peccata,
1151 2380 1273 2432 quae
1322 2362 1651 2434 paenitentiae
1700 2362 1917 2417 ﬂetibus

307 2460 444 2507 tersa
474 2467 595 2506 non
625 2460 777 2518 sunt,
811 2451 865 2505 in
894 2451 1240 2507 defomtitate
1274 2467 1371 2507 sua
1401 2451 1661 2509 attentius
1678 2450 1921 2507 videnda

306 2547 460 2609 atque
491 2540 740 2608 lugenda
769 2548 890 2595 sunt
928 2557 941 2594 :
975 2556 1038 2595 ea
1068 2556 1216 2607 vero,
1248 2556 1377 2611 quae
1419 2541 1536 2609 jam
1582 2549 1707 2595 sunt
1753 2540 1921 2594 diluta

305 2628 520 2701 magnis
557 2627 803 2691 ﬂetibus.
836 2644 941 2684 non
972 2632 1248 2693 attentius,
1284 2644 1461 2701 neque
1491 2628 1545 2686 in
1576 2629 1918 2685 deformitate

306 2730 397 2773 sua
426 2716 802 2786 respicienda.
836 2717 930 2772 sed
961 2718 1327 2772 aestimatione
1345 2717 1662 2772 humilitatis
1677 2717 1921 2788 aliquau-

305 2806 373 2861 do
401 2806 754 2877 cogitanda?
779 2804 947 2874 Quasi
979 2806 1123 2862 enim
1167 2806 1223 2861 in
1270 2813 1451 2861 mente
1498 2806 1834 2877 paenitentis,
1867 2814 1922 2861 et

312 2895 515 2949 acriter
544 2892 788 2949 dolentis
812 2894 899 2948 ani
930 2894 1255 2961 similitudo,
1278 2903 1332 2949 et
1353 2895 1584 2949 murium
1607 2902 1688 2951 est
1714 2910 1726 2950 :
1751 2909 1921 2965 quan-

307 2981 374 3037 do
402 2990 457 3037 ut
488 2983 759 3037 attentius
789 2982 971 3054 lugeat
1009 2999 1153 3049 eam,
1186 2999 1346 3053 quam
1393 2991 1517 3039 ante
1566 2985 1765 3039 mentis
1808 3000 1920 3041 sua:

309 3071 490 3127 oculos
516 3070 792 3143 congerit,
825 3073 1035 3143 peccati
1065 3088 1301 3127 massam
1346 3073 1707 3129 coadunatam
1753 3073 1919 3129 videt-

312 3159 415 3215 Sed
443 3175 579 3216 cum
613 3160 734 3229 jam
764 3161 979 3230 magnis
1009 3168 1062 3217 et
1088 3160 1359 3217 diuturnis
1388 3160 1604 3216 ﬂetibus
1651 3161 1922 3231 quodam-

313 3249 475 3303 modo
504 3248 583 3302 de
612 3257 963 3318 peccatorum
992 3264 1213 3304 suorum
1242 3249 1564 3305 remissione
1593 3264 1816 3306 securus
1853 3251 1922 3307 ad

313 3352 607 3408 supernam
640 3336 868 3408 patriam
902 3338 1153 3405 festinare
1181 3354 1351 3395 cursu
1382 3354 1599 3411 magnae
1625 3352 1922 3395 conversa-

314 3426 479 3493 tionis
509 3426 763 3497 cmperit,
797 3427 949 3495 quasi
981 3440 1147 3482 aurea
1170 3427 1283 3497 jam
1315 3442 1446 3482 vasa
1470 3428 1735 3499 conspicit
1759 3446 1773 3482 :
1797 3429 1923 3498 quia

314 3523 537 3584 peccata
569 3513 745 3579 videt,
775 3526 888 3581 non
922 3514 1121 3586 quibus
1148 3531 1208 3570 se
1238 3516 1538 3586 obligatum
1570 3517 1796 3584 viderat,
1829 3517 1924 3573 sed

315 3618 434 3672 qua:
452 3602 851 3673 omnipotentis
873 3603 967 3657 Dei
991 3602 1240 3658 laudibus
1256 3604 1553 3676 impendat.
1579 3606 1719 3660 Bene
1742 3614 1922 3661 autem

314 3690 365 3744 in
394 3692 649 3761 capsella
678 3693 748 3745 ad
778 3691 930 3745 lacus
958 3707 1101 3747 arcas
1146 3692 1338 3748 eadem
1386 3708 1522 3748 vasa
1562 3704 1918 3764 reponuntur.

314 3779 453 3833 Nam
486 3780 542 3835 si
578 3795 703 3835 arca
719 3779 919 3834 divintr
939 3780 1265 3852 cognitionis
1286 3790 1551 3837 secretum
1576 3782 1834 3849 insinuat,
1851 3781 1921 3836 ad

320 3869 454 3922 latus
484 3884 619 3923 vasa
648 3868 1028 3939 dependuntur
1058 3888 1071 3924 :
1106 3870 1234 3941 quia
1274 3870 1403 3925 dum
1452 3871 1683 3926 altitudo
1725 3871 1922 3926 divinae

314 3958 651 4028 cognitionis
681 3967 919 4013 mentem
967 3958 1166 4028 elevat,
1192 3958 1260 4013 ad
1304 3960 1554 4015 virtutem
1602 3959 1921 4015 humilitatis

314 4046 534 4100 inﬁrma
583 4054 769 4101 nostra
810 4048 1085 4117 praeterita
1123 4048 1189 4103 ad
1238 4050 1558 4104 memoriam
1608 4049 1922 4106 reducenda

314 4144 458 4190 sunt.
489 4137 617 4191 Non
647 4135 814 4207 igitur
841 4137 1093 4207 ponenda
1121 4145 1244 4192 sunt
1272 4146 1399 4193 ante
1427 4154 1612 4194 arcam
1638 4155 1760 4205 ;ue,
1790 4139 1920 4195 dum

317 4223 732 4279 immoderatius
760 4223 977 4278 inﬁrma
1003 4226 1346 4296 respicimus,
1377 4226 1546 4282 attolli
1574 4226 1643 4280 ad
1688 4242 1919 4297 superna

316 4328 678 4384 nequeamus.
702 4311 1146 4386 Constatitaque,
1164 4315 1293 4386 quia
1307 4331 1372 4370 ex
1403 4315 1572 4371 latere
1599 4315 1919 4389 dependan-

318 4408 400 4455 tur
431 4418 447 4454 :
485 4410 543 4455 ut
573 4408 627 4455 et
661 4417 898 4473 superna
925 4402 1206 4458 videamus
1234 4402 1424 4469 libere,
1451 4412 1524 4469 et,
1548 4419 1672 4460 cum
1690 4403 1928 4477 expedit,

319 4490 387 4545 ad
417 4498 603 4545 nostra
634 4487 852 4544 inﬁrma
883 4491 1079 4544 mentis
1107 4491 1298 4546 oculos
1326 4507 1664 4548 revocemus.

391 4584 482 4634 12.
515 4578 660 4649 Quid
690 4585 776 4633 est
799 4584 1002 4646 autem,
1027 4579 1175 4650 quod
1196 4579 1588 4653 praecipiuntur
1614 4598 1627 4635 ε
1655 4583 1723 4636 ει
1745 4582 1940 4638 dimit-

324 4670 429 4723 tite
459 4671 694 4735 eam,ut
716 4667 884 4723 vadat
907 4667 937 4721 ?
965 4666 1070 4723 Sed
1100 4682 1227 4723 arca
1247 4668 1550 4738 dimittitur,
1576 4671 1793 4742 quando
1814 4686 1939 4724 eru-

322 4758 452 4811 ditae
484 4764 698 4812 mentes
726 4756 1065 4811 subditorum
1096 4772 1125 4810 a
1155 4758 1269 4811 suis
1296 4757 1601 4812 rectoribus
1636 4758 1804 4812 libere
1848 4757 1935 4813 vi-

324 4862 456 4901 vere
488 4846 888 4918 permittuntur
919 4864 930 4900 :
966 4852 1021 4900 ut
1049 4845 1307 4901 videlicet
1323 4847 1392 4900 ad
1413 4854 1677 4901 aeternam
1701 4846 1934 4920 patriam

326 4942 651 5007 properent,
685 4950 792 4989 non
816 4934 932 5003 jam
962 4933 1455 5005 majorisimperio,
1477 4934 1569 4988 sed
1598 4937 1833 5009 propria:
1853 4951 1937 4989 ar-

326 5023 494 5078 bitrio
526 5023 771 5077 rationis.
804 5022 1064 5081 Teneuda
1089 5030 1166 5077 est
1193 5024 1376 5095 igitur,
1409 5032 1464 5079 ut
1487 5024 1729 5094 plaustro
1755 5024 1937 5094 impo-

328 5121 535 5173 natur;
566 5110 823 5180 imposita
862 5125 1078 5182 quoque
1105 5109 1349 5165 dimittar
1371 5130 1383 5166 :
1407 5112 1479 5184 (bl
1512 5113 1639 5185 quia
1684 5108 1935 5167 nimirum

329 5200 529 5256 electis
558 5199 789 5254 subditis
818 5198 1168 5269 disponenda:
1200 5200 1321 5255 vitae
1349 5217 1464 5255 sum
1493 5201 1715 5257 licentia
1744 5218 1776 5256 a
1804 5217 1939 5275 prte-

330 5288 457 5344 latis
488 5297 611 5343 ante
637 5288 823 5343 danda
849 5302 960 5341 non
1003 5294 1105 5354 est,
1137 5304 1299 5358 quam
1346 5288 1607 5346 doctrinae
1643 5288 1938 5365 spiritualis

403 5416 487 5475 (η’)
522 5414 599 5467 Al.
631 5428 709 5470 ea:
734 5413 991 5470 culmine
1018 5411 1240 5468 ordini:
1265 5413 1515 5471 altioris.

404 5484 487 5555 (ὁ)
523 5485 617 5542 llic
644 5484 923 5540 attendere
945 5485 1160 5540 videtur
1177 5484 1245 5538 ad
1276 5485 1540 5558 [tegulam
1556 5486 1725 5545 sancti
1747 5488 1804 5544 P.
1828 5489 1934 5547 Be-

2018 1748 2113 1812 dit,
2130 1757 2293 1821 atque
2313 1748 2453 1801 inter
2464 1746 2635 1799 donas
2649 1743 2918 1805 sublimia,
2935 1758 2997 1795 ea
3021 1758 3141 1812 quae
3154 1740 3442 1812 aliquando
3456 1754 3621 1809 prave

2019 1838 2205 1910 egisse
2234 1842 2519 1898 memorat,
2553 1834 2794 1888 recolere
2826 1831 2891 1885 ad
2926 1830 3280 1884 humilitatem
3306 1845 3410 1881 non
3436 1830 3618 1899 negli-

2020 1930 2119 2000 git.
2151 1925 2285 1995 Quae
2340 1925 2582 1994 profecto
2619 1921 2836 1975 vivendi
2884 1920 3126 1984 libertas,
3159 1918 3283 1988 quia
3326 1918 3392 1971 ad
3441 1916 3619 1971 solum

2019 2016 2254 2072 studium
2287 2012 2505 2083 superni
2536 2008 2735 2065 amoris
2766 2009 2926 2063 bonis
2954 2008 3219 2078 subjectis
3265 2006 3620 2076 impenditur,

2021 2114 2147 2175 apte
2177 2113 2231 2158 et
2258 2117 2499 2165 causam,
2532 2115 2637 2169 qua
2668 2098 2858 2153 eadem
2889 2112 3015 2151 arca
3066 2096 3382 2159 dimittatur,
3417 2094 3619 2165 adjun-

2022 2196 2103 2269 git
2135 2212 2146 2248 :
2181 2196 2246 2247 ut
2278 2192 2464 2257 vadat,
2495 2189 2706 2260 inquit.
2740 2185 2907 2254 Quasi
2939 2185 3081 2239 enim
3112 2191 3166 2239 et
3196 2184 3317 2238 aliis
3347 2184 3527 2238 verbis
3552 2182 3626 2236 di-

2023 2290 2112 2338 cat
2142 2300 2154 2335 :
2187 2281 2267 2335 Ad
2297 2280 2403 2333 hoc
2432 2278 2605 2332 solum
2639 2275 2861 2330 liberius
2893 2274 3074 2327 vivere
3095 2272 3441 2341 permittendi
3474 2281 3619 2336 sunt,

2022 2372 2178 2426 ut‘ad
2203 2370 2474 2426 carie-stem
2505 2364 2734 2435 patriam
2776 2363 3006 2418 celerius
3052 2359 3479 2431 proficiscantur.
3515 2359 3622 2413 Sed

2024 2460 2150 2531 quia
2179 2457 2421 2513 nonnulli
2454 2453 2657 2509 subditi
2687 2461 2797 2506 tam
2826 2449 3233 2505 conversatione
3263 2464 3424 2519 quam
3447 2447 3623 2501 scien-

2027 2550 2100 2603 tia
2130 2547 2369 2602 liumano
2392 2544 2601 2615 judicio
2631 2539 2854 2613 perfecti
2885 2547 3029 2605 sunt,
3072 2540 3232 2606 152
3268 2553 3374 2591 non
3399 2536 3619 2602 divino;

2023 2637 2417 2708 providendum
2451 2634 2712 2699 bonorum
2745 2637 3012 2685 rectorum
3062 2626 3244 2682 studio
3291 2634 3388 2691 est,
3424 2633 3479 2677 ut
3521 2640 3620 2678 eo-

2027 2741 2144 2779 rum
2173 2738 2356 2779 euram
2389 2727 2514 2775 tunc
2542 2735 2640 2775 nec
2670 2718 2892 2773 omnino
2923 2721 3262 2784 praetereant,
3293 2729 3412 2767 cum
3458 2711 3623 2767 iidem

2027 2813 2229 2869 subditi
2259 2811 2387 2866 sede
2415 2824 2602 2865 eorum
2633 2823 2761 2862 cura
2783 2804 3040 2859 dimissos
3063 2810 3271 2871 putant,
3297 2801 3390 2855 sed
3418 2801 3503 2870 pia
3519 2799 3626 2854 cal-

2025 2903 2230 2959 liditate
2259 2899 2544 2969 explorent
2567 2898 2682 2967 jam
2709 2893 2863 2950 liberi
2893 2891 3127 2965 qualiter
3154 2890 3361 2954 vivant,
3397 2904 3624 2958 quorum

1957 3015 2004 3079 Ο
2034 2991 2358 3048 subditionis
2387 2989 2529 3044 bona
2558 2985 2774 3055 plenius
2801 2988 3082 3038 noverant.
3116 2978 3294 3047 Quare
3323 2985 3375 3032 et
3396 2975 3628 3079 subjun-

2034 3084 2212 3156 gitur:
2239 3083 2308 3137 Et
2324 3077 2639 3151 napicz’etia,
2662 3081 2719 3132 et
2753 3074 2800 3131 si
2832 3072 3056 3144 quidem
3094 3084 3196 3141 per
3236 3069 3385 3127 viam
3417 3068 3626 3135 ﬁnium

2031 3188 2263 3229 suorum
2283 3167 2818 3227 ascenderitcantra
2835 3162 3175 3223 Bctltsamcs,
3194 3156 3309 3228 ipse
3322 3158 3457 3226 fecit
3473 3156 3628 3217 nobis

2033 3260 2134 3317 hoc
2155 3260 2374 3314 malum
2387 3256 2623 3328 grande.
2643 3252 2749 3309 Sin
2765 3257 2958 3321 autem
2972 3249 3225 3310 minime,
3239 3246 3484 3305 sciemus
3495 3246 3627 3316 quia

2029 3362 2384 3420 nequaquam
2403 3358 2610 3399 manus
2633 3339 2755 3411 ejus
2781 3337 2969 3405 tetigit
2986 3351 3108 3399 nos,
3127 3333 3224 3389 sed
3239 3348 3375 3389 cam
3395 3332 3624 3394 accidit.

2103 3442 2189 3492 13.
2255 3436 2591 3495 Betbsames,
2661 3435 2715 3485 ut
2784 3426 2899 3496 jam
2969 3423 3227 3485 diximus,
3300 3422 3626 3487 interpreta-

2030 3536 2117 3591 tur
2144 3526 2336 3581 domus
2378 3521 2533 3578 solis.
2566 3517 2855 3579 Dimissam
2902 3522 3081 3573 autem
3131 3526 3309 3565 aream
3358 3506 3625 3577 praedica-

2033 3625 2175 3671 tores
2222 3612 2509 3681 aspiciunt,
2555 3615 2729 3665 utrum
2784 3612 2936 3663 recto
2994 3602 3185 3661 itinere
3228 3607 3417 3653 contra
3477 3597 3630 3655 Betti-

2030 3719 2212 3758 samea
2243 3700 2554 3773 gradiatur:
2575 3696 2702 3767 quia
2731 3700 2926 3751 etcum
2948 3689 3174 3760 proprio
3193 3686 3417 3743 arbitrio
3440 3684 3625 3749 dimit-

2029 3799 2215 3849 tuntur
2243 3788 2464 3851 subditi,
2493 3785 2780 3853 explorare
2810 3778 3018 3851 praelati
3059 3777 3279 3841 debent,
3312 3792 3378 3829 an
3428 3773 3629 3837 bonum

2029 3879 2296 3935 libertatis
2326 3877 2395 3931 ad
2425 3874 2728 3949 profectum
2758 3873 3076 3929 convertant
3112 3864 3350 3920 euxlmtis
3397 3861 3625 3915 itineris.

2030 3968 2141 4024 Sed
2169 3974 2223 4022 et
2250 3973 2404 4021 caute
2439 3961 2734 4019 notandum
2783 3965 2868 4016 est
2900 3974 2913 4011 :
2940 3957 3065 4025 quia
3095 3963 3220 4013 tunc
3269 3961 3409 4018 t'i't‘lt'
3433 3958 3629 4015 contra

1991 4072 1994 4076 '
2026 4056 2343 4111 Betlisames
2372 4067 2496 4107 arca
2526 4047 2791 4115 ascendit,
2822 4060 2946 4107 cum
2979 4042 3272 4098 conﬁnium
3307 4040 3444 4102 viam
3498 4056 3632 4109 gra-

2027 4142 2227 4200 diendo
2280 4156 2389 4196 non
2433 4138 2657 4195 deserit.
2717 4133 2970 4193 Confines
3025 4131 3226 4187 etenim
3284 4127 3452 4183 nostri
3503 4132 3630 4180 sunt

2029 4231 2187 4290 electi
2216 4229 2428 4300 priores
2461 4244 2475 4281 :
2508 4224 2749 4283 contines
2802 4222 3007 4292 quippe
3057 4227 3205 4284 sunt,
3237 4217 3327 4288 qui
3381 4216 3531 4284 juxta
3580 4229 3637 4267 se

2045 4318 2424 4392 possessiones
2451 4314 2746 4385 dispositas
2772 4310 2993 4372 habent.
3027 4305 3280 4367 Confines
3311 4304 3472 4377 igitur
3500 4302 3639 4357 elec-

2047 4420 2227 4465 torum
2256 4415 2381 4463 sunt
2408 4404 2598 4463 aiterui
2641 4402 2797 4474 regni
2837 4397 3085 4471 perpetui
3131 4392 3466 4459 colimredes.
3498 4393 3637 4458 Nam

2044 4500 2191 4554 velut
2213 4500 2367 4568 juxta
2394 4510 2453 4550 se
2481 4493 2756 4564 dispositis
2784 4486 3216 4561 possessionibus
3248 4482 3511 4547 habitant,
3543 4480 3637 4552 qui

2044 4589 2100 4646 in
2130 4586 2378 4646 eamdem
2407 4588 2630 4643 aeternae
2656 4581 2847 4651 patrita
2873 4578 3189 4637 societatem
3221 4572 3418 4639 vocati,
3443 4570 3511 4625 de
3532 4584 3641 4623 una

2045 4684 2100 4732 et
2129 4675 2319 4733 eadem
2350 4670 2654 4731 Conditoris
2683 4669 2964 4737 majestate
2993 4665 3162 4723 sortiti
3190 4670 3315 4720 sunt
3336 4662 3463 4732 jura
3492 4667 3644 4714 aeter-

2047 4780 2130 4820 nae
2159 4760 2508 4823 hmreditatis.
2547 4758 2639 4814 Vel
2667 4757 2872 4823 ideirco
2899 4756 3151 4819 dicuntur
3196 4748 3438 4808 contines
3468 4765 3480 4799 :
3515 4746 3643 4818 quia

2044 4868 2166 4908 cum
2195 4852 2265 4905 de
2294 4850 2436 4905 bona
2465 4845 2879 4910 conversatione
2898 4842 2966 4900 ad
2990 4840 3276 4913 perrennis
3296 4840 3419 4894 vitta
3439 4834 3644 4907 gaudia

2045 4941 2202 4997 electi
2232 4938 2577 5009 perveniant.
2609 4936 2700 5004 qui
2727 4941 2878 4997 recte
2926 4932 3114 4998 vivunt
3160 4929 3216 4981 in
3268 4929 3370 4981 hoc
3413 4923 3638 5009 mundo,

2045 5007 2359 5087 C(Blestibus
2388 5025 2606 5087 civibus
2622 5024 2783 5089 vicini
2805 5028 2945 5085 sunt.
2962 5019 3096 5087 Qum
3124 5025 3207 5071 est
3225 5030 3357 5083 ergo
3378 5014 3465 5067 via
3486 5007 3647 5064 conﬁ-

2044 5120 2217 5183 nium,
2248 5117 2359 5171 nisi
2390 5115 2614 5170 afﬂictio
2640 5109 2995 5181 temporalis?
3025 5109 3177 5161 llauc
3222 5105 3362 5156 vium
3412 5098 3641 5152 Bt-thsa-

2044 5210 2153 5262 mis
2181 5224 2281 5277 per
2326 5206 2676 5273 semetipsum
2726 5199 2989 5256 Dominus
3037 5196 3386 5247 demi-manat,
3422 5187 3645 5277 dicetis:

2044 5274 2215 5355 Arata
2234 5300 2319 5353 est
2360 5295 2611 5367 vimque:
2639 5291 2797 5348 ducit
2827 5287 2897 5343 ad
2929 5287 3101 5341 vitam
3145 5281 3365 5348 (Matth.
3401 5289 3496 5341 vtl,
3537 5274 3643 5338 Μ).

2043 5419 2246 5479 nedicti
2276 5434 2326 5475 e.
2362 5422 2413 5487 1,
2445 5416 2536 5472 ubi
2567 5415 2757 5472 eadem
2789 5406 3175 5479 compendiose
3197 5403 3451 5475 legimus.
