4034 6174
455 258 551 311 191

1652 251 1899 308 SANCTI
1940 251 2034 306 GR
2044 250 2289 309 EGORII
2329 253 2558 310 MAGNI

3630 264 3725 319 192

452 378 606 434 lianc
652 376 778 432 item
819 376 1187 443 commendat,
1219 346 1343 434 eum
1389 376 1693 447 discipulos
1737 376 2046 447 increpans,
2078 377 2135 438 A
2238 381 2324 433 l5.
2358 380 2420 435 In
2451 380 2717 437 directum
2752 396 2849 453 per
2892 378 3038 435 viam
3082 395 3210 451 qua:
3252 379 3397 435 ducit
3435 380 3728 440 Bethsames

454 466 563 521 ait:
593 467 840 533 0stulti,
875 470 931 523 et
964 466 1114 522 tardi
1149 466 1309 523 corde
1343 466 1417 522 ad
1456 466 1825 535 credendum,
1861 482 2053 524 nonne

451 553 682 627 Oportui
717 555 849 627 pati
882 553 1191 621 Christum,
1225 559 1282 611 et
1323 555 1412 610 ita
1441 557 1669 612 intrare
1709 556 1772 610 in
1816 556 2056 628 gloriam

451 660 621 698 suam
640 642 839 713 ?(Luc.
857 647 1148 714 xxxv,25.)
1179 644 1318 699 Hinc
1350 644 1548 698 Paulus
1573 644 1685 698 ait:
1709 645 1818 700 Per
1840 645 2056 699 multas

456 732 665 788 tributa
675 733 857 788 tiones
867 736 1086 804 oportet
1097 748 1200 788 nos
1213 733 1437 789 intrare
1450 734 1511 788 in
1524 748 1761 805 regnum
1782 732 1884 789 Dei
1907 732 2052 799 (Act.

453 822 648 886 suum
671 820 925 889 ).Contra
944 820 1261 876 Bethsames
1286 836 1418 893 ergo
1451 825 1579 876 tunc
1618 836 1745 876 arca
1782 819 2052 892 dirigitur,

455 924 578 964 eum
602 924 703 979 per
737 907 878 964 viam
910 907 1204 965 conﬁnium
1241 909 1539 967 ascendere
1574 908 1974 981 videturzquia
2000 909 2057 963 in

458 1012 697 1066 superna
740 997 1157 1054 conversatione
1204 997 1295 1054 ille
1337 998 1519 1055 verius
1564 996 1797 1069 proﬁcit,
1847 998 1940 1070 qui
1985 997 2056 1053 ad

457 1092 660 1141 aeterna
688 1083 894 1157 gaudia
921 1086 1216 1156 pervenire
1245 1102 1353 1143 non
1383 1102 1483 1156 per
1501 1086 1804 1141 mundanas
1822 1086 2057 1142 delecta-

457 1173 650 1239 tiones,
690 1174 786 1229 sed
808 1190 910 1244 per
936 1175 1114 1230 carnis
1143 1174 1461 1232 aﬁlictiones
1489 1183 1544 1231 et
1571 1174 1759 1230 mundi
1806 1174 2057 1231 adversi-

458 1271 594 1317 tates
623 1262 830 1332 quaerit.
865 1262 973 1319 Sed
1003 1262 1130 1334 quia
1150 1279 1262 1319 non
1288 1265 1383 1331 ire,
1408 1262 1505 1319 sed
1527 1263 1847 1332 ascendere,
1873 1261 2059 1317 dimis-

458 1367 521 1405 sa
550 1367 675 1407 arca
704 1351 921 1419 dicitur,
950 1352 1114 1408 altior
1141 1353 1230 1409 via
1258 1351 1497 1408 dimissis
1523 1352 1579 1406 in
1610 1351 1862 1408 libertate
1882 1350 2062 1406 subdi-

459 1439 527 1493 tis
578 1439 845 1496 indicatur
876 1456 888 1492 :
923 1440 1049 1512 quia
1091 1457 1192 1511 per
1235 1441 1380 1496 viam
1427 1440 1729 1496 Bethsamis
1762 1456 1870 1495 non
1914 1448 2063 1495 recte

460 1528 797 1598 gradiuntur,
827 1530 872 1583 si
902 1545 1011 1584 non
1041 1530 1288 1601 quotidie
1316 1530 1387 1585 de
1413 1530 1573 1585 bonis
1602 1530 1670 1584 ad
1692 1528 1918 1585 meliora
1937 1544 2060 1599 pro-

460 1616 666 1673 ficiunt.
700 1618 1009 1673 Ascendere
1056 1619 1198 1673 enim
1240 1618 1444 1673 meritis
1487 1619 1772 1683 virtutum,
1818 1616 2061 1690 quotidie

2163 466 2265 536 ire,
2297 468 2461 524 estin
2508 470 2691 527 studio
2736 469 2968 528 cmlestis
3011 468 3379 540 perfectionis,
3408 469 3731 527 aﬁlictionem

2163 556 2346 612 carnis
2377 565 2560 615 tenere
2589 576 2692 631 per
2718 559 2976 616 virtutum
3005 558 3363 614 discretionis.
3394 560 3525 615 Nam
3559 558 3611 613 in
3654 560 3732 616 di-

2162 653 2367 701 rectum
2399 661 2582 704 vaccae
2612 662 2957 719 nequaquam
2974 647 3314 718 gradiuntur,
3329 646 3376 701 si
3395 647 3447 702 in
3470 645 3738 704 aﬁlictione

2163 732 2342 788 carnis
2385 734 2644 792 discretio
2687 752 2794 792 non
2841 743 3106 791 servatur.
3150 735 3397 806 Denique
3445 734 3568 791 dum
3608 736 3739 791 ultra

2165 822 2388 877 modum
2418 838 2545 880 caro
2574 823 2849 896 aﬁligitur,
2880 823 3132 879 conferre
3160 838 3321 894 opem
3340 823 3542 893 spiritui
3562 823 3739 879 eadem

2164 924 2293 965 caro
2322 912 2551 968 omnino
2580 912 2795 968 defecta
2825 927 2933 967 nou
2964 909 3181 967 sufﬁcit.
3215 912 3284 966 Et
3313 910 3359 966 si
3376 911 3536 984 digne
3555 926 3657 968 non
3671 912 3741 967 af-

2163 996 2386 1071 ﬂigitur,
2418 999 2546 1055 dum
2576 999 2839 1073 superbit,
2871 1001 3020 1057 velut
3048 999 3224 1056 libera
3251 999 3457 1055 servire
3486 999 3642 1054 menti
3660 1000 3741 1055 in-

2163 1086 2373 1144 domita
2400 1088 2743 1161 dedignatur.
2776 1089 2920 1145 Bene
2951 1088 3135 1161 igitur,
3166 1088 3296 1143 dum
3324 1103 3422 1158 per
3447 1087 3586 1143 viam
3605 1087 3745 1143 Beth-

2163 1176 2329 1231 samis
2358 1176 2412 1231 in
2442 1175 2708 1233 directum
2729 1191 2910 1233 vaccae
2938 1176 3017 1233 ire
3054 1175 3381 1242 referuntur,
3411 1174 3740 1246 subjunetum

2166 1272 2244 1320 est
2264 1280 2277 1319 :
2295 1264 2437 1333 Quia
2453 1281 2570 1321 non
2587 1266 2951 1322 declinabant
2969 1280 3147 1337 neque
3164 1263 3237 1320 ad
3248 1265 3563 1333 dexteram,
3574 1279 3742 1336 neque

2166 1352 2240 1407 ad
2267 1353 2586 1409 sinistram.
2606 1353 2687 1408 Ad
2708 1354 2989 1409 dexteram
3012 1352 3218 1425 quippe
3234 1351 3528 1419 declinare,
3550 1359 3626 1407 est
3645 1351 3744 1407 vir-

2170 1441 2263 1496 tuti
2293 1440 2635 1496 abstinentize
2665 1442 3022 1497 immoderate
3052 1441 3308 1496 insistere
3343 1458 3358 1495 :
3389 1439 3517 1514 quia
3543 1456 3638 1510 per
3663 1439 3748 1495 ho-

2166 1544 2314 1593 num,
2343 1530 2488 1602 quod
2518 1529 2753 1598 videtur,
2788 1529 2934 1584 viam
2964 1528 3286 1595 deserimus,
3319 1528 3446 1583 dum
3471 1528 3550 1583 sic
3568 1542 3747 1583 neces-

2167 1619 2364 1674 sariam
2394 1618 2737 1674 abstinentiae
2766 1618 3011 1673 virtutem
3039 1617 3349 1690 sequimur,
3371 1624 3427 1671 ut
3455 1615 3560 1670 alia
3600 1615 3748 1670 nobis

461 1707 529 1761 ad
562 1708 784 1761 meliora
811 1705 1074 1778 proiicere
1106 1714 1208 1761 est.
1244 1707 1350 1762 Sed
1380 1723 1504 1763 cum
1528 1715 1674 1764 recte
1694 1714 1879 1762 contra
1895 1706 2059 1761 Beth-
2089 1715 2144 1777 Β
2173 1706 2371 1763 auxilia
2402 1706 2470 1761 de
2498 1721 2667 1762 carne
2695 1706 3098 1762 subtrahamus.
3134 1705 3218 1760 Ad
3249 1705 3520 1759 sinistram
3551 1718 3754 1775 quoque

459 1810 638 1849 sames
681 1811 806 1849 area
854 1795 1085 1861 ducitur,
1126 1795 1329 1850 malum
1372 1794 1583 1867 grande
1631 1794 1776 1866 quod
1817 1795 2066 1865 perpessi

462 1883 673 1938 fuerant
701 1883 1089 1954 omnipotentis
1117 1884 1215 1939 Dei
1246 1884 1509 1954 operibus
1539 1882 1834 1939 ascribunt.
1860 1884 2063 1939 Malum

460 1988 697 2044 namque
725 1973 936 2043 grande
978 1990 1095 2027 eam
1143 1974 1548 2043 percussionem
1590 1977 1808 2041 vocant,
1840 1972 1911 2028 de
1957 1988 2063 2044 qua

462 2062 715 2130 superius
737 2062 965 2132 legitur:
992 2063 1181 2118 Flebat
1201 2079 1409 2117 manus
1432 2063 1661 2118 Domini
1680 2077 1853 2127 super
1871 2062 2065 2133 singu-

465 2151 550 2206 las
580 2151 843 2206 civitates
872 2152 1296 2222 interfectionis
1324 2166 1548 2223 magna:
1592 2152 1786 2207 nimis.
1820 2150 1891 2205 Et
1938 2150 2066 2222 quia

466 2238 715 2293 eamdem
748 2238 1176 2294 interfectionem
1208 2248 1316 2294 tam
1355 2239 1424 2294 ad
1453 2239 1859 2295 conversionem
1910 2238 2065 2294 Gen-

465 2318 656 2393 tilium,
701 2344 864 2399 quam
913 2328 981 2383 ad
1026 2327 1265 2383 ﬁdelium
1311 2328 1739 2398 delinquentium
1785 2327 2062 2382 salubrem

462 2416 940 2486 compunctionem
991 2417 1294 2480 retulimus,
1341 2432 1463 2471 eum
1511 2433 1641 2475 arca
1690 2424 1829 2471 recte
1877 2425 2066 2471 contra

461 2504 781 2559 Betltsames
810 2505 1074 2576 graditur,
1106 2505 1308 2559 malum
1338 2503 1475 2559 illud
1512 2505 1725 2576 grande
1772 2504 1918 2577 quod
1966 2518 2066 2558 ac-

463 2593 694 2657 ciderat,
726 2609 758 2647 a
789 2594 904 2648 Deo
934 2609 1053 2648 esse
1081 2593 1349 2648 indicatur
1381 2610 1393 2647 :
1427 2593 1555 2664 quia
1582 2592 1829 2664 profecto
1858 2592 2065 2649 electo-

465 2698 587 2736 rum
615 2682 950 2754 singulorum
981 2680 1104 2736 ﬁnis
1152 2682 1370 2747 indicat,
1423 2681 1659 2752 qualiter
1699 2680 2068 2753 praedicator-is

465 2768 676 2825 animus
705 2785 893 2825 eorum
922 2770 1099 2840 prima
1127 2787 1297 2841 opera
1324 2778 1700 2843 recognoscat.

538 2869 624 2923 14.
658 2869 798 2922 Nam
829 2867 875 2922 si
905 2868 962 2922 in
994 2865 1102 2924 ﬁne
1148 2867 1427 2937 deﬁciunt,
1461 2876 1649 2938 aperte
1697 2866 2064 2941 cognoscitur,

469 2955 595 3025 quia
627 2956 768 3011 bona
799 2972 986 3011 eorum
1012 2956 1282 3027 principia
1312 2972 1343 3010 a
1390 2958 1625 3013 Domino
1667 2972 1771 3012 non
1824 2957 2063 3012 fuerunt.

2168 1796 2465 1863 declinare,
2496 1803 2578 1851 est
2607 1795 2784 1850 carnis
2804 1793 3165 1849 abundantius
3187 1793 3494 1867 indulgere.
3514 1792 3648 1847 Nam
3669 1807 3759 1863 per

2169 1888 2372 1956 apertas
2400 1883 2731 1940 remissionis
2758 1883 2944 1938 vitium
2975 1900 3006 1938 a
3036 1882 3346 1938 Bethsamis
3382 1881 3468 1937 via
3515 1880 3757 1935 deﬂecti-

2169 1989 2311 2040 mur,
2343 1973 2479 2027 dum
2507 1987 2730 2027 carnem
2759 1987 2859 2042 per
2885 1970 3110 2026 delicias
3140 1969 3480 2036 deducimus,
3503 1968 3592 2041 qui
3612 1982 3755 2039 pm

2169 2060 2275 2116 disi
2303 2061 2449 2116 viam
2476 2060 2530 2115 in
2561 2058 2854 2116 aﬁlictione
2883 2058 3206 2129 dispositam
3236 2073 3578 2114 noveramus.

2244 2150 2330 2204 16.
2367 2150 2432 2204 Et
2461 2149 2584 2220 quia
2616 2148 2763 2203 nulla
2791 2155 2873 2203 est
2901 2148 3028 2202 vitae
3077 2145 3355 2217 parcioris
3402 2143 3694 2210 sinceritas,
3722 2139 3767 2195 si

2171 2238 2454 2293 munditiae
2483 2237 2610 2292 boni
2641 2237 2827 2308 Operis
2858 2235 3185 2306 simplicitas
3216 2250 3325 2289 non
3361 2231 3651 2290 concordat
3680 2230 3762 2284 in-

2174 2328 2444 2395 tentionis,
2477 2334 2632 2383 caute
2661 2340 2982 2395 expressum
3012 2332 3093 2380 est
3127 2340 3140 2379 :
3167 2326 3234 2380 Et
3266 2324 3478 2379 itinere
3510 2336 3620 2377 uno
3638 2334 3765 2390 gra-

2173 2415 2495 2471 diebantur.
2528 2415 2646 2470 Uno
2676 2414 2877 2485 quippe
2896 2414 3090 2468 itinere
3106 2412 3379 2485 graditur,
3403 2410 3494 2481 qui
3528 2409 3767 2464 virtutem

2173 2520 2335 2576 quam
2367 2503 2653 2576 prmtendit
2679 2502 2732 2557 in
2766 2502 2909 2557 bono
2926 2516 3111 2572 opere,
3139 2492 3193 2555 in
3224 2509 3375 2555 recta
3403 2505 3587 2555 servat
3608 2497 3768 2550 inten-

2174 2594 2339 2647 tione.
2372 2592 2492 2661 Quo
2534 2600 2719 2647 contra
2768 2591 2836 2645 de
2885 2605 3213 2659 unoquoque
3258 2587 3500 2658 reprobo
3541 2585 3769 2641 dicitur:

2180 2685 2441 2753 precca
2449 2681 2559 2736 tori
2570 2679 2918 2750 ingredienti
2931 2683 3144 2734 terram
3157 2677 3377 2733 duabus
3402 2673 3679 2744 viis(Echi
3686 2711 3700 2728 .
3713 2686 3769 2739 ιι,

2175 2772 2285 2841 14).
2320 2771 2541 2825 Duabus
2571 2768 2770 2839 quippe
2799 2767 2901 2822 viis
2931 2775 3187 2837 peccator
3218 2774 3421 2821 terram
3454 2761 3771 2832 ingreditur,

2173 2875 2296 2915 cum
2328 2858 2425 2913 Dei
2451 2857 2664 2913 videtur
2691 2872 2810 2911 esse
2841 2856 2986 2927 quod
3020 2853 3153 2925 agit,
3188 2853 3284 2908 sed
3326 2869 3400 2907 ex
3446 2851 3596 2907 omni
3637 2846 3775 2920 quod

2175 2947 2490 3019 religiosum
2531 2946 2669 2999 foris
2717 2944 2955 3007 exhibet,
3002 2943 3145 2996 intus
3188 2940 3380 2996 saeculi
3426 2938 3774 2995 intentionem

466 3044 622 3100 Unde
652 3051 704 3097 et
732 3026 1023 3100 subditur-:7
1041 3044 1153 3100 Sin
1192 3026 1384 3101 autem
1404 3046 1661 3111 minime,
1693 3047 1902 3101 scimus
1925 3048 2066 3117 quia
2097 3069 2150 3136 Ο
2179 3046 2344 3091 tenet.
2377 3036 2498 3092 Uno
2526 3042 2704 3088 autem
2744 3032 2933 3086 itinere
2963 3031 3116 3102 gradi
3148 3032 3354 3134 electos
3372 3044 3499 3085 suos
3520 3026 3774 3136 Dominus

465 3148 823 3206 nequaquam
841 3150 1048 3189 manus
1060 3136 1181 3199 eius
1206 3134 1399 3204 tetigit
1417 3150 1538 3200 nos,
1552 3134 1648 3190 sed
1669 3150 1807 3189 casu
1826 3134 2057 3190 accidit.

465 3221 654 3276 Manus
680 3222 899 3276 Domini
927 3221 1056 3292 quid
1084 3230 1187 3290 est,
1219 3222 1329 3277 nisi
1359 3222 1676 3293 unigenitus
1706 3221 1879 3277 Patris
1904 3231 2069 3277 aeter-

463 3310 566 3365 ni‘l
594 3311 753 3365 Manu
784 3325 1021 3382 namque
1053 3309 1268 3365 Domini
1298 3326 1406 3366 non
1431 3318 1745 3383 tanguntur,
1776 3311 1870 3380 qui
1909 3312 2065 3379 153

467 3413 577 3454 non
606 3398 968 3469 inspiratione
996 3397 1161 3452 divini
1193 3398 1364 3467 verbi,
1395 3399 1491 3454 sed
1519 3399 1701 3454 subita
1728 3398 2069 3454 deliberatio-

467 3503 538 3543 ne
568 3487 751 3543 cordis
778 3488 857 3543 sui
880 3505 911 3543 a
925 3486 1153 3558 pristina
1174 3488 1581 3543 conversatione
1598 3491 1937 3557 separantur.
1963 3487 2071 3556 Qui

469 3580 618 3632 certe
645 3584 794 3631 tanto
822 3576 1049 3632 celerius
1089 3577 1158 3630 ab
1212 3576 1449 3647 incoepta
1497 3576 1734 3632 bonitate
1775 3574 2049 3643 deﬁciunt,

470 3673 667 3735 quanto
698 3664 843 3737 quod
881 3680 982 3735 per
1010 3673 1212 3720 arctam
1255 3665 1400 3720 viam
1447 3665 1658 3737 ingredi
1702 3664 1770 3719 ad
1815 3674 2073 3721 mternam

468 3753 698 3825 patriam
728 3761 1145 3825 prOposuerant,
1179 3770 1285 3823 qua
1314 3753 1628 3808 fortitudine
1661 3754 2072 3825 exsequendum

473 3852 639 3905 esset,
655 3843 1010 3915 pra-cogitare
1030 3843 1359 3898 nescierunt.
1384 3842 1566 3911 Quare
1582 3850 1705 3913 apte
1720 3842 1929 3897 dictum
1950 3850 2033 3896 est
2056 3857 2070 3897 :

476 3929 619 3985 Casu
644 3932 871 3986 accidit.
895 3930 1051 4001 Quod
1081 3931 1226 3986 enim
1259 3946 1391 3986 casu
1421 3931 1635 4001 accidit,
1660 3931 1840 3986 subito
1869 3938 1923 3984 et
1952 3929 2072 3985 sine

472 4019 700 4074 consilio
730 4027 782 4073 et
812 4020 1118 4089 provisione
1148 4020 1432 4091 contingit.
1465 4018 1601 4074 Cum
1630 4035 1765 4092 ergo
1804 4019 1860 4072 bi
1904 4019 1996 4090 qui
2043 4033 2075 4073 ι

474 4108 661 4162 mundi
693 4123 900 4175 amore,
933 4108 1047 4163 sive
1078 4109 1166 4177 qui
1195 4108 1266 4164 ab
1296 4107 1615 4164 inﬁdelitate
1645 4106 1965 4163 discessisse
1988 4108 2074 4161 vi-

472 4197 740 4252 debantur
785 4196 1054 4261 conversi,
1086 4196 1154 4251 ad
1200 4197 1368 4266 priori
1417 4197 1541 4252 vitae
1587 4196 1881 4267 nequitiam
1926 4194 2072 4249 revi-

477 4286 708 4349 viscunt,
744 4293 928 4354 aperte
970 4286 1339 4357 cognoscitur,
1372 4284 1500 4356 quia
1521 4299 1630 4339 non
1648 4298 1814 4338 ntanu
1833 4282 2072 4350 Domini,

472 4383 530 4428 ut
558 4374 882 4428 videbantur
911 4373 1200 4435 interfecti,
1232 4374 1326 4426 sed
1357 4373 1637 4427 accidente
1674 4386 1807 4427 casu
1835 4386 1870 4426 a
1897 4370 2077 4442 pristi-

474 4473 545 4512 na
573 4459 681 4511 s‘lnt
710 4457 1126 4512 conversatione
1156 4456 1411 4525 separati.
1444 4454 1702 4524 Sequitur
1735 4475 1748 4511 :

552 4554 731 4624 (Vers.
769 4557 856 4615 10,
891 4553 1001 4621 11.)
1033 4554 1311 4608 Fecerunt
1336 4552 1428 4608 illi
1457 4554 1557 4609 hoc
1585 4553 1766 4621 modo,
1786 4558 1844 4609 et
1873 4556 2076 4610 tollen-

493 4646 578 4698 tes
607 4642 746 4697 duas
780 4657 975 4697 vaccas
1006 4645 1286 4703 iuxerunt
1316 4645 1387 4696 ad
1402 4644 1745 4714 plaustrum,
1765 4644 2080 4715 vitulosque

485 4746 686 4785 earum
715 4732 1047 4786 clauserunt
1079 4731 1248 4797 dumi,
1280 4735 1338 4787 et
1376 4734 1689 4801 posuerunt
1742 4746 1939 4786 arcam
1981 4731 2082 4787 Dei

481 4834 654 4891 super
679 4820 1028 4891 plaustrum,
1065 4822 1121 4873 et
1146 4821 1455 4890 capsellam
1474 4836 1596 4890 qua:
1625 4818 1869 4877 habebat
1889 4835 2082 4877 mures

485 4924 687 4964 aureos
718 4911 775 4963 et
804 4906 1219 4963 similitudines
1251 4924 1513 4965 anorum.

557 4996 698 5066 Quia
729 4996 844 5051 haec
874 5011 1037 5066 supra
1067 4995 1226 5049 latius
1257 4997 1504 5068 exposita
1531 5003 1672 5061 sunt,
1707 4995 1842 5068 quid
1865 4996 1979 5066 jam
2030 4995 2087 5049 in

482 5103 541 5142 se
588 5087 658 5141 de
704 5084 941 5155 spiritali
986 5083 1287 5139 eruditione
1341 5089 1614 5141 contineat
1657 5085 1778 5155 ipsa
1820 5084 2087 5156 profectio

487 5191 650 5239 aram,
683 5175 984 5230 videamus.
1017 5174 1155 5228 Nam
1187 5173 1431 5244 sequitur
1463 5190 1477 5227 :

561 5277 735 5343 (γεγε.
772 5276 883 5349 12.)
915 5276 1075 5331 Ibant
1114 5280 1307 5332 autem
1344 5277 1408 5331 in
1446 5273 1728 5331 directum
1769 5292 1951 5333 vacca
1989 5290 2091 5344 per

485 5365 637 5420 viam
668 5381 799 5433 qua:
826 5366 983 5421 ducit
1015 5364 1361 5431 Bethsames,
1392 5372 1448 5420 et
1476 5365 1685 5421 itinere
1716 5382 1827 5421 uno
1862 5365 2090 5437 gradie-

492 5452 721 5517 bantur,
746 5457 1041 5521 pergentes
1089 5456 1144 5508 et
1181 5455 1499 5525 mugientes
1522 5470 1540 5504 θ
1571 5456 1627 5509 et
1676 5468 1792 5508 non
1830 5452 2097 5533 declina-

492 5540 629 5594 bant
653 5553 830 5609 neque
857 5539 930 5595 ad
949 5540 1268 5611 dexteram,
1299 5544 1486 5614 neque
1514 5542 1588 5600 ad
1609 5542 1929 5599 sinistram.

2179 3126 2409 3180 insinuat
2429 3124 2617 3178 dicens
2636 3138 2649 3175 :
2665 3121 2723 3178 Si
2739 3122 2936 3177 oculus
2949 3125 3082 3174 tuus
3093 3120 3274 3189 fuerit
3294 3119 3570 3189 simplex,
3587 3118 3768 3170 totum

2178 3229 2379 3287 corpus
2401 3217 2565 3268 tuum
2584 3210 2839 3266 lucidum
2862 3211 2973 3264 erit
2996 3206 3566 3278 (Matth.vr,22).llinc
3583 3201 3774 3258 Paulus

2180 3303 2258 3359 ait
2277 3320 2289 3357 :
2316 3300 2509 3357 Gloria
2529 3304 2730 3355 nostra
2749 3298 2867 3354 hac
2885 3303 2990 3364 est,
3013 3297 3416 3352 testimonium
3428 3290 3783 3352 conscientia

2181 3394 2397 3449 nostra
2422 3388 2495 3446 (ll
2516 3390 2640 3445 Cor.
2657 3404 2694 3455 ι,
2722 3386 2829 3449 12).
2856 3386 2993 3439 Hinc
3016 3385 3191 3439 David
3219 3402 3231 3438 :
3256 3383 3459 3439 Omnis
3472 3382 3654 3454 gloria
3669 3380 3786 3449 ejus

2183 3481 2321 3549 ﬁlia
2350 3479 2502 3551 regis
2532 3476 2601 3532 ab
2622 3476 2785 3530 intus
2818 3473 2994 3543 (Psal.
3024 3488 3180 3540 xciv,
3205 3473 3313 3540 14).
3349 3472 3473 3527 Uno
3503 3469 3670 3542 igitur
3697 3468 3787 3521 iu-

2182 3584 2314 3623 nere
2344 3573 2529 3621 contra
2556 3563 2869 3618 Bethsamea
2900 3575 3080 3615 vaccae
3108 3558 3451 3632 gradiuntur,
3484 3557 3612 3628 quia
3640 3552 3789 3610 electi

2184 3657 2252 3711 ad
2281 3664 2540 3711 aeternam
2584 3655 2815 3722 patriam
2864 3649 3196 3714 festinantes,
3229 3647 3375 3701 bona
3421 3645 3558 3701 foris
3605 3648 3787 3715 agunt,

2181 3743 2276 3799 sed
2305 3760 2374 3799 ex
2402 3740 2609 3797 eisdem
2640 3738 2799 3796 bonis
2826 3736 3084 3810 operibus
3113 3735 3302 3794 saeculi
3334 3733 3572 3809 praemia
3588 3748 3697 3789 non
3717 3745 3794 3786 re-

2185 3834 2425 3905 quirunt.
2866 3840 2871 3845 '

2258 3949 2346 4002 17.
2379 3944 2521 4014 Quid
2552 3952 2632 3999 est
2661 3949 2844 3998 autem
2876 3940 3018 4011 quod
3052 3941 3120 3995 de
3139 3939 3353 3996 eisdem
3391 3939 3580 3995 vaccis
3598 3934 3793 3992 dicitur

2186 4036 2315 4110 quia
2344 4034 2758 4107 gradiebantur
2785 4034 3081 4103 pergentes
3099 4029 3516 4099 etmugientes.
3540 4025 3650 4081 Sed
3670 4038 3795 4094 per-

2185 4140 2317 4195 gere
2346 4124 2614 4186 dicuntur,
2647 4120 2772 4191 quia
2803 4118 2977 4174 sancti
3006 4117 3107 4172 viri
3137 4117 3281 4171 bona
3319 4116 3668 4171 incessanter
3710 4110 3798 4166 fa-

2185 4212 2333 4268 ciunt
2365 4229 2378 4266 :
2434 4212 2585 4278 154
2614 4207 2861 4280 mugiunt
2890 4221 3040 4271 vero,
3070 4205 3200 4278 quia
3227 4205 3476 4260 carnalia
3534 4199 3804 4257 desideria

2185 4300 2242 4355 in
2273 4300 2580 4368 semetipsis
2608 4296 2963 4369 exstinguere
2994 4294 3117 4349 sine
3148 4308 3350 4365 magna
3370 4291 3620 4364 quotidie
3641 4286 3800 4344 tribu-

2098 4422 2153 4483 D
2185 4388 2384 4443 latione
2427 4402 2538 4441 non
2588 4389 2829 4455 possunt.
2878 4382 3087 4453 Mugire
3134 4396 3389 4451 namque,
3438 4379 3511 4435 ad
3560 4377 3801 4433 laborem

2184 4476 2507 4532 edomandis
2537 4473 2715 4530 carnis
2744 4472 3010 4543 pertinet;
3045 4485 3274 4541 pergere
3304 4477 3516 4535 autem,
3549 4467 3621 4522 ad
3666 4479 3802 4535 per-

2191 4564 2552 4621 severantiam
2585 4561 2745 4617 bona
2772 4559 3233 4615 voluntatis.Nam
3266 4556 3399 4611 dum
3433 4560 3805 4612 contranatu-

2189 4670 2304 4709 ram
2335 4667 2461 4708 caro
2490 4649 2734 4706 carnales
2759 4655 2937 4703 motus
2966 4647 3329 4717 comprimam
3377 4644 3622 4715 c0gitur,
3656 4639 3807 4695 velut

2191 4741 2366 4814 mugit
2392 4740 2521 4794 dum
2564 4738 2830 4810 graditur,
2864 4736 2992 4806 quia
3034 4734 3254 4807 propria
3300 4732 3584 4787 desideria
3628 4729 3809 4785 adim-

2194 4830 2347 4903 plere
2378 4827 2715 4899 prohibetur.
2742 4826 2884 4879 Bene
2905 4825 3111 4895 quippe
3133 4824 3240 4877 duo
3261 4823 3376 4876 haec
3402 4822 3461 4875 in
3482 4828 3804 4875 sanctorum

2197 4917 2533 4989 profectione
2545 4914 2952 4979 describuntur,
2969 4911 3229 4967 videlicet
3250 4925 3485 4982 pergere
3503 4916 3558 4964 et
3573 4905 3811 4977 mugire.

2197 5006 2337 5075 Quia
2379 5004 2481 5061 etsi
2520 5003 2600 5059 eis
2649 5003 2720 5058 ad
2769 5015 3065 5071 supernam
3119 4999 3348 5070 patriam
3398 4993 3814 5059 festinantibus,

2197 5110 2398 5165 magna
2428 5099 2480 5149 et
2511 5091 2765 5147 instantia
2807 5087 3190 5153 desiderii,est
3226 5082 3821 5141 nihililominusiuvin—

2200 5182 2289 5239 cib
2313 5182 2376 5239 iis
2404 5181 2661 5252 patientia
2691 5177 2912 5234 labOris.
2943 5178 3083 5232 Nam
3112 5175 3181 5231 de
3210 5175 3294 5229 h‘s
3322 5173 3511 5229 vaccis
3533 5167 3822 5243 pergenti-

2204 5274 2307 5328 bus
2327 5288 2430 5343 per
2452 5268 2789 5325 Ezechielem
2805 5266 3002 5321 dicitur
3026 5281 3039 5319 :
3062 5266 3179 5321 Non
3202 5263 3675 5325 revertebantur,
3692 5273 3825 5315 cum

2206 5360 2539 5418 incederent
2561 5358 2781 5429 (Ezech.
2804 5371 2843 5420 ι,
2870 5356 2979 5423 12).
3006 5353 3266 5409 Vacarum
3284 5366 3506 5423 quoque
3530 5348 3823 5419 mugitum,

2206 5458 2264 5505 et
2291 5464 2515 5505 causam
2544 5444 2795 5517 exprimit
2823 5442 3044 5510 Paulus,
3076 5441 3263 5496 dicens
3292 5457 3303 5492 :
3346 5437 3519 5495 Video
3548 5437 3736 5492 aliam
3754 5432 3831 5488 le-

2207 5532 2332 5610 gem
2342 5535 2827 5597 contradicentem
2841 5530 3171 5602 tegimentis
3186 5543 3340 5599 mete,
3356 5528 3413 5584 et
3424 5522 3726 5597 captivum
3742 5531 3830 5577 me
