4034 6174
298 318 397 373 193

1072 309 1149 366 ΙΝ
1178 305 1447 366 PRIMUM
1474 305 1727 368 REGUM
1759 303 2317 365 EXPOSITIONES.
2350 339 2419 353 -
2449 309 2583 369 LIB.
2624 312 2725 369 IlI.

3493 321 3594 377 194

296 442 590 498 ducentem
617 439 684 495 in
714 437 829 511 lege
838 435 1083 511 peccati.
1103 435 1318 506 Infelix
1347 451 1442 506 ego
1454 435 1635 503 homo,
1653 436 1777 506 quis
1796 450 1885 491 me
1910 431 1973 496 Α
1999 432 2255 504 plationis
2284 435 2648 505 altitudinem,
2683 446 2772 493 aut
2802 454 2901 510 per
2927 440 3350 513 assumptionem
3366 445 3598 500 retribu-

301 529 556 586 liberabit
570 529 638 584 de
649 542 879 600 corpore
890 526 1091 582 mortis
1104 526 1271 596 hujus
1286 522 1316 580 Ἰ
1333 525 1508 594 (Rom.
1543 529 1743 592 “1,23,
1777 526 1890 595 24.)

299 619 542 690 Mugiunt
561 632 699 689 ergo
730 632 934 683 vacem,
965 615 1059 670 sed
1092 622 1325 685 pergunt
1356 631 1369 675 ;
1405 614 1533 686 quia
1560 614 1731 669 sancti
1760 613 1888 679 viri,

299 708 395 762 etsi
423 720 633 779 magna
662 712 790 759 sunt
817 706 1149 759 tentaiuenta
1177 718 1297 772 quae
1328 702 1629 773 perferunt,
1660 702 1799 758 viam
1814 710 1892 758 ta-

297 811 417 851 men
446 809 700 866 superum
728 795 919 865 patriae
947 808 1055 847 non
1084 791 1421 865 relinquunt.
1456 792 1694 864 Pergunt
1738 792 1890 859 item,

292 884 386 940 sed
413 882 696 956 mugiunt:
723 882 851 952 quia
882 880 983 936 etsi
1013 879 1228 953 magnis
1257 879 1543 935 desideriis
1574 880 1893 952 adsuperna

296 979 612 1043 properant,
639 970 944 1042 profectum
976 977 1159 1024 tamen
1188 968 1407 1039 superni
1434 967 1648 1023 itineris
1679 980 1786 1022 non
1825 966 1894 1022 de

296 1061 473 1133 quiete
506 1059 656 1132 pacis
676 1058 952 1128 obtinent,
981 1057 1080 1114 sed
1109 1073 1179 1113 ex
1233 1056 1499 1129 triumpho
1554 1054 1889 1112 tentationis.

296 1148 550 1221 Sequitur
583 1166 595 1201 :

359 1236 554 1307 (Vers.
588 1235 701 1306 12.)
732 1234 838 1293 Sed
863 1238 924 1291 et
948 1238 1190 1306 satrape:
1204 1231 1895 1305 Philislhinorumseque-

293 1325 505 1382 bantur
539 1340 713 1398 usque
739 1323 816 1379 ad
846 1325 1120 1380 terminos
1148 1323 1481 1380 Bethsamis.

355 1416 443 1469 18.
478 1413 725 1483 Quinam
755 1420 881 1468 sunt
909 1411 1121 1468 termini
1150 1412 1220 1466 ad
1246 1427 1388 1483 quos
1443 1411 1597 1484 sequi
1658 1410 1888 1484 proﬁci-

294 1511 537 1559 scentem
567 1517 751 1557 arcam
782 1501 881 1557 Dei
911 1501 1151 1571 praelatis
1164 1500 1540 1556 necessarium
1557 1508 1660 1570 est,
1682 1510 1737 1557 et
1757 1516 1895 1573 quos

246 1630 251 1633 -
296 1592 351 1645 in
379 1607 528 1647 arce
555 1590 661 1646 Dei
687 1589 948 1647 comitatu
968 1588 1226 1662 progredi
1256 1605 1553 1662 congruum
1581 1605 1692 1645 non
1731 1594 1813 1644 est
1866 1591 1895 1645 ?

288 1679 434 1750 Quos
464 1679 729 1735 nimirum
763 1677 1019 1734 terminos
1044 1678 1089 1733 si
1120 1677 1451 1749 accipiamus
1478 1678 1533 1733 in
1589 1677 1895 1733 eruditione

1998 521 2181 590 tionis,
2213 522 2283 577 ad
2311 532 2512 580 aeterna
2540 527 2745 599 gaudia
2773 528 3112 585 sublimatur.
3147 528 3249 600 Qui
3282 549 3414 604 ergo
3443 541 3597 589 aeter-

2000 627 2126 665 num
2156 610 2327 681 illum,
2361 621 2413 668 et
2443 614 2767 670 ineffabilem
2807 632 2948 672 arcte
2976 619 3135 673 situm
3166 620 3306 675 scire
3337 638 3444 677 non
3462 639 3595 692 pos-

1999 716 2203 766 sumus,
2235 716 2321 767 ea,
2356 718 2476 772 quae
2504 703 2574 759 de
2603 703 2730 771 isto,
2764 721 2925 774 quem
2990 707 3263 775 novimus,
3315 709 3591 778 dicuntur,

2003 788 2304 844 audiamus.
2338 790 2481 858 Quid
2511 799 2595 847 est
2625 808 2780 865 ergo,
2812 794 2957 864 quod
2990 796 3336 851 Bethsamitae
3387 807 3596 854 metunt

2000 876 2237 934 triticum
2267 879 2323 932 in
2347 879 2503 948 valle,
2535 880 2641 935 nisi
2662 882 2788 953 quia
2834 882 3268 953 contemplativa
3325 885 3453 941 vitae
3505 888 3600 942 de-

2000 965 2118 1035 diti,
2150 966 2375 1022 delicias
2400 967 2625 1026 internae
2654 970 2965 1026 refectionis
2993 971 3260 1045 colligunt
3286 972 3343 1029 in
3398 975 3597 1031 virtute

2001 1052 2317 1110 humilitatis
2345 1057 2373 1109 ‘2
2393 1057 2560 1112 Vallis
2590 1057 2790 1130 quippe
2810 1060 2868 1113 in
2898 1075 3052 1117 sacro
3082 1061 3301 1133 eloquio
3360 1063 3596 1118 matiam-.-

2001 1142 2203 1198 tionem
2234 1143 2482 1223 designat
2509 1146 2819 1215 humilium,
2851 1148 3394 1217 Psalmistatestante,
3418 1152 3510 1222 qui
3531 1152 3601 1207 de

2003 1231 2243 1288 Domino
2271 1232 2521 1306 loquens,
2554 1236 2629 1290 ait
2651 1251 2664 1290 :
2683 1236 2788 1304 Qui
2804 1238 3023 1293 emittis
3040 1240 3228 1309 fontes
3247 1240 3309 1294 in
3327 1241 3604 1296 convalli-

2005 1318 2104 1375 bus
2126 1321 2425 1389 (Psal.cm,
2461 1325 2570 1393 10).
2602 1323 2744 1378 Nam
2774 1324 3106 1380 infusionem
3134 1342 3386 1397 supernae
3415 1328 3602 1399 gratim

2003 1408 2282 1464 mentibus
2313 1409 2551 1465 infundit
2582 1411 2859 1482 dispositis
2888 1429 2986 1485 per
3009 1414 3382 1469 humilitatem.
3437 1417 3601 1470 Beth-

2005 1498 2214 1552 samitae
2228 1513 2362 1567 ergo
2389 1498 2445 1552 in
2475 1498 2621 1555 valle
2652 1500 2882 1555 triticum
2913 1510 3121 1557 metunt
3152 1522 3165 1557 :
3197 1504 3326 1574 quia
3354 1514 3601 1560 contem-

2004 1585 2229 1657 plationi
2261 1593 2535 1652 vacantes,
2567 1587 2697 1642 dum
2729 1604 2824 1658 pro
2881 1590 3196 1645 humilitatis
3241 1592 3434 1647 merito
3482 1594 3603 1649 cla-

2001 1673 2113 1728 rius
2138 1689 2377 1744 superna
2404 1674 2765 1744 conspiciunt,
2798 1677 2868 1731 ad
2894 1679 3201 1733 suaviorem
3248 1680 3602 1735 refectionem

286 1768 423 1823 sacri
451 1767 685 1840 eloquii,
718 1770 775 1822 et
817 1767 964 1822 bona
1009 1766 1348 1837 operatione,
1400 1766 1726 1821 contrarium
1786 1781 1896 1821 non
1920 1786 1977 1847 B
2004 1762 2265 1817 mentium
2299 1763 2467 1835 ligant
2498 1764 2807 1835 manipulos
2854 1767 3202 1836 gaudiorum.
3268 1768 3405 1822 Nam
3464 1769 3603 1823 triti-

287 1856 530 1912 videtur.
570 1855 683 1912 Sed
712 1854 769 1909 hi
795 1853 1040 1924 profecto
1070 1854 1286 1909 termini
1307 1854 1629 1923 Bethsamis,
1650 1869 1894 1924 sequen-

287 1945 416 1999 tium
446 1944 765 2015 principum
802 1943 1021 1998 termini
1077 1950 1221 2011 sunt,
1271 1959 1394 1999 cum
1450 1958 1548 2013 pro
1584 1942 1747 1999 modo
1797 1957 1896 1998 suo

285 2033 514 2105 quisque
549 2048 715 2103 super
736 2031 970 2086 subditis
997 2030 1273 2102 perfectus
1316 2038 1399 2087 est
1451 2031 1700 2086 doctrina
1757 2030 1896 2084 sacri

284 2122 510 2194 eloquii,
548 2130 603 2176 et
634 2137 731 2175 usu
760 2120 922 2175 bona:
942 2120 1296 2190 operationis.
1331 2120 1413 2175 Eo
1462 2119 1605 2175 enim
1656 2119 1771 2188 jam
1827 2119 1897 2175 de

293 2211 390 2266 isto
419 2226 658 2266 securus
686 2218 875 2281 pastor
903 2207 1154 2273 efficitur,
1188 2224 1298 2280 quo
1320 2216 1541 2265 etcaute
1575 2208 1684 2279 jam
1735 2207 1896 2279 spiri-

289 2300 411 2354 talia
431 2298 734 2371 conspicit,
766 2304 821 2353 et
848 2313 915 2353 ea
942 2312 1062 2367 qua:
1090 2298 1305 2352 ratione
1344 2301 1618 2368 comperit
1675 2297 1895 2352 fortitu-

281 2388 403 2444 dine
431 2388 572 2444 boni
600 2386 784 2458 operis
804 2384 1192 2457 apprehendit.
1226 2384 1330 2453 Qui
1358 2386 1603 2457 profecto
1652 2384 1894 2454 termini,

281 2476 593 2533 Bethsamis
645 2491 772 2531 esse
826 2473 1039 2530 termini
1083 2474 1377 2530 dicuntur:
1435 2476 1565 2547 quia
1618 2475 1892 2542 nimirum,

282 2565 406 2620 dum
437 2565 692 2621 eruditos
720 2563 821 2618 Dei
842 2563 1120 2633 cperarios
1140 2562 1439 2634 dignanter
1488 2562 1783 2635 excipiunt,
1823 2564 1893 2620 ad

283 2648 814 2721 contemplationem
845 2662 1103 2719 supernae
1134 2648 1327 2718 patriae
1355 2647 1725 2703 introducunt.
1755 2649 1895 2704 Ter-

290 2739 422 2793 mini
453 2753 703 2808 namque
730 2743 857 2791 sunt
890 2752 903 2789 :
936 2736 1059 2808 quia
1090 2743 1148 2791 et
1176 2735 1374 2806 dignos
1429 2736 1499 2792 ad
1555 2738 1894 2809 contempla-

278 2827 479 2883 tionem
507 2825 829 2897 suscipiunt,
857 2824 1115 2896 indignos
1144 2824 1439 2896 expellunt.
1474 2824 1658 2882 Indoci
1692 2828 1894 2899 quippe

279 2916 322 2970 si
348 2916 419 2970 ad
487 2914 920 2983 contemplanda
948 2913 1195 2967 subtilius
1225 2929 1460 2984 superna
1491 2930 1551 2970 se
1608 2917 1893 2973 sustollere

279 3012 638 3076 presumunt,
672 3005 855 3074 potius
909 3002 1140 3057 errondo
1192 3002 1436 3072 deviaut,
1491 3020 1656 3075 quam
1709 3005 1891 3062 lumen

278 3093 519 3150 veritatis
548 3090 988 3164 apprehendant.
1022 3092 1086 3145 Et
1120 3091 1220 3144 nisi
1241 3092 1360 3163 quis
1392 3092 1531 3148 bona
1560 3108 1721 3163 Opera
1744 3110 1890 3166 prae-

279 3182 474 3249 mittat,
510 3183 620 3237 hoc
649 3179 893 3249 profecto
924 3180 1058 3251 agit,
1093 3189 1148 3234 ut
1169 3181 1316 3235 illam
1340 3197 1499 3252 quam
1528 3182 1732 3254 appetit
1768 3184 1888 3239 cla—

279 3269 491 3325 ritatem
525 3268 755 3323 internae
786 3267 1029 3331 visionis,
1063 3284 1339 3338 nunquam
1370 3268 1633 3325 inveniat.
1665 3271 1818 3327 Unde
1838 3278 1892 3327 et

281 3357 558 3413 Dominus
585 3356 641 3410 in
670 3355 996 3427 Evangelio,
1023 3357 1180 3426 quasi
1210 3356 1279 3411 ad
1303 3357 1561 3414 terminos
1590 3358 1892 3414 Bethsamis

280 3444 730 3517 contemplativa:
763 3444 888 3499 vitae
918 3453 1192 3500 amatores
1221 3445 1609 3515 transmittens,
1640 3447 1713 3501 ait
1746 3466 1757 3503 :
1786 3447 1893 3515 Qui

282 3531 446 3591 habet
476 3535 648 3591 verba
675 3548 823 3599 mea,
856 3537 915 3588 et
938 3535 1091 3603 facit
1121 3550 1207 3601 ea,
1230 3532 1320 3589 hic
1349 3536 1647 3607 estquime
1665 3535 1890 3607 diligit:

280 3626 373 3697 qui
401 3628 612 3680 autem
640 3622 831 3694 diligit
845 3637 957 3690 me,
976 3622 1300 3694 diligetura
1326 3625 1499 3680 Patre
1520 3640 1658 3693 meo,
1690 3630 1746 3681 et
1796 3641 1891 3696 ego

287 3713 530 3783 diligam
548 3714 765 3780 eum,et
780 3711 1161 3782 manifestabo
1182 3710 1239 3768 ei
1265 3712 1544 3787 meipsum
1561 3714 1744 3783 (Joan.
1769 3729 1890 3782 xxv,

283 3804 394 3869 21).
409 3801 522 3871 Qui
560 3800 704 3856 enim
719 3815 779 3855 se
793 3798 1141 3855 manifestatu
1154 3816 1243 3856 um
1273 3816 1381 3857 non
1408 3802 1514 3857 nisi
1542 3801 1894 3874 diligentibus

286 3888 438 3958 dicit,
476 3904 549 3945 se
572 3895 757 3943 autem
775 3886 1006 3960 diligere
1020 3889 1217 3961 eosqui
1239 3894 1459 3945 servant
1478 3890 1731 3945 mandata
1778 3892 1893 3960 ejus

289 3983 479 4049 aperte
509 3977 681 4033 docet
704 3974 831 4047 quia
858 3974 1037 4030 lucem
1050 3992 1162 4031 suae
1174 3977 1403 4033 occultae
1418 3978 1644 4033 visionis
1655 3995 1762 4035 non
1793 3979 1891 4033 tri-

287 4065 416 4132 buit,
439 4064 557 4121 nisi
569 4079 671 4136 pro
683 4062 1044 4119 retributione
1056 4063 1215 4120 bonae
1226 4066 1572 4136 operationis.
1605 4066 1859 4139 Sequitur
1877 4083 1891 4125 :

346 4154 534 4226 (Vera.
553 4154 579 4207 1
588 4154 668 4225 3.)
681 4154 858 4210 Porro
871 4153 1234 4210 Bethsamita:
1245 4156 1532 4211 metebant
1543 4157 1802 4213 triticum
1831 4158 1895 4214 in

291 4246 462 4302 valle.

354 4337 442 4389 t9.
476 4331 588 4401 Qui
615 4330 764 4388 enim
790 4330 1138 4389 Bethsamitae
1154 4332 1356 4390 rectius
1381 4342 1610 4405 possunt
1665 4334 1898 4409 intelligi

289 4438 450 4495 quam
483 4421 545 4476 hi
575 4420 670 4493 qui
699 4420 923 4493 perfecti
947 4421 1063 4491 jam
1119 4421 1219 4478 viri
1274 4431 1401 4478 sunt
1454 4424 1511 4479 in
1565 4424 1895 4481 sublimitate

1916 3138 1969 3205 C

2005 1865 2135 1907 cens
2165 1851 2341 1921 panis,
2372 1853 2508 1907 sicut
2535 1861 2752 1923 aspectu
2773 1854 3074 1923 candidior,
3109 1858 3181 1910 ita
3209 1865 3259 1910 et
3280 1873 3475 1927 sapore
3503 1858 3607 1913 de-

2003 1939 2308 1995 lectabilior
2331 1949 2433 1995 est.

2076 2032 2163 2083 20.
2198 2029 2305 2085 Sed
2334 2029 2573 2087 fortasse
2603 2031 2656 2086 in
2687 2030 2789 2086 ista
2816 2032 2927 2087 vita
2956 2032 3133 2088 adhuc
3166 2033 3323 2105 positi
3354 2049 3463 2089 non
3506 2051 3605 2090 su-

2005 2114 2202 2169 mimus
2232 2131 2449 2187 pauem,
2481 2116 2579 2171 sed
2625 2118 2808 2187 spicas
2853 2118 3148 2182 metimus;
3206 2118 3369 2173 inilla
3419 2124 3604 2174 autem

2006 2218 2241 2274 superna
2273 2203 2383 2259 vita
2416 2205 2780 2274 beatitudinis,
2820 2221 2927 2260 non
2985 2207 3184 2274 spicas,
3243 2208 3347 2262 sed
3404 2224 3602 2278 panem

2006 2292 2415 2350 manducamus.
2449 2295 2511 2348 In
2539 2294 2635 2349 ista
2657 2293 2856 2350 etenim
2887 2294 3018 2363 vita,
3050 2311 3171 2348 cum
3237 2295 3306 2351 ad
3352 2305 3603 2352 contem-

2004 2381 2208 2453 planda
2242 2390 2445 2438 eterna
2471 2382 3394 2453 sustollimur,supernarumrerum
3418 2385 3605 2439 simili-

2005 2470 2221 2527 tudines
2250 2487 2449 2543 capere
2478 2472 2547 2527 de
2576 2470 2739 2525 rebus
2790 2471 2908 2525 istis
2958 2470 3158 2525 inﬁmis
3200 2480 3253 2527 et
3296 2472 3603 2528 visibilibus

2003 2560 2228 2615 nitimur
2268 2568 2373 2615 :nt
2392 2560 2545 2630 juxta
2576 2559 2782 2632 egregii
2843 2560 3084 2616 doctoris
3137 2576 3354 2629 vocem,
3406 2561 3607 2617 Invisi-

2009 2648 2147 2705 bilia
2175 2667 2210 2705 a
2238 2653 2508 2705 creatura
2536 2650 2754 2715 mundi,
2782 2665 2888 2720 per
2916 2664 2982 2704 ea
3010 2666 3134 2720 qua:
3146 2650 3388 2706 visibilia
3443 2653 3607 2720 facta

2006 2740 2774 2810 sunt,eognoscamus(lt0m.
2796 2752 2833 2803 ι,
2865 2740 2977 2806 20).
3012 2737 3188 2806 Quare
3208 2747 3262 2794 et
3301 2739 3392 2793 ille
3452 2755 3609 2793 verus

2004 2826 2353 2894 Bethsamita,
2369 2826 2769 2882 etdomesticus
2782 2826 3148 2893 solisjustitiae
3159 2828 3450 2898 exsultans,
3483 2829 3556 2881 ait
3588 2843 3601 2882 :

2006 2915 2435 2980 Delectastimc,
2454 2915 2707 2978 Domine,
2729 2916 2789 2969 in
2809 2919 3040 2983 factura
3059 2918 3180 2983 tua,
3199 2917 3327 2970 etin
3346 2916 3604 2987 aperibus

2000 3020 2280 3060 manuum
2304 3008 2536 3059 tuarum
2548 3005 2716 3059 exsul
2721 3003 2863 3059 tabo.
2890 3003 3062 3069 Quam
3085 3004 3450 3074 magniﬁcata
3464 3006 3602 3060 sunt

2001 3108 2173 3166 opera
2206 3100 2324 3159 tua,
2354 3094 2611 3161 Domine,
2665 3093 2839 3148 nimis
2885 3092 3184 3163 profunda:
3238 3095 3408 3161 factae
3461 3097 3600 3149 sunt

1998 3183 2365 3251 coyitationes
2396 3186 2509 3238 tum
2535 3182 2834 3251 (Psal.xci,
2866 3184 2920 3248 5,
2952 3184 3028 3249 6).
3063 3179 3175 3235 Sed
3203 3179 3328 3234 dum
3360 3181 3413 3234 in
3431 3181 3599 3237 rebus

1996 3269 2301 3324 visibilibus
2354 3269 2712 3325 invisibilium
2769 3285 2956 3324 rerum
3009 3267 3211 3341 gaudia
3265 3268 3592 3340 excipimus,

2000 3357 2149 3413 velut
2175 3358 2317 3414 intra
2345 3360 2532 3429 paleas
2550 3359 2729 3414 adhuc
2757 3358 2987 3412 triticum
3021 3365 3286 3413 tenemus.
3317 3358 3468 3412 Tunc
3488 3374 3591 3412 an-

2000 3452 2109 3502 tem
2138 3447 2296 3503 nobis
2323 3464 2521 3519 purum
2543 3447 2794 3515 triticum,
2827 3446 2944 3501 sive
2973 3446 3043 3500 de
3071 3444 3248 3501 tritico
3278 3445 3434 3515 panis
3464 3446 3585 3501 erit.

1996 3538 2137 3592 Nam
2168 3551 2293 3593 cum
2321 3535 2576 3608 absorpta
2593 3535 2712 3605 jam
2741 3541 2935 3599 morte,
2968 3533 3025 3588 in
3052 3542 3255 3589 aeterna
3281 3533 3409 3601 vita,
3440 3550 3592 3590 reve-

2002 3626 2106 3681 lata
2137 3625 2299 3691 facie,
2323 3625 2521 3681 clarius
2551 3625 2973 3692 Redemptorem
3003 3637 3308 3690 cernemus,
3340 3622 3409 3676 ad
3466 3621 3594 3692 ejus

2000 3714 2366 3785 cognitionem
2395 3713 2565 3769 thecis
2591 3711 3002 3767 similitudinum
3034 3726 3142 3766 non
3169 3726 3422 3782 egemus.
3454 3711 3596 3766 Bene

2002 3819 2136 3876 ergo
2155 3804 2224 3858 de
2256 3802 2597 3858 Bethsamitis
2625 3801 2840 3867 dicitur,
2873 3800 3021 3872 quod
3052 3798 3320 3855 metebant
3361 3799 3597 3855 triticum

2001 3893 2055 3946 in
2087 3892 2226 3947 valle
2258 3908 2270 3945 :
2306 3891 2434 3960 quia
2461 3890 2689 3961 perfecti
2707 3889 2827 3956 viri,
2860 3888 2958 3943 etsi
2993 3903 3091 3959 pro
3122 3887 3443 3942 humilitatis
3473 3904 3595 3943 me—

2000 3981 2106 4035 rito
2136 3979 2521 4034 sublimitatem
2550 3993 2798 4048 supernae
2820 3976 3292 4046 contemplationis
3306 3977 3595 4046 accipiunt,

2004 4069 2073 4124 ad
2101 4069 2251 4123 illam
2280 4065 2671 4139 omnipotentis
2697 4066 2801 4121 Dei
2830 4081 3016 4136 puram
3046 4064 3403 4119 substantiam
3461 4080 3601 4119 con-

2005 4156 2372 4228 templandam
2401 4170 2469 4211 eo
2497 4153 2804 4226 pertingere
2834 4160 3129 4221 nequeunt,
3177 4168 3283 4221 quo
3344 4152 3606 4208 refectio-

2004 4261 2129 4302 nem
2158 4261 2271 4302 suae
2298 4242 2683 4300 mentisadhuc
2698 4240 3428 4311 velutinterpaleasmetunt.
3445 4240 3612 4309 Cujus

2004 4335 2248 4409 profecto
2275 4332 2593 4390 humilitatis
2608 4331 2809 4388 bonum
2825 4328 3161 4401 designatur,
3178 4344 3298 4383 cum
3322 4326 3570 4383 subditur
3588 4344 3604 4383 :

2077 4426 2253 4497 (Vers.
2275 4422 2389 4495 13.)
2406 4423 2769 4479 Etelevantes
2786 4419 2974 4476 oculos
2995 4418 3259 4473 viderunt
3275 4433 3468 4473 arcam
3489 4418 3607 4474 Dei.

291 4489 776 4583 contemplationis
800 4510 831 4563 ‘2
859 4489 997 4565 Nam
1027 4508 1173 4566 velut
1201 4510 1270 4567 de
1293 4510 1601 4569 domosolis
1616 4522 1759 4582 sunt,
1779 4515 1892 4585 qui,
1920 4489 1975 4551 D
2075 4489 2165 4575 ﬁt.
2198 4489 2397 4570 Oculos
2428 4511 2631 4584 quippe
2660 4510 2877 4566 elevant
2909 4526 2921 4561 :
2957 4506 3082 4579 quia
3111 4507 3241 4562 dum
3269 4507 3338 4561 de
3386 4522 3443 4562 se
3498 4506 3608 4561 alta

289 4599 616 4671 contemptis
648 4598 874 4654 terrenis
900 4598 1171 4668 omnibus,
1203 4600 1316 4656 veri
1344 4599 1564 4657 luminis
1591 4603 1895 4674 splendori-

291 4687 398 4744 bua
428 4689 784 4744 illustrantur.
816 4688 899 4743 De
926 4687 1091 4744 domo
1129 4687 1349 4758 quidem
1395 4689 1525 4746 solis
1578 4699 1723 4758 sunt,
1781 4691 1894 4763 qui,

284 4776 401 4847 jam
419 4776 574 4835 omni
601 4774 808 4832 mundo
849 4774 1066 4846 sepulti,
1124 4777 1194 4832 ad
1250 4777 1541 4835 videndam
1589 4779 1899 4837 Conditoris

296 4866 380 4922 sui
435 4865 751 4923 claritatem
804 4864 1031 4921 ﬂamma
1084 4864 1239 4921 mirae
1284 4866 1593 4925 dilectionis
1669 4867 1898 4926 inarde-

290 4962 474 5012 scunt.
501 4953 655 5019 Quia
680 4954 750 5010 ad
780 4953 1060 5011 civitatem
1087 4969 1251 5010 suam
1276 4955 1494 5013 duobus
1522 4956 1700 5014 modis
1736 4945 1774 5009 1
1792 4943 1897 5011 55

295 5042 599 5100 ascendunt
630 5060 646 5098 :
682 5042 775 5115 qui
803 5042 876 5097 ad
915 5058 1170 5114 supernas
1224 5045 1419 5116 patriae
1470 5046 1790 5116 claritatem,
1847 5054 1903 5105 et

292 5147 437 5189 nunc
470 5148 568 5204 per
594 5130 1134 5203 contemplationem,
1168 5140 1222 5188 et
1250 5132 1306 5187 in
1335 5131 1444 5189 fine
1480 5150 1579 5206 per
1614 5135 1899 5194 veritatem

294 5220 491 5293 gloria:
517 5220 914 5293 perducuntur,
945 5235 1091 5276 nunc
1119 5221 1193 5276 ad
1222 5220 1441 5277 domum
1472 5222 1604 5279 solis
1656 5232 1902 5281 contem-

293 5307 504 5378 plaudo
532 5309 751 5366 euvlant
782 5322 796 5372 ;
820 5307 919 5364 sed
942 5308 1088 5381 quod
1119 5326 1264 5366 nunc
1284 5311 1480 5365 mentis
1506 5313 1740 5383 puritate
1759 5315 1902 5387 θερί-

302 5396 473 5464 ciunt,
496 5405 619 5454 tunc
646 5412 748 5469 per
772 5404 1096 5468 praesentem
1128 5397 1364 5454 lmtitiam
1392 5406 1612 5457 aeternae
1666 5402 1901 5458 retribu-

300 5483 465 5541 tionis
491 5484 773 5543 veritatem
802 5485 1235 5558 apprehendunt.
1255 5487 1573 5545 Bethsames
1606 5505 1739 5563 ergo
1779 5506 1904 5547 arca

302 5572 400 5631 Dei
425 5574 761 5646 perducitur,
786 5589 910 5632 cum
939 5590 1096 5632 meus
1123 5574 1321 5648 electa,
1368 5584 1460 5634 aut
1503 5593 1605 5651 per
1651 5586 1901 5637 contem-

2001 4620 2112 4661 non
2137 4602 2397 4668 sentiunt,
2427 4599 2784 4656 aestimatione
2813 4613 2910 4652 sua
2938 4596 3082 4652 velut
3109 4594 3192 4667 {in
3255 4595 3419 4665 plano
3462 4602 3605 4649 sunt.

2004 4692 2204 4751 Oculos
2230 4690 2450 4748 elevant
2478 4703 2491 4741 :
2525 4686 2655 4761 quia
2682 4701 2795 4755 eos,
2829 4700 2967 4756 quos
2993 4682 3183 4739 divina
3209 4683 3388 4756 gratia
3413 4683 3611 4756 dignos

2006 4781 2293 4854 aspiciunt,
2325 4778 2381 4833 in
2409 4775 2519 4833 alto
2552 4774 2761 4848 positos
2814 4773 3131 4829 meritorum
3185 4770 3423 4828 culmine
3478 4787 3611 4828 con-

2008 4868 2354 4941 templantur.
2386 4864 2499 4925 Sed
2524 4864 2803 4921 elevantes
2833 4860 3021 4919 oculos
3040 4874 3224 4917 arcam
3240 4860 3423 4916 vident
3457 4858 3611 4930 :quia

2010 4973 2117 5030 quo
2146 4973 2208 5014 se
2235 4954 2490 5012 humilius
2518 4968 2616 5025 per
2636 4948 3053 5009 astimationem
3082 4947 3360 5019 dejiciunt,
3416 4948 3607 5019 proxi-

2010 5060 2224 5103 morum
2250 5044 2395 5101 bona
2414 5054 2745 5113 cognoscere
2772 5037 2968 5094 melius
2994 5043 3237 5107 possunt.
3272 5035 3348 5089 Ea
3378 5041 3431 5089 et
3462 5034 3610 5089 enim

2008 5134 2226 5202 veritas,
2260 5148 2382 5204 qua:
2411 5128 2768 5202 superborum
2795 5125 2962 5182 corda
2987 5140 3089 5195 per
3119 5123 3463 5191 semetipsam
3508 5121 3610 5176 de-

2009 5222 2159 5293 serit,
2192 5220 2285 5277 illa
2313 5220 2393 5276 eis
2422 5219 2587 5275 etiam
2630 5216 2793 5283 dona,
2854 5228 2974 5283 quae
3027 5210 3242 5266 confert
3300 5208 3610 5278 humilibus,

2011 5308 2298 5369 abscondit
2329 5327 2342 5373 ;
2375 5317 2434 5365 ut
2461 5305 2607 5363 velut
2643 5301 2899 5362 obcecati
2937 5298 3171 5370 penitus,
3220 5313 3319 5351 nec
3361 5298 3411 5349 in
3474 5305 3614 5354 terra

2012 5400 2271 5455 diﬂ‘usum
2295 5399 2414 5470 jam
2442 5394 2612 5451 solem
2644 5392 2882 5458 videant,
2907 5388 2997 5459 qui
3013 5386 3133 5457 ejus
3149 5384 3411 5441 claritatis
3431 5386 3615 5442 radios

2010 5489 2198 5545 videre
2226 5487 2280 5541 in
2308 5485 2447 5542 ccelo
2461 5480 2755 5537 desierunt.
2772 5478 2880 5534 Sed
2901 5476 3027 5548 quia
3041 5474 3452 5547 regressionem
3471 5490 3613 5532 arcae

2010 5578 2112 5636 Dei
2139 5576 2208 5633 ad
2236 5571 2573 5649 propositum
2613 5551 2772 5622 156
2795 5562 3233 5636 contemplativa:
3265 5566 3388 5621 vitae
3419 5563 3611 5620 retuli-
