4034 6174
282 351 361 405 197

1063 347 1138 403 IN
1170 344 1439 402 PRIMUM
1470 345 1716 402 REGUM
1745 344 2285 405 EXPOSITIONES.
2324 378 2393 387 --
2434 348 2563 403 LIB.
2606 350 2696 403 Ill.

3430 357 3531 411 198

333 469 486 538 (Vera.
518 470 626 538 15.)
647 471 1064 526 Leuitreautem
1091 468 1472 539 deposuerunt
1493 469 1822 535 areachi,
1855 469 1911 529 A
2012 469 2188 539 (Vers.
2224 472 2335 541 16.)
2371 472 2436 525 Et
2467 472 2712 543 quinque
2751 438 3001 546 satrapa:
3049 475 3531 533 Philisthinorum

274 558 610 629 etcapsellam
626 575 752 630 qua:
771 564 900 614 erat
909 561 1089 631 juxta
1111 575 1256 623 eam,
1275 559 1340 614 in
1371 563 1662 628 quaerant
1696 574 1829 614 vasa

273 664 433 714 aurea,
451 650 503 702 et
527 652 842 717 posuerunt
865 664 1032 720 super
1063 648 1308 719 lapidem
1339 646 1636 717 grandem.

330 740 402 791 20.
432 736 627 791 Levita:
656 736 1079 808 interpretantur
1106 737 1402 806 assumpti.
1434 736 1538 805 Qui
1557 752 1689 809 ergo
1703 744 1832 792 sunt

270 826 454 889 levita,
482 824 589 880 nisi
619 825 713 897 qui
744 824 823 880 sic
851 829 976 881 sunt
999 825 1186 881 divina
1213 826 1387 898 gratia
1416 824 1752 887 conﬁrmati.
1777 833 1836 879 ut

266 922 472 969 assium
498 914 714 985 Spiritu
754 915 939 970 deseri
992 931 1271 986 nunquam
1327 916 1595 987 possint?
1624 917 1834 970 Arcam

269 1004 437 1073 quippe
462 1004 667 1059 Levita:
696 1004 1007 1074 deponunt,
1038 1019 1163 1060 cum
1194 1004 1420 1075 perfecti
1450 1004 1838 1075 praedicatores

264 1108 376 1147 suos
392 1091 665 1161 subjectos
693 1092 1007 1163 admonent,
1043 1100 1101 1148 ut
1131 1108 1228 1149 eos
1284 1092 1554 1164 spiritalis
1609 1093 1837 1149 scientia

266 1195 580 1253 nequaquam
636 1181 811 1237 inﬂet.
870 1182 1173 1252 Capsellam
1233 1198 1450 1254 quoque
1508 1198 1635 1238 cum
1693 1182 1838 1238 vasis

263 1271 414 1325 aureis
439 1270 754 1340 deponunt,
786 1287 910 1327 cum
942 1287 1037 1327 eos
1073 1272 1237 1327 etiam
1267 1272 1337 1327 de
1368 1272 1495 1326 vitae
1536 1271 1839 1342 splendore

262 1359 590 1427 conrmiunt,
619 1366 677 1415 ut
705 1375 776 1416 eo
811 1359 879 1415 de
909 1376 969 1415 se
985 1360 1246 1416 humilius
1265 1360 1522 1428 sentiant,
1542 1375 1651 1432 quo
1673 1360 1839 1415 etiam

260 1446 664 1519 Redemptorem
684 1455 931 1504 nostrum
949 1448 1016 1503 ad
1035 1449 1377 1504 exaltationis
1393 1465 1504 1504 suae
1526 1448 1836 1520 praemium,

259 1552 425 1591 eorum
454 1539 695 1609 quisque
712 1538 827 1607 jam
862 1537 1181 1608 pervenisse
1222 1537 1433 1605 didicit,
1490 1537 1617 1609 quia
1658 1537 1727 1592 de
1782 1555 1841 1593 se

258 1626 475 1681 inaniter
506 1626 619 1681 alta
641 1642 750 1682 non
780 1626 975 1682 sensit.
1012 1629 1155 1682 Bene
1200 1628 1381 1698 itaque
1410 1627 1663 1698 deposita
1689 1642 1838 1692 arca,

256 1720 303 1769 et
327 1730 440 1769 vasa
468 1731 645 1770 aurea
670 1732 835 1785 super
863 1715 1135 1785 grandem
1167 1715 1403 1786 lapidem
1425 1714 1601 1786 posita
1618 1732 1840 1770 memo-

1943 558 2226 623 viderunt,
2257 563 2315 614 et
2345 560 2554 615 reuersi
2573 562 2790 616 suntin
2820 562 3087 619 Accaron
3109 565 3169 618 in
3187 565 3277 620 die
3306 565 3435 621 illa.

2010 648 2102 704 28.
2155 646 2402 719 Satrapen
2482 648 2953 715 Philisthinorum,
3028 660 3086 706 ut
3133 652 3244 721 jam
3283 654 3534 724 superius

1940 735 2079 806 dixi,
2110 735 2271 792 electi
2297 746 2423 792 sunt
2467 738 2849 808 praedicatores
2879 740 3191 795 Gentilium.
3219 740 3324 809 Qui
3378 742 3535 798 nimi-

1941 841 2064 879 rum
2095 826 2345 896 quinario
2375 842 2607 883 numero
2650 828 2992 884 continentur
3022 843 3036 897 ;
3066 829 3187 897 quia
3235 830 3304 885 ad
3358 832 3533 887 refre-

1945 914 2154 968 nandos
2184 914 2421 987 quinque
2450 932 2639 971 sensus
2658 917 2926 987 corporis.
2983 926 3075 972 aut
3103 917 3331 973 rudibus
3361 919 3538 976 adhuc

1947 1002 2219 1070 ﬁdelibus,
2253 1012 2341 1058 aut
2369 1005 2677 1060 carnalibus
2705 1014 2972 1077 praisunt.
3010 1005 3078 1060 Hi
3107 1006 3349 1077 profecto
3380 1009 3540 1078 plau-

1945 1100 2114 1146 strum
2170 1108 2291 1148 cum
2340 1093 2437 1148 Dei
2464 1110 2588 1149 arca
2615 1097 2976 1163 comitantur;
3008 1094 3132 1165 quia
3181 1097 3251 1152 ad
3302 1097 3541 1153 studium

1948 1180 2204 1251 spiritalis
2261 1182 2384 1237 vita:
2430 1190 2766 1238 transeuntes
2787 1183 2905 1254 jam
2925 1184 3166 1240 eruditos
3220 1184 3539 1257 discipulos.

1948 1268 2332 1324 sollicitudinis
2352 1286 2465 1326 suae
2493 1286 2623 1327 cura
2650 1277 3073 1344 prosequuntur.
3104 1271 3212 1327 Sed
3237 1273 3547 1344 applicante

1948 1358 2005 1412 in
2045 1373 2243 1431 agrum
2292 1360 2459 1415 .losue
2492 1360 2753 1430 plaustro,
2791 1369 2842 1415 et
2870 1362 3055 1417 vaccis
3110 1361 3425 1429 immolatis,
3485 1364 3543 1419 in

1949 1448 2198 1503 Accaron
2246 1448 2474 1503 redeunt
2510 1466 2523 1503 :
2554 1448 2686 1522 quia
2723 1465 2845 1504 cum
2903 1465 3094 1505 eorum
3155 1450 3542 1521 perfectionem

1944 1536 2060 1605 jam
2100 1536 2598 1602 consideraverint.
2655 1538 3079 1595 conversationis
3134 1556 3327 1595 eorum
3357 1540 3544 1598 itinera

1949 1624 2172 1678 ulterius
2192 1641 2300 1679 non
2332 1625 2642 1696 explorant.
2676 1628 2735 1681 in
2763 1630 3007 1683 Accaron
3068 1637 3247 1683 autem
3296 1628 3541 1697 redeunt,

1950 1713 2076 1785 quia
2105 1714 2176 1768 ad
2207 1714 2598 1770 convertendos
2627 1714 2768 1770 alios
2797 1732 2855 1770 se
2910 1724 3245 1772 convertunt.
3296 1720 3547 1774 Accaron

257 1812 417 1858 rantur
445 1820 460 1858 :
489 1805 623 1874 quia
654 1806 796 1858 inter
814 1804 961 1859 dona
976 1803 1227 1859 sublimia
1274 1804 1344 1859 de
1366 1821 1424 1859 se
1442 1804 1719 1859 humiliter
1745 1820 1837 1858 sa-
1868 1830 1922 1888 Β
1952 1804 2158 1874 quippe
2182 1810 2365 1857 nostro
2393 1802 2614 1876 eloquio
2640 1804 2842 1857 sterilis
2881 1804 3093 1859 dicitur.
3156 1805 3376 1862 Steriles
3404 1822 3546 1878 quo-

255 1909 363 1961 pere
388 1892 464 1948 illi
481 1894 675 1948 verius
685 1900 933 1963 possunt,
955 1893 1048 1966 qui
1095 1892 1473 1963 Redemptoris
1502 1891 1840 1964 magnitudi-

206 1990 209 1991 '
260 1998 362 2034 nem
389 1988 438 2036 et
466 1981 841 2037 humilitatem
884 1982 1125 2037 recolere
1163 1982 1325 2052 158
1359 1981 1564 2052 saepius
1621 1981 1839 2037 didice-

258 2077 381 2123 runt.
412 2072 560 2124 Nam
582 2070 859 2142 deponere
887 2086 1070 2126 arcam
1103 2070 1223 2138 Dei,
1281 2078 1338 2124 et
1402 2087 1567 2142 super
1598 2069 1839 2141 lapidem

259 2159 509 2228 grandem
538 2158 761 2213 volebat
781 2174 1009 2228 ponere,
1058 2159 1153 2230 qui
1200 2158 1420 2214 dicebat
1452 2177 1467 2213 :
1500 2161 1609 2216 ltoc
1630 2159 1841 2215 sentite

256 2247 309 2301 in
321 2247 481 2313 vobis,
505 2247 738 2319 quodin
763 2246 984 2302 Christo
1000 2249 1153 2304 Iesu.
1179 2245 1291 2310 Qui
1304 2263 1437 2304 eum
1457 2250 1519 2303 tu
1542 2251 1730 2319 fm‘ma
1744 2247 1844 2304 Dei

254 2340 400 2403 esset,
439 2352 567 2392 non
608 2338 878 2406 rapinam
896 2336 1218 2393 arbitratus
1252 2342 1337 2392 est
1358 2353 1418 2393 se
1431 2352 1550 2393 esse
1565 2337 1843 2409 (aqualem

248 2424 348 2479 Deo
363 2425 487 2486 ;sed
496 2427 875 2495 semetipsum
885 2426 1488 2496 exinanivitJormum
1522 2426 1671 2482 servi
1684 2426 1842 2481 acet-

254 2514 1276 2582 piens,iuaimilitudinemhominum
1314 2514 1605 2586 factus,et
1642 2512 1846 2570 habitu

245 2600 507 2657 inventus
522 2606 596 2657 ut
609 2602 771 2658 homo
790 2623 813 2665 ί
826 2600 1154 2657 humiliavit
1175 2617 1234 2657 se
1257 2606 1449 2673 factus
1474 2603 1732 2659 obedieus
1746 2617 1843 2657 us-

250 2690 422 2759 quead
432 2694 685 2747 mortem
695 2690 886 2745 crucis
897 2691 1128 2763 (Philip.
1148 2691 1400 2761 il,5).8ed
1414 2691 1508 2763 qui
1519 2691 1590 2746 de
1604 2691 1847 2745 subdito-

252 2793 358 2831 rum
369 2778 639 2833 cordibus
655 2779 863 2833 amoris
874 2777 1104 2833 hostiam
1121 2778 1426 2834 ministerio
1442 2777 1849 2851 praedicationis

250 2865 682 2932 Deoimmolant,
706 2867 774 2921 de
802 2866 921 2921 suis
963 2867 1130 2922 etiam
1153 2867 1426 2922 mentibus
1463 2867 1850 2923 excellentiora

251 2954 756 3011 vatdcebiationum
768 2956 911 3010 dena
921 2955 1493 3027 repraesentantdinde
1506 2956 1845 3012 etsubditur:

289 3062 459 3125 (Vers.
478 3063 578 3115 15.
597 3062 740 3129 )Viri
751 3065 944 3117 autem
960 3061 1324 3117 Bethsamita:
1336 3061 1670 3118 obtulerunt
1687 3061 1849 3118 holo-

1952 1908 2058 1962 que
2086 1899 2227 1957 sunt,
2287 1891 2377 1963 qui
2408 1900 2506 1946 aut
2538 1891 2644 1948 ﬁde
2673 1899 2881 1959 carent,
2913 1901 3005 1948 aut
3059 1895 3203 1948 bona
3259 1910 3545 1952 conversa-

1949 1980 2114 2035 tione.
2176 1980 2321 2035 Bene
2369 1987 2547 2034 autem
2606 1996 2731 2036 cum
2761 1982 2968 2037 reversi
3017 1982 3293 2054 principes
3347 1983 3543 2042 dicun—

1952 2073 2054 2135 tur,
2086 2068 2330 2124 additum
2355 2076 2439 2124 est
2470 2085 2482 2122 :
2516 2071 2580 2124 lu
2609 2071 2699 2125 die
2725 2072 2828 2126 illa
2861 2089 2879 2121 :
2903 2069 3029 2140 quia
3057 2072 3160 2125 nisi
3188 2072 3241 2126 in
3271 2072 3351 2128 eis
3377 2074 3547 2130 clari-

1952 2166 2118 2213 tatem
2177 2166 2336 2214 tantaa
2394 2158 2743 2230 perfectionis
2797 2164 3178 2231 agnoscerent,
3228 2162 3300 2216 ab
3356 2179 3546 2219 eorum

1949 2246 2314 2303 sollicitudine
2333 2248 2638 2303 securitatis
2663 2248 2987 2304 certitudine
3014 2265 3122 2304 non
3147 2252 3410 2306 redirent.
3439 2254 3552 2311 Sc-

1952 2336 2137 2407 quitur
2168 2352 2185 2391 :

2026 2426 2202 2494 (Vers.
2225 2426 2314 2493 17,
2348 2426 2461 2496 18.)
2477 2428 2543 2483 Hi
2558 2431 2740 2483 simia
2752 2429 2810 2483 ni
2822 2430 3007 2494 aurei,
3021 2444 3155 2501 quos
3176 2428 3549 2489 reddiderunt

1953 2510 2327 2571 Phtttsthiim
2354 2532 2458 2588 pro
2470 2518 2699 2586 delicto,
2717 2520 2921 2574 Azotus
2953 2533 3155 2584 unum,
3178 2520 3324 2575 Gaza
3343 2535 3548 2590 unum,

1953 2605 2192 2659 Asealon
2219 2621 2417 2672 unum,
2429 2605 2568 2661 Geth
2580 2622 2783 2672 unum,
2798 2611 2853 2661 et
2867 2607 3117 2663 Aecarou
3132 2624 3332 2663 unum.
3354 2610 3552 2665 Etmu-

1954 2708 2045 2749 res
2060 2708 2280 2758 aureos,
2307 2698 2345 2761 1
2362 2696 2467 2762 59
2483 2696 2796 2750 secundum
2809 2711 3115 2751 numerum
3129 2697 3351 2753 urbium
3367 2699 3551 2754 Phili-

1956 2772 2431 2854 sthiim,quim}ue
2443 2782 2971 2853 provinciarum,ab
2985 2785 3117 2838 urbe
3131 2789 3360 2840 murata
3379 2802 3552 2859 usque

1957 2871 2030 2926 ad
2047 2870 2762 2944 vittam,qua:eratabsque
2788 2887 2973 2939 muro,
3017 2874 3076 2927 et
3105 2889 3275 2943 usque
3303 2875 3376 2929 ad
3393 2875 3554 2931 Abel-

1959 2975 2261 3030 maguum,
2279 2975 2449 3029 super
2462 2975 2629 3032 quem
2648 2963 3170 3031 posueruntarca-m
3189 2960 3429 3018 Domini
3457 2965 3555 3034 qui

1963 3051 2090 3104 erat
2110 3065 2283 3114 usque
2300 3050 2361 3104 in
2373 3049 2462 3104 die
2476 3050 2581 3104 illa
2609 3049 2819 3119 inagro
2838 3051 3002 3105 Iosue
3015 3050 3404 3106 Bethsamitce.

249 3154 527 3218 eausta,et
543 3150 1341 3252 imraotuiveruntuictimqstn
1356 3149 1448 3206 die
1464 3151 1569 3252 illa
1582 3150 1845 3207 Domino.
1878 3186 1929 3252 Ο
1994 3140 2119 3252 ..Ὧι
2154 3135 2441 3252 Quid}???
2468 3138 2657 3252 οιξιηίεξ
2684 3137 2993 3252 ἀοείεοθξι,
3026 3137 3134 3193 me
3182 3155 3347 3252 Silii-1‘8
3375 3156 3555 3213 ωψσ-

305 3241 402 3294 27.
436 3240 500 3294 In
538 3255 653 3309 qua
680 3237 789 3303 die,
842 3238 950 3294 nisi
980 3240 1037 3292 in
1080 3238 1168 3292 illa
1223 3238 1280 3293 in
1310 3255 1416 3309 qua
1468 3237 1850 3295 holocaustum

249 3328 475 3383 Domino
499 3342 712 3383 vaccas
741 3343 906 3399 super
932 3326 1157 3401 plaustri
1188 3327 1339 3400 ligna
1394 3344 1625 3401 posuere
1656 3329 1684 3381 ?
1713 3328 1850 3396 Qum

246 3426 317 3471 est
344 3418 517 3489 igitur
556 3416 679 3470 dies
709 3415 822 3481 illa,
857 3416 964 3471 nisi
992 3416 1320 3471 illuminatio
1349 3416 1545 3473 divina:
1579 3417 1852 3488 praedica-

248 3506 399 3560 tionis
418 3507 449 3561 Ἰ
469 3506 561 3561 Ea
595 3519 830 3573 namque
850 3503 940 3559 die
961 3505 1312 3560 Bethsamitaa
1368 3504 1687 3561 holocausta
1741 3507 1853 3562 Do-

243 3594 385 3649 mino
415 3593 685 3657 oﬂ'erunt,
715 3607 779 3647 ea
808 3591 896 3647 die
926 3593 1179 3648 victimas
1201 3591 1490 3648 immolant
1544 3609 1652 3664 qua
1701 3593 1854 3666 ligna

246 3682 563 3747 concidunt,
600 3697 709 3753 qua
722 3697 889 3751 super
915 3697 980 3736 ea
1008 3682 1377 3737 holocaustum
1396 3682 1627 3737 Domino
1657 3698 1853 3738 vaccas

245 3769 730 3842 imponunt;quia
767 3769 943 3824 sancti
986 3770 1373 3840 praedicatores
1429 3787 1496 3827 ea
1541 3771 1658 3826 luce
1680 3771 1853 3838 verbi,

246 3875 345 3929 qua
372 3858 651 3930 subjectis
679 3858 936 3924 emicant,
972 3858 1080 3912 sibi
1102 3875 1318 3931 quoque
1371 3858 1441 3915 ad
1479 3859 1856 3916 rectitudincm

244 3948 460 4021 superni
491 3947 712 4003 itineris
761 3946 1009 4002 officium
1069 3947 1298 4002 visionis
1350 3948 1746 4015 administrant,
1804 3956 1858 4003 et

250 4035 587 4108 wntemptis
619 4035 787 4091 rebus
816 4034 1041 4101 intimis,
1065 4052 1161 4107 per
1186 4035 1297 4090 vim
1324 4035 1627 4092 dilectionis
1672 4036 1857 4092 omni-

250 4126 604 4197 potentti
634 4131 784 4178 tanto
814 4141 874 4179 se
895 4119 1121 4179 liberius
1151 4125 1430 4194 exhibent,
1463 4133 1663 4195 quanto
1694 4125 1858 4181 etiam

247 4214 530 4269 auditores
559 4228 695 4267 suos
723 4212 773 4267 ei
798 4213 917 4281 jam
945 4228 1145 4284 magna
1166 4213 1527 4268 familiaritate
1542 4214 1860 4282 coniunctos

251 4302 459 4357 vident.
500 4302 655 4369 Quia
684 4317 819 4356 vero
837 4316 945 4356 non
977 4302 1153 4356 solum
1204 4302 1521 4358 holocausta
1575 4301 1857 4368 obtulisse,

214 4442 220 4446 .
251 4392 341 4445 sed
373 4390 713 4445 imrnolassc
732 4390 987 4445 victimas
1013 4391 1114 4445 viri
1148 4390 1485 4445 Bethsamiue
1525 4391 1682 4446 relati
1715 4400 1860 4458 sunt,

254 4480 632 4550 perfecturum
684 4480 925 4533 virorum
994 4477 1248 4551 spiritalis
1277 4480 1476 4534 oblatio
1524 4480 1860 4550 designatur.

248 4567 386 4621 Nam
417 4568 753 4621 holocausta
782 4564 1035 4631 oﬂ‘erunt,
1080 4580 1202 4621 cum
1249 4583 1350 4637 per
1396 4568 1868 4637 contemplationis

251 4670 550 4709 ascensum
605 4668 666 4708 se
722 4653 840 4708 Deo
872 4654 1227 4723 omnipotenti
1274 4654 1530 4709 incﬂ'ahili
1579 4653 1867 4711 aﬁ'ectione

245 4744 630 4816 conjungnnt.
662 4742 773 4796 Sed
809 4742 1137 4798 holocaustis
1178 4742 1422 4797 victimas
1458 4743 1705 4799 sociant:
1740 4743 1868 4813 quia

249 4833 524 4886 nimirum
556 4830 1091 4900 tantaejucunditatis
1119 4830 1323 4887 bonum
1352 4847 1462 4885 non
1491 4832 1611 4887 suis
1641 4833 1866 4900 meritis,

244 4920 338 4976 sed
363 4920 589 4977 divinae
610 4917 847 4973 referunt
867 4918 1120 4974 bonitati.
1188 4920 1318 4976 Siue
1358 4919 1591 4977 victimis
1648 4920 1870 4993 quidem

251 5010 646 5065 holocaustum
674 5006 856 5076 oﬂ'crt,
910 5007 1005 5079 qui
1058 5009 1172 5078 jam
1204 5007 1452 5081 supernis
1480 5008 1536 5062 in
1551 5024 1750 5081 magna
1766 5009 1869 5064 de-

248 5096 559 5154 lectatione
615 5095 976 5169 conjungitur
1023 5111 1038 5164 ;
1098 5104 1150 5152 et
1203 5096 1608 5169 insurgentibus
1673 5097 1869 5154 elatio—

250 5187 332 5240 nis
386 5185 640 5242 occultae
690 5183 952 5252 motibus,
1002 5201 1102 5256 per
1153 5184 1477 5241 humilitatis
1506 5186 1869 5242 virtutemne-

252 5290 541 5348 qnaquam
569 5273 903 5329 dominatur.
956 5275 1019 5329 in
1074 5274 1441 5331 oblationibus
1491 5291 1622 5345 ergo
1678 5275 1871 5346 perfe-

253 5369 474 5419 ctor-um
504 5361 673 5418 simul
694 5363 1009 5420 holocausta
1065 5364 1373 5422 etvictimaa
1418 5365 1740 5420 convenisse
1768 5364 1873 5420 de-

252 5452 609 5507 scribuntur:
630 5452 757 5523 quia
785 5461 839 5507 et
867 5451 1052 5511 divina
1096 5453 1201 5509 frui
1229 5453 1514 5510 dulcedine
1543 5452 1694 5525 digni
1726 5462 1869 5522 sunt,

252 5550 309 5594 et
333 5541 397 5596 in
428 5539 595 5597 omni
623 5541 769 5614 quod
786 5548 927 5599 totos
941 5559 1000 5600 se
1021 5543 1140 5614 jam
1160 5542 1369 5601 coclites
1398 5542 1627 5613 faciunt,
1676 5540 1875 5603 elatio-

252 5642 339 5687 nis
363 5646 586 5703 ignari.

1960 3229 2123 3285 situm
2156 3238 2257 3285 est.
2290 3230 2428 3298 Quid
2460 3238 2540 3284 est
2568 3238 2771 3296 autem,
2803 3229 2949 3300 quod
2977 3246 3099 3285 cum
3132 3231 3287 3286 reddi
3316 3247 3416 3302 pro
3427 3248 3555 3303 pec-

1957 3328 2081 3376 cato
2138 3319 2379 3374 debitum
2433 3334 2578 3373 arca:
2597 3319 2933 3390 praecipitur,
2967 3318 3203 3389 quinque
3259 3320 3348 3374 ani
3404 3320 3558 3376 aurei

1959 3417 2012 3463 et
2038 3409 2277 3480 quinque
2304 3423 2486 3461 mures
2512 3406 2672 3461 simul
2701 3408 3048 3461 nominantur
3082 3426 3097 3473 ;
3131 3423 3255 3461 cum
3285 3423 3415 3463 vero
3438 3409 3556 3477 jam

1960 3498 2232 3553 redditum
2291 3495 2438 3567 quod
2468 3495 2771 3551 debebatur
2802 3497 3080 3562 asseritur,
3112 3496 3277 3549 urbes
3330 3495 3560 3568 singulae

1963 3586 2253 3657 separatim
2309 3601 2475 3639 unum
2532 3584 2837 3638 reddidisse
2865 3584 3171 3639 referuntur
3198 3586 3227 3639 Ἰ
3257 3584 3364 3640 Sed
3395 3585 3559 3641 simul

1963 3691 2127 3746 supra
2156 3673 2503 3730 nominantur
2537 3691 2547 3726 :
2583 3673 2709 3741 quia
2728 3672 2884 3726 simul
2914 3671 3157 3727 omnium
3190 3673 3560 3728 membrorum

1966 3761 2439 3818 demonstrabatur
2466 3768 2706 3827 ornatus,
2731 3760 2787 3813 in
2833 3762 3262 3815 commutatione
3292 3761 3563 3817 bonorum

1965 3866 2195 3921 operum
2230 3868 2244 3913 ;
2286 3849 2371 3904 hic
2429 3853 2611 3903 autem
2655 3865 2778 3903 cum
2811 3847 3085 3903 redditum
3134 3848 3378 3904 debitum
3423 3865 3564 3908 arm

1968 3938 2308 4003 describitur,
2341 3944 2497 3991 caute
2553 3936 2856 3991 ostenditur
2889 3953 2902 3988 :
2935 3936 3060 4006 quia
3118 3936 3280 3991 urbes
3335 3937 3565 4009 singula:

1969 4042 2104 4082 auos
2123 4041 2315 4081 aureos
2344 4025 2589 4095 singulos
2618 4032 2670 4079 ct
2700 4039 2883 4077 mures
2926 4024 3241 4079 obtulerunt
3271 4043 3284 4079 :
3319 4032 3378 4080 ut
3429 4042 3564 4097 pro-

1968 4116 2110 4171 fecto
2140 4116 2407 4186 peccaturi
2431 4128 2693 4169 converso
2714 4110 3027 4180 insinuetur,
3061 4113 3301 4167 utsemel
3337 4123 3566 4184 peccata

1968 4206 2200 4271 deserat,
2232 4219 2355 4274 quae
2384 4218 2483 4273 per
2512 4201 2725 4256 solitam
2748 4200 3071 4270 pravitatem
3096 4200 3320 4257 ulterius
3351 4217 3563 4258 nonre-

1972 4294 2170 4365 quirat.
2208 4291 2376 4347 Urbe’s
2394 4291 2596 4363 quippe
2616 4287 2840 4360 singula:
2886 4303 3027 4343 auos
3060 4295 3112 4344 et
3128 4288 3567 4365 muressingulos

1971 4384 2224 4447 reddunt,
2258 4398 2380 4436 cum
2412 4378 2653 4434 conversi
2672 4383 2988 4448 peceatores
3001 4378 3172 4432 semel
3210 4385 3350 4437 tersa
3392 4378 3570 4452 lacry-

1974 4472 2079 4526 mis
2104 4470 2436 4542 pmniteutize
2465 4475 2689 4540 peccata
2718 4483 2823 4521 non
2858 4476 3126 4535 repetunt.
3160 4466 3312 4522 Unde
3338 4476 3389 4523 et
3419 4486 3571 4524 sacra

1894 4542 1947 4601 D
1985 4560 2264 4630 Scriptura
2321 4558 2595 4621 admonet,
2626 4556 2815 4611 dicens
2849 4575 2860 4610 :
2893 4557 3015 4611 Non
3047 4557 3214 4612 iteres
3238 4557 3463 4614 verbum
3506 4560 3571 4613 in

1975 4652 2232 4706 oratione
2263 4647 2457 4715 (Secti.
2491 4661 2587 4713 vn,
2622 4645 2729 4715 lii).
2764 4644 2998 4699 Verbum
3015 4644 3216 4715 quippe
3242 4645 3298 4700 in
3326 4646 3573 4704 oratione

1975 4738 2150 4804 iterat,
2183 4736 2272 4806 qui
2304 4734 2556 4805 precibus
2596 4748 2833 4804 purgare
2888 4741 3112 4804 peccata
3166 4741 3389 4791 conatus
3432 4746 3522 4791 est
3555 4754 3568 4801 ;

1976 4822 2271 4883 sedtumen
2300 4823 2582 4879 comittere
2638 4838 2750 4877 non
2806 4821 3006 4877 omittit
3058 4822 3182 4887 alia,
3230 4839 3331 4893 pro
3379 4825 3573 4894 quibus

1978 4921 2114 4971 oret.
2150 4913 2255 4982 Qui
2284 4913 2531 4984 profecto
2585 4927 2750 4966 anum
2781 4925 2950 4966 unum
2981 4918 3037 4966 et
3065 4926 3276 4967 murem
3333 4913 3448 4968 Deo
3473 4928 3570 4984 pro

1975 5004 2174 5060 delicto
2195 5019 2303 5058 non
2330 5001 2491 5057 oﬂ‘ert
2523 5017 2535 5054 :
2570 5000 2698 5070 quia
2722 5000 2819 5055 etsi
2848 4998 3569 5071 pmuitendocompungitur,

1978 5094 2252 5149 foeditates
2281 5089 2622 5160 multiplicat,
2655 5105 2788 5159 quas
2814 5089 2931 5143 Deo
2978 5088 3240 5143 conﬁtens
3268 5086 3318 5143 ei
3364 5102 3569 5157 reprae-

1979 5190 2173 5238 sentat.
2205 5184 2338 5235 Cum
2364 5192 2502 5251 ergo
2524 5193 2692 5232 anum
2726 5192 2887 5231 unum
2946 5184 2998 5229 et
3022 5189 3227 5228 murem
3256 5191 3421 5229 unum
3478 5191 3572 5230 ur-

1982 5273 2079 5327 bes
2111 5267 2429 5325 Philisthiim
2462 5266 2574 5321 sive
2630 5264 2928 5336 provinciae
2984 5261 3214 5332 singula:
3270 5262 3574 5319 reddidisse

1978 5359 2377 5425 describuntur,
2410 5354 2539 5426 quid
2568 5353 2715 5407 aliud
2736 5351 2999 5424 designat,
3034 5349 3135 5404 nisi
3189 5350 3576 5420 perfectionem

1979 5464 2126 5509 verte
2153 5443 2526 5504 conversionis
2554 5444 2582 5495 εἰ
2613 5440 2856 5496 Perfecta
2897 5438 3045 5493 cnim
3073 5439 3423 5510 convertitur,
3483 5443 3577 5514 qui

1978 5555 2107 5595 cum
2135 5535 2305 5594 semel
2333 5532 2481 5607 quod
2497 5545 2664 5604 prave
2677 5535 2870 5602 egerat
2895 5526 3129 5602 plangit,
3163 5529 3310 5599 quod
3363 5546 3579 5587 rursum

1956 5598 2207 5701 plangat
2233 5598 2516 5681 ultranon
2531 5598 2741 5690 repetit:
2770 5617 2940 5691 Igitur
2969 5598 3133 5675 suum
3163 5598 3327 5675 tinum
3376 5624 3428 5678 et
3454 5636 3584 5681 mu-
