4034 6174
452 270 553 326 199

1641 229 1893 292 SANCTI
1930 221 2279 287 GREGORII
2317 219 2540 277 MAGNI

3648 205 3753 262 200

449 411 564 451 rem
591 404 758 447 unum
786 400 884 459 pro
914 384 1140 456 peccato
1170 372 1348 437 oﬁ'ert,
1382 366 1475 440 qui
1505 360 1891 421 siccommissa
1932 356 2033 411 lu-
2063 353 2119 413 A
2145 357 2319 423 potest
2348 350 2453 404 hoc
2480 342 2663 417 colligi
2698 359 2710 397 :
2744 340 2873 415 quia
2899 337 3273 396 haereticorum
3302 332 3395 390 alii
3428 332 3568 388 inter
3590 330 3752 398 alios,

1459 455 1475 459 -
1694 451 1733 459 _.
1864 447 1874 458 .
1945 445 1956 455 -
1994 450 2035 459 .,
2180 439 2303 459 mh:
2338 435 2546 459 _.-L:1..-
2572 432 2884 459 Λυηιειηηωι
2940 427 3027 459 ,πεί
3089 429 3140 459 εκ
3175 422 3442 459 munditia
3501 435 3723 459 nnornm

450 445 860 558 get-praeteris,
884 445 945 528 ιιῖ
976 466 1213 541 perfecte
1236 463 1429 518 caveat
1452 455 1646 511 futura.
1694 451 1756 505 Et
1787 447 1915 520 quia
1944 445 2049 499 ista

453 534 631 628 iorma
654 560 1028 623 conversionis
1059 565 1167 611 tam
1207 546 1538 621 sapientibus
1588 556 1749 613 quam
1800 534 2047 601 indoctis,

458 622 830 718 tarnﬁﬁttortibus
860 641 1307 723 quamdebilibus
1338 640 1393 691 in
1445 640 1632 688 sancta
1681 625 1919 683 Ecclesia
1947 622 2054 678 ob-

454 746 723 807 servanda
752 750 850 809 est,
880 713 1021 793 bene
1042 734 1112 789 ab
1131 730 1269 786 urbe
1290 732 1521 787 murata,
1557 733 1729 790 usque
1769 716 1838 771 ad
1869 713 2055 768 villam

459 802 757 896 sine-muro
784 802 906 887 haec
963 822 1160 881 solutio
1218 813 1387 873 debiti
1442 819 1668 867 extensa
1722 802 2055 877 perhibetur.

460 889 779 984 biubi—enim
811 919 955 974 intra
984 916 1228 968 sanctam
1257 901 1557 960 Ecclesiam
1589 894 1885 953 constituto
1915 889 2057 944 libe—

464 1033 587 1074 rum
616 1020 700 1069 est
726 1020 970 1081 peccare,
1001 998 1134 1056 nulli
1162 992 1447 1051 innoxium
1477 1001 1648 1061 prava
1694 980 2057 1039 committere.

465 1105 647 1175 Quare
674 1068 773 1172 per
801 1068 1125 1167 prophetam
1154 1082 1417 1140 Dominus
1433 1068 2013 1135 comminatur,dicens
2045 1079 2058 1118 :

1178 1174 1181 1175 ν
1434 1168 1502 1175 ,,
1600 1164 1659 1175 ,_
1763 1158 1776 1175 ,
1822 1171 1957 1175 ‘____
1994 1154 2037 1175 η

468 1154 821 1263 Enima‘qua;
834 1154 1155 1257 peccaverit
1168 1174 1288 1247 ipsa
1299 1168 1579 1226 morietur
1595 1154 2063 1263 (Ezechanimj.

469 1243 921 1348 lt-I'urat—tezquippe
950 1267 1114 1324 urbes
1149 1243 1273 1319 sunt
1310 1264 1519 1312 mentes
1564 1258 1875 1306 sanctarum
1920 1243 2067 1299 Scri-

782 1331 1085 1419 eruditione
1114 1347 1480 1409 circumdatae.
1516 1339 1678 1395 Villae
1723 1343 1901 1392 autem
1932 1331 2065 1387 abs-

475 1432 583 1533 que
611 1471 770 1513 muro
799 1458 922 1508 sunt
948 1451 1153 1502 mentes
1170 1437 1476 1509 simplices.
1523 1432 1702 1488 Unum
1733 1439 1870 1498 ergo
1898 1436 2069 1479 anum

1106 1532 1109 1533 ν
1236 1528 1247 1533 _
1381 1524 1394 1533 ,
1586 1518 1634 1533 __
1696 1524 1732 1533 γ,
1796 1510 2065 1533 “Adin.

476 1510 698 1607 a‘ureum
730 1558 839 1598 non
867 1537 1044 1594 solum
1073 1528 1300 1601 singulae
1316 1524 1479 1580 urbes
1506 1518 1758 1583 reddunt,
1791 1512 1889 1568 sed
1905 1510 2071 1567 etiam

389 1671 392 1675 η
477 1602 625 1693 villa;
655 1649 670 1704 ;
704 1640 763 1687 ut
791 1628 1099 1704 quicunque
1129 1619 1201 1674 ad
1232 1612 1544 1685 religiosam
1586 1607 1773 1672 vitam,
1798 1602 1914 1704 Deo
1968 1614 2071 1697 au-

480 1701 665 1792 ctore,
704 1701 1055 1780 convertitur,
1102 1703 1305 1763 ablutis
1357 1701 1473 1770 jam

482 1832 594 1872 non
623 1775 870 1870 ﬁndetur.
904 1804 969 1858 Et
998 1775 1125 1871 quia
1152 1808 1313 1850 nemo
1340 1797 1450 1844 tam
1480 1793 1701 1841 sanctus
1731 1787 1832 1844 est,
1868 1777 1964 1850 qui
2020 1775 2078 1829 in

482 1863 693 1961 .21.;
714 1863 909 1953 habeat
920 1863 1122 1960 aliquid
1141 1879 1395 1938 foeditatis
1424 1873 1569 1946 quod
1598 1872 1847 1943 plangat,
1879 1863 2080 1920 solutio

484 1994 647 2064 hujus
676 1984 840 2043 debiti
895 1992 1070 2049 usque
1125 1972 1195 2028 ad
1240 1967 1657 2064 Abelmagnuln,
1692 1971 1860 2064 super
1915 1968 2080 2052 quem

486 2041 781 2156 posuerant
809 2041 996 2127 arcani
1021 2062 1140 2156 Dei,
1174 2054 1531 2156 pertenditur.
1565 2046 1711 2146 Abel
1759 2043 1960 2156 quippe
1987 2041 2081 2138 in-

488 2128 821 2241 ierpretatur
849 2160 1037 2214 luctus.
1091 2151 1212 2219 Quo
1250 2144 1508 2201 nimirum
1562 2135 1783 2193 nomine
1838 2130 1976 2201 lapis
2032 2128 2087 2182 in

618 2222 825 2310 arcam
863 2245 958 2302 Dei
989 2239 1282 2313 posuerant
1309 2229 1619 2288 vocabatur.
1652 2222 1759 2279 Sed
1790 2223 1896 2276 hoc
1951 2231 2088 2288 pro-

494 2305 637 2404 iecto
665 2305 1011 2407 Redemptori
1068 2335 1249 2383 nostro
1297 2334 1497 2376 nomen
1553 2310 1809 2384 congruit
1870 2325 1883 2362 :
1943 2305 2092 2378 quia,

623 2428 843 2505 propria
874 2402 995 2495 qua:
1052 2417 1203 2471 ﬂeret
1231 2425 1341 2465 non
1400 2403 1607 2467 habuit,
1666 2406 1851 2453 nostra
1906 2402 2092 2449 tamen

498 2481 833 2596 quotidianis
886 2481 1135 2582 precibus
1190 2509 1257 2596 et—
1297 2495 1763 2596 ﬂetibuspeccata
1812 2481 2092 2596 purgavit,

506 2569 972 2679 Silvntwquoque‘in
1002 2599 1187 2650 sancta
1215 2584 1464 2644 Ecclesia
1495 2579 1593 2635 viri
1623 2575 1873 2647 perfecti,
1934 2579 1987 2626 et
2018 2569 2099 2624 illi

507 2658 718 2759 summi)
744 2658 915 2763 lapidi
944 2679 1222 2743 charitatis
1275 2667 1740 2732 consummatione
1795 2658 2094 2731 conjuncti.

509 2749 1116 2851 ﬁdicinam-«iucundus
1138 2774 1250 2825 erat
1285 2761 1473 2835 lapidi,
1515 2758 1606 2829 qui
1636 2754 1854 2810 dicebat
1887 2768 1901 2804 :
1934 2749 2103 2805 Nemo

512 2837 895 2947 Enim-aia
915 2861 1199 2922 churitate
1217 2852 1430 2910 Christi
1447 2850 1624 2917 (Rom.
1640 2842 1865 2941 vm,1i5)
1885 2853 1899 2905 ;
1933 2837 2106 2938 quian

515 2983 653 3025 arca:
668 2924 905 3020 debitum
925 2944 1410 3016 solvat,audiamus
1436 2955 1449 2992 :
1474 2937 1752 2999 Primum,
1784 2930 1979 2999 inquit,
2012 2924 2106 2996 fui

522 3015 900 3127 b'litvsvph‘emus,
933 3047 988 3099 et
1013 3031 1397 3113 persecutor(l
1413 3027 1556 3084 Tim.
1578 3039 1616 3091 ι,
1642 3024 1750 3091 13).
1767 3015 2107 3127 Hinciterum

522 3105 799 3203 confitens,
832 3105 909 3189 ait
940 3150 953 3186 :
988 3105 1107 3186 Non
1137 3139 1265 3180 sum
1306 3120 1510 3191 dignus
1532 3111 1720 3169 vocari
1773 3105 2110 3203 apostolus‘:

469 3234 473 3238 .
523 3235 659 3309 quia
673 3225 1003 3303 persecutus
1033 3231 1161 3273 sum
1190 3206 1513 3309 Ecclesium
1539 3201 1649 3309 ‘Dei.
1662 3197 1724 3309 ξι
1753 3197 1876 3252 Cor.
1901 3188 2108 3290 Κὴρ),

870 3310 1033 3367 etiam
1064 3300 1206 3375 quod
1243 3310 1413 3366 usque
1441 3291 1510 3347 ad
1539 3286 1783 3359 lapidem
1814 3279 2117 3338 excurrisse

524 3369 944 3468 iii-Qithit...“
963 3369 1186 3466 legitur,
1222 3386 1311 3459 qui
1344 3395 1528 3468 usque
1551 3378 1605 3432 in
1635 3374 1726 3429 die
1746 3372 1839 3468 illo
1857 3372 1921 3468 .1
1938 3369 2044 3437 50
2062 3376 2117 3430 in

530 3514 663 3573 agro
692 3498 1112 3549 Josuemanere,
1134 3486 1185 3533 et
1210 3458 1263 3530 in
1294 3487 1399 3543 quo
1418 3467 1592 3540 posita
1621 3477 1755 3560 arca.
1774 3458 1872 3559 Dei
1902 3470 2117 3573 mimo-

526 3541 696 3647 rtrtur.
728 3581 849 3651 Qua
877 3577 930 3631 in
961 3589 1017 3629 re
1048 3568 1184 3640 quid
1213 3541 1358 3620 aliud
1388 3568 1653 3620 tenemus,
1704 3549 1809 3605 nisi
1859 3543 2005 3618 quod
2063 3541 2119 3595 in

523 3681 719 3734 sancta
739 3636 993 3725 Ecclesia
1020 3636 1290 3714 cernimus
1322 3666 1334 3705 :
1375 3645 1504 3719 quia
1546 3642 1623 3697 illi
1664 3638 1826 3695 etiam
1857 3636 1972 3689 Deo
2021 3643 2121 3701 pro

528 3764 692 3834 culpa
720 3752 1078 3812 satisfaciunt,
1112 3745 1204 3814 qui
1237 3755 1343 3794 non
1373 3715 1551 3790 solum
1580 3746 1613 3783 a
1645 3724 1876 3800 peccatis
1892 3735 1992 3793 per
2023 3715 2122 3816 Dei

526 3806 763 3929 graltiam
791 3839 984 3911 erepti,
1014 3833 1109 3891 scd
1138 3832 1304 3888 etiam
1334 3840 1431 3897 per
1458 3833 1658 3929 m‘agna
1679 3820 1987 3870 sanctarum
2008 3806 2125 3929 vir;

528 3894 704 3999 fatum
719 3894 1049 3998 culmina,'in
1080 3922 1197 3992 ejus
1211 3894 1620 3973 tabernaculum
1649 3911 1773 3961 sunt
1801 3894 2068 3969 assumpti
2096 3895 2125 3948 ?

533 4027 789 4102 Sequitur
820 4038 833 4076 :

603 4153 780 4225 (Vera.
819 4143 931 4214 19.)
965 4133 1265 4225 Percussit
1287 4130 1487 4225 autem
1542 4106 2129 4225 Dominusnde-‘bir‘i’s‘

538 4194 1099 4303 Heigavmi-tib’uswo
1123 4220 1266 4296 quod
1300 4214 1577 4273 vidissent
1604 4221 1802 4263 arcam
1823 4194 2131 4300 Domini,“

918 4288 1517 4392 populoseptuaginta
1550 4299 1694 4353 viros
1739 4295 1795 4347 et
1839 4288 2129 4361 quinqua—

540 4402 702 4493 qinta
728 4411 915 4469 millia
941 4402 1137 4479 plebis.

616 4569 706 4622 30.
739 4559 845 4631 Qui
872 4561 996 4612 sunt
1021 4543 1368 4607 Bethsamitaa
1397 4532 1660 4612 percussi,
1691 4527 1796 4586 nisi
1817 4524 1950 4624 falsa
2004 4535 2131 4579 con-

545 4613 904 4726 temptatione
931 4638 1145 4711 decepti
1162 4630 1405 4691 haeretici
1422 4629 1450 4683 Τ
1479 4619 1822 4682 Bethsamitae
1852 4613 2011 4716 .enim
2030 4626 2140 4666 non

808 4703 1606 4798 iuemnt,sedpraasumptione.
1661 4712 1805 4765 Dum
1850 4703 2018 4801 igitur
2045 4714 2140 4755 ar-

548 4849 670 4893 cam
696 4828 879 4888 videre
907 4823 961 4878 in
988 4792 1180 4890 lapide.
1198 4805 1611 4884 praesumerent,
1666 4792 1908 4870 percussi
1962 4795 2086 4845 sunt
2128 4803 2140 4840 :

554 4922 684 4995 quia
709 4930 833 4976 cum
859 4882 1078 4968 Domini
1101 4918 1167 4960 ac
1194 4882 1574 4967 Redemptoris
1601 4885 1770 4944 nostri
1799 4882 2148 4938 sacramenta

1429 4984 1442 4995 .
1588 4968 1994 4995 ,,.__,_,____A,_
2050 4978 2148 4995 mm

553 4968 771 5083 i‘ndigni
798 5001 1148 5061 discuterent,
1164 4998 1383 5047 internae
1412 4968 2026 5083 damnationislaqueis,
2050 4978 2149 5035 per

556 5057 842 5161 ν
857 5084 1067 5163 proprii
1095 5057 1220 5137 sunt
1246 5071 1488 5146 depressi
1517 5064 1716 5123 erroris
1728 5103 1742 5117 .
1754 5057 2030 5163 ‘Qui‘dLest
2044 5067 2149 5107 au-

555 5144 1206 5259 ieiuTq—uodrdemopulo
1215 5144 1557 5259 septuaginta
1585 5144 1995 5259 virildenplgbte

556 5227 1081 5343 {eni’q‘iiinquagihta
1135 5227 1310 5311 millia
1364 5227 1617 5320 percussa
1647 5244 1771 5343 sunt
1799 5236 1828 5289 ?
1885 5230 2004 5327 Sed.
2026 5227 2154 5298 quia

552 5317 913 5437 appelilatioiie
933 5317 1127 5424 tpOpuli
1158 5342 1323 5400 etiam
1350 5334 1569 5390 urbium
1597 5325 1810 5382 nobiles
1864 5317 2154 5437 co‘ntliq‘en-

1160 5433 1173 5437 -
1366 5433 1374 5437 -
1455 5422 1485 5437 ··
1558 5413 1825 5437 νη---ι-ε-ιι
1853 5424 1923 5437 ν...
1969 5406 2019 5437 ;;
2066 5417 2130 5437 ..α

559 5406 663 5520 tiri,
695 5448 848 5520 plebs
877 5406 1058 5497 auium
1085 5433 1282 5505 vulgus
1301 5433 1384 5483 est
1396 5422 1697 5492 relinquum
1709 5413 1827 5469 sine
1853 5406 2152 5471 nobilibus,

2157 439 2308 513 quasi
2338 435 2549 492 nobiles
2570 432 2905 496 exstiterunt,
2939 427 3029 500 qui
3089 429 3144 482 in
3175 422 3443 481 munditia
3501 435 3747 491 operum,

2158 529 2276 584 solo
2307 541 2491 583 errore
2547 522 2826 596 perierunt
2854 539 2873 586 ;
2901 517 3078 573 caeteri
3111 531 3237 571 vero
3269 512 3430 587 quasi
3462 508 3639 581 plebis
3667 523 3755 562 ru-

2158 618 2445 673 sticitatem
2503 611 2697 679 secuti,
2756 624 2878 665 cum
2909 620 3089 661 errore
3144 603 3274 658 ﬁdei
3305 598 3585 656 obscurati
3625 601 3751 650 sunt

2160 705 2318 760 sorde
2347 717 2537 775 pravae
2568 695 2918 770 operationis.
2950 694 3107 751 Unde
3137 701 3189 747 et
3219 691 3310 745 alii
3340 689 3756 761 quinquagena-

2162 794 2265 861 rio,
2295 787 2816 861 aliiseptuagenario
2838 798 3064 839 numero
3094 779 3466 852 exprimuntur
3495 793 3510 830 :
3543 773 3673 846 quia
3699 779 3754 827 et

2164 882 2243 939 illi
2295 897 2396 952 per
2449 878 2686 950 quinque
2738 889 2929 930 sensus
2959 870 3204 942 corporis
3232 872 3497 936 concepta
3552 862 3766 935 ﬂagitia

2168 951 2548 1043 perfecerunt;
2601 965 2679 1019 illi
2710 963 2840 1019 dum
2871 960 3006 1016 falso
3065 958 3168 1013 sibi
3225 957 3369 1011 dona
3423 951 3758 1007 ascriberent

2168 1037 2384 1132 spiritus
2410 1053 2974 1126 septiformis,aeterna
3004 1046 3183 1105 obruti
3200 1052 3324 1100 sunt
3346 1040 3575 1113 caligine
3606 1037 3769 1095 caeci-

2171 1128 2316 1204 tatis.
2346 1147 2417 1202 Et
2446 1145 2573 1215 quia
2600 1144 2671 1199 de
2699 1156 2893 1197 eorum
2926 1135 3275 1210 percussione
3288 1131 3401 1192 veri
3429 1128 3619 1185 ﬁdeles
3632 1142 3761 1183 con-

2173 1236 2369 1293 tristati
2398 1241 2546 1303 sunt,
2576 1231 2853 1301 sequitur:

2245 1326 2417 1397 (Vers.
2448 1321 2561 1387 20.)
2599 1319 2989 1389 Dixeruntque
3019 1313 3389 1370 Bethsamittz
3409 1328 3425 1363 :
3457 1307 3591 1376 Qui:
3610 1307 3770 1379 pote-

2175 1395 2425 1472 ritstare
2453 1414 2516 1468 in
2545 1411 2851 1481 conspectu
2880 1404 3106 1461 Domini
3137 1402 3236 1457 Dei
3254 1395 3445 1456 sancti
3476 1397 3647 1460 huius
3680 1398 3703 1449 .’

2249 1501 2414 1571 Quasi
2443 1499 2644 1556 etenim
2674 1496 2787 1551 veri
2816 1493 3023 1560 ﬁdeles,
3056 1491 3153 1546 sed
3181 1487 3480 1558 simplices,
3541 1485 3728 1540 dicant
3760 1498 3777 1536 :

2180 1592 2238 1649 Si
2261 1569 2375 1646 tam
2406 1589 2675 1659 sapientes
2707 1593 2761 1640 et
2789 1579 3103 1655 pliil050phi
3159 1577 3215 1632 in
3244 1591 3471 1631 summa:
3526 1569 3779 1628 veritatis

1533 1658 1794 1751 fetoribus
1848 1686 2073 1743 ulterius
2098 1712 2155 1773 Β
2182 1658 2495 1753 cognitione
2548 1674 2824 1739 falluntur,
2871 1668 3078 1724 indocti
3136 1673 3191 1721 et
3246 1663 3526 1735 simplices
3554 1658 3777 1731 quando

2293 1768 2302 1773 -
2449 1766 2462 1773 -
2560 1763 2572 1773 .
3050 1771 3060 1773 _
3250 1752 3404 1773 ML,
3467 1749 3647 1773 ,ηε-,Α
3678 1762 3771 1773 ,Μ

2184 1749 2367 1826 venire
2397 1766 2467 1821 ad
2523 1763 2642 1834 ejus
2697 1759 2943 1815 notitiam
3000 1762 3223 1828 possunt
3250 1752 3409 1808 ?Sed
3463 1749 3559 1806 etsi
3580 1749 3650 1804 de
3676 1762 3780 1802 sua

2187 1871 2443 1913 mensura
2471 1851 2743 1915 difﬁdunt,
2776 1848 2977 1903 donum
3009 1853 3191 1899 tamen
3219 1841 3420 1896 divinae
3448 1835 3792 1911 cognitionis

2190 1946 2381 2002 adesse
2413 1941 2669 1997 Ecclesiae
2700 1952 2811 1993 non
2839 1934 3110 1991 difﬁdunt.
3143 1932 3323 2000 Quare
3351 1936 3407 1984 et
3432 1926 3717 1982 subditur:

2263 2034 2439 2104 (Vers.
2472 2031 2586 2099 20.)
2622 2028 2687 2081 Et
2708 2026 2779 2080 ad
2807 2039 2970 2094 quem
3001 2019 3317 2077 ascendeta
3345 2016 3542 2072 nobis?

2266 2097 2355 2177 ἐι.
2386 2123 2431 2174 Λ
2460 2097 2618 2173 nobis
2648 2114 2848 2186 quippe
2878 2109 3146 2166 Dominus
3189 2104 3452 2171 ascendit,
3486 2099 3709 2174 quando
3741 2097 3803 2154 id

2198 2210 2347 2284 quod
2375 2208 2445 2262 de
2474 2207 2596 2277 ejus
2626 2202 2939 2274 cognitione
2959 2197 3117 2252 nobis
3147 2193 3520 2258 absconditur,
3552 2205 3649 2261 per
3677 2188 3801 2243 ele-

2200 2309 2408 2357 ctorum
2440 2295 2682 2350 ﬁdelium
2707 2305 2897 2346 vocem
2926 2287 3280 2357 praedicatur.
3312 2282 3473 2336 Velut
3500 2277 3808 2334 ascendere

2202 2402 2439 2457 namque
2469 2384 2588 2453 ejus
2616 2397 2650 2437 a
2681 2378 2839 2435 nobis
2870 2384 2966 2440 est,
3012 2373 3158 2446 quod
3209 2367 3653 2441 simplicioribus,
3685 2365 3808 2420 sive

2204 2454 2618 2537 inﬁrmioribus,
2651 2469 2719 2524 de
2739 2475 2951 2521 interna
3004 2458 3463 2530 contemplatione
3519 2454 3805 2522 celaverit,

2208 2562 2533 2620 sublimibus
2561 2575 2661 2631 per
2686 2554 3043 2611 humilitatem
3073 2549 3336 2607 cordibus
3365 2544 3634 2603 revelare.
3658 2540 3811 2610 Quid

2209 2662 2289 2711 est
2317 2666 2448 2723 ergo
2478 2629 2660 2704 dicere
2695 2644 2806 2701 :Ad
2834 2658 2999 2716 quem
3028 2638 3293 2695 ascendet
3322 2652 3357 2691 α
3385 2635 3542 2690 nobis
3565 2631 3700 2686 :nisi
3724 2629 3810 2683 di-

2210 2758 2384 2816 gnum
2413 2740 2692 2794 doctorem
2723 2746 2986 2803 quaircre,
3019 2728 3109 2798 qui
3137 2727 3216 2781 sic
3245 2724 3428 2779 divina
3448 2719 3733 2792 praedicet,
3752 2724 3815 2772 ut

2213 2848 2245 2887 a
2277 2831 2363 2885 via
2384 2825 2621 2884 veritatis
2650 2838 2759 2878 non
2789 2828 2932 2876 erret
2958 2818 2987 2871 ?
3018 2819 3077 2871 In
3111 2814 3313 2885 quibus
3341 2812 3503 2866 etiam
3534 2809 3741 2875 verbis,
3766 2807 3815 2861 si

2213 2917 2529 2975 historicum
2559 2926 2777 2968 sensum
2807 2906 3353 2978 requirimus,aperte
3381 2896 3767 2971 cognoscimus
3800 2911 3815 2949 :

2216 3009 2344 3080 quia
2373 3004 2465 3076 qui
2486 3003 2609 3058 ideo
2631 2997 2826 3055 mortui
2855 3003 2981 3051 sunt
3009 2993 3138 3064 quia
3166 3006 3347 3046 arcam
3379 2987 3600 3042 Domini
3655 2985 3823 3039 vide-

2219 3071 2363 3162 runt,
2390 3071 2747 3163 intelligimus
2767 3101 2962 3155 nempe
2993 3082 3141 3153 quod
3171 3080 3363 3136 eadem
3420 3076 3626 3132 visione
3657 3071 3823 3143 digni

2221 3201 2329 3241 non
2360 3183 2594 3237 fuerunt.
2627 3176 2817 3231 Merito
2846 3173 3029 3246 igitur,
3062 3169 3151 3240 qui
3180 3181 3466 3238 percussos
3518 3162 3820 3233 aspiciunt,

2222 3275 2438 3330 dicunt:
2462 3264 2988 3338 Quispoteritstare
3027 3260 3090 3314 in
3103 3258 3410 3328 conspectu
3456 3252 3684 3309 Domini
3712 3250 3825 3305 Dei.

2224 3362 2412 3419 sancti
2434 3358 2602 3428 hujus
2627 3353 2654 3407 ?
2681 3353 2821 3408 Nam
2849 3348 2896 3404 si
2925 3346 2984 3403 hi
3012 3346 3103 3418 qui
3133 3343 3342 3416 indigni
3396 3349 3519 3397 sunt
3573 3338 3823 3394 videndo

2225 3427 2557 3507 moriuntur,
2588 3447 3005 3502 contrectantes,
3066 3433 3342 3506 quomodo
3388 3429 3577 3486 vivunt
3630 3427 3660 3480 ?
3717 3427 3834 3480 Be-

2230 3537 2502 3595 thsamitae
2537 3518 2757 3604 quidem
2787 3528 2843 3582 in
2875 3530 3065 3580 sancta
3094 3521 3337 3578 Ecclesia
3366 3526 3493 3573 sunt
3520 3513 3715 3571 mortui
3739 3530 3836 3569 sa-

2232 3625 2502 3686 cerdotes,
2535 3602 2587 3675 et
2618 3616 2851 3673 ministri
2884 3612 3029 3669 sacri
3076 3610 3261 3667 altaris
3292 3606 3523 3678 reprobi
3557 3623 3569 3658 :
3605 3603 3734 3673 quia
3765 3602 3840 3657 de

2232 3717 2398 3772 domo
2427 3709 2646 3783 quidem
2677 3706 2807 3761 solis
2829 3702 3049 3783 justitias
3081 3707 3204 3754 sunt
3233 3698 3495 3769 dignitate
3525 3690 3838 3755 ministerii,

2233 3820 2344 3861 non
2372 3780 2572 3859 virtute
2600 3805 2654 3853 et
2667 3793 2845 3868 gratia
2859 3780 3185 3846 sanctitatis.
3219 3782 3562 3842 Bethsamitta
3604 3781 3839 3851 quidem

2232 3898 2356 3947 sunt
2385 3908 2398 3945 :
2425 3887 2551 3959 quia
2570 3900 2669 3956 per
2697 3895 2867 3936 sacras
2898 3875 3197 3934 oblationis
3219 3872 3458 3929 ofﬁcium
3501 3882 3839 3926 conversan-

2234 3990 2322 4037 tur
2350 3980 2407 4034 in
2435 3955 2598 4031 domo
2626 3971 2729 4028 Dei
2761 3984 2777 4039 ;
2811 3967 2910 4023 sed
2939 3971 3088 4020 tanto
3119 3958 3458 4018 suntacriori
3487 3955 3845 4013 damnatione

2236 4062 2590 4142 percutiendi,
2623 4065 2827 4132 quanto
2858 4070 2968 4109 non
2997 4051 3172 4108 solum
3202 4050 3392 4105 videre
3419 4047 3621 4102 audent
3676 4058 3841 4098 sacra

2237 4130 2514 4228 mysteria,
2545 4130 2655 4205 sedi
2671 4151 3035 4208 contrectare,
3097 4146 3300 4213 quanto
3337 4151 3449 4193 non
3488 4133 3607 4205 jam
3636 4130 3847 4188 veteris

2238 4221 2565 4302 Testamenti
2592 4250 2780 4294 arcam
2813 4231 3120 4304 respiciunt,
3148 4227 3267 4296 sed,
3299 4224 3447 4299 quod
3474 4221 3657 4280 omnia
3675 4234 3849 4291 supeo

2241 4341 2345 4401 rat,
2392 4333 2549 4402 161
2587 4325 2814 4397 indigne
2868 4336 2929 4375 se
2980 4316 3193 4389 corpori
3223 4322 3277 4370 et
3295 4310 3548 4384 sanguini
3576 4309 3845 4380 ingerunt

2154 4410 2211 4472 D
2241 4395 2623 4490 Redemptoris
2655 4431 2670 4468 :
2701 4395 2840 4483 quos
2867 4420 3162 4481 percussos
3187 4402 3419 4458 insinuat
3474 4397 3688 4464 Paulus,
3750 4395 3850 4450 di-

2246 4526 2401 4569 cens:
2419 4485 2525 4576 Qui
2543 4502 2859 4561 manducet
2887 4500 2944 4553 et
2967 4494 3101 4552 bibit
3132 4492 3384 4563 indigne,
3408 4488 3692 4576 judicium
3731 4485 3852 4540 sibi

2248 4571 2561 4658 manducat
2592 4596 2648 4649 et
2664 4590 2799 4647 bibit
2830 4586 2882 4656 (I
2912 4586 3034 4641 t’or.
3067 4583 3268 4651 111,29).
3302 4574 3633 4633 Verietenim
3648 4571 3851 4628 ﬁdeles

2250 4683 2624 4753 dicunt:Quis
2651 4678 2863 4752 poterit
2893 4672 3124 4730 stareiu
3146 4669 3453 4739 conspectu
3488 4662 3714 4721 Domini
3748 4659 3857 4716 Dei

2251 4775 2439 4836 sancti
2452 4749 2622 4841 huius
2651 4749 2682 4824 ἓν
2707 4761 3059 4820 Altitudinem
3089 4758 3292 4829 quippe
3313 4762 3474 4810 tantae
3499 4749 3860 4808 administra-

2255 4865 2416 4923 tionis
2473 4838 2836 4922 considerant,
2881 4858 2935 4907 et
2963 4848 3095 4905 tanti
3152 4841 3476 4902 sacramenti
3530 4838 3862 4911 dignitatem

2257 4950 2570 5012 formidant.
2603 4944 2710 5002 Sed
2740 4942 2871 4998 dum
2908 4945 3072 4994 tanta:
3097 4934 3175 4991 rei
3230 4932 3416 4987 subire
3470 4927 3708 4986 ofﬁcium
3740 4940 3865 4981 me-

2256 5044 2431 5109 tuunt,
2463 5037 2555 5110 qui
2584 5034 2643 5089 id
2666 5029 2922 5088 exhibere
2952 5025 3187 5085 valeant,
3247 5019 3526 5093 digniores
3582 5019 3863 5086 quaerunt.

2255 5100 2496 5189 Unde'et
2517 5121 2759 5193 sequitur
2790 5133 2803 5172 :
2836 5116 2904 5171 Et
2933 5113 3004 5170 ad
3023 5127 3188 5186 quem
3231 5106 3495 5165 ascendet
3551 5122 3587 5160 a
3641 5101 3812 5158 nobis
3836 5100 3869 5153 ?

2260 5217 2429 5290 Quasi
2460 5189 2780 5286 ergosacra
2811 5204 3065 5275 mysteria
3093 5197 3373 5253 humiliter
3419 5193 3704 5267 fugientes,
3768 5189 3869 5243 di-

2262 5279 2385 5365 cant
2415 5324 2428 5359 :
2462 5279 2598 5372 Quia
2629 5291 3036 5367 (a)nosinﬁrma
3057 5285 3469 5345 conversatione
3504 5279 3869 5354 percutimur,

2265 5393 2496 5452 ministri
2547 5407 2615 5446 ex
2638 5366 2819 5443 altiori
2849 5381 2960 5440 vita
2988 5374 3271 5452 quaerendi
3303 5381 3446 5442 sunt,
3479 5386 3616 5443 quos
3644 5368 3780 5425 dum
3812 5366 3875 5421 in

631 5575 712 5650 (a)
739 5570 907 5629 Gilot.
939 5571 993 5622 et
1019 5559 1218 5625 Vatic.,
1257 5554 1392 5628 quia
1420 5563 1538 5606 non
1574 5541 1812 5613 inﬁrma
1849 5524 2277 5597 conversatione
2305 5516 2686 5596 percutiatur.
