4034 6174
279 339 352 394 201
1016 328 1088 384 IN
1130 325 1398 386 PRIMUM
1439 326 1682 384 REGUM
1723 322 2270 385 EXPOSITIONES.
2307 357 2378 367 —
2416 324 2544 382 LIB.
2586 324 2680 382 ΙΙΙ.

3419 329 3520 382 202

280 460 538 519 altissimam
606 456 864 510 virtutum
931 451 1409 508 sanctiﬁcationem
1476 452 1814 509 conversatio
1844 451 1898 513 A
1927 468 2048 506 cum
2081 450 2264 506 divina
2306 451 2487 520 gratia
2533 449 2886 506 ministrando
2926 443 3272 519 conveniunt,
3305 459 3358 506 et
3387 467 3526 522 quos

283 550 488 608 sublimis
534 546 708 618 erigit,
759 543 1011 598 assistere
1062 544 1178 598 Deo
1215 559 1314 614 per
1351 541 1590 598 officium
1649 549 1811 596 tantae

285 637 517 696 oblationis
537 635 756 706 possint.
793 631 1046 703 Sequitur
1075 649 1086 686 :

334 729 477 790 (Veis.
509 728 611 790 2t.)
645 722 922 778 Miserunt
941 738 1070 792 ergo
1098 721 1336 778 nuntios
1373 721 1446 776 ad
1472 721 1814 792 habitatores

283 797 653 855 Cariathiarim.
705 794 957 848 dicentes
988 791 1015 844 ί
1057 791 1419 848 Remiserunt
1463 791 1815 846 Philisthiim

276 887 432 926 aream
463 867 692 931 Domini,
726 863 1052 920 descendite
1083 867 1140 919 et
1173 863 1426 919 reducite
1455 863 1670 918 eamad
1701 877 1813 917 vos.

330 961 398 1011 32.
426 953 784 1010 Cariathiarim
814 951 1030 1021 dicitur,
1079 952 1268 1006 civitas
1311 967 1522 1006 eorum.
1557 949 1692 1020 Quae
1735 957 1816 1004 est

272 1055 521 1102 sanctorum
552 1043 762 1108 civitas,
797 1040 893 1094 nisi
949 1041 1040 1094 illa
1084 1039 1382 1096 Jerusalem
1426 1056 1546 1110 qua:
1590 1054 1816 1093 sursum

271 1136 367 1190 est?
391 1132 480 1202 Qui
509 1139 634 1186 sunt
667 1145 800 1201 ergo
829 1128 1158 1184 habitatores
1187 1129 1323 1198 ejus,
1349 1127 1446 1180 nisi
1470 1126 1688 1197 perfecti
1718 1127 1818 1181 viri

271 1223 324 1277 ab
340 1237 499 1278 amore
519 1220 704 1274 mundi
727 1219 834 1272 alta
857 1217 1263 1272 conversatione
1287 1215 1558 1286 separati?
1577 1215 1816 1280 Quorum

267 1311 467 1382 profecto
493 1325 626 1364 unus
649 1307 858 1362 caeteris
872 1304 1143 1360 etiicacior
1163 1305 1238 1359 ait
1267 1323 1277 1358 :
1306 1305 1505 1360 Nostra
1527 1319 1822 1360 conversa-

267 1403 327 1455 tio
352 1403 401 1454 in
429 1399 565 1454 co'tis
595 1401 684 1452 est
703 1396 936 1468 (Philip.
959 1411 1038 1463 In,
1073 1398 1181 1464 ΞΟ).
1207 1394 1288 1447 Ad
1307 1395 1406 1448 hos
1426 1393 1628 1462 quippe
1651 1391 1818 1447 nuntii

263 1489 465 1542 mittendi
493 1494 634 1552 sunt,
668 1494 727 1540 ut.
757 1484 854 1539 Dei
884 1499 1062 1537 arcam
1096 1482 1394 1552 suscipiant
1420 1499 1430 1534 :
1457 1481 1581 1552 quia
1611 1482 1680 1534 ad
1703 1481 1820 1536 elc-

264 1578 452 1632 ctiouem
479 1574 820 1630 sacerdotum
849 1573 946 1628 viii
974 1571 1137 1632 sancti
1170 1587 1276 1624 non
1308 1571 1480 1626 solum
1524 1567 1823 1638 recipiendi

261 1676 370 1733 sunt,
397 1664 481 1720 sed
511 1665 672 1718 etiam
721 1661 1004 1716 invitandi.
1058 1661 1122 1714 Et
1168 1659 1486 1726 notandum,
1521 1657 1650 1730 quia
1697 1657 1828 1712 viris

263 1753 622 1810 sublimioribus
649 1767 749 1822 per
775 1751 989 1804 nuntios
1019 1749 1214 1803 dicitur
1239 1767 1250 1801 :
1287 1747 1618 1804 Descendite
1649 1749 1704 1802 et
1738 1761 1824 1800 re-

263 1843 418 1900 ducite
437 1858 575 1899 eam.
611 1840 957 1895 Descendunt
991 1839 1208 1910 quippe,
1235 1838 1358 1907 quia
1392 1837 1649 1891 obediunt
1685 1853 1695 1888 :
1731 1851 1821 1889 ne-

267 1949 496 2004 quaquam
548 1931 698 1986 enim
749 1928 1173 1992 descenderent,
1223 1928 1265 1980 si
1317 1926 1394 1992 id,
1442 1925 1585 1995 quod
1635 1923 1704 1978 ab
1752 1923 1830 1978 eis

265 2021 494 2076 fraternus
541 2035 704 2074 amor
751 2017 974 2087 expetit,
1025 2015 1342 2086 impendere
1385 2013 1621 2083 superba
1654 2021 1830 2066 mente

266 2112 534 2165 refutare-nt.
577 2109 738 2162 Tunc
781 2107 1009 2178 quidem
1057 2120 1184 2160 vere
1233 2102 1488 2157 sublimes
1534 2109 1674 2168 sunt,
1707 2117 1829 2154 cum

263 2215 308 2254 se
333 2199 525 2253 Christo
556 2213 670 2253 non
699 2195 978 2256 auferunt;
1031 2210 1152 2248 cum
1183 2192 1260 2260 id,
1294 2191 1441 2263 quod
1485 2207 1549 2245 ex
1599 2189 1833 2244 fraterno

259 2289 425 2356 judicio
480 2288 556 2342 eis
616 2284 931 2358 imponitur,
990 2297 1098 2337 non
1157 2280 1442 2352 repellunt.
1498 2278 1652 2336 Unde
1709 2285 1834 2347 apte

261 2375 574 2431 subiufertur.

861 2461 1082 2517 CAPUT
1121 2459 1190 2516 ν.

317 2585 350 2637 tl
374 2581 501 2654 Reg.
522 2597 621 2648 vn,
643 2582 717 2650 1.)
751 2577 1043 2635 Venerunt
1065 2592 1190 2649 ergo
1210 2575 1316 2632 viri
1334 2573 1761 2638 Cariathiarim,
1780 2575 1835 2627 et

262 2672 586 2727 reduxerunt
601 2686 801 2726 arcam
818 2668 1065 2732 Domini,
1086 2669 1140 2722 et
1162 2665 1492 2721 intulerunt
1513 2679 1640 2720 eam
1665 2663 1722 2717 in
1747 2661 1838 2716 do-

259 2757 706 2816 mumdminadab
719 2759 782 2812 in
799 2755 1430 2826 Gubaa.(a)Eteazarum
1447 2755 1640 2807 autem
1653 2751 1841 2820 filium

257 2850 356 2918 ejus
381 2849 912 2918 eonetiﬁcaverunt,
931 2848 997 2900 ut
1032 2843 1345 2900 custodiret
1375 2856 1572 2896 arcam
1590 2839 1837 2894 Domini.

318 2968 362 3018 i.
391 2963 696 3019 Aminadab
725 2962 1120 3031 interpretatur,
1169 2957 1402 3028 populus
1432 2972 1584 3011 meus
1613 2961 1840 3026 sponta-

259 3069 400 3112 neus;
431 3054 644 3118 Gubaa,
677 3050 945 3106 sublimis.
977 3049 1046 3103 Et
1074 3047 1330 3102 nimirum
1365 3045 1564 3100 talibus
1593 3059 1722 3099 arca
1743 3042 1843 3097 Dei

1921 539 2306 609 omnipotentis
2327 539 2422 594 Dei
2447 538 2688 609 dignatio
2717 538 2858 594 intus
2879 538 3078 607 visitet,
3101 555 3260 610 quam
3291 539 3389 608 ipsi
3419 555 3520 610 per

1921 629 2154 685 exterius
2182 627 2535 683 ministerium
2569 627 2706 682 bene
2735 627 2968 683 vivendo
2997 636 3051 682 et
3079 627 3324 683 docendo
3380 643 3516 683 con-

1922 716 2137 771 ﬁrmant
2161 717 2188 768 εἱ
2228 717 2381 772 Unde
2407 723 2460 770 et
2489 731 2611 769 cum
2639 714 2806 770 Paulo
2836 730 2944 770 non
2971 715 3199 770 inaniter
3225 715 3520 787 gloriantes

1925 807 2106 860 dicunt
2139 823 2150 859 :
2183 806 2284 862 Dei
2313 803 2530 860 etenim
2560 820 2757 860 sumus
2785 804 3074 874 adjutores
3096 805 3146 873 (Ι
3179 805 3298 860 Cor.
3327 819 3406 872 ιιι,
3439 809 3514 874 9).

1923 893 2028 963 Qui
2056 894 2308 949 nimirum
2355 893 2764 949 conversatione
2793 891 3097 959 fortissimi,
3130 892 3356 947 scientia
3392 908 3520 947 eru-

1925 983 2041 1050 diti,
2074 998 2259 1038 amore
2290 981 2511 1050 fervidi,
2564 979 2865 1036 constantia
2911 980 3134 1049 robusti,
3186 997 3296 1036 non
3342 981 3518 1036 solum

1925 1072 2100 1127 alieno
2148 1087 2255 1125 non
2301 1078 2464 1141 egent
2493 1069 2714 1138 auxilio,
2749 1069 2843 1123 sed
2893 1084 3212 1138 quocunque
3241 1085 3299 1124 se
3328 1069 3522 1126 confe-

1927 1167 2066 1228 runt,
2100 1159 2388 1215 subvenire
2417 1158 2536 1212 aliis
2579 1164 2820 1229 possunt.
2862 1157 3006 1212 Bene
3052 1156 3232 1227 itaque
3278 1156 3518 1213 dicitur:

1927 1249 2264 1304 Eleazarum
2309 1247 2835 1315 sanctiﬁcaverunt,
2867 1251 2934 1302 ut
2961 1245 3272 1303 custodiret
3306 1262 3519 1302 arcam.

1929 1335 2068 1405 Quia
2097 1336 2172 1404 hi,
2205 1335 2402 1408 quibus
2431 1335 2610 1388 adhuc
2641 1334 2818 1390 aliena
2837 1334 3040 1388 auxilia
3063 1335 3362 1389 necessaria
3380 1343 3522 1402 sunt,

1929 1426 2000 1480 ad
2027 1425 2456 1479 subveniendum
2487 1422 2609 1477 aliis
2635 1422 2991 1492 promovendi
3052 1438 3160 1478 non
3206 1432 3350 1479 sunt.
3381 1425 3524 1480 Bene

1929 1514 2059 1568 item
2089 1513 2234 1567 idem
2275 1513 2566 1566 Eleazarus
2610 1510 2752 1565 ﬁlius
2800 1511 3107 1565 Aminadab
3137 1527 3257 1566 esse
3287 1513 3482 1567 dicitur
3510 1531 3522 1567 :

1932 1601 2057 1672 quia
2088 1609 2252 1667 certe,
2277 1600 2365 1670 qui
2399 1601 2468 1654 ad
2491 1599 2844 1654 ministerium
2867 1599 3270 1668 praedicationis
3288 1601 3525 1673 eligitur,

1932 1690 1987 1743 in
2045 1689 2340 1743 imitatione
2394 1696 2704 1742 sanctorum
2769 1687 2996 1756 positus,
3056 1687 3316 1742 auxilium
3371 1705 3532 1745 omne

1849 1807 1902 1868 Β
1933 1778 2078 1851 quod
2109 1777 2328 1833 exhibet
2357 1793 2476 1833 esse
2507 1776 2669 1832 debet
2697 1791 2762 1832 ex
2794 1775 3106 1832 dilectione.

2007 1901 2061 1957 2.
2095 1902 2233 1970 Quia
2262 1918 2391 1957 vero
2441 1917 2536 1957 nos
2584 1901 2832 1971 superius
2875 1900 3172 1971 plaustrum
3205 1902 3532 1974 Scripturam

1941 2007 2172 2056 sacram,
2207 2006 2384 2044 arcam
2432 2006 2557 2044 vero
2598 1989 2874 2045 scientiam
2923 1990 3042 2060 ejus
3086 1990 3384 2062 spiritalem
3423 2007 3538 2046 esse

1941 2080 2199 2148 diximus,
2229 2095 2421 2134 vaccas
2453 2094 2664 2148 quoque
2691 2079 2862 2132 electa
2891 2079 3116 2146 animas,
3143 2079 3304 2134 timor
3322 2080 3537 2135 Betbsa-

1939 2169 2214 2236 mitarum,
2239 2182 2394 2237 quem
2419 2167 2592 2221 inesse
2621 2165 2803 2220 electis
2824 2166 3156 2220 ostendimus
3185 2165 3238 2220 in
3269 2167 3542 2224 oblatione

1941 2255 2283 2323 sacramenti,
2307 2263 2481 2327 potest
2509 2255 2702 2310 referri
2733 2255 2896 2310 etiam
2927 2255 2996 2308 ad
3027 2269 3162 2308 onus
3187 2255 3538 2325 praelationis.

1942 2347 2063 2402 Non
2095 2345 2242 2400 enim
2277 2345 2452 2399 minor
2483 2343 2737 2398 sanctitas
2765 2343 2964 2398 idonea
3009 2350 3090 2397 est
3141 2343 3426 2398 animabus
3453 2343 3542 2398 in-

1947 2433 2235 2501 struendis,
2260 2448 2419 2504 quam
2450 2431 2739 2487 efferendis
2754 2431 2920 2486 sacris
2940 2431 3228 2502 mysteriis.
3258 2432 3322 2486 Et
3342 2431 3545 2488 idcirco

1948 2523 2290 2578 Bethsamita:
2320 2520 2670 2591 perhibentur
2693 2519 2932 2590 percussi
2966 2537 2978 2574 :
3013 2519 3140 2589 quia
3185 2519 3428 2590 plerique
3457 2521 3546 2574 vi-

1949 2620 2080 2667 vunt
2107 2609 2328 2676 subditi,
2354 2609 2443 2679 qui
2475 2609 2776 2664 moriuntur
2800 2607 3035 2678 praelati.
3057 2607 3229 2662 Habet
3253 2608 3394 2662 enim
3423 2624 3552 2666 arca

1950 2701 2049 2756 Dei
2081 2700 2242 2755 etiam
2269 2698 2600 2753 extrinsecus
2631 2695 3110 2766 pulchritudinem,
3145 2711 3304 2766 quam
3352 2697 3396 2752 si
3441 2699 3550 2753 mi-

1951 2789 2122 2843 nister
2147 2786 2390 2840 inﬁrmus
2421 2801 2528 2840 non
2560 2785 2628 2840 ad
2659 2784 2958 2853 spiritalem
3003 2785 3425 2854 venerationem,
3458 2787 3554 2841 sed

1953 2877 2022 2932 ad
2045 2875 2532 2946 concupiscentiam
2551 2873 2870 2928 saecularem
2885 2872 3200 2942 inspexerit,
3215 2890 3554 2945 nequaquam

1953 2965 2104 3022 vivit.
2126 2967 2264 3019 Bene
2285 2964 2464 3032 itaque
2479 2977 2636 3016 causa
2649 2961 3012 3031 percussionis
3027 2977 3212 3016 eorum
3230 2962 3554 3032 declaratur,

1955 3069 2076 3111 cum
2093 3053 2317 3108 dicitur:
2349 3052 2489 3120 Quia
2501 3051 2768 3108 viderunt
2783 3066 2976 3106 arcam
3000 3049 3118 3106 Dei.
3135 3049 3278 3119 Quid
3297 3060 3374 3107 est
3387 3051 3552 3120 enim,

260 3142 618 3196 committenda
671 3147 770 3194 est.
827 3137 1060 3208 Populus
1108 3150 1343 3204 namque
1378 3141 1712 3205 spontaneus
1742 3138 1836 3200 est1

1959 3144 2240 3210 viderunt,
2255 3141 2354 3195 nisi
2371 3139 2495 3212 quia
2509 3139 2556 3210 ej
2565 3156 2627 3194 us
2645 3138 2877 3210 gloriam
2891 3138 3128 3194 videndo
3139 3140 3556 3211 concupierunt?

260 3245 392 3298 quem
417 3231 487 3284 ad
515 3229 836 3286 exercenda
862 3227 1118 3282 virtutum
1165 3239 1354 3295 Opera,
1405 3221 1524 3277 sola
1575 3221 1720 3276 bona
1749 3235 1839 3277 vo-

261 3318 410 3374 luntas
441 3320 626 3386 trahit,
662 3332 820 3388 quem
856 3316 926 3371 ad
951 3313 1231 3384 implenda
1262 3311 1520 3366 mandata
1541 3309 1638 3364 Dei
1665 3324 1851 3364 neces-

264 3409 376 3462 sitas
401 3424 504 3464 non
535 3405 848 3478 compellit.
880 3403 1030 3473 Quos
1055 3403 1312 3457 nimirum
1338 3400 1438 3454 sub
1469 3399 1626 3454 unius
1659 3397 1852 3453 descri-

262 3499 420 3566 ptione
461 3498 660 3552 beatus
705 3494 901 3549 Paulus
942 3491 1242 3562 praedicat,
1295 3489 1482 3545 dicens
1535 3505 1547 3541 :
1600 3488 1850 3543 Hilarem

259 3587 489 3641 datorem
518 3584 716 3656 diligit
745 3583 892 3638 Deus
921 3581 1001 3649 (II
1021 3579 1144 3636 Cor.
1168 3594 1250 3646 Ix,
1272 3581 1350 3648 7).
1383 3577 1516 3646 Quae
1549 3584 1628 3630 est
1659 3577 1853 3632 domus

265 3675 525 3744 spontanei
550 3673 773 3744 populi,
805 3671 912 3724 nisi
944 3668 1342 3724 munimentum
1370 3669 1568 3720 sancta!
1595 3662 1850 3719 dilectio-

259 3764 329 3818 nis
343 3763 369 3817 ?
390 3764 526 3818 Nam
547 3763 606 3818 in
627 3761 886 3817 virtutum
908 3757 1204 3812 ministerio
1225 3762 1556 3824 spontaneus
1585 3769 1706 3808 esse
1739 3768 1850 3808 non

263 3861 441 3920 passet,
471 3853 516 3906 si
564 3850 909 3905 mansionem
939 3845 1038 3900 sibi
1069 3843 1374 3899 dilectionis
1416 3839 1524 3898 nun
1572 3842 1848 3910 conderet,

262 3937 377 4008 Quae
401 3941 656 4012 profecto
693 3938 888 3992 domus
917 3935 972 3989 in
993 3933 1202 4000 Gabaa,
1224 3933 1280 3986 id
1309 3939 1388 3988 est
1417 3931 1472 3986 in
1505 3931 1719 3985 sublimi
1751 3931 1853 3985 sita

265 4030 587 4100 cognoscitur
619 4045 632 4080 :
669 4026 798 4096 quia
843 4023 1118 4080 cbaritatis
1167 4021 1449 4076 altitudine
1491 4021 1562 4074 ad
1613 4020 1852 4075 coelestia

267 4117 611 4173 sublevamur.
667 4115 764 4170 Vel
795 4121 938 4169 certe
981 4112 1036 4166 in
1086 4110 1298 4165 sublimi
1346 4117 1427 4164 est
1475 4109 1697 4174 domus,
1725 4111 1851 4179 quia

265 4207 471 4261 cbaritas
501 4205 762 4262 omnibus
791 4201 1076 4257 virtutibus
1103 4199 1414 4254 antefertur.
1436 4199 1574 4252 Nam
1606 4196 1848 4253 sublimi-

267 4293 370 4349 tatis
397 4297 554 4366 hujus
583 4291 930 4348 altitudinem
961 4289 1239 4344 insinuans
1265 4288 1482 4354 Paulus,
1512 4287 1585 4341 ait
1618 4304 1629 4339 :
1657 4287 1850 4344 Adhuc

267 4385 725 4450 excellentiorem
747 4381 894 4435 viam
919 4379 1067 4436 vobis
1087 4376 1506 4434 demonstro.Si
1521 4377 1731 4446 linguis
1751 4376 1846 4431 ho-

261 4472 460 4527 minum
489 4474 694 4544 loquar
713 4473 770 4527 et
783 4468 1138 4540 angelorum,
1151 4467 1492 4522 charitatem
1507 4468 1704 4519 autem
1723 4480 1837 4520 non

260 4560 488 4626 habeam,
503 4564 702 4630 factus
727 4573 856 4614 sum
877 4557 1030 4612 velut
1053 4571 1130 4610 (es
1151 4570 1361 4610 sonans
1387 4557 1492 4608 aut
1514 4553 1836 4625 cymbalum

263 4650 492 4705 tinnien:
533 4650 584 4720 (ι
617 4649 737 4704 Cor.
781 4662 884 4712 xu,
916 4645 1018 4711 3t;
1052 4659 1174 4710 xm,
1209 4647 1281 4712 1).
1335 4641 1479 4710 Quid
1526 4649 1602 4697 est
1641 4651 1840 4711 autem,

259 4739 384 4806 quod
411 4739 730 4793 Eleazarum
760 4733 1096 4790 sanctiﬁcant
1123 4732 1192 4786 ad
1221 4730 1632 4786 custodiendum
1661 4746 1838 4785 arcam

261 4824 344 4879 Dei
366 4827 392 4878 ‘i
437 4827 550 4882 Sed
581 4826 684 4880 hoc
717 4823 966 4878 nimirum
999 4836 1066 4875 ex
1094 4835 1194 4875 usu
1221 4827 1423 4874 sancta:
1454 4818 1707 4874 Ecclesiae
1736 4833 1841 4874 no-

259 4913 432 4982 vimus,
481 4915 614 4986 quia
661 4913 866 4969 electus
913 4909 1160 4964 minister
1211 4908 1360 4978 prius
1409 4907 1675 4962 benedicti
1718 4923 1842 4962 nem

261 5003 672 5058 consecrationis
696 5017 728 5056 a
769 4999 994 5054 summis
1021 4997 1150 5054 viris
1177 4996 1373 5066 accipit
1401 5011 1562 5066 quam
1592 4995 1841 5050 ministe-

259 5090 376 5147 n'um
417 5090 710 5162 impendat
756 5087 1066 5144 oblationis.
1101 5084 1240 5153 Quia
1268 5101 1400 5140 vero
1432 5084 1716 5138 Eleazarus
1743 5084 1842 5138 Dei

261 5179 446 5246 adiutor
471 5180 695 5244 dicitur,
761 5177 917 5245 162
977 5176 1220 5245 profecto
1259 5174 1560 5228 ostenditur
1603 5173 1692 5243 qui
1737 5189 1842 5228 non

260 5267 406 5322 solum
451 5266 780 5323 sanctiﬁcari
833 5264 931 5320 Dei
979 5262 1206 5318 ministri
1256 5263 1507 5329 debeant,
1541 5262 1642 5316 sed
1681 5261 1843 5316 etiam

263 5353 430 5425 inspici
458 5356 657 5428 quales
669 5356 774 5409 sint
795 5353 864 5408 ad
885 5353 1131 5422 ejusdem
1151 5349 1578 5407 consecrationis
1593 5350 1844 5407 ordinem

263 5445 624 5516 promovendi.
667 5443 768 5514 Qui
799 5443 944 5499 enim
971 5449 1095 5498 sunt
1124 5441 1219 5497 Dei
1249 5439 1599 5512 adjutorium,
1625 5440 1724 5496 nisi
1755 5441 1843 5512 qui

1956 3234 2110 3288 Nunc
2167 3238 2369 3295 autem,
2416 3237 2634 3284 auctore
2677 3228 2821 3296 Deo,
2871 3243 2968 3299 per
3017 3227 3204 3283 orbem
3249 3229 3558 3284 universum

1957 3328 2155 3376 sanctae
2200 3317 2458 3374 Ecclesiae
2503 3317 2678 3389 gloria
2708 3324 2790 3372 est
2833 3317 3072 3387 copiosa.
3133 3315 3266 3386 Quae
3309 3316 3558 3386 profecto

1957 3409 2152 3481 gloria,
2183 3408 2310 3479 quia
2339 3423 2371 3462 a
2399 3406 2646 3476 reprobis
2673 3405 3050 3461 sacerdotibus
3094 3405 3425 3461 surculariter
3451 3421 3559 3478 ap-

1957 3497 2178 3566 petitur,
2211 3494 2550 3551 Bethsamita:
2581 3493 2682 3548 viri
2713 3509 2896 3549 arcam
2927 3493 3023 3549 Dei
3055 3493 3296 3549 exterius
3321 3494 3560 3552 videndo

1958 3584 2282 3640 moriuntur.
2338 3585 2479 3638 Nom
2509 3582 2651 3638 enim
2683 3581 2980 3652 spiritalem
3009 3583 3128 3653 ejus
3156 3583 3416 3640 honorem
3459 3598 3561 3655 pro

1959 3674 2166 3728 interna
2209 3673 2464 3728 virtutum
2515 3671 2690 3743 gloria
2733 3677 3011 3741 appetunt,
3043 3672 3140 3726 sed
3187 3681 3245 3727 ut
3289 3688 3431 3730 arca}
3461 3673 3559 3730 Dei

1959 3761 2302 3834 splendoem
2335 3759 2566 3830 rapiant,
2595 3767 2649 3814 et
2673 3759 3048 3816 ecclesiasticae
3074 3760 3406 3830 praelationis
3447 3762 3559 3818 ful-

1959 3865 2168 3923 gorem,
2190 3850 2245 3903 in
2274 3849 2406 3904 ﬂore
2433 3847 2616 3904 saeculi
2646 3849 2762 3903 suis
2783 3849 3015 3903 cultibus
3043 3850 3236 3904 ferant.
3261 3853 3400 3906 Area
3429 3867 3560 3922 quo-

1960 3954 2062 4010 que
2081 3939 2178 3994 Dei
2199 3939 2341 3991 male
2364 3936 2494 3992 foris
2509 3936 2577 3991 ad
2593 3936 3000 4006 percussionem
3016 3939 3319 4008 respicitur,
3339 3943 3558 4010 quando

1958 4026 2210 4098 flagitiosi
2237 4025 2512 4096 praepositi
2541 4025 2878 4079 subditorum
2910 4042 3256 4095 personarum
3301 4029 3555 4086 exteriori

1957 4114 2138 4186 specie
2168 4113 2388 4181 devicti,
2419 4113 2490 4167 ad
2520 4113 2792 4168 carnalem
2821 4113 3313 4183 concupiscentiam
3342 4126 3555 4188 pertra-

1958 4205 2174 4258 huntur.
2198 4202 2308 4256 Viri
2339 4201 2530 4256 timore
2560 4201 2832 4273 ingentem
2864 4199 3258 4257 multitudinem
3289 4205 3553 4276 concupi-

1955 4293 2172 4348 scentiae
2186 4292 2292 4346 telo
2305 4297 2624 4362 prostratam
2640 4290 2922 4358 intuentes,
2946 4288 3131 4344 dicunt
3155 4307 3167 4344 :
3199 4291 3329 4360 Qui:
3343 4296 3556 4365 poterit

1953 4385 2110 4438 stare
2139 4382 2202 4436 in
2232 4382 2534 4450 conspectu
2563 4378 2787 4434 Domini
2817 4377 2916 4433 Dei
2953 4379 3144 4434 sancti
3191 4378 3403 4450 hujus?
3431 4382 3554 4439 Stat

1957 4468 2179 4539 quippe,
2211 4469 2264 4522 in
2293 4475 2584 4538 conSpectu
2613 4466 2734 4534 Dei,
2767 4466 2856 4537 qui
2887 4466 3040 4521 fortis
3067 4475 3146 4522 est
3174 4467 3229 4521 in
3259 4469 3450 4526 ordine
3479 4472 3554 4526 di-

1956 4557 2064 4613 vini
2097 4556 2398 4611 ministerii.
2433 4555 2587 4612 Stare
2635 4555 2835 4610 etenim
2879 4555 3211 4611 fortitudinis
3252 4566 3354 4626 est,
3385 4559 3554 4614 mini-

1951 4653 2122 4700 strare
2147 4645 2412 4715 obsequii.
2461 4645 2614 4700 Stare
2643 4659 2774 4715 ergo
2802 4643 2856 4697 in
2882 4653 3177 4714 conspectu
3207 4645 3305 4701 Dei
3335 4647 3551 4718 dicitur,

1953 4734 2042 4804 qui
2093 4733 2338 4788 ordinem
2385 4732 2605 4804 superni
2654 4731 2814 4788 oﬁicii
2867 4731 2923 4786 in
2979 4733 3261 4790 altitudine
3313 4735 3556 4806 disponit

1953 4823 2134 4894 dignae
2173 4821 2622 4886 conversationis;
2657 4820 2746 4890 qui
2774 4821 2828 4874 in
2856 4819 3151 4877 ministerio
3179 4839 3286 4893 quo
3317 4824 3556 4897 fungitu-

1949 4911 2100 4967 nullo
2141 4909 2382 4982 appetitu
2431 4908 2778 4964 ecclesiastici
2814 4909 3034 4964 honoris
3078 4911 3362 4980 decipitur,
3405 4914 3554 4969 nulla

1951 4999 2153 5054 carnali
2183 4997 2618 5068 concupiscentia
2647 5006 2947 5068 superatur.
2971 4997 3112 5066 Quia
3139 5014 3268 5054 vero
3299 5009 3406 5055 tam
3433 5001 3556 5056 ido-

1952 5087 2039 5143 nei
2071 5087 2300 5142 ministri
2352 5101 2476 5142 raro
2527 5086 2887 5154 inveniuntur,
2921 5085 3114 5141 merito
3155 5087 3382 5141 dicunt:
3419 5089 3554 5156 Qui:

1952 5179 2163 5250 poterit
2182 5179 2341 5231 stare
2370 5176 2432 5230 in
2455 5179 2762 5248 conspectu
2777 5175 3003 5229 Domini
3014 5175 3112 5229 Dei
3125 5177 3314 5230 sancti
3332 5177 3504 5247 hujus
3535 5195 3556 5232 .-

1953 5265 2024 5320 Et
2053 5265 2178 5334 quia
2209 5271 2412 5318 tantum
2443 5279 2578 5319 onus
2605 5262 2814 5334 parvuli
2847 5261 3040 5315 Christi
3069 5260 3198 5316 viris
3243 5261 3556 5322 fortioribus

1954 5354 2224 5420 deserunt,
2258 5353 2496 5408 subdunt
2529 5370 2541 5406 :
2576 5353 2645 5408 Et
2683 5351 2756 5406 ad
2791 5365 2953 5422 quem
2992 5348 3258 5407 ascendet
3285 5367 3320 5408 (ι
3348 5355 3507 5412 nobis
3531 5360 3557 5413 .’

1955 5443 2242 5514 Quomodo
2261 5450 2441 5497 autem
2457 5441 2526 5496 ad
2544 5440 2872 5495 habitatores
2889 5435 3271 5497 Cariatbiarim
3306 5443 3555 5504 miserint

327 5623 398 5696 (α)
423 5624 554 5682 Hec
582 5622 646 5679 in
669 5619 882 5680 coteris
903 5619 1063 5678 editis
1087 5618 1287 5680 omissa
1315 5617 1644 5678 restituenda
1669 5618 1944 5697 duximus,
1976 5619 2099 5696 quia
2129 5619 2274 5678 infra
2313 5627 2570 5693 tanquam
2594 5617 2712 5696 jam
2736 5615 3015 5695 proposita
3041 5629 3406 5694 exponuntur.

534 5750 778 5818 ΡΑτιιοι..
819 5746 1068 5810 LXXIX.

3228 5743 3270 5824 '1
