4034 6174
505 350 608 407 203

1701 338 1950 399 SANCTl
1990 324 2335 397 GREGORll
2378 330 2601 394 mem

3705 334 3801 396 204

507 474 782 545 quomodo
812 487 992 528 arcam
1024 472 1121 527 Dei
1150 471 1204 526 in
1231 472 1453 526 domum
1480 468 1785 524 Aminadab
1811 467 2105 539 intulerint,
2134 471 2189 530 A
2217 467 2285 521 ad
2316 465 2503 520 mundi
2530 480 2774 520 amorem
2815 473 2991 535 potest
3034 459 3215 534 dejici,
3244 470 3367 535 post
3392 452 3682 521 Dominum
3709 482 3807 522 ne-

503 563 777 633 quomodo
806 563 1123 616 Eleazarum
1152 559 1618 627 sanctiﬁcaverint,
1650 559 1785 614 sicut
1813 575 1976 630 supra
2002 575 2103 613 ex-

501 654 738 722 positum
769 660 868 717 est,
899 668 1009 706 non
1035 660 1322 705 mutamus.

573 742 752 811 (Vers.
785 743 861 808 2.)
901 742 1064 807 163
1099 742 1163 795 Et
1204 744 1426 810 factum
1457 746 1540 796 est
1569 758 1644 796 ea:
1692 757 1796 812 quo
1841 755 1975 794 arca
2006 737 2104 792 Dei

500 834 719 889 mansit
740 830 803 885 in
837 830 1259 894 Cariathiarim,
1289 830 1673 900 multiplicati
1701 833 1836 884 sunt
1868 828 2006 883 dies.

575 921 630 975 Si
664 920 732 974 ad
778 917 1059 972 historiam
1109 918 1449 986 respicimus,
1487 918 1603 972 dies
1640 918 1934 972 mansionis
1964 933 2103 971 arcae

503 1007 845 1079 multiplicati
874 1015 1013 1075 sunt,
1038 1007 1166 1076 quia
1196 1006 1304 1061 illic
1336 1007 1502 1061 multo
1536 1015 1777 1077 tempore
1808 1006 1923 1060 fuit.
1951 1005 2102 1061 Unde

502 1109 553 1154 et
582 1098 832 1153 subditur
862 1115 873 1150 :

575 1187 751 1252 (Vers.
786 1187 865 1251 2.)
897 1187 1037 1241 Erat
1064 1185 1216 1241 enim
1246 1201 1437 1241 annus
1466 1186 1785 1241 vicesimus.

570 1278 639 1330 Et
669 1276 739 1329 ad
777 1274 907 1344 quid
933 1274 1089 1327 istam
1135 1273 1342 1328 dierum
1377 1274 1884 1344 multiplicationem
1927 1274 2098 1329 intro-

506 1364 738 1430 duxerit,
771 1363 1028 1429 subdens,
1057 1362 1130 1416 ait
1165 1381 1176 1416 :

573 1453 747 1521 (Vers.
770 1455 847 1522 2.)
873 1453 938 1505 Et
957 1452 1233 1523 requievit
1247 1451 1431 1507 omnis
1445 1451 1617 1506 Israel
1639 1457 1762 1523 post
1780 1453 2099 1507 Dominum.

569 1541 702 1610 Qum
731 1541 987 1595 nimirum
1026 1539 1242 1609 requies
1287 1540 1341 1593 in
1384 1540 1479 1594 illo
1528 1541 1691 1596 veteri
1740 1541 1944 1610 pOpulo
1993 1557 2098 1595 non

493 1632 760 1687 honorum
790 1643 1032 1699 operum,
1066 1627 1161 1681 sed
1193 1627 1348 1682 bona)
1392 1628 1695 1683 devotionis
1744 1628 2098 1699 intelligenda

502 1729 600 1776 est.
633 1721 772 1773 Nam
802 1717 1041 1789 sequitur
1072 1734 1083 1769 :

2214 572 2483 625 quaquam
2511 553 2812 623 requiescit.
2856 556 2988 609 Cum
3017 569 3149 625 ergo
3177 562 3359 608 manet
3386 570 3513 609 arca
3537 555 3595 608 in
3623 554 3806 609 Caria-

2216 644 2448 713 thiarim,
2482 652 2533 698 et
2563 644 2677 697 dies
2704 643 3144 713 multiplicantur,
3174 643 3455 698 universus
3482 644 3646 698 Israel
3691 654 3811 714 post

2211 732 2505 788 Dominum
2525 731 2810 803 requiescit
2837 749 2850 784 :
2883 731 3007 801 quia
3025 730 3268 802 profecto
3288 730 3417 785 dum
3447 732 3633 787 electae
3664 749 3808 788 men-

2213 822 2280 874 tis
2321 821 2545 875 scientia
2590 820 2644 874 in
2691 820 3083 889 experientiam
3139 835 3387 889 supernae
3439 819 3810 876 delectationis

2212 909 2457 980 erigitur,
2490 910 2619 963 dum
2652 910 2769 963 lace
2798 908 2991 963 refusas
3033 908 3242 979 gloriae,
3288 908 3543 963 virtutum
3588 909 3808 978 spirita-

2211 998 2341 1051 lium
2371 998 2469 1051 sibi
2502 996 2772 1052 claritates
2814 996 3201 1069 glomerantur,
3234 996 3587 1052 imitationem
3616 998 3809 1053 Domi-

2210 1086 2389 1140 nicam
2422 1095 2599 1141 tenere
2628 1101 2693 1140 en
2720 1086 3149 1155 perseverantius
3175 1093 3352 1155 potest
3381 1102 3507 1156 quo,
3533 1087 3809 1142 immensis

2209 1175 2473 1229 illustrata
2526 1173 2880 1241 claritatibus,
2930 1190 3022 1229 eas
3070 1173 3322 1229 tenebras
3362 1174 3556 1245 quibus
3600 1191 3631 1229 a
3676 1191 3806 1231 vero

2209 1263 2482 1317 dividatur
2514 1263 2719 1317 lumine
2736 1263 2933 1318 sentire
2955 1278 3063 1319 non
3082 1270 3276 1332 potest.
3302 1263 3456 1319 Unde
3482 1272 3533 1318 et
3554 1264 3692 1319 bene
3715 1265 3804 1335 qui

2208 1360 2329 1423 post
2359 1351 2644 1406 Dominum
2684 1352 2844 1420 164
2875 1352 3211 1421 requiescere
3239 1351 3452 1421 dicitur,
3485 1353 3649 1408 Israel
3686 1369 3805 1408 esse

2206 1439 2538 1509 perhibetur,
2572 1439 2821 1494 videlicet
2847 1440 3036 1494 videns
3062 1440 3234 1494 Deum
3269 1458 3281 1493 :
3316 1442 3444 1510 quia
3485 1457 3590 1511 quo
3641 1442 3804 1496 altius

2208 1530 2605 1598 contemplator
2651 1529 2705 1582 in
2749 1529 2929 1583 divina
2961 1528 3183 1599 rapitur,
3215 1544 3279 1583 ea
3308 1529 3376 1583 ab
3408 1530 3655 1584 humanis
3684 1548 3807 1601 quae

2206 1624 2455 1686 potenter
2480 1616 2691 1671 cohibet
2719 1633 3058 1687 nequaquam
3091 1625 3391 1688 superatur.

2278 1718 2328 1767 6.
2356 1715 2548 1769 Verum
2572 1714 2714 1785 quia,
2739 1723 2955 1769 auctore
2969 1716 3100 1782 Deo,
3124 1732 3305 1771 arcam
3326 1717 3443 1786 ejus
3460 1717 3807 1787 proﬁciscen-

573 1810 744 1877 (Vcrs.
774 1808 851 1877 3.)
886 1807 1181 1860 Aitautem
1195 1806 1849 1861 Samuelactzmiversam
1867 1807 2093 1861 domum
2126 1822 2175 1881 Β
2210 1810 2310 1857 tem
2344 1819 2509 1874 usque
2532 1804 2599 1857 ad
2625 1803 2967 1857 sublimitatis
2988 1804 3104 1873 ejus
3123 1805 3287 1859 situm
3317 1804 3663 1873 deduximus,
3694 1824 3806 1878 quo

498 1899 694 1966 Israel,
712 1897 902 1952 dicem
920 1916 937 1948 :
960 1895 1017 1950 Si
1040 1895 1101 1949 in
1126 1898 1238 1950 toto
1255 1894 1416 1948 corde
1434 1899 1614 1949 vestro
1640 1896 1996 1951 revertimini
2025 1896 2096 1950 ad

497 1990 669 2045 Deum
682 2026 695 2053 ,
711 1986 934 2056 auferte
947 1985 1075 2038 deos
1087 1983 1302 2038 alienos
1314 1982 1379 2036 de
1392 1982 1572 2037 medio
1586 1990 1858 2048 vestrum,
1879 1984 2097 2039 Baalim

499 2082 555 2132 et
590 2073 895 2133 Astaroth;
925 2076 979 2126 et
1006 2076 1327 2143 praeparate
1353 2070 1519 2125 corda
1551 2074 1733 2125 vestra
1763 2073 2015 2135 Domino,
2041 2076 2096 2128 et

496 2165 705 2222 :ervite
735 2164 788 2216 ei
807 2161 934 2227 soli,
958 2164 1011 2215 et
1044 2158 1302 2214 liberabit
1328 2174 1417 2214 vos
1434 2158 1501 2213 de
1520 2175 1700 2213 manu
1718 2160 2091 2215 Philisthiim.

570 2258 620 2306 3.
654 2250 755 2318 Qui
787 2250 920 2304 deos
950 2248 1154 2302 alienos
1184 2247 1254 2301 de
1280 2246 1459 2301 medio
1490 2247 1569 2300 sui
1601 2263 1706 2302 non
1737 2247 2090 2317 abstulerant,

495 2341 596 2396 nisi
625 2341 767 2395 bona
795 2337 1087 2403 voluntate,
1110 2343 1229 2405 post
1260 2335 1549 2389 Dominum
1583 2336 1855 2404 quomodo
1883 2337 2095 2405 requie-

495 2430 717 2484 scebant
736 2427 764 2479 ‘2
788 2425 920 2494 Qua:
940 2424 1191 2478 nimirum
1224 2422 1405 2477 omnia
1434 2421 1477 2475 si
1495 2422 1807 2493 spiritaliter
1823 2423 2096 2493 inquiran-

499 2526 601 2585 lur,
635 2517 752 2569 dies
790 2512 1087 2567 mansionis
1133 2527 1271 2566 arere
1318 2510 1766 2581 multiplicantur.
1819 2512 1927 2565 Sed
1970 2529 2091 2567 cum

499 2612 681 2660 manet
712 2603 767 2656 in
798 2601 1003 2667 Gabaa,
1036 2616 1158 2654 cum
1205 2607 1383 2653 manet
1436 2599 1491 2652 in
1538 2599 1783 2655 custodia
1810 2600 2087 2665 Eleazari;

498 2695 619 2766 quia
648 2708 768 2747 cum
808 2690 1107 2744 animarum
1156 2686 1396 2744 ﬁdelium
1445 2704 1570 2742 cura
1615 2688 1759 2758 apud
1812 2690 2095 2761 religiosos

496 2783 883 2856 praedicatores
938 2777 1263 2844 reconditur,
1316 2777 1577 2846 perfectio
1610 2777 1931 2849 religionis,
1975 2795 2094 2848 quae

496 2870 712 2928 sublimi
767 2867 1014 2923 doctrina
1041 2865 1394 2936 impenditur,
1426 2865 1690 2920 bonorum
1720 2881 1945 2935 Operum
1978 2876 2094 2922 stu-

498 2963 589 3017 dio
620 2958 964 3029 adimpletur.
988 2955 1141 3011 Unde
1169 2962 1221 3009 et
1248 2971 1417 3008 annus
1435 2954 1720 3009 vicesimus
1748 2963 1868 3009 tunc
1896 2956 2095 3013 instare

499 3051 701 3105 relatus
730 3055 826 3101 est.
877 3045 931 3100 Si
963 3045 1103 3101 enim
1138 3044 1394 3098 denarius
1424 3059 1677 3097 numerus
1703 3044 2092 3113 perfectionem

495 3137 731 3206 antiquae
762 3133 921 3205 Legis
962 3132 1231 3207 designat,
1265 3130 1395 3201 quid
1424 3131 1743 3200 vicenarius,
1775 3132 1873 3186 nisi
1903 3134 2091 3203 splen-

496 3226 765 3281 didiorem
796 3238 951 3278 novae
998 3221 1123 3276 vitae
1165 3220 1480 3292 religionem
1508 3219 1777 3291 signiﬁcat
1797 3223 1824 3273 ‘I
1857 3222 2091 3278 Vicena-

498 3315 608 3371 rius
634 3313 835 3383 quippe
865 3326 1145 3377 numerus,
1176 3309 1429 3363 denarius
1456 3316 1535 3363 est
1580 3309 1909 3378 duplicatus.
1950 3309 2091 3379 Quid

494 3414 635 3460 certe
664 3418 918 3457 numerus
948 3400 1000 3452 in
1030 3399 1321 3454 electorum
1350 3398 1755 3453 conversatione
1798 3398 2090 3470 perﬁcitur,

497 3509 619 3548 cum
645 3508 745 3562 per
774 3505 1012 3545 amorem
1043 3487 1213 3542 vitant
1242 3486 1411 3558 Legis
1437 3486 1732 3556 prohibita,
1762 3494 1814 3542 et
1841 3487 2095 3544 sublimia

497 3579 779 3651 Evangelii
808 3578 1071 3632 mandata
1101 3576 1392 3647 complent.

567 3680 622 3733 4.
647 3677 786 3746 Quia
814 3692 941 3731 vero
971 3689 1070 3730 nos
1096 3689 1234 3728 arcae
1255 3674 1647 3744 profectionem
1674 3673 1742 3728 ad
1762 3674 2094 3745 contempla-

499 3770 624 3826 tiva:
673 3769 799 3823 vitae
844 3763 1230 3835 perfectionem
1276 3762 1576 3830 retulimus,
1620 3763 1675 3816 in
1722 3762 2091 3819 Cariathiarim

498 3866 677 3917 manet
700 3871 823 3911 arca
841 3854 963 3919 Dei,
982 3869 1105 3907 cum
1121 3851 1342 3906 eruditae
1364 3859 1571 3906 mentes
1589 3852 2091 3922 contemplantium,

499 3949 745 4023 ejusdem
794 3940 1112 3999 eruditionis
1157 3956 1265 3995 suae
1305 3940 1545 4008 donum,
1591 3940 1647 3994 in
1698 3940 2093 3997 oblectamento

498 4037 786 4115 perﬁciunt
830 4030 1080 4087 revelatis
1125 4029 1227 4083 sibi
1270 4045 1517 4098 supernae
1569 4028 1843 4084 claritatis.
1888 4031 2095 4101 Viginti

506 4130 710 4203 quippe
738 4123 893 4178 annis
918 4126 1099 4174 manet
1144 4117 1218 4172 ibi
1267 4134 1409 4172 nunc
1453 4133 1577 4173 arca
1606 4118 1725 4188 Dei,
1757 4119 1883 4188 quia
1909 4121 2095 4175 electae

502 4219 715 4283 anima),
746 4213 815 4267 ad
846 4206 1186 4266 exaltationis
1235 4206 1438 4262 intimae
1483 4207 1697 4261 culmen
1741 4214 1961 4274 evectae,
1991 4209 2094 4261 ha-

497 4310 628 4364 bent
669 4301 947 4359 denarium
1006 4312 1286 4351 numerum
1344 4295 1398 4347 in
1450 4294 1781 4362 perfectione
1836 4294 2092 4362 scientiae,

498 4391 832 4453 vicenarium
860 4401 988 4441 vero
1016 4386 1069 4437 in
1088 4398 1321 4452 superna
1338 4381 1716 4435 delectatione.
1740 4383 1913 4436 Potest
1934 4382 2096 4437 etiam

500 4484 710 4537 dierum
739 4473 1116 4542 multiplicatio
1146 4472 1214 4525 ad
1244 4471 1498 4524 virtutum
1544 4470 1861 4538 spiritalium
1911 4471 2092 4525 incre-

2125 3179 2174 3241 C

2206 1892 2383 1945 studio
2414 1892 2737 1960 pnedicator
2762 1908 2891 1963 erga
2921 1891 3257 1947 subditorum
3287 1894 3672 1949 correctionem
3726 1897 3807 1950 in-

2206 1978 2417 2049 vigilct,
2449 1980 2748 2035 videamus.
2781 1981 2920 2034 Nam
2947 1981 3217 2051 sequitur:
3249 1984 3315 2036 Et
3345 1983 3428 2038 ait
3458 1984 3686 2040 Samuel
3730 1986 3808 2041 ad

2204 2070 2527 2122 universam
2547 2068 2775 2124 domum
2798 2069 2980 2125 Israel
3004 2090 3021 2123 :
3041 2070 3099 2125 Si
3118 2071 3179 2124 in
3205 2074 3319 2126 toto
3342 2071 3503 2128 corde
3519 2077 3706 2131 vestro
3726 2090 3811 2129 re-

2205 2159 2499 2211 vertimini
2547 2157 2620 2211 ad
2663 2157 2994 2225 Dominum,
3028 2160 3251 2230 auferte
3298 2160 3427 2216 deos
3470 2162 3689 2217 alienos
3738 2164 3809 2218 de

2204 2243 2390 2299 medio
2404 2250 2670 2301 vestrum.
2688 2245 2835 2314 Quos
2850 2254 3026 2301 autem
3049 2246 3253 2302 alienos
3269 2248 3400 2302 deos
3417 2248 3697 2320 Scriptura
3714 2268 3810 2307 sa-

2203 2346 2295 2387 cra
2324 2333 2601 2403 appellare
2629 2335 2926 2403 consuevit,
2951 2334 3054 2388 nisi
3073 2336 3365 2403 daemonia,
3386 2354 3506 2407 qum
3535 2338 3589 2393 in
3611 2355 3808 2395 manu-

2205 2420 2361 2475 factis
2391 2422 2698 2477 simulacris
2722 2422 3013 2477 habitant?
3044 2425 3102 2478 In
3133 2424 3383 2480 Samuele
3402 2441 3578 2481 novos
3600 2437 3811 2485 sanctae

2202 2508 2461 2565 Ecclesiae
2487 2511 2871 2579 praedicatores
2900 2511 3172 2583 designari
3202 2514 3459 2568 diximus.
3510 2516 3673 2571 Recte
3703 2517 3810 2573 ita-

2204 2613 2307 2666 que
2336 2598 2403 2652 de
2431 2599 2614 2653 medio
2640 2599 2720 2653 sui
2754 2600 2889 2654 deos
2937 2600 3142 2655 alienos
3185 2601 3239 2655 in
3286 2603 3590 2658 universam
3632 2607 3807 2662 Israel

2203 2686 2427 2742 domum
2457 2687 2668 2742 auferre
2698 2689 2953 2759 praecepit
2982 2707 2994 2742 :
3029 2690 3153 2759 quia
3203 2690 3256 2744 in
3302 2692 3685 2749 accedentibus
3730 2697 3809 2752 ad

2201 2773 2364 2830 fidem
2398 2775 2721 2843 Gentilibus,
2752 2792 2861 2831 non
2890 2776 3065 2832 solum
3096 2787 3258 2834 rectae
3285 2779 3635 2848 profectionis
3660 2786 3810 2840 veri-

2205 2871 2363 2919 tatem
2392 2864 2808 2934 praedicatorum
2836 2865 2970 2921 ordo
3000 2866 3171 2936 petiit,
3195 2868 3289 2922 sed
3320 2869 3480 2923 etiam
3501 2871 3812 2930 damnatio-

2203 2968 2327 3008 nem
2358 2953 2592 3023 antiquaa
2619 2953 3033 3024 superstitionis.
3084 2955 3173 3009 Nil
3214 2956 3354 3011 enim
3400 2958 3479 3013 eis
3523 2960 3812 3030 prodesset

2203 3041 2483 3096 veritatem
2539 3041 2850 3111 proﬁtendo
2898 3043 3098 3111 colere,
3147 3044 3232 3098 vel
3279 3044 3647 3117 obsequendo,
3694 3051 3812 3107 nisi

2203 3129 2340 3184 falsa
2364 3130 2517 3199 prius
2547 3130 2863 3185 detestanda
2924 3131 3284 3202 reliquissent.
3332 3132 3590 3206 Quisquis
3635 3137 3812 3195 etiam

2203 3235 2346 3273 nunc
2374 3219 2515 3273 intra
2543 3227 2788 3274 sanctam
2819 3220 3114 3275 Ecclesium
3141 3222 3348 3291 positus
3375 3230 3454 3277 est
3483 3239 3583 3293 per
3610 3223 3806 3297 ﬁdem,

2202 3307 2295 3361 sed
2318 3307 2434 3362 Deo
2460 3307 2681 3362 rebellis
2699 3324 2799 3381 per
2819 3309 3062 3381 iniquam
3084 3310 3471 3380 operationem,
3502 3313 3815 3372 admonen-

2203 3396 2304 3449 dus
2331 3404 2413 3450 est
2440 3404 2497 3449 ut
2526 3396 2733 3470 alienqs
2758 3396 2888 3452 deos
2919 3398 2985 3451 de
3014 3398 3193 3453 medio
3233 3399 3313 3452 sui
3357 3400 3585 3455 auferat.
3634 3404 3807 3475 Nam,

2201 3484 2300 3538 etsi
2318 3484 2627 3539 mannfacta
2643 3484 2937 3539 simulacra
2961 3486 3271 3555 detestatur,
3290 3487 3597 3545 daemonum
3621 3499 3813 3548 tamen

2201 3572 2443 3642 imperiis
2481 3589 2651 3642 prava
2678 3573 2893 3629 actione
2920 3574 3266 3630 submittitur.
3299 3577 3379 3632 De
3409 3578 3589 3634 medio
3618 3588 3815 3636 autem

2202 3660 2281 3716 sui
2314 3661 2520 3716 alienos
2545 3661 2677 3716 deos
2707 3661 2914 3732 abjicit,
2943 3662 3033 3733 qui
3065 3663 3143 3717 sic
3189 3664 3259 3719 ad
3306 3666 3477 3720 Deum
3523 3670 3815 3724 converti-

2202 3757 2306 3817 tur,
2338 3759 2396 3804 ut
2422 3766 2523 3820 per
2554 3750 2695 3806 mala
2724 3766 2892 3821 opera
2921 3751 3231 3808 immundos
3272 3754 3486 3825 spiritus
3525 3772 3815 3827 nunquam

2201 3848 2504 3897 veneretur.

2272 3949 2325 4001 7.
2358 3947 2535 4001 Potest
2579 3947 2744 4001 etiam
2788 3947 3049 4003 cautioris
3095 3949 3219 4004 vita:
3265 3950 3501 4005 studium
3551 3968 3647 4023 per
3680 3952 3818 4010 haec

2203 4035 2591 4090 exhortationis
2617 4034 2785 4091 verba
2815 4036 3105 4109 designari.
3150 4038 3291 4091 Nam
3323 4038 3375 4092 in
3405 4039 3585 4095 medio
3632 4044 3818 4098 nostri

2205 4124 2335 4193 quid
2364 4132 2462 4187 est,
2495 4124 2595 4177 nisi
2627 4139 2721 4178 eor
2746 4133 2987 4180 nostrum
3005 4126 3033 4177 ‘2
3055 4125 3191 4180 Sunt
3212 4135 3385 4181 tamen
3409 4129 3649 4183 nonnulli
3669 4146 3817 4202 ope-

2204 4211 2408 4266 ratione
2436 4212 2644 4281 mundi,
2677 4213 2767 4268 sed
2802 4212 3106 4269 inﬁrmitate
3151 4215 3347 4283 cordis,
3394 4232 3492 4271 usu
3533 4217 3824 4275 foedantur

2204 4315 2387 4370 pravae
2417 4300 2775 4371 cogitationis.
2802 4302 2947 4355 Bona
2973 4301 3192 4371 quidem
3222 4303 3547 4359 incessanter
3574 4305 3814 4377 faciunt,

2204 4387 2298 4441 sed
2329 4388 2568 4459 cogitare
2613 4388 2844 4459 reproba
2888 4404 3163 4458 nunquam
3191 4393 3625 4460 prtetermittuut.
3659 4394 3821 4464 Quia

2203 4491 2331 4529 vero
2365 4483 2440 4530 tot
2487 4476 2541 4529 in
2590 4491 2777 4531 eorum
2831 4477 3090 4532 cordibus
3144 4478 3413 4534 daemonia
3462 4483 3820 4553 requiescunt

498 4578 680 4627 menta
730 4563 938 4620 referri.
988 4562 1118 4613 Cum
1148 4559 1312 4631 igitur
1337 4574 1517 4624 causa,
1548 4574 1655 4629 qua
1683 4558 1800 4613 dies
1825 4560 2092 4631 multipli-
2120 4531 2175 4592 D
2206 4565 2617 4634 quotdesideria
2638 4565 2941 4633 immunda,
2970 4565 3184 4621 auferre
3204 4567 3273 4621 de
3292 4568 3474 4623 medio
3493 4531 3571 4624 sdi
3593 4572 3824 4630 alienos

501 4665 707 4725 centur,
739 4650 1043 4722 expressius
1070 4648 1284 4716 dicitur,
1313 4663 1488 4702 annus
1507 4646 1941 4715 vicesimusesse
1966 4665 2096 4719 per-

496 4746 715 4804 hibetur
733 4761 744 4797 :
762 4741 886 4812 quia
898 4739 1149 4795 videlicet
1165 4738 1349 4792 electae
1371 4745 1577 4791 mentes
1595 4737 2094 4808 contemplantium,

504 4852 611 4906 quo
666 4831 885 4887 uberius
909 4841 1145 4898 superna
1188 4826 1644 4895 contemplatione
1689 4834 2000 4895 pascuntur,
2032 4842 2097 4882 eo

497 4923 717 4999 plenius
741 4921 996 4977 virtutum
1039 4916 1359 4986 spiritalium
1402 4914 1704 4985 fulgoribus
1744 4915 2095 4982 illustrantur,

571 5028 624 5079 5.
656 5021 797 5091 Quid
828 5034 958 5074 vero
986 5024 1083 5085 est,
1117 5015 1261 5087 quod
1292 5031 1432 5070 anno
1463 5015 1717 5071 vicesimo
1759 5015 2097 5083 requiescere

498 5113 680 5171 omnis
706 5109 871 5166 Israel
901 5114 1022 5177 post
1052 5105 1341 5159 Dominum
1373 5103 1586 5171 dicitur,
1619 5103 1721 5157 nisi
1751 5103 1876 5174 quia
1921 5103 2099 5157 sublié

499 5204 662 5257 mitas
708 5195 1062 5269 perfectionis
1090 5194 1379 5248 electorum
1411 5207 1517 5245 non
1546 5192 1785 5245 consistit
1812 5191 1863 5244 in
1892 5191 2099 5244 fortitu-

501 5290 628 5343 dine
672 5289 797 5343 boni
846 5285 1044 5355 operis,
1091 5282 1186 5337 sed
1230 5283 1284 5336 in
1330 5281 1523 5336 virtute
1577 5279 2044 5349 contemplationis
2071 5280 2099 5331 ‘2

503 5375 790 5442 Quiescere
815 5390 1047 5444 namque
1076 5381 1198 5441 post
1255 5370 1564 5434 Dominum,
1596 5368 1969 5437 Redemptoris
1995 5383 2098 5422 no-

502 5462 595 5518 stri
636 5463 984 5517 imitationem
1018 5460 1316 5515 invincibili
1348 5458 1609 5513 charitate
1646 5457 1874 5511 retinere
1902 5466 2001 5511 est.
2033 5458 2101 5511 Et

502 5550 743 5620 quisquis
770 5550 861 5603 illa
890 5565 1135 5618 superna:
1156 5548 1386 5603 civitatis
1415 5545 1711 5602 ineffabilia
1732 5545 1932 5617 gaudia
1962 5562 2098 5600 cou-

498 5639 816 5720 templando
841 5638 1052 5701 fortiter
1080 5653 1262 5715 amare
1301 5652 1415 5709 non
1459 5635 1679 5713 didicit,
1731 5634 1858 5712 quia
1903 5633 2101 5713 saepius

710 5792 730 5809 ο
771 5766 823 5835 ‘t’

2206 4654 2337 4708 deos
2385 4655 2645 4709 instanter
2691 4655 3052 4709 admonentur
3085 4672 3096 4708 :
3130 4663 3396 4725 quatenus
3446 4659 3820 4729 omnipotenti

2203 4743 2319 4798 Deo
2350 4759 2458 4797 non
2487 4743 2662 4798 solum
2694 4743 3064 4797 rectitudinem
3105 4743 3423 4813 impendant
3469 4746 3674 4818 operis,
3704 4749 3829 4806 sed

2205 4839 2255 4886 et
2285 4832 2517 4903 gloriam
2550 4834 2775 4886 internae
2804 4831 3068 4900 puritatis.
3099 4832 3261 4886 Unde
3286 4841 3339 4888 et
3368 4841 3491 4905 apte
3516 4836 3778 4892 subditur
3803 4857 3819 4894 :

2205 4922 2273 4976 Et
2293 4920 2791 4993 prmparatecorda
2822 4924 3007 4975 vestra
3040 4920 3290 4977 Domino.
3325 4922 3432 4977 Cor
3456 4924 3655 4995 quippe
3682 4926 3825 4983 Do-

2207 5009 2353 5064 mino
2385 5017 2665 5080 praeparat,
2699 5008 2787 5078 qui
2816 5017 3048 5063 mentem
3080 5023 3190 5063 non
3220 5010 3392 5064 solum
3425 5011 3494 5065 ab
3523 5012 3828 5072 immunda

2207 5098 2530 5170 cogitatione
2560 5105 2793 5166 separat,
2827 5097 2918 5152 sed
2950 5098 3111 5152 etiam
3160 5099 3550 5170 cogitationum
3593 5112 3829 5159 sancta-

2208 5205 2323 5242 rum
2346 5203 2409 5241 ae
2430 5187 2681 5242 virtutum
2702 5185 3011 5256 fulgoribus
3032 5186 3265 5241 illustrat
3288 5205 3300 5241 :
3327 5196 3378 5241 ut
3400 5188 3543 5242 velut
3571 5190 3831 5260 abjectis

2207 5286 2260 5332 et
2312 5274 2653 5331 comminutis
2700 5274 2880 5341 idolis,
2909 5290 2966 5329 se
2997 5274 3092 5329 Dei
3125 5276 3383 5346 templum
3410 5276 3599 5332 efﬁciat
3625 5293 3638 5347 ;
3670 5279 3830 5338 dum

2207 5366 2319 5421 illic
2346 5365 2542 5420 divinae
2566 5362 2754 5435 gratiae
2775 5364 2959 5417 sedem
2989 5364 3165 5435 erigit,
3187 5364 3278 5418 ubi
3301 5365 3559 5434 reprobos
3587 5366 3835 5436 spiritus

2208 5469 2428 5509 manere
2453 5468 2552 5523 per
2570 5452 2811 5522 subjecta
2832 5452 2912 5506 eis
2926 5468 3097 5522 prava
3124 5451 3389 5510 desideria
3410 5469 3517 5509 non
3539 5457 3830 5525 permisit.

2208 5544 2349 5599 Bene
2376 5543 2557 5613 itaque
2584 5542 2734 5611 prius
2762 5540 2972 5596 auferre
2998 5540 3204 5597 alienos
3232 5541 3364 5597 deos
3394 5542 3462 5599 de
3488 5543 3666 5599 medio
3708 5562 3837 5606 suo

2208 5631 2479 5693 Israelitas
2520 5629 2810 5709 admonet,
2858 5629 3055 5690 deinde
3101 5630 3268 5692 corda
3308 5630 3424 5692 Deo
3468 5646 3837 5719 praeparare,
