4034 6174
116 3342 147 3372 τ

259 365 362 419 205

1077 358 1147 415 ΙΝ
1192 361 1461 421 PRIMUM
1501 358 1745 421 REGUM
1785 359 2332 420 EXPOSITIONES.
2372 391 2444 404 -ο
2482 362 2607 419 LIB.
2653 362 2744 419 IlI.

3455 367 3558 421 ξοδ

254 486 387 558 quia
413 496 594 542 rectus
625 487 757 543 ordo
786 487 1056 542 inchoatae
1112 485 1393 559 religionis
1438 495 1538 555 est,
1596 496 1653 541 ut
1709 486 1859 559 prius
1887 486 1942 550 Α
1969 486 2165 541 rituum
2196 484 2578 559 malignorum,
2610 494 2668 541 ut
2688 487 2837 541 velut
2866 485 3068 558 fugatis
3109 485 3178 542 de
3202 486 3391 543 itinere
3435 504 3565 544 cru-

253 576 632 646 unusquisque
662 592 824 645 prava
854 574 1128 646 reprobet,
1160 575 1362 630 deinde
1409 576 1476 630 ad
1507 576 1861 647 omnipoten-

255 670 370 717 tem
406 665 581 718 Deum
612 665 791 719 studio
822 664 982 719 bona
1002 663 1318 718 intentionis
1337 665 1760 736 apprOpinquet.
1782 664 1864 718 Ad

256 761 571 806 extremum
603 768 735 809 vero
760 768 992 808 necesse
1021 761 1120 821 est,
1152 758 1213 806 ut
1269 753 1359 824 qui
1378 740 1493 822 jam
1527 754 1641 807 Deo
1702 753 1863 807 bonae

254 840 562 896 voluntatis
592 841 958 912 propositum,
990 850 1043 895 et
1073 842 1190 912 puri
1222 842 1400 897 cordis
1432 842 1758 896 munditiam
1774 842 1863 896 ob-

256 929 407 996 tulit,
438 930 492 984 id
524 930 670 1000 quod
700 932 852 985 intus
874 931 1010 985 bene
1043 931 1277 985 vivendo
1310 930 1590 999 deliberat,
1627 930 1680 984 in
1698 930 1864 985 recti-

258 1019 460 1073 tudine
490 1020 617 1073 boni
648 1018 831 1089 operis
860 1028 1123 1091 exponat.
1162 1018 1343 1088 Quare
1372 1028 1424 1075 et
1455 1018 1714 1074 subditur
1747 1034 1759 1073 :
1796 1020 1864 1074 Et

252 1109 478 1164 servile
494 1109 605 1165 soli
629 1112 760 1165 Deo.
1500 1110 1503 1113 ’

329 1201 385 1251 8.
421 1197 537 1252 Soli
568 1198 769 1270 quippe
790 1200 1024 1255 Domino
1056 1199 1219 1254 servit
1246 1199 1337 1269 qui
1391 1200 1551 1255 bonis
1606 1198 1866 1269 operibus

248 1301 445 1355 prava
477 1288 809 1343 noninserit.
842 1289 977 1343 Nam
1011 1288 1192 1360 quisic
1222 1288 1364 1342 bona
1379 1290 1509 1361 agit,
1530 1288 1740 1342 utmala
1760 1302 1867 1340 non

245 1375 501 1441 deserat,
534 1376 650 1432 Deo
679 1377 782 1431 soli
800 1393 1145 1449 nequaquam
1174 1376 1339 1431 servit
1372 1394 1385 1430 :
1418 1377 1549 1449 quia
1572 1377 1715 1431 malo
1746 1374 1864 1444 spi-

247 1464 390 1519 ritui
414 1464 492 1519 ob
524 1466 745 1536 equium
777 1466 1018 1535 exhibet,
1050 1466 1204 1535 cujus
1231 1465 1492 1536 perficere
1540 1481 1647 1520 non
1678 1464 1868 1519 metuit

248 1554 633 1609 voluntatem.
675 1554 827 1610 Unde
855 1555 1056 1626 agitur,
1100 1562 1149 1608 ut
1183 1554 1349 1608 etiam
1380 1555 1527 1610 bona
1562 1570 1730 1626 agens
1755 1554 1866 1607 Deo

246 1658 369 1697 non
402 1643 609 1697 serviat
641 1659 653 1696 :
686 1644 815 1713 quia
836 1644 926 1713 qui
947 1650 1109 1698 totem
1126 1643 1396 1698 hominem
1412 1643 1663 1698 condidis
1676 1658 1867 1697 eccre-

245 1731 428 1798 ditur,
466 1732 669 1787 habere
700 1749 823 1787 eum
871 1748 1218 1789 communem
1250 1748 1369 1786 cum
1403 1732 1633 1787 adversa
1674 1730 1724 1785 io
1756 1745 1864 1784 non

1970 574 2185 629 delibus
2214 575 2480 640 hostibus,
2504 575 2631 629 dum
2655 590 2803 630 mors
2823 575 3000 630 carnis
3028 575 3335 642 intervenit,
3367 592 3431 632 ea
3444 593 3565 649 qua:

1971 663 2167 732 cupitis
2197 670 2400 718 aeterna
2419 664 2621 733 gaudia
2640 663 2883 719 securius
2913 661 3139 717 adeatis.
3162 665 3361 737 Magna
3381 664 3565 736 itaque

1972 751 2240 821 promisit,
2272 751 2362 823 qui
2393 768 2595 825 magna
2615 752 2986 823 praecipiendo
3018 752 3219 822 docuit,
3252 760 3310 807 ut
3339 755 3565 826 magni-

1976 838 2101 892 tudo
2130 840 2367 894 muneris
2396 841 2464 895 ad
2487 841 2853 896 fortitudinem
2893 840 3139 896 incitaret
3193 841 3415 896 laboris.
3448 841 3568 895 Ma-

1973 943 2141 999 gnum
2172 931 2372 998 quippe
2394 934 2477 984 est
2506 930 2604 984 soli
2628 930 2861 985 Domino
2892 930 3114 997 servire,
3172 928 3429 985 videlicet
3483 929 3573 983 in-

1974 1024 2180 1072 stanter
2208 1018 2347 1072 bona
2379 1034 2560 1089 agere,
2595 1018 2753 1073 bonis
2781 1018 2991 1074 actibus
3036 1018 3267 1089 reproba
3288 1033 3398 1074 non
3436 1017 3570 1072 mis-

1974 1121 2115 1172 cere.
2151 1106 2258 1161 Sed
2288 1122 2320 1162 ο
2351 1123 2513 1179 quam
2547 1107 2839 1162 maximum
2870 1108 2923 1161 in
2953 1108 3079 1162 vitae
3108 1107 3271 1178 hujus
3324 1107 3569 1174 transitu,

1975 1204 2293 1264 potestatem
2319 1203 2662 1251 cruentorum
2694 1196 2977 1267 spirituum
2994 1211 3103 1251 non
3132 1197 3420 1263 incurrere,
3454 1196 3570 1250 nul-

1976 1284 2056 1337 las
2078 1284 2131 1337 in
2153 1284 2240 1338 via
2283 1284 2661 1339 liorribilitates
2711 1300 2953 1355 cernere,
3014 1285 3420 1341 contrarietates
3470 1284 3568 1340 ob-

1972 1372 2266 1442 jectionum
2299 1372 2473 1427 nullas
2502 1373 2765 1440 invenire,
2797 1381 3029 1429 aeternas
3058 1388 3250 1442 ptBDtiS
3302 1372 3567 1441 evadere,

1979 1461 2281 1515 liberatoris
2310 1461 2473 1515 nostri
2489 1461 2743 1531 praesidia
2757 1463 2975 1529 sentire,
2993 1469 3429 1517 momentaneam
3457 1478 3568 1516 sae-

1975 1550 2080 1603 culi
2111 1550 2281 1604 lucem
2303 1550 2557 1619 perdere,
2580 1551 2674 1605 sed
2704 1559 2925 1622 repente
2971 1550 3297 1605 ineffabilem
3347 1551 3567 1606 clarita-

1980 1647 2086 1694 tem
2117 1640 2430 1694 aeternitatis
2458 1640 2721 1695 invenire.
2760 1640 3003 1695 Audiant
3032 1656 3187 1712 ergo,
3219 1640 3461 1709 audiant,
3480 1640 3571 1711 qui

1980 1729 2048 1783 de
2079 1744 2239 1784 manu
2275 1729 2597 1783 Pbilisthiim
2626 1728 2844 1783 liberari
2883 1730 3570 1802 desiderant:Pr¢eparale

242 1821 547 1891 dignatur.
579 1822 715 1876 llinc
734 1837 970 1892 namque
1023 1829 1121 1887 est,
1154 1821 1302 1892 quod
1350 1820 1466 1890 ipsa
1499 1821 1712 1875 Veritas
1768 1836 1865 1889 per
1895 1842 1952 1903 Β
1984 1819 2147 1875 corda
2172 1824 2356 1874 vestra
2370 1821 2626 1887 Domino,
2647 1823 2704 1874 et
2736 1821 2945 1875 servile
2964 1820 3055 1874 illi
3076 1820 3184 1874 soli
3207 1838 3225 1875 :
3256 1827 3312 1873 ut
3340 1818 3434 1875 hic
3462 1818 3567 1875 sibi

241 1909 619 1979 semetipsam
637 1910 937 1977 denuntiat,
956 1910 1138 1965 dicens
1174 1926 1187 1965 :
1232 1911 1402 1966 Nemo
1444 1914 1625 1981 potest
1657 1909 1868 1966 duobus

237 1998 738 2055 dominisseruire
756 2000 1075 2068 (Matt/va,
1104 2000 1216 2069 ili).
1256 2000 1392 2054 llinc
1453 1998 1651 2052 Paulus
1710 1998 1867 2066 165

237 2088 581 2159 exquirens,
597 2089 669 2143 ait
686 2090 841 2156 :Quie
852 2089 1255 2160 participatin
1262 2089 1479 2143 ustitiw
1503 2102 1632 2143 eum
1652 2087 1869 2157 iniqui-

236 2179 394 2239 tate,
433 2180 544 2230 aut
571 2177 1070 2246 quwsocietasluei
1091 2176 1160 2231 ad
1177 2175 1439 2231 tenebras
1474 2174 1501 2227 Ρ
1525 2175 1869 2242 Quwautem

234 2265 564 2320 conventio
590 2264 803 2319 Christi
828 2264 899 2319 ad
922 2265 1141 2319 Belial?
1156 2268 1261 2319 aut
1279 2281 1399 2336 qua:
1407 2280 1543 2337 pars
1561 2263 1724 2333 ﬁdeli
1740 2279 1870 2319 cum

232 2354 511 2424 inﬁdeli,
542 2358 644 2408 aut
667 2355 789 2427 qui:
820 2369 1131 2410 consensus
1179 2354 1387 2426 templo
1411 2355 1510 2409 Dei
1541 2369 1669 2410 cum
1705 2353 1874 2409 idolis

235 2442 329 2504 (II
364 2444 507 2499 Cor.
546 2445 726 2511 vult,
762 2444 848 2511 15)
870 2442 896 2494 ‘2
926 2442 1183 2513 Soliergo
1206 2442 1655 2498 Dominoservire
1671 2441 1871 2512 praeci-

228 2532 472 2604 pimur,
508 2539 567 2585 ut
597 2531 684 2601 qui
709 2532 819 2601 jam
844 2530 1116 2602 aspirante
1138 2532 1253 2585 Deo
1283 2547 1384 2602 pro
1412 2530 1711 2586 obtinenda
1731 2546 1872 2600 pec-

236 2630 521 2675 catorum
553 2628 856 2676 nostrorum
887 2619 1204 2674 remissione
1219 2635 1389 2691 agere
1417 2618 1559 2673 bona
1591 2618 1869 2690 carpimus,

238 2710 483 2767 eisdem
518 2708 673 2763 bonis
695 2725 860 2780 prava
879 2708 1032 2762 nulla
1066 2708 1413 2764 misceamus.
1447 2709 1500 2763 A
1530 2714 1873 2778 peccatorum

238 2814 515 2870 namque
549 2808 854 2852 nostrorum
883 2797 1220 2867 obligatione
1250 2801 1379 2852 tunc
1426 2796 1711 2864 solvimur,
1752 2812 1873 2851 cum

236 2889 416 2943 bona
445 2902 579 2956 qua:
605 2902 703 2955 pro
731 2872 919 2941 eorum
945 2885 1312 2957 impendimus
1344 2885 1688 2941 absolutione
1718 2886 1875 2941 malis

236 2975 520 3033 admixta
540 2990 648 3029 non
672 2982 815 3030 sunt.
839 2975 1065 3030 Devotis
1098 2990 1334 3046 namque
1362 2975 1753 3045 paenitentibus
1786 2975 1871 3029 lo-

233 3082 440 3138 quens
462 3065 808 3135 prmlicator,
828 3063 989 3119 dicit:
1013 3064 1071 3120 Si
1085 3066 1147 3120 in
1171 3067 1286 3119 toto
1301 3064 1463 3119 corde
1484 3069 1668 3119 vestro
1688 3079 1874 3119 rever-

231 3156 462 3212 timini
479 3153 558 3209 ad
586 3155 906 3218 Dominum,
939 3156 1165 3225 auferte
1196 3154 1323 3209 deos
1353 3154 1571 3209 alienos
1595 3154 1664 3209 de
1692 3152 1873 3209 medio

230 3244 461 3311 vestri,
486 3245 549 3297 et
578 3244 781 3297 servite
815 3242 919 3297 Deo
949 3242 1082 3297 soli.
1124 3241 1291 3309 Quasi
1310 3242 1452 3297 dicat
1486 3242 1669 3297 :Tuuc
1699 3257 1730 3296 a
1748 3258 1873 3311 pec-

227 3332 390 3389 catis
417 3329 560 3384 solvi
589 3330 855 3399 poteritis,
888 3346 1011 3384 cum
1042 3331 1223 3385 cordis
1254 3338 1305 3385 et
1337 3330 1519 3401 operis
1552 3330 1718 3396 bona,
1755 3346 1876 3401 quae

231 3437 349 3495 pro
386 3427 582 3474 vestra
608 3418 946 3474 absolutione
972 3420 1284 3490 impenditis
1303 3420 1439 3487 Deo,
1474 3418 1875 3490 supervenien-

236 3512 408 3566 tibus
425 3507 750 3563 criminibus
768 3508 890 3562 aliis
918 3523 1025 3562 non
1053 3508 1295 3563 foedatis.
1323 3508 1501 3576 Quare
1519 3517 1569 3563 et
1584 3508 1876 3580 repromit-

238 3607 377 3653 tens
422 3614 436 3650 :
470 3596 609 3651 dicit
646 3611 658 3649 :
690 3598 755 3651 Et
781 3597 1041 3652 liberabit
1072 3613 1161 3652 vos
1183 3597 1248 3653 de
1278 3614 1457 3653 manu
1502 3597 1873 3653 Philisthiim.

319 3690 385 3742 9.
454 3684 568 3753 Qui
621 3686 723 3739 hoc
776 3684 896 3741 loco
921 3686 1011 3739 alii
1069 3685 1391 3740 Philistbiim
1439 3702 1599 3758 quam
1648 3685 1876 3758 maligni

240 3777 497 3847 spiritus
524 3773 886 3845 designantur
914 3774 943 3825 ‘l
974 3773 1075 3844 Qui
1106 3775 1361 3829 nimirum
1418 3774 1548 3830 dum
1606 3774 1878 3847 superbiae

244 3880 374 3920 suae
410 3862 594 3917 calice
624 3862 678 3915 in
707 3871 981 3917 momento
1012 3863 1241 3917 debria‘ii
1270 3872 1415 3932 sunt,
1448 3879 1481 3918 a
1510 3872 1649 3918 statu
1689 3863 1880 3936 gloriae

246 3951 635 4009 tumescendo
662 3951 990 4006 ceciderunt.
1015 3951 1150 4020 Quae
1192 3960 1272 4006 est
1303 3952 1467 4024 igitur
1495 3967 1689 4007 manus
1750 3953 1876 4006 Pbi-

240 4040 520 4105 listhiim,
559 4039 662 4093 nisi
691 4048 928 4110 potestas
958 4040 1049 4095 illa
1080 4041 1410 4108 daemonum,
1473 4057 1578 4111 qua
1633 4048 1877 4098 mortuas

240 4133 303 4186 in
336 4137 591 4203 peccato
619 4130 826 4182 animas
872 4130 941 4183 ad
963 4138 1164 4184 aeterna
1207 4137 1473 4184 tormenta
1528 4128 1877 4201 perducunt?

238 4224 331 4278 Ab
370 4223 487 4274 ista
513 4219 832 4273 Pliilistbiim
852 4235 1014 4273 manu
1031 4218 1181 4273 solus
1210 4218 1350 4272 liber
1372 4218 1564 4286 fuerat,
1610 4218 1701 4288 qui
1722 4219 1875 4274 dice-

236 4310 343 4366 bat
370 4328 388 4362 :
435 4309 601 4362 Venit
617 4310 878 4380 princeps
894 4309 1091 4363 mundi
1107 4308 1363 4380 hujus,et
1380 4308 1443 4362 in
1464 4324 1676 4363 menon
1711 4309 1875 4365 habet

240 4396 909 4473 quidquam(loan.x1v,
933 4397 1048 4467 30).
1082 4398 1216 4451 Hinc
1270 4396 1469 4451 Paulus
1500 4400 1584 4453 ait
1620 4415 1634 4451 :
1671 4398 1874 4455 Omnes

238 4487 1118 4563 paraverunt,etegentgloria
1158 4486 1447 4549 Deitl’iom.
1484 4502 1569 4553 in,
1600 4487 1713 4557 :23).
1734 4489 1872 4543 Hinc

247 4582 472 4635 iterum
501 4575 635 4630 dicit
654 4594 664 4629 :
683 4575 917 4631 Eramus
936 4579 1107 4631 etnos
1138 4577 1245 4645 ﬁlii
1274 4577 1561 4645 irte,sieut
1591 4580 1647 4632 et
1681 4579 1873 4634 cwteri

246 4670 498 4740 (Ephes.
529 4681 590 4734 ιι,
625 4667 703 4734 3).
744 4664 789 4720 Ο
819 4679 982 4736 quam
1006 4664 1190 4736 magni
1222 4666 1460 4720 muneris
1492 4674 1574 4720 est
1605 4666 1709 4721 ista
1741 4682 1876 4736 pro-

249 4756 492 4816 missio,
526 4768 637 4825 qua
663 4753 1186 4810 diciturzLiberavit
1215 4771 1304 4810 vos
1333 4754 1399 4810 de
1443 4772 1622 4811 manu
1663 4755 1876 4812 Philis-

252 4844 616 4904 thiim.Nam
630 4842 717 4897 ille
731 4843 876 4897 solus
891 4842 1195 4914 liberhujus
1214 4860 1400 4899 manus
1420 4843 1739 4914 exstitit,qui
1761 4860 1877 4915 pec-

252 4946 449 4991 eatum
476 4948 583 4987 non
620 4931 759 4986 fecit.
787 4932 873 4985 Ab
901 4948 966 4987 ea
994 4932 1175 5003 utique
1203 4950 1392 4989 omnes
1415 4942 1601 4989 contra
1626 4934 1879 4989 meritum

250 5025 598 5081 liberamur.
639 5019 789 5076 Unde
833 5030 885 5077 et
918 5021 1111 5075 Paulus
1134 5022 1263 5077 dicit
1289 5041 1300 5074 :
1326 5023 1637 5092 Jusliﬁeati
1694 5026 1877 5095 gratis

256 5131 361 5187 per
390 5112 869 5185 gratiamipsius,
904 5124 1002 5180 per
1032 5112 1471 5183 redemptionem
1476 5114 1726 5184 justitiaa
1742 5130 1878 5180 suae,

259 5206 508 5274 proer
520 5199 963 5270 redemptionem
974 5201 1422 5271 prcecedentium
1437 5201 1584 5258 delic
1596 5207 1802 5263 torum.
1814 5201 1881 5258 in

264 5288 698 5345 mtentatione
718 5290 811 5343 Dei
824 5286 901 5343 ad
911 5291 1291 5347 ostensionem
1298 5292 1543 5359 iustitia:
1556 5294 1679 5364 ejus
1695 5294 1756 5347 in
1773 5291 1872 5347 hoc

266 5378 706 5450 tempore.utsit
720 5378 1461 5449 ipsejustus,etjustiﬁcans
1491 5398 1643 5445 eum,
1675 5383 1872 5452 quiest

269 5483 343 5523 ex
362 5468 479 5534 fide
500 5467 925 5522 Domininostri
939 5468 1071 5524 Iesu
1090 5466 1301 5524 Christi
1330 5470 1508 5541 (Rom.
1538 5486 1618 5538 in,
1654 5472 1874 5541 24η26).

270 5556 409 5612 Hinc
440 5555 573 5610 item
590 5555 931 5612 dicitGratia
962 5556 1189 5614 liberati
1210 5561 1347 5615 estis
1411 5560 1641 5633 (Ep/tes.
1708 5575 1767 5627 ιι,
1802 5559 1877 5634 8).

271 5644 401 5709 Tale
429 5653 513 5706 at
532 5661 599 5706 ac
628 5644 878 5739 si‘dicat:
902 5644 1179 5728 Liberabit
1225 5661 1323 5709 vos
1344 5646 1413 5711 de
1471 5655 1734 5737 petestate
1762 5649 1880 5726 spi-

1905 3198 1955 3263 C

1981 1907 2180 1979 quique
2199 1907 2456 1979 colligere
2471 1908 2743 1975 studeant,
2775 1908 2917 1962 unde
2952 1908 3063 1963 illic
3096 1924 3286 1962 manus
3305 1915 3573 1963 tantorum

1980 1996 2214 2051 hostium
2238 2011 2343 2051 non
2373 1996 2665 2063 incurrant,
2684 2005 2737 2050 et
2771 1996 2947 2051 securi
2977 1996 3045 2051 ad
3072 1997 3241 2052 vitam
3280 2003 3575 2065 transeant,

1981 2086 2071 2156 qui
2100 2086 2239 2140 inter
2259 2084 2447 2140 salutis
2475 2100 2585 2139 suae
2628 2086 2925 2153 thesaures,
2984 2100 3121 2157 quos
3176 2085 3262 2139 hic
3306 2085 3447 2141 bene
3481 2087 3570 2142 vi-

1979 2173 2156 2231 vendo
2211 2183 2567 2246 congregant,
2644 2174 2838 2229 mortis
2885 2189 3053 2243 opera
3113 2174 3261 2229 nulla
3332 2182 3571 2244 portant.

1981 2263 2291 2318 Electorum
2322 2278 2450 2318 vero
2481 2278 2658 2319 mores
2704 2262 3061 2332 insinuantur,
3106 2277 3206 2333 per
3251 2263 3374 2330 hoc,
3427 2263 3574 2333 quod

1979 2352 2227 2407 subditur
2258 2367 2269 2406 :

2052 2441 2232 2511 (Vers.
2266 2441 2343 2511 4.)
2372 2440 2742 2497 Abstulerunt
2771 2455 2902 2511 ergo
2932 2440 3044 2509 ﬁlii
3082 2440 3256 2497 Israel
3293 2439 3361 2496 de
3393 2440 3574 2497 medio

1980 2532 2071 2586 sui
2092 2531 2328 2599 Baalim,
2360 2534 2416 2586 et
2435 2529 2722 2598 Astaroth,
2741 2535 2797 2586 et
2813 2531 3135 2586 servierunt
3175 2530 3415 2586 Domino
3441 2530 3570 2588 soli.

2055 2622 2118 2674 10
2151 2619 2463 2674 Electorum
2485 2619 2687 2691 quippe
2717 2634 2836 2675 mos
2856 2626 2959 2686 est,
2984 2626 3041 2673 ut
3055 2635 3176 2673 cum
3208 2618 3407 2674 divinae
3427 2634 3575 2689 prte-

1984 2707 2268 2763 dicationis
2296 2708 2634 2763 hortamenta
2663 2707 2985 2777 suscipiunt,
3018 2708 3086 2763 ad
3116 2707 3353 2764 studium
3375 2708 3574 2764 audita:

1982 2795 2141 2851 bonae
2172 2797 2498 2868 Operationis
2513 2796 2896 2852 accendantur.
2927 2798 3068 2853 Nam
3090 2796 3305 2867 reprobi
3347 2796 3503 2866 166
3527 2805 3581 2852 et

1985 2888 2290 2956 frequenter
2309 2885 2475 2942 verba
2507 2886 2600 2940 Dei
2631 2886 2879 2954 audiunt,
2907 2894 2957 2941 et
2989 2884 3191 2940 eisdem
3249 2893 3429 2941 tamen
3456 2900 3581 2940 ver-

1984 2976 2068 3031 bis
2092 2976 2239 3030 nulla
2268 2976 2409 3030 bona
2429 2990 2598 3045 opera
2624 2983 2956 3045 proponunt.
2989 2975 3135 3047 Pigri
3171 2973 3228 3028 in
3258 2973 3372 3029 suis
3400 2975 3581 3030 actio-

1984 3065 2142 3120 nibus
2169 3073 2480 3119 remanent:
2506 3063 2636 3136 quia
2656 3079 2689 3118 a
2711 3063 2907 3119 devina
2945 3064 3063 3120 luce
3088 3063 3340 3134 projecti,
3399 3063 3579 3119 omni-

1985 3154 2224 3224 potentis
2251 3152 2351 3208 Dei
2383 3153 2635 3224 gloriam,
2667 3154 2825 3223 cujus
2855 3154 3021 3211 verba
3069 3152 3311 3219 audiunt,
3371 3153 3580 3208 interna

1987 3242 2447 3313 contemplatione
2476 3259 2581 3297 non
2600 3243 2806 3299 vident.
2828 3244 2991 3298 Recte
3011 3258 3167 3315 ergo,
3191 3242 3282 3315 qui
3296 3241 3577 3312 obediunt,

1986 3333 2151 3388 Israel
2183 3331 2278 3386 filii
2307 3332 2556 3387 dicuntur
2578 3350 2592 3387 ε
2616 3332 2743 3404 quia
2770 3348 2877 3405 quo
2925 3332 3265 3402 majestatem
3324 3332 3580 3403 apertiori

1986 3421 2420 3478 manifestatione
2441 3422 2796 3493 conspiciunt,
2854 3422 2975 3491 ejus
3024 3421 3313 3493 praeceptis
3358 3420 3581 3476 obedire

1986 3511 2235 3568 devotius
2265 3521 2657 3583 agnoscuntur.
2703 3510 2813 3567 Sed
2844 3512 2970 3582 quia
3006 3511 3282 3568 conversis
3319 3510 3576 3581 loquitur,

1987 3602 2118 3676 quid
2146 3602 2224 3658 eis
2254 3603 2431 3659 adhuc
2460 3603 2649 3658 deesse
2668 3601 2985 3675 conspiciat,
3016 3600 3582 3658 audiamus.Namse-

1988 3692 2168 3763 quitur
2199 3709 2212 3746 :

2060 3783 2236 3851 (Vers.
2268 3784 2321 3847 5,
2345 3783 2421 3852 6.)
2455 3782 2617 3837 Dixit
2658 3786 2852 3838 autem
2895 3782 3136 3839 Samuel
3172 3798 3191 3835 :
3238 3786 3579 3857 Congregate

1988 3873 2323 3928 uniuersum
2355 3872 2528 3927 Israel
2558 3872 2620 3927 in
2638 3872 2951 3942 Masphath,
2972 3878 3040 3927 ut
3081 3888 3235 3929 orem
3284 3889 3388 3945 pro
3430 3876 3580 3932 vobis

1992 3963 2310 4017 Dominum.
2348 3963 2414 4015 Et
2436 3962 2998 4031 congregauerantin
3032 3961 3343 4034 Masphath.

2059 4052 2145 4103 11.
2178 4048 2467 4117 Maspbath
2489 4048 2695 4103 dicitur
2712 4049 3011 4117 speculatio
3032 4065 3126 4103 seu
3157 4054 3574 4123 contemplatio.

1986 4136 2156 4207 Quam
2188 4137 2432 4208 profecto
2462 4136 2881 4207 speculationem
2931 4136 3127 4192 beatus
3158 4139 3352 4194 Paulus
3397 4157 3571 4211 expo-

1984 4229 2064 4283 nit
2080 4228 2266 4282 dicens
2286 4246 2297 4281 :
2334 4225 2595 4282 Videmus
2611 4241 2877 4295 nuncper
2888 4227 3182 4299 speculum
3199 4230 3259 4284 in
3273 4231 3575 4300 aenigmate

1984 4317 2040 4388 (Ι
2071 4317 2198 4372 Cor.
2218 4331 2336 4381 xui,
2364 4318 2470 4387 12).
2498 4315 2777 4386 Speculari
2808 4315 3005 4371 etenim
3036 4315 3190 4370 nobis
3245 4325 3343 4386 est,
3400 4319 3471 4374 de
3493 4320 3576 4375 al-

1986 4406 2209 4461 titudine
2226 4405 2623 4475 Scripturarum
2638 4413 2836 4459 aeterna
2852 4405 2995 4460 bona
3016 4406 3386 4477 contemplari.
3411 4407 3578 4477 Quasi

1985 4496 2129 4550 enim
2159 4494 2528 4565 speculamur,
2548 4494 2699 4563 quod
2711 4495 2823 4563 jam
2855 4494 2979 4549 ﬁdei
3014 4495 3239 4551 veritate
3292 4502 3580 4569 cognosci-

1987 4600 2123 4649 mus,
2156 4590 2209 4637 et
2237 4583 2416 4638 adhuc
2439 4582 2677 4637 revelata
2707 4581 2843 4637 facie
2872 4598 2979 4638 non
3007 4582 3275 4639 videmus.
3343 4588 3576 4645 Conver-

1985 4673 2060 4727 sis
2090 4688 2214 4729 vero
2235 4670 2611 4740 peccatoribus
2631 4671 2685 4725 in
2715 4672 2999 4741 Masphath
3041 4675 3350 4744 convenire,
3383 4686 3465 4733 est
3479 4695 3580 4749 per

1986 4761 2181 4818 mentis
2203 4760 2553 4816 intentionem
2585 4760 2654 4816 de
2673 4761 2777 4816 Dei
2797 4762 3186 4831 omnipotentis
3232 4765 3578 4827 miseratione

1987 4849 2278 4907 conlidere.
2304 4850 2411 4904 Sed
2440 4850 2521 4906 sic
2551 4851 2618 4904 de
2659 4849 2756 4904 Dei
2814 4850 3183 4906 misericordia
3219 4868 3576 4928 praesumant,

1988 4945 2045 4994 ut
2076 4947 2253 4994 tamen
2272 4938 2348 5007 id,
2382 4939 2527 5008 quod
2555 4954 2612 4993 se
2632 4940 2885 5007 nequitur
2930 4940 3105 5012 egisse
3152 4943 3415 5010 recolunt,
3474 4963 3579 5015 per

1987 5028 2361 5100 paenitentiam
2389 5028 2569 5082 delere
2597 5042 2705 5082 non
2733 5028 3030 5099 negligant.
3065 5029 3216 5084 Unde
3243 5038 3295 5084 et
3322 5030 3436 5087 illic
3485 5049 3576 5088 re-

1986 5126 2146 5188 pente
2173 5116 2519 5188 subjungitur
2544 5133 2557 5172 :

2058 5208 2243 5277 (Vers.
2283 5210 2359 5275 6.)
2390 5208 2822 5280 Hauseruntque
2843 5220 3066 5280 aquam,
3098 5214 3153 5265 et
3174 5209 3578 5281 eﬂ‘uderuntin

1987 5301 2291 5368 conspectu
2308 5296 2550 5353 Domini.

2062 5388 2147 5440 l2.
2180 5384 2319 5453 Quid
2348 5386 2494 5440 enim
2522 5393 2605 5440 est
2633 5401 2829 5455 aquam
2861 5385 3092 5451 haurire,
3126 5385 3229 5441 nisi
3260 5386 3329 5443 de
3358 5389 3581 5461 profun-

1989 5473 2059 5528 da
2087 5473 2251 5529 animi
2284 5474 2592 5546 paenitentis
2646 5473 2957 5529 confusione
2978 5474 3334 5545 lacrymarum
3382 5478 3580 5537 ﬂuenta

1987 5564 2290 5635 producere
2347 5565 2375 5617 εἶ
2431 5564 2585 5618 Velut
2657 5562 2800 5617 enim
2857 5578 3053 5635 aquam
3110 5566 3406 5638 haurimus,
3429 5568 3581 5640 dum,

1991 5663 2153 5725 quam
2210 5647 2479 5724 profunda
2498 5645 2781 5720 iniquitate
2810 5648 3114 5708 cecidimus
3152 5650 3580 5731 considerantes,
3600 5659 3616 5700 1
