4034 6174
279 282 379 341 209

1140 280 1212 335 IN
1245 276 1513 335 PRIMUM
1538 275 1782 333 REGUM
1804 273 2229 332 EXPOSITION
2240 273 2337 330 ES.
2370 304 2439 315 —
2466 272 2589 329 LIB.
2634 269 2728 327 III.

3488 269 3587 326 ilo

288 405 454 473 adest,
489 402 597 465 sed
627 406 720 481 qui
751 407 973 480 adjuvet
993 422 1099 465 non
1129 405 1300 463 adest.
1327 405 1575 462 Vindicta
1603 402 1759 459 datur
1786 400 1888 457 ﬂa-
1917 407 1973 470 Α
2002 401 2120 459 Non
2142 400 2507 458 mcechaberis
2536 420 2555 468 ;
2585 415 2681 471 ego
2702 406 2895 456 autem
2912 396 3033 456 dico
3055 395 3223 465 vobis,
3255 394 3351 470 qui
3390 392 3595 451 viderit

289 496 408 570 gitii
427 498 550 553 sine
588 516 688 570 spe
734 499 1105 561 liberationis;
1157 500 1210 553 et
1238 511 1401 569 quam
1448 495 1556 549 sint
1617 490 1898 547 Philisthi-

292 598 477 638 norum
512 584 796 640 horribilia
825 585 1124 655 posteriora
1153 583 1407 645 sentiunt,
1433 577 1692 650 quifaciei
1711 590 1898 631 eorum

292 664 666 724 blandimenta
687 669 742 724 in
772 670 960 724 mundi
991 683 1175 723 amore
1207 667 1515 721 voluerunt.
1558 664 1701 717 Bene
1733 660 1901 732 igitur

296 751 361 805 de
390 754 676 821 Israelitis,
701 755 755 809 in
776 756 1071 810 electorum
1104 760 1229 823 typo
1260 750 1455 805 dicitur
1480 764 1491 802 :
1514 748 1899 803 Timuerunta

292 846 440 916 facie
460 844 944 900 Pliilislhinorum
965 863 980 899 :
998 842 1123 914 quia
1141 841 1397 895 nimirum
1422 839 1546 892 dum
1568 849 1903 892 conversan-

296 934 347 989 di
376 935 604 989 modum
633 935 736 988 sibi
767 933 996 988 solerter
1024 931 1297 998 ordinant,
1320 944 1429 983 non
1458 927 1753 997 disponunt
1784 938 1894 977 me-

296 1026 443 1076 tuere
472 1029 684 1075 zeterna
714 1019 883 1088 mala,
916 1033 1037 1073 cum
1068 1015 1292 1070 veniunt
1325 1031 1339 1076 ;
1373 1013 1462 1067 sed
1522 1026 1553 1065 θ,
1614 1006 1899 1079 temporali

292 1104 731 1176 concupiscentia
763 1102 1053 1173 trepidant,
1099 1099 1260 1170 cujus
1306 1098 1497 1152 merito
1554 1095 1887 1165 irrogantur.

292 1192 355 1246 Et
384 1191 514 1263 quia
542 1198 797 1245 nontam
827 1189 936 1242 suis
991 1185 1194 1240 meritis
1251 1199 1412 1255 quam
1470 1182 1734 1249 majorum
1794 1179 1897 1233 hoc

293 1275 693 1331 intercessione
720 1289 882 1343 posse
904 1271 1171 1328 obstinere
1198 1269 1443 1335 credunt,
1466 1264 1705 1335 sequitur
1737 1281 1749 1315 :

361 1361 540 1431 (Vers.
577 1355 1164 1429 8.)Dixeruntquead
1180 1354 1546 1411 Samuelem:
1594 1350 1669 1405 Ne
1718 1363 1895 1403 cesses

293 1451 545 1505 clamare
560 1466 665 1521 pro
696 1450 851 1504 nobis
894 1447 968 1502 ad
1015 1446 1312 1502 Dominum
1349 1444 1521 1497 Deum
1581 1438 1776 1503 Israel,
1831 1439 1896 1491 ut

292 1540 473 1596 solvet
492 1555 594 1595 nos
611 1540 682 1595 de
714 1553 891 1593 manu
921 1532 1297 1591 Philisthiim.

366 1648 455 1703 l7.
487 1645 596 1701 Sed
637 1653 690 1699 et
711 1642 926 1698 tentatis
949 1640 1174 1696 subditis
1204 1644 1448 1709 pastores
1474 1635 1602 1690 boni
1646 1649 1752 1689 non
1802 1649 1895 1688 so-

290 1737 405 1791 lum
437 1736 745 1791 orationum
769 1731 1027 1804 praesidia
1057 1728 1357 1796 conferunt,
1391 1724 1484 1781 sed
1515 1724 1676 1780 etiam
1735 1722 1897 1779 sacri-
1927 1757 1980 1818 B
2011 1790 2046 1844 Ρ

296 1825 327 1844 ι·
366 1825 407 1844 ,'_
435 1841 532 1844 ﬂ-..
611 1822 761 1844 IYJJA
791 1821 1032 1844 --.ι-Αἷμα.
1065 1835 1077 1844 .

292 1825 565 1881 fieiorum.
611 1822 766 1880 Unde
787 1821 1033 1876 subditur
1065 1835 1077 1873 :

369 1929 545 1997 (Vers.
580 1926 659 1993 9.)
695 1926 844 1981 Tulit
873 1926 1066 1979 autem
1102 1920 1330 1979 Samuel
1362 1933 1573 1990 agnum
1597 1917 1905 1972 lactentem

294 2034 503 2085 unum,
534 2020 591 2072 el
615 2014 823 2071 obtulit
854 2014 1023 2069 illum
1041 2010 1442 2066 holocaustum
1473 2008 1757 2076 integrum
1795 2004 1903 2058 Do-

291 2108 479 2171 mino,
510 2109 567 2161 et
597 2104 869 2161 clamavit
891 2102 1146 2157 Samuel.

370 2194 517 2263 Quid
548 2202 627 2249 est
655 2193 865 2248 clamor
894 2188 1179 2253 Samuelis,
1235 2186 1340 2241 nisi
1399 2186 1452 2239 in
1508 2182 1907 2253 supplicatione

284 2282 573 2356 pontiﬁcis
602 2297 805 2354 magna
836 2279 1011 2335 virtus
1040 2275 1294 2333 desiderii
1317 2276 1344 2328 ‘l
1375 2273 1527 2331 Unde
1550 2272 1621 2328 ad
1640 2278 1907 2327 tacentem

284 2374 461 2429 labiis
492 2373 732 2443 Moysen,
764 2369 892 2424 licet
918 2367 1108 2438 populi
1150 2364 1349 2421 subditi
1398 2364 1621 2417 salutem
1680 2360 1905 2416 ferventi

287 2462 595 2519 devotione
622 2459 954 2529 cupientem,
987 2472 1018 2510 a
1048 2454 1279 2511 Domino
1310 2452 1534 2509 dicitur:
1599 2450 1741 2519 Quid
1794 2450 1909 2505 cla-

282 2569 423 2608 mas
452 2551 531 2606 ad
552 2566 639 2605 me
670 2547 872 2619 (Exod.
906 2561 1019 2611 xw,
1047 2544 1133 2614 15)
1163 2546 1190 2599 ‘2
1221 2542 1356 2612 Quis
1412 2556 1540 2596 vero
1590 2547 1670 2595 est
1727 2553 1905 2608 agnus

284 2643 529 2707 lactens,
562 2638 661 2693 nisi
691 2638 782 2692 ille
815 2651 978 2707 quem
1000 2647 1307 2704 praecursor
1350 2631 1466 2699 ejus
1523 2626 1771 2694 ostendit,
1832 2625 1908 2680 di-

282 2748 465 2787 cens:
488 2730 628 2785 Ecce
657 2725 1111 2796 agnusDei,ecce
1133 2723 1232 2794 qui
1254 2721 1404 2777 tollit
1441 2722 1673 2792 peccata
1708 2715 1905 2771 mundi

287 2817 496 2889 (Joan.
533 2834 568 2869 ι.
600 2816 731 2886 29)?
759 2815 829 2869 Et
860 2813 1064 2867 lactens
1091 2811 1305 2877 dicitur,
1339 2809 1464 2878 quia
1494 2808 1550 2860 in
1573 2806 1689 2876 ejus
1741 2805 1901 2858 iuno-

280 2908 481 2965 centia
512 2921 640 2960 vera
670 2903 975 2958 humanitas
1003 2900 1357 2971 praedicatur.
1397 2896 1499 2952 Sed
1534 2912 1672 2950 unus
1727 2908 1903 2965 agnus

281 2995 549 3061 offertur,
580 2993 725 3064 quia,
757 3000 956 3062 praeter
984 2990 1181 3060 ipsum,
1215 2987 1304 3058 qui
1334 2985 1518 3040 mundi
1578 2984 1729 3039 tollat
1763 2998 1902 3064 pec-

282 3085 427 3133 cata
454 3062 802 3144 nequaquam
832 3070 1114 3140 reperitur.
1147 3068 1319 3136 Quem
1350 3066 1598 3137 profecto
1612 3079 1809 3133 agnum
1833 3062 1899 3116 in-

284 3176 517 3235 tegrum
552 3161 758 3217 obtulit.
794 3158 1077 3232 Integritas
1106 3157 1305 3229 quippe
1334 3154 1457 3226 agni
1489 3154 1556 3209 ad
1578 3152 1910 3207 soliditatem

277 3252 543 3326 pertinet
570 3250 852 3307 catholica:
880 3245 1254 3319 professionis.
1306 3243 1461 3300 Velut
1503 3242 1650 3297 enim
1707 3256 1909 3311 agnum

280 3338 523 3406 dividit,
554 3335 944 3407 quiacanone
998 3331 1123 3387 ﬁdei
1176 3347 1278 3402 per
1334 3328 1574 3402 gladium
1628 3334 1911 3397 separatur

281 3426 529 3484 erroris.
565 3427 749 3496 Agnus
780 3424 961 3494 itaque
988 3421 1186 3477 dicitur
1213 3434 1319 3490 pro
1350 3416 1679 3477 innocentia,
1699 3415 1909 3469 lactens

279 3533 401 3588 pro
433 3514 803 3584 assumptione
836 3520 1059 3575 naturae,
1090 3525 1227 3563 unus
1256 3523 1355 3578 pro
1385 3504 1754 3576 singularitate
1811 3517 1906 3572 po-

281 3604 507 3669 tentiae,
563 3602 770 3674 integer
823 3616 922 3672 pro
974 3598 1095 3654 fidei
1153 3605 1351 3653 nostrae
1405 3593 1716 3649 firmissima
1772 3590 1908 3647 soli-

364 3823 461 3873 !8.
495 3816 658 3886 Quod
686 3815 732 3871 si
763 3815 880 3886 quis
909 3816 1026 3869 haec
1053 3828 1162 3869 non
1192 3810 1259 3867 ad
1291 3810 1493 3880 ipsum,
1525 3807 1621 3863 sed
1654 3805 1723 3862 ad
1777 3805 1905 3876 ejus

280 3910 632 3966 imitatorem
653 3906 851 3960 referre
880 3903 1130 3969 voluerit,
1176 3907 1369 3971 potest.
1427 3901 1647 3970 Agnum
1699 3895 1901 3965 quippe

277 3996 606 4059 oﬂcrimus,
636 4009 757 4049 cum
788 4007 890 4061 per
922 3993 1119 4045 bonum
1151 3986 1414 4044 castitatis
1444 3994 1497 4040 et
1550 3983 1901 4048 innocentiae,

278 4078 658 4149 Redemptori
689 4085 874 4132 nostro
903 4074 1339 4139 conformamur;
1373 4078 1426 4126 et
1480 4085 1605 4124 cum
1656 4067 1902 4123 doctrina

276 4168 676 4227 innocentium
734 4166 951 4219 Patrum
998 4170 1304 4218 nostrorum
1386 4158 1678 4230 pascimur,
1758 4155 1904 4210 velut

277 4261 467 4315 ubera
497 4256 764 4328 sugimus,
787 4253 982 4325 quibus
1010 4252 1077 4306 ad
1107 4258 1364 4305 mternam
1396 4252 1562 4304 vitam
1580 4245 1895 4300 nutriamur.

280 4351 481 4405 Unum
515 4358 735 4415 quoque
764 4357 967 4412 agnum
993 4338 1292 4401 offerimus,
1317 4338 1362 4390 si
1405 4343 1526 4406 post
1574 4334 1729 4388 initia
1771 4332 1899 4387 reli-

277 4439 474 4511 εἰσῇτε
501 4430 947 4495 conversationis,
978 4429 1128 4483 nulla
1181 4425 1474 4498 polluimur
1529 4421 1897 4493 inquinatione
1925 4471 1978 4531 Β

278 4523 607 4597 pravitatis.
639 4522 817 4577 Unum
850 4520 1050 4589 quippe
1069 4532 1270 4588 agnum
1298 4514 1470 4582 offert,
1504 4513 1595 4584 qui
1627 4528 1658 4565 a
1686 4525 1894 4581 propo-

275 4617 406 4671 sito
439 4611 784 4675 innocentiae,
815 4609 883 4663 ad
941 4606 1164 4676 polluta:
1217 4605 1343 4659 vitae
1397 4602 1642 4657 maculas
1696 4613 1895 4667 nequa-

277 4717 467 4775 quam
489 4699 709 4765 diffluit,
742 4714 774 4752 a
803 4697 999 4768 quibus
1025 4695 1207 4750 redeat
1238 4708 1333 4765 per
1360 4691 1701 4747 iterationem
1741 4688 1898 4742 bona:

274 4774 657 4863 operationis.
681 4787 957 4853 [ntegrum
987 4799 1202 4856 quoque
1230 4797 1432 4853 agnum
1462 4778 1681 4843 offerre,
1714 4784 1795 4831 est
1829 4774 1896 4829 ad

271 4891 567 4937 aetnam
598 4876 763 4931 vitam
794 4890 904 4930 non
929 4874 1104 4928 solum
1135 4871 1314 4927 carnis
1336 4868 1742 4931 continentiam,
1802 4863 1899 4919 sed

280 4967 508 5025 mentis
539 4963 901 5034 integritatem
958 4976 1289 5033 praeparare.
1346 4961 1624 5029 lntegrum
1684 4969 1902 5025 quoque

282 5071 515 5131 agnum
543 5052 778 5109 Domino
806 5066 1147 5122 nequaquam
1177 5048 1352 5115 offert,
1386 5047 1475 5117 qui
1518 5059 1735 5101 carnem
1789 5044 1901 5096 Deo

284 5163 402 5218 per
431 5143 818 5199 continentiam
837 5148 1134 5205 consecrat,
1154 5137 1250 5192 sed
1281 5135 1475 5191 mentis
1531 5150 1650 5218 sua:
1673 5140 1904 5218 ‘seereta

286 5208 365 5292 ‘ab
398 5231 809 5289 immundamm
836 5228 1227 5302 cogitationum
1272 5226 1502 5283 lascivia
1562 5208 1717 5275 169
1788 5236 1900 5277 non

285 5324 575 5381 refrenat.
609 5320 761 5375 Velut
785 5319 929 5374 enim
960 5318 1089 5390 agni
1115 5324 1322 5385 partem
1353 5313 1616 5371 sacrificio
1654 5309 1901 5379 subripit,

288 5412 397 5485 qui
418 5405 1167 5481 puritatemcordis,corporis
1181 5403 1524 5461 continentiae
1560 5418 1666 5457 non
1689 5402 1911 5471 conjun-

290 5513 403 5584 git.
422 5508 578 5565 Unde
590 5517 641 5564 et
662 5509 777 5579 ipse
788 5521 963 5579 agnus
977 5520 1175 5576 agnum
1192 5505 1459 5573 integrum
1473 5500 1662 5557 offerre
1678 5498 1913 5568 discipu-

293 5613 367 5664 lis
380 5605 735 5681 praecipiens,
750 5606 826 5661 ait
844 5624 856 5660 :
872 5603 1139 5659 Audistis
1150 5602 1282 5675 quia
1298 5602 1515 5658 dictum
1531 5604 1615 5657 est
1629 5598 1911 5670 antiquis:

2004 493 2306 546 mulierem
2346 488 2419 544 ad
2462 488 2988 561 concupiscendum,
3021 487 3336 544 mwchalus
3394 486 3479 540 est
3530 483 3595 538 in

2007 581 2171 636 corde
2190 596 2290 635 suo
2309 580 2526 647 (Matth.
2561 595 2611 643 v,
2647 580 2735 643 27,
2768 578 2877 647 28).
2912 578 3048 632 Hinc
3076 577 3236 633 etiam
3267 575 3424 629 fatuae
3478 572 3599 627 vir-

2005 668 2161 739 gines
2188 668 2239 722 in
2273 668 2573 739 Evangelio
2600 676 2869 733 notantur,
2903 683 3022 736 qua:
3052 664 3327 735 lampades
3356 676 3594 733 parave-

2004 767 2143 823 runt,
2177 764 2228 811 et
2248 757 2424 813 oleum
2444 764 2893 827 nonparaverunt
2913 754 3130 825 (Matth.
3152 770 3280 820 xxv,
3304 754 3379 822 3).
3430 752 3599 807 Lam-

2002 847 2173 916 pades
2203 862 2437 916 namque
2457 854 2675 916 paratas
2692 845 2910 912 habent,
2936 844 3025 914 qui
3072 843 3272 897 bonum
3329 837 3600 911 pudicitiae

2006 944 2219 990 servant
2256 935 2309 988 in
2341 951 2572 1004 corpore
2593 953 2604 987 :
2625 933 2805 989 oleum
2837 948 3051 1003 quoque
3080 931 3301 993 habent,
3335 928 3425 1000 qui
3457 928 3597 983 nito-

2002 1039 2117 1078 rem
2148 1023 2394 1093 puritatis
2422 1031 2600 1078 tenent
2630 1023 2685 1076 in
2717 1023 2911 1076 mentis
2940 1037 3053 1075 sure
3095 1017 3599 1087 circumspectione.

2005 1112 2227 1167 Dicatur
2255 1128 2386 1183 ergo
2409 1113 2478 1167 de
2507 1111 2759 1167 Samuele
2780 1128 2791 1164 :
2816 1110 3028 1166 Obtulit
3072 1125 3280 1180 agnum
3314 1109 3601 1177 integrum

2003 1203 2237 1259 Domino
2261 1202 2417 1273 :quia
2446 1210 2503 1256 ut
2532 1201 2733 1257 bonum
2762 1199 3033 1271 pudicitia:
3078 1197 3280 1253 divinae
3307 1194 3605 1266 placationi

2005 1291 2247 1357 sufficiat,
2281 1307 2387 1345 non
2417 1291 2592 1346 solum
2624 1290 2679 1344 in
2707 1288 2941 1344 candore
2970 1286 3211 1356 corporis
3246 1283 3454 1341 servari
3498 1282 3601 1339 de—

2004 1380 2115 1448 bet,
2150 1380 2244 1435 sed
2278 1379 2331 1433 in
2357 1378 2647 1450 splendore
2696 1377 2916 1432 internae
2955 1375 3222 1446 puritatis.
3270 1374 3458 1431 Merito
3487 1373 3598 1428 ita-
3642 1414 3645 1415 ν

2008 1485 2112 1540 que
2141 1468 2391 1523 subditur
2424 1484 2435 1523 :

2078 1578 2256 1644 (Vers.
2290 1578 2365 1645 9.)
2394 1606 2463 1617 —
2488 1576 2551 1631 Et
2582 1576 2877 1633 exaudiuit
2906 1591 3031 1631 eam
3050 1576 3344 1632 Dominus.

2080 1688 2171 1738 ‘19.
2211 1684 2308 1738 llle
2338 1700 2571 1754 namque
2601 1683 2837 1739 exaudiri
2868 1699 2898 1737 a
2930 1682 3160 1738 Domino
3187 1697 3286 1753 pro
3317 1681 3608 1737 aliisorans

2051 1781 2208 1839 otest,
2245 1773 2332 1843 qui
2363 1789 2427 1827 ex
2459 1781 2614 1843 parte
2648 1773 2831 1844 aliqua
2860 1772 2929 1840 ei,
2964 1772 3048 1828 cui
3067 1771 3353 1843 supplicat,
3375 1769 3607 1827 Domino

2013 1862 2232 1919 odibilis
2262 1878 2366 1916 non
2392 1871 2493 1918 est.
2527 1862 2667 1916 Nam
2700 1861 2743 1915 si
2798 1862 2973 1917 adhuc
3028 1860 3246 1930 propria
3298 1858 3610 1914 infirmitate

2012 1946 2350 2016 deprimitur,
2384 1962 2487 2016 pro
2517 1946 2815 2001 obtinenda
2870 1945 3248 2015 proximorum
3301 1941 3612 2001 fortitudine

2011 2049 2352 2104 nequaquam
2385 2034 2668 2089 exauditur
2699 2054 2717 2089 :
2748 2043 2798 2088 et
2829 2049 2893 2088 eo
2941 2032 3266 2087 desiderium
3324 2047 3482 2085 suum
3538 2026 3611 2085 ad

2013 2124 2206 2179 divina
2235 2123 2569 2178 celsitudinis
2598 2137 2777 2177 arcem
2809 2138 2914 2175 non
2946 2120 3214 2187 sublevat,
3247 2136 3352 2190 quo
3382 2119 3500 2189 ipse
3543 2119 3613 2174 de

2013 2212 2142 2277 imo,
2175 2228 2281 2282 quo
2312 2227 2411 2280 per
2439 2211 2646 2281 lapsum
2676 2212 2841 2280 jacet,
2862 2215 3053 2265 conatu
3078 2208 3419 2263 ferventioris
3434 2207 3604 2263 studii

2012 2300 2308 2356 ascendere
2333 2317 2678 2370 nequaquam
2708 2305 2881 2355 curat.
2916 2298 3024 2354 Sed
3054 2306 3105 2353 et
3127 2298 3325 2353 modus
3370 2296 3608 2351 exaudi-

2013 2389 2174 2444 tionis
2204 2390 2513 2459 exponitur,
2546 2404 2669 2444 cum
2710 2387 3042 2442 subinfertur
3073 2403 3087 2440 :

2084 2488 2259 2556 (Vers.
2294 2492 2386 2541 10.
2429 2488 2540 2555 11.)
2568 2488 2802 2541 Factum
2832 2489 2936 2552 est,
2968 2485 3102 2539 dum
3117 2482 3346 2540 Samuel
3382 2482 3611 2553 oﬂ’erret

2013 2575 2424 2641 holocaustum,
2486 2574 2847 2631 Philisthwos
2892 2575 3042 2629 inire
3081 2573 3345 2645 praelium
3410 2573 3613 2626 contra

2015 2666 2209 2720 Israel.
2233 2665 2705 2720 lntonuitautem
2725 2664 2998 2718 Dominus
3023 2665 3248 2732 fragore
3286 2676 3492 2731 magno
3545 2659 3610 2713 in

2010 2752 2098 2806 die
2132 2752 2228 2806 illo
2244 2767 2415 2821 super
2434 2749 2806 2815 Philisthiim,
2828 2754 2882 2803 et
2904 2749 3195 2803 exterruit
3225 2761 3338 2813 eos,
3373 2749 3428 2801 et
3478 2744 3612 2800 caesi

2015 2844 2152 2895 sunt
2182 2857 2215 2895 α
2235 2840 2370 2907 ﬁliis
2430 2839 2623 2894 Israel.
2669 2840 3000 2908 Egressique
3026 2836 3136 2904 ﬁlii
3168 2835 3354 2890 Israel
3382 2834 3450 2888 de
3466 2834 3613 2889 Mas-

2008 2928 2209 3001 phath,
2228 2929 2511 2999 persecuti
2543 2931 2682 2982 sunt
2722 2924 3097 2987 Pliilisthaeos,
3133 2922 3611 2994 etpercusserunt

2011 3034 2100 3074 eos
2129 3022 2308 3089 usque
2336 3018 2409 3072 ad
2442 3018 2645 3083 locum,
2676 3015 2773 3087 qui
2801 3018 2927 3070 erat
2957 3013 3150 3068 subter
3182 3010 3476 3067 Bcthchar.

1940 3114 1987 3176 Ο
2086 3111 2175 3163 20.
2210 3106 2480 3161 Offerente
2529 3104 2904 3160 holocaustum
2963 3100 3233 3167 Samuele,
3287 3098 3612 3154 Philisthiim

2018 3205 2204 3252 contra
2233 3194 2396 3249 Israel
2427 3193 2672 3264 praelium
2702 3193 2888 3247 ineunt
2922 3209 2935 3246 :
2965 3190 3091 3261 quia
3121 3189 3347 3261 maligni
3391 3188 3613 3259 spiritus

2020 3292 2146 3339 tunc
2176 3283 2438 3339 adversus
2468 3281 2658 3338 fideles
2687 3280 2935 3335 subditos
2963 3279 3241 3351 graviores
3293 3277 3613 3331 tentationes

2018 3381 2383 3442 commovent,
2418 3387 2543 3428 cum
2563 3379 2750 3426 contra
2780 3385 2838 3424 se
2867 3376 3007 3423 stare
3036 3366 3322 3421 instantius
3363 3367 3611 3420 Pastores

2014 3462 2219 3517 vident.
2264 3462 2370 3516 Sed
2399 3476 2561 3530 super
2589 3459 2931 3514 Pbilistharos
2960 3456 3464 3511 Dominusintonat:
3487 3453 3614 3523 quia

2015 3550 2293 3607 orantibus
2315 3549 2630 3605 doctoribus
2660 3556 2713 3601 et
2744 3545 2994 3601 fidelibus
3018 3544 3269 3609 subditis,
3291 3542 3475 3596 divina
3492 3557 3612 3613 gra-

2017 3642 2090 3695 tia
2120 3640 2284 3694 robur
2313 3638 2679 3693 administrat.
2712 3635 2965 3690 Tonitrua
2995 3632 3136 3689 enim
3178 3631 3295 3687 fieri
3350 3646 3452 3700 per
3505 3648 3610 3684 nu-

2016 3729 2130 3783 bila
2159 3729 2354 3783 solent.
2390 3727 2574 3781 Nubes
2604 3733 2785 3780 autem
2812 3723 3072 3777 sublimes
3102 3737 3201 3791 per
3230 3720 3448 3775 caelesta
3468 3713 3607 3775 desii

2013 3817 2221 3872 derium
2279 3817 2474 3870 animae
2530 3814 2926 3884 intelliguntur.
2994 3811 3149 3866 Unde
3210 3818 3263 3864 at
3346 3811 3608 3880 propheta

2013 3914 2220 3960 mentes
2242 3905 2533 3959 electorum
2553 3904 2610 3956 in
2640 3916 2823 3956 amore
2852 3900 3149 3955 caelestium
3179 3899 3415 3953 elevates
3437 3898 3611 3952 admi-

2010 4011 2157 4060 rans,
2190 3994 2325 4047 dixit
2349 4009 2361 4046 :
2388 3994 2491 4061 Qui
2519 3995 2656 4046 sunt
2685 3991 2806 4053 isti,
2826 3990 3003 4060 quiut
3026 3989 3201 4043 nubes
3240 3989 3434 4042 volant
3473 3987 3605 4053 (lsa.

2012 4100 2099 4145 ιχ,
2134 4083 2187 4149 8)
2229 4083 2257 4134 ‘?
2288 4080 2423 4149 Quae
2450 4085 2765 4133 suntautem
2791 4076 3019 4131 tonitrua
3048 4076 3293 4140 nubium,
3352 4074 3455 4129 nisi
3515 4074 3607 4129 illa

2010 4172 2274 4227 ferventia
2304 4177 2357 4225 et
2386 4182 2620 4240 superna
2634 4166 2927 4221 electorum
2940 4164 3210 4219 desideria
3235 4163 3459 4233 :quibus
3474 4163 3607 4217 dum

2009 4278 2110 4332 per
2174 4259 2414 4315 divinam
2467 4256 2698 4329 gratiam
2764 4270 2949 4308 eorum
3016 4268 3169 4307 mens
3231 4251 3602 4317 succenditur,

2008 4366 2187 4414 omne,
2214 4349 2361 4420 quod
2379 4345 2604 4418 maligni
2622 4344 2840 4414 spiritus
2852 4341 3172 4412 decipiendo
3194 4348 3509 4412 suggerunt,
3534 4340 3604 4394 ab

2009 4455 2071 4495 ea
2086 4439 2301 4509 penitus
2331 4434 2648 4507 expellunt?
2666 4435 2805 4487 Bene
2821 4447 2954 4502 ergo
2977 4431 3175 4487 dicitur
3194 4446 3207 4485 :
3228 4431 3486 4505 Intonuit
3508 4430 3605 4484 Do-

2007 4531 2202 4583 minus
2230 4542 2397 4598 super
2413 4523 2796 4591 Philisthccos,
2816 4525 2874 4576 et
2890 4522 3178 4576 exterruit
3194 4535 3304 4575 eos.
3320 4520 3459 4573 Nam
3473 4519 3604 4573 dum

2009 4633 2107 4689 per
2123 4616 2355 4688 gratiam
2386 4630 2538 4669 suam
2555 4612 2741 4668 electis
2771 4610 3042 4665 mentibus
3072 4624 3305 4678 superna
3331 4607 3604 4663 desideria

2008 4705 2262 4770 infundit,
2296 4704 2418 4774 quia
2450 4703 2609 4758 etiam
2634 4710 2845 4755 terrena
2875 4699 3059 4754 omnia
3082 4698 3210 4752 facit
3237 4704 3601 4761 contemnere,

2008 4811 2099 4850 eos
2129 4794 2311 4858 etiam,
2345 4793 2435 4863 qui
2465 4807 2531 4847 ea
2586 4792 2668 4845 eis
2708 4796 2962 4860 appetere
3009 4795 3320 4858 suggerunt,
3371 4802 3602 4855 nequam

2009 4883 2233 4954 spiritus
2248 4884 2299 4936 in
2320 4882 2500 4954 fugam
2518 4881 2700 4936 vertit.
2718 4878 3033 4935 Velutenim
3049 4877 3281 4931 tonitruo
3305 4875 3476 4930 territi
3517 4875 3602 4928 fu-

2011 4974 2186 5046 giunt,
2221 4974 2349 5026 dum
2382 4971 2434 5024 in
2454 4970 2638 5025 electis
2666 4968 2960 5035 mentibus,
2996 4980 3130 5035 quas
3156 4963 3413 5019 tentando
3478 4961 3604 5031 pul-

2013 5060 2575 5130 saverant,ingentem
2593 5061 2825 5113 sonitum
2873 5056 3077 5111 divinae
3110 5052 3319 5107 virtutis
3348 5064 3611 5119 expaves-

2013 5158 2156 5206 cunt.
2173 5150 2310 5218 Quia
2332 5164 2457 5204 vero
2480 5150 2699 5218 fragore
2720 5141 3234 5217 magnomtonuisse
3250 5138 3512 5194 Dominus
3532 5135 3611 5191 di-

2016 5239 2169 5307 citur,
2189 5238 2317 5307 quid
2340 5245 2422 5293 est
2443 5236 2610 5303 aliud,
2644 5235 2747 5289 nisi
2775 5229 3234 5303 quiaimperfecta
3269 5225 3608 5280 Christiano—

2018 5344 2133 5383 rum
2157 5326 2429 5382 desideria
2441 5323 2780 5380 daemonibus
2798 5318 3062 5376 terribilia
3085 5331 3187 5370 non
3202 5314 3362 5369 sunt?
3407 5313 3611 5384 Fragor

2021 5417 2163 5472 enim
2196 5431 2429 5487 magnus
2465 5412 2700 5477 tonitrui,
2728 5408 3021 5478 perfectum
3071 5412 3149 5459 est
3190 5403 3612 5473 uniuscujusque

2023 5505 2349 5560 desiderium
2367 5501 2685 5558 electi.Cum
2703 5497 2869 5569 igitur
2886 5495 3101 5566 fragore
3115 5507 3316 5565 magno
3329 5507 3491 5561 super
3504 5490 3617 5545 Phi-

2026 5596 2263 5652 listbaeos
2294 5590 2556 5648 Dominus
2585 5588 2809 5653 intonat,
2844 5592 2973 5639 tunc
2994 5599 3025 5639 a
3056 5581 3178 5637 ﬁliis
3205 5581 3368 5637 Israel
3402 5579 3617 5637 cedun-
