4034 6174
501 242 601 302 211

1674 235 1919 294 SANCTI
1957 231 2302 292 GREGORII
2341 232 2562 292 MAGN]

3672 238 3767 301 212

502 375 590 426 tur
619 383 633 425 :
668 366 791 440 quia
813 364 941 425 dum
981 364 1272 424 electorum
1302 371 1540 422 mentem
1584 363 1827 435 perfecta
1872 362 2090 418 devotio
2121 359 2172 420 A
2203 363 2528 434 cogitatione
2558 361 2804 433 subjecti.
2839 360 2979 418 Dum
3011 375 3142 436 ergo
3192 358 3510 422 novitiorum
3551 364 3771 426 ﬁdelium

508 458 576 512 ad
606 473 847 529 superna
877 456 1076 531 gaudia
1106 456 1284 529 erigit,
1308 470 1489 520 omne,
1523 453 1666 524 quod
1688 452 1932 508 adversae
1956 451 2102 523 parti

510 546 724 611 militat,
758 563 788 603 a
818 563 878 602 se
908 546 1121 616 penitus
1153 544 1440 601 abscindit.
1487 544 1631 599 Bene
1689 558 1901 614 quoque
1959 541 2105 612 prius

511 637 686 692 territi
714 636 1033 702 l‘hilisthaei,
1084 634 1281 691 deinde
1320 650 1353 689 a
1408 633 1532 688 ﬁliis
1564 616 1924 713 Israel-170
1968 630 2105 686 caedi

511 733 922 791 memorantur:
974 741 1094 779 nam
1132 732 1396 780 terrentur
1442 723 1734 779 electorum
1793 720 2101 787 devotione,

513 814 795 870 creduntur
814 829 1000 885 opere.
1027 814 1092 869 Et
1123 814 1251 885 quia
1301 828 1466 883 opere
1522 812 1741 867 devotio
1802 810 1948 882 prior
2003 816 2102 872 est,

514 904 709 957 terreri
728 902 897 973 prius,
933 910 1143 973 posteta
1173 917 1303 958 vero
1334 901 1471 957 caedi
1522 909 1673 957 recto
1730 899 2103 970 perhibentur.

510 991 652 1047 Nam
669 992 831 1062 prius
851 993 1052 1049 donum
1075 993 1232 1047 bonae
1250 990 1545 1048 voluntatis
1563 1006 1593 1045 a
1610 989 1841 1045 Domino
1862 986 2103 1058 acccipi-

508 1082 961 1143 mus,utconsilia
979 1083 1248 1137 malorum
1296 1081 1546 1153 spiritum
1584 1078 1922 1150 postmodum
1968 1091 2105 1132 con-

497 1170 683 1225 »futare
706 1171 1001 1226 valeamus.
1023 1172 1165 1226 Bene
1194 1170 1352 1226 etiam
1376 1170 1638 1225 Dominus
1692 1184 1852 1239 super
1906 1166 2104 1221 Philis-

511 1259 682 1315 thaaos
710 1261 983 1329 intonare,
1016 1268 1069 1314 et
1097 1263 1317 1315 exterre
1347 1275 1377 1314 e
1402 1275 1495 1314 eos
1515 1259 1725 1326 dicitur,
1775 1256 1872 1310 lilii
1927 1264 2107 1310 autem

510 1347 673 1403 Israel
702 1348 825 1404 illos
848 1349 1056 1405 caedere
1086 1349 1471 1420 perhibentur:
1496 1347 1623 1417 quia
1644 1347 1788 1401 bona
1837 1343 2111 1399 desideria

510 1435 670 1491 nobis
699 1452 799 1507 per
824 1436 1063 1491 divinam
1125 1437 1355 1507 gratiam
1412 1435 1806 1498 ministrentur,
1866 1431 1964 1486 sed
2012 1447 2111 1486 nos

507 1524 649 1581 dona
676 1527 874 1597 gratiae
911 1542 1009 1596 per
1026 1532 1277 1581 conatum
1308 1524 1463 1579 liberi
1493 1523 1697 1579 arbitrii
1726 1523 1794 1577 ad
1853 1522 2108 1576 virtutum

510 1614 768 1670 victorias
800 1630 1206 1686 promovemus.
1240 1612 1387 1669 Ordo
1403 1612 1572 1685 igitur
1610 1611 1850 1667 cmlestis
1903 1609 2109 1664 militiae

2212 453 2511 523 triumphus
2540 452 2638 507 sub
2670 452 3029 508 Israelitarum
3058 452 3228 525 gestis
3258 454 3568 524 ostenditur,
3614 474 3772 530 usque

2210 543 2278 596 ad
2310 543 2485 598 locum
2518 542 2616 596 sub
2647 542 2810 598 domo
2841 544 2968 614 agni
3002 543 3123 598 cmsi
3154 541 3474 617 alienigenae
3501 544 3735 603 dicuntur
3762 567 3773 604 :

2213 631 2335 701 quia
2368 632 2611 703 profecto
2632 648 2731 701 per
2761 632 3155 688 indesinentem
3189 638 3438 689 conatum
3469 636 3775 704 certaminis,

2214 720 2547 775 contendere
2578 721 2838 775 debemus
2866 721 2933 776 ad
2967 736 3147 777 arcem
3198 723 3779 794 perfectionismbijam

2215 817 2364 864 tanto
2394 810 2563 864 simus
2594 810 2841 864 hostibus
2872 811 3069 865 nostris
3102 811 3464 877 terribiliores,
3482 822 3671 882 quanto
3692 814 3783 870 lte-

2213 896 2339 953 dem
2350 899 2486 969 ptori
2518 907 2698 954 nostro
2723 899 3034 954 viciniores.
3060 900 3136 952 lbi
3169 899 3429 967 enimjam
3454 902 3686 971 quadam
3710 917 3783 956 se-

2215 988 2411 1042 curitas
2440 996 2549 1055 est,
2571 1005 2691 1057 qua:
2723 988 3020 1059 perturbari
3054 988 3288 1043 hostium
3322 1004 3516 1058 pavore
3546 1006 3647 1044 non
3690 1006 3785 1060 po-

2217 1084 2337 1132 test.
2369 1077 2593 1131 Talibus
2624 1093 2857 1147 namque
2887 1093 3162 1133 concessa:
3210 1077 3421 1132 virtutis
3475 1078 3614 1132 dona
3661 1078 3785 1133 insi-

2215 1182 2388 1221 nuans
2416 1166 2701 1234 Dominus,
2720 1167 2789 1221 ait
2817 1169 2979 1223 :Ecce
2994 1168 3120 1223 dedi
3150 1167 3298 1224 vobis
3325 1171 3651 1239 potestatem
3678 1169 3789 1223 cal-

2216 1257 2388 1311 candi
2399 1272 2567 1328 super
2587 1260 2897 1327 serpentes,
2922 1260 2976 1312 et
2990 1258 3329 1328 scorpiones,
3356 1260 3410 1312 et
3442 1272 3657 1312 omnem
3692 1258 3790 1311 vir-

2219 1349 2403 1401 tutem
2426 1347 2651 1401 inimici
2674 1347 2829 1413 (Luc,
2852 1349 3030 1414 x,lt)).
3059 1345 3213 1401 Unde
3245 1346 3383 1412 etis,
3416 1346 3507 1415 qui
3538 1345 3602 1399 ad
3632 1345 3791 1400 locum

2218 1433 2404 1489 domui
2462 1434 2590 1505 agni
2644 1420 2793 1485 171
2835 1434 3067 1489 vicinum
3095 1442 3439 1504 pervenerat,
3458 1434 3629 1489 dicit:
3674 1433 3793 1500 Quis

2217 1540 2319 1580 nos
2351 1524 2636 1595 separabit
2667 1524 2998 1579 aeharitate
3033 1522 3261 1590 Christi,
3284 1523 3683 1591 tribulatio,an
3699 1538 3796 1577 aa-

2217 1615 2429 1683 gustia,
2461 1627 2535 1666 an
2557 1615 2738 1683 fames
2754 1612 2930 1680 (Rom.
2951 1627 3069 1676 vin,
3095 1612 3203 1680 35),
3228 1629 3295 1665 an
3316 1619 3505 1666 caetera
3521 1610 3639 1664 talia
3654 1612 3680 1663 ‘i
3700 1611 3799 1665 Po-

509 1711 1037 1770 est,utantetonans
1059 1703 1279 1775 fragore
1298 1716 1504 1773 magno
1543 1700 1793 1755 audiatur
1838 1700 2004 1764 Deus,
2051 1706 2184 1770 etB
2214 1707 2318 1755 test
2349 1701 2513 1755 etiam
2532 1700 2863 1771 domusagni
2909 1701 3186 1755 caelestem
3231 1700 3456 1771 patriam
3507 1698 3795 1769 designare.

505 1800 630 1861 post
658 1792 819 1848 miles
847 1792 915 1847 ad
944 1791 1202 1848 caedenda
1233 1790 1466 1845 hostium
1495 1789 1712 1862 agmina
1768 1786 2100 1859 progredia-

502 1889 587 1936 tur
609 1897 622 1933 :
658 1889 714 1936 ut
744 1880 1001 1937 videticet
1014 1880 1067 1935 in
1085 1896 1143 1936 se
1156 1879 1302 1951 prius
1313 1880 1453 1935 dona
1473 1878 1661 1950 gratiae
1676 1878 1880 1945 videat,
1906 1875 2103 1931 deinde

505 1969 571 2024 ad
603 1968 913 2026 certaminis
933 1984 1184 2040 campum
1214 1967 1445 2023 validius
1467 1974 1733 2037 erumpat,
1785 1973 1839 2021 et
1884 1981 2104 2021 securus

504 2057 743 2114 victorias
770 2066 1093 2128 proventum
1123 2066 1322 2127 speret,
1356 2055 1446 2127 qui
1478 2056 1573 2120 eis,
1635 2056 1831 2126 quibus
1881 2070 2103 2109 corone-

502 2155 605 2215 tur,
639 2146 841 2203 viribus
869 2154 992 2202 ante
1020 2144 1428 2217 congressionis
1459 2153 1703 2214 tempora
1724 2144 1890 2199 fultus
1921 2152 2025 2198 est.

574 2257 661 2309 21.
694 2254 836 2309 Bene
865 2261 1069 2321 autem,
1102 2253 1194 2323 qui
1220 2252 1568 2307 Philisthaeos
1601 2251 1838 2317 caedunt,
1873 2251 1942 2306 de
1970 2251 2105 2304 Mas-

502 2343 673 2413 phath
703 2342 912 2414 egressi
944 2342 1317 2413 perhibentur.
1350 2342 1412 2394 In
1433 2340 1714 2409 Maspbath
1744 2340 1962 2403 etenim,
1987 2355 2108 2411 quae

497 2431 794 2501 speculatio
824 2430 1042 2497 dicitur,
1069 2438 1371 2497 morantur,
1404 2428 1495 2498 qui
1519 2430 1571 2482 in
1603 2428 1903 2483 divinarum
1920 2444 2106 2482 rerum

501 2518 964 2590 contemplatione
992 2518 1307 2589 persistunt.
1346 2517 1455 2572 Sed
1483 2517 1557 2572 ad
1587 2516 1877 2573 cmdendos
1910 2516 2107 2572 Philis-

502 2609 911 2672 thaeosexeunt,
945 2623 1070 2662 cum
1104 2623 1173 2662 ex
1222 2621 1420 2662 arcano
1477 2606 1700 2662 internae
1747 2605 2112 2661 meditationis

505 2696 741 2755 consulti
771 2696 1071 2764 venientes,
1104 2695 1466 2767 comprimunt
1514 2694 1656 2750 vires
1703 2696 1949 2750 adversae
2007 2696 2111 2750 do-

507 2784 838 2841 minationis.
870 2787 1019 2841 Intus
1075 2784 1221 2840 enim
1269 2784 1501 2839 latenter
1555 2784 1826 2851 ordinant,
1884 2784 2117 2855 qualiter

507 2873 647 2930 foris
668 2874 721 2929 in
752 2881 1018 2945 apparata
1048 2888 1235 2943 opere,
1268 2873 1506 2928 hostium
1537 2888 1746 2930 cuneos
1775 2874 2105 2944 irrumpunt.

507 2963 681 3019 Tanto
699 2962 918 3035 quidem
940 2962 1228 3035 graviores
1256 2977 1470 3035 pugnas
1491 2962 1569 3018 eis
1596 2963 1952 3034 procedentes
1972 2963 2115 3017 exhi-

2208 1790 2363 1845 Unde
2376 1791 2676 1844 etJoannes
2692 1789 2845 1844 dicit:
2866 1787 2993 1844 Vidi
3006 1806 3180 1861 supra
3194 1793 3443 1845 montem
3461 1789 3589 1845 Sion
3606 1802 3801 1856 agnam

2209 1882 2544 1946 stantem,et
2562 1872 2691 1934 cum
2705 1894 2765 1934 eo
2782 1884 3013 1933 centum
3031 1879 3409 1951 quadraginta
3431 1880 3672 1949 quatuor
3686 1876 3800 1930 mil-

2213 1968 2313 2035 lia,
2339 1967 2608 2023 habentia
2624 1983 2829 2023 nomen
2851 1971 2991 2038 ejus,
3017 1971 3071 2023 et
3089 1983 3295 2023 nomen
3309 1967 3492 2036 patris
3507 1969 3623 2035 ejus
3638 1967 3802 2036 scrip-

2214 2061 2335 2111 tum
2354 2058 2415 2111 in
2427 2058 2714 2126 frontibus
2734 2057 2854 2111 suis
2872 2058 3060 2127 (Apoc.
3088 2071 3205 2122 xxv,
3232 2058 3281 2123 l)
3303 2054 3440 2124 Quis
3463 2062 3545 2109 est
3564 2052 3804 2124 igiturlo-

2213 2160 2325 2212 cus,
2351 2145 2441 2216 qui
2458 2153 2541 2199 est
2558 2145 2655 2198 sub
2678 2145 2842 2199 domo
2866 2144 3013 2216 agni,
3047 2144 3150 2198 nisi
3192 2143 3453 2199 terminus
3500 2140 3800 2213 temporalis

2211 2235 2356 2299 vitae,
2382 2250 2450 2288 ex
2481 2249 2586 2304 quo
2602 2235 2670 2287 ad
2692 2249 2941 2304 supernae
2973 2232 3162 2303 patrie
3209 2234 3416 2303 gaudia
3471 2236 3799 2285 assumuntur

2215 2323 2369 2378 electi
2392 2326 2418 2377 ?
2443 2322 2545 2390 Qui
2568 2322 2711 2377 enim
2743 2337 2919 2392 usque
2938 2322 3003 2376 ad
3022 2328 3281 2376 statutum
3332 2321 3491 2377 nobis
3529 2318 3796 2374 terminum

2215 2412 2486 2480 ducimur,
2507 2427 2665 2481 quem
2680 2412 2956 2480 praeterire
2987 2410 3221 2465 vivendo
3242 2426 3351 2466 non
3371 2424 3679 2481 possumus,
3712 2422 3805 2460 ve-

2215 2501 2292 2556 lut
2323 2502 2391 2556 ad
2423 2501 2601 2556 locum
2634 2501 2901 2564 venimus,
2933 2500 3077 2555 unde
3115 2499 3222 2555 alio
3264 2499 3666 2554 transferamnr.
3712 2492 3811 2549 Sed

2216 2590 2485 2645 terminus
2514 2590 2641 2645 vitae
2666 2588 2825 2645 electi
2857 2589 2958 2644 viri
2988 2590 3090 2643 sub
3106 2589 3267 2643 domo
3298 2589 3431 2660 agni
3464 2588 3596 2642 situs
3641 2592 3811 2641 osten-

2218 2680 2366 2735 ditur
2399 2697 2410 2732 :
2448 2678 2572 2750 quia
2602 2679 2852 2750 undcper
2871 2678 3149 2749 angustias
3196 2676 3549 2733 mortalitatis
3607 2674 3809 2730 demer-

2221 2765 2387 2837 gitur,
2422 2763 2550 2819 inde
2580 2763 2646 2817 ad
2670 2763 2793 2818 vitae
2826 2762 3185 2817 indeﬁcientis
3231 2762 3445 2833 gaudia
3496 2760 3812 2816 sublevatur.

2223 2855 2365 2908 Nam
2391 2861 2443 2907 et
2472 2868 2646 2925 agnus
2677 2851 2814 2921 ipse,
2850 2851 2941 2921 qui
2972 2851 3023 2904 in
3051 2850 3476 2906 citharoedorum
3506 2848 3813 2904 citharizan-

2223 2943 2354 2998 tium
2378 2950 2427 2997 et
2449 2940 2779 2997 cantantium
2794 2940 3015 2995 domum
3039 2956 3192 2994 suam
3226 2941 3376 2994 laetus
3410 2938 3689 3005 inhabitat,
3720 2950 3813 2989 an-

513 3051 664 3118 bent,
704 3025 1095 3122 quanto,vdum
1128 3025 1631 3123 inter-navcogitant,
1662 3051 1806 3121 apud
1855 3068 1912 3107 se
1959 3051 2115 3122 quie-
2146 3045 2195 3107 C
2226 3041 2440 3123 ίέίνλίξξῗ)
2468 3029 2535 3085 ad
2561 3029 2720 3098 hujus
2739 3028 2932 3084 domus
2951 3029 3189 3123 Ῑδῖξίίξθω
3220 3026 3644 3123 ἀΡΟςΓθξυΓνδυδ
3662 3025 3813 3123 (19³³0

514 3139 680 3196 tiores
709 3140 894 3195 latent.
918 3141 989 3195 Et
1019 3139 1151 3211 quia
1181 3139 1401 3212 maligni
1434 3140 1651 3211 spiritus
1680 3140 1749 3196 ab
1772 3139 1958 3195 electis
2016 3136 2119 3194 Dei

513 3244 732 3300 semper
760 3228 1156 3298 comprimendi
1187 3236 1330 3294 sunt,
1362 3244 1533 3299 usque
1561 3228 1631 3284 ad
1687 3228 1869 3284 locum
1929 3228 2121 3283 subter

514 3318 782 3375 Betbcbar
809 3317 1135 3373 Pbilisthiim
1193 3318 1473 3388 percusssi
1504 3318 1677 3373 fuisse
1734 3328 2118 3373 memorantur-

519 3407 791 3462 Betbcbar
819 3406 1279 3477 quippe,'domus
1332 3406 1460 3478 agni
1517 3408 1912 3476 interpretatur.
1975 3408 2127 3461 Hunc

520 3511 723 3567 agnum
750 3495 914 3552 nobis
956 3496 1130 3550 Isaias
1172 3495 1473 3561 insinuans,
1499 3495 1603 3550 ait:
1628 3497 1915 3566 Tanquam
1946 3512 2126 3566 agnus

523 3583 598 3640 ad
618 3586 954 3641 occisionem
976 3583 1235 3649 ducetur,
1277 3587 1333 3639 et
1366 3587 1639 3656 tanquam
1661 3586 1776 3639 ovis
1799 3600 1984 3639 coram
2008 3594 2126 3640 ton-

525 3671 788 3740 dentese,
806 3674 931 3728 sine
954 3687 1081 3729 voce
1126 3671 1284 3741 (Isai.
1337 3687 1450 3737 un,
1495 3674 1571 3742 7).
1631 3672 1766 3740 Quae
1820 3671 1984 3742 igitur
2034 3658 2135 3726 fuit

530 3759 727 3815 domus
757 3759 906 3832 agni,
945 3760 1047 3815 nisi
1077 3759 1171 3814 illa
1203 3760 1474 3829 sublimis,
1507 3767 1560 3814 et
1616 3760 1967 3831 singulariter
2021 3777 2135 3814 mu-

541 3849 653 3904 nita
682 3852 1027 3905 conversatio
1056 3849 1460 3921 Redemptoris,
1494 3866 1618 3921 quae
1662 3848 1790 3904 dum
1831 3850 1989 3919 culpa
2037 3864 2135 3904 ca-

541 3938 674 4004 ruit,
717 3937 921 3994 cunctis
948 3954 1183 4009 nequam
1201 3937 1479 4009 Spiritibus
1498 3936 2138 3993 inaccessibilisexstitit‘?

538 4026 618 4080 Ad
652 4028 936 4095 Betbchar,
968 4026 1025 4082 id
1054 4035 1139 4082 est
1172 4026 1393 4083 domum
1449 4027 1580 4098 agni
1639 4027 1924 4096 pervenire
1980 4041 2140 4081 nemo

539 4122 752 4185 potest:
788 4115 915 4186 quia
945 4115 1187 4185 quisquis
1216 4117 1443 4171 multum
1475 4114 1703 4186 proﬁcit,
1726 4115 2006 4170 sanctitate
2023 4114 2143 4168 Re-

542 4203 846 4273 demptoris
876 4203 1215 4260 inferiorest.
1254 4204 1407 4260 Unde
1445 4212 1500 4258 et
1541 4203 1862 4273 praedicator
1889 4202 2143 4273 egregius

543 4291 794 4361 ejusdem
810 4289 1459 4363 Redemptorislaudibus
1486 4292 1757 4357 insistens,
1781 4291 1908 4346 dicit
1932 4308 1946 4344 :
1996 4291 2143 4346 Talis

2231 3119 2503 3174 fuit.llinc
2534 3134 2766 3188 namque
2784 3118 3045 3188 est,qnod
3091 3117 3483 3171 immolationis
3533 3131 3640 3170 suae
3696 3121 3815 3167 tem-

2232 3224 2363 3278 pore
2391 3208 2521 3264 dicit
2554 3225 2565 3260 :
2598 3208 2793 3263 Tristis
2816 3211 2900 3262 est
2929 3209 3124 3263 anima
3155 3221 3280 3262 mea
3301 3223 3480 3278 usque
3509 3207 3579 3261 ad
3602 3207 3823 3259 mortem

2236 3299 2456 3366 (Matth.
2480 3300 2709 3360 xxu,38
2733 3312 2745 3358 ;
2771 3298 2942 3351 Marc.
2984 3312 3093 3363 x1v,
3126 3297 3236 3363 34).
3272 3294 3447 3350 Electi
3486 3311 3618 3367 ergo
3650 3291 3824 3347 unius-

2237 3386 2501 3456 cujusque
2534 3383 2659 3438 ﬁuis
2688 3383 2816 3439 dum
2877 3385 2994 3440 loco
3050 3384 3372 3451 ostenditur,
3438 3384 3632 3438 subter
3675 3379 3828 3436 Beth-

2240 3476 2387 3541 cliar,
2447 3473 2500 3526 id
2554 3480 2633 3526 est
2690 3473 2852 3528 domo
2910 3473 3041 3546 agni
3094 3489 3213 3528 esse
3270 3482 3606 3528 memoratur
3650 3490 3662 3535 ;
3713 3467 3827 3539 quia

2241 3560 2529 3617 sanctiviri
2550 3576 2788 3632 cumper
2808 3562 2996 3616 mortis
3027 3577 3244 3631 poenam
3297 3561 3618 3633 temporalia
3679 3558 3833 3612 dese-

2242 3655 2382 3712 runt,
2417 3646 2483 3700 de
2524 3645 2705 3701 vicino
2736 3645 3177 3716 praeminentem
3234 3644 3338 3699 sibi
3394 3660 3683 3716 supernam
3735 3655 3829 3710 pa-

2245 3735 2400 3790 triam
2430 3734 2816 3791 conscendunt.
2850 3734 2988 3790 Nam
3042 3734 3258 3801 Paulus,
3318 3735 3658 3790 conﬁdenter
3701 3744 3832 3785 asse-

2244 3841 2391 3892 rens,
2413 3825 2572 3881 dicit:
2596 3823 2822 3879 Scimus
2851 3825 2985 3895 quia
3005 3826 3053 3879 si
3084 3825 3373 3880 terrestris
3409 3825 3608 3880 domus
3650 3823 3833 3875 nostra

2247 3909 2604 3975 dissolvatur,
2624 3907 2886 3963 habemus
2918 3907 3309 3963 habitaculum
3341 3923 3415 3962 ea:
3447 3909 3577 3975 beo,
3595 3920 3707 3960 non
3722 3916 3835 3954 ma-

2249 4000 2555 4069 nufactum
2585 3999 2646 4052 in
2669 3996 2899 4063 cwlo(lt
2915 3995 3035 4052 Cor.
3059 4014 3108 4063 v,
3146 4000 3218 4065 1).
3253 3996 3425 4067 Igitur
3458 4010 3628 4067 usque
3655 3991 3722 4046 ad
3748 3989 3829 4043 lo-

2251 4101 2395 4153 cum,
2429 4084 2619 4156 quiest
2656 4085 2842 4139 subter
2872 4086 3035 4140 domo
3066 4085 3213 4154 agni,
3274 4084 3622 4139 Philistheos
3677 4077 3833 4136 caedi-

2254 4191 2393 4239 mus,
2418 4174 2463 4227 si
2494 4174 2728 4244 quandiu
2758 4173 2812 4228 in
2845 4175 2943 4229 hac
2972 4175 3079 4228 vita
3099 4190 3302 4240 sumus,
3324 4173 3393 4227 de
3420 4171 3677 4245 malignis
3724 4167 3831 4238 spi-

2253 4259 2442 4314 ritibus
2462 4259 2875 4329 triumphamus.
2911 4259 3160 4329 Sequitur
3186 4277 3198 4311 :

546 4380 794 4445 decebat,
823 4385 892 4436 ut
913 4361 1074 4436 nodis
1108 4384 1250 4436 esset
1271 4381 1539 4451 pontifex
1567 4385 1820 4445 sanctus,
1840 4382 2121 4437 innocens

2325 4364 2505 4432 (Vers.
2541 4363 2652 4431 12.)
2681 4362 2828 4417 Tulit
2847 4366 3037 4417 autem
3075 4362 3303 4417 Samuel
3339 4361 3588 4431 lapidem
3646 4372 3835 4459 unum,

546 4468 904 4539 impollutus,
926 4470 1243 4539 segregatus
1273 4484 1307 4521 a
1326 4466 1731 4537 peccatoribus,
1758 4471 1812 4523 et
1864 4467 2142 4523 excelsior

547 4556 703 4612 cretis
721 4557 928 4626 factus,
943 4556 1039 4626 qui
1053 4572 1168 4610 non
1188 4555 1354 4611 habet
1370 4557 1782 4623 necessitatem,
1802 4558 2142 4612 sicutsacer-

551 4643 727 4709 dotes,
743 4644 906 4714 prius
913 4658 1017 4714 pro
1035 4643 1153 4698 suis
1169 4642 1393 4699 dilectis
1411 4642 1618 4699 hostias
1638 4644 1836 4714 offerre
1854 4644 2139 4714 (Hebr.vn,

554 4731 771 4801 26,27).
792 4729 924 4799 Quis
941 4739 1023 4786 est
1040 4745 1173 4802 ergo
1194 4731 1344 4787 locus
1371 4731 1555 4787 subter
1584 4733 1871 4800 Betbchar,
1893 4733 1963 4787 ad
1988 4748 2149 4804 quem

554 4836 726 4890 usque
745 4818 1071 4874 Pbilisthiim
1089 4820 1327 4885 caedere,
1346 4821 1671 4892 etpersequi
1701 4821 1962 4876 debemus
1982 4822 2009 4873 ‘2
2042 4820 2150 4876 Sed

555 4906 606 4963 si
637 4907 1300 4978 Bethcharperfeetionem
1330 4908 1507 4981 signat
1528 4910 1831 4965 Dominicae
1858 4924 2151 4964 conversa-

555 4995 736 5063 tionis,
751 4997 927 5053 locum
941 4996 1126 5052 subter
1144 4997 1431 5062 Bethchar,
1448 5012 1796 5052 communem
1829 4998 2150 5052 Sanctorum

554 5100 817 5140 summam
832 5084 1084 5156 exprimit
1096 5085 1412 5141 sanctitatis.
1434 5085 1537 5154 Qui
1549 5094 1602 5140 et
1617 5085 1792 5141 eidem
1808 5084 2154 5154 Redemptori

552 5189 614 5230 se
635 5173 945 5230 obediendo
967 5174 1270 5241 humiliant,
1302 5181 1359 5228 et
1387 5174 1501 5242 ejus
1528 5174 1718 5245 gloriae
1776 5189 1872 5243 per
1911 5173 2153 5226 studium

551 5262 990 5319 vitaeinnocentis
1007 5262 1462 5333 appropinquant.
1488 5262 1657 5317 Locus
1676 5261 1842 5327 enim,
1894 5261 1982 5330 qui
2018 5260 2154 5315 sub-

558 5356 639 5404 ter
650 5351 915 5406 Bethcbar
928 5351 1062 5406 situs
1081 5351 1407 5417 ostenditur,
1430 5351 1605 5406 eidem
1624 5350 1742 5405 loco
1756 5349 1843 5405 cui
1861 5350 2069 5417 subest,
2103 5358 2157 5406 et

553 5436 775 5491 inferior
788 5452 908 5494 esse
929 5440 1296 5509 cognoscitur,
1311 5444 1366 5495 et
1381 5439 1593 5495 vicinus
1615 5454 1628 5493 :
1653 5438 1780 5510 quia
1798 5438 1970 5493 sancti
2020 5438 2140 5506 viri,

551 5540 656 5595 quo
670 5524 783 5582 Deo
795 5541 893 5598 per
907 5527 1034 5584 vitae
1048 5527 1385 5584 altitudinem
1401 5527 1560 5586 vicini
1577 5536 1789 5597 sunt,eo
1802 5535 1854 5583 et
1871 5526 2143 5582 humiliori

2250 4452 2306 4503 et
2333 4449 2521 4520 posuit
2551 4447 2848 4503 euminter
2872 4445 3165 4518 Masphath
3196 4450 3252 4500 et
3312 4446 3422 4501 Sen
3455 4464 3469 4512 ;
3521 4448 3576 4500 et
3638 4439 3841 4497 vocavit

2251 4548 2457 4588 nomen
2488 4531 2610 4603 ejus
2642 4532 2805 4601 Lapis
2850 4531 3162 4597 Adiutorii,
3211 4529 3509 4601 dixitque;
3560 4530 3841 4596 [lucusque

2251 4618 2573 4675 auxiliatur
2593 4618 2677 4671 est
2697 4614 2853 4669 nobis
2888 4615 3172 4670 Dominus.

2331 4733 2416 4783 22.
2450 4726 2609 4796 Lapis
2656 4725 2710 4779 in
2765 4739 2922 4780 sacro
2979 4723 3196 4792 eloquio
3261 4724 3582 4789 Dominum,
3646 4728 3698 4776 et
3753 4720 3847 4774 Re-

2261 4820 2599 4887 demptorem
2634 4822 2876 4868 nostrum
2897 4811 3190 4883 signiﬁcat.
3224 4813 3382 4882 Lapis
3438 4828 3569 4867 vero
3626 4823 3764 4864 unus
3818 4820 3850 4859 ο,

2261 4901 2515 4958 Samuele
2545 4898 2765 4962 tollitur,
2796 4912 2916 4950 cum
2943 4912 2976 4951 a
3018 4905 3221 4951 sancta:
3279 4896 3547 4952 Ecclesiae
3587 4893 3852 4976 praedica-

2263 4995 2381 5042 tore
2408 4980 2791 5052 Redemptoris
2821 4980 3078 5035 fortitudo
3107 4980 3454 5052 singulariter
3509 4978 3846 5048 praedicatur.

2262 5075 2365 5144 Qui
2394 5073 2634 5143 profecto
2664 5071 2804 5126 inter
2834 5068 3124 5138 Masphath
3153 5078 3205 5123 et
3233 5070 3341 5123 Sen
3369 5066 3703 5139 praeﬁgitur:
3735 5062 3853 5136 quia

2261 5164 2317 5217 in
2349 5163 2472 5217 vitae
2497 5160 2641 5215 exitu
2671 5159 2872 5214 electos
2904 5156 3156 5229 protegit,
3215 5158 3477 5226 reprobos
3533 5151 3849 5222 confringit.

2263 5253 2370 5307 Sen
2400 5251 2601 5321 quippe
2631 5249 2890 5304 excussis
2938 5246 3152 5302 dicitur.
3210 5245 3440 5300 Excussi
3495 5252 3679 5299 autem
3736 5247 3855 5295 sunt

2262 5340 2498 5412 reprobi,
2531 5339 2585 5392 id
2616 5346 2697 5392 est
2725 5352 2758 5391 a
2786 5335 3028 5390 ﬁdelium
3071 5334 3330 5390 societate
3384 5332 3661 5405 separari.
3719 5331 3854 5385 Dum

2254 5445 2386 5501 ergo
2419 5444 2589 5498 usque
2636 5426 2707 5481 ad
2762 5425 2937 5481 locum
2990 5423 3175 5478 subter
3231 5423 3506 5478 Betbchar
3564 5415 3854 5475 Pbilistbzei

2250 5526 2381 5593 caesi
2412 5524 2794 5597 perhibentur,
2827 5520 2963 5592 lapis
2991 5520 3131 5576 inter
3162 5518 3269 5575 Sen
3296 5523 3351 5575 et
3380 5517 3664 5589 Masphatb
3720 5530 3855 5588 prte-
