4034 6174
288 305 389 359 213

1126 303 1199 363 ΙΝ
1239 305 1509 365 PRIMUM
1550 302 1797 363 BEGUM
1837 300 2379 364 EXPOSITIONES.
2414 340 2477 351 -
2513 309 2639 366 LIB.
2672 309 2761 367 III.

3495 313 3595 373 214

284 432 428 492 ﬁxus
453 433 718 493 asseritur
747 453 760 492 :
795 433 916 510 quia
965 436 1094 495 dum
1140 436 1294 496 electi
1340 438 1440 496 Dei
1486 438 1729 495 victoriae
1776 454 1890 494 suae
1919 429 1973 491 A
2006 441 2086 490 tes
2117 432 2195 489 illi
2223 434 2360 489 radii
2382 434 2639 509 fulgentis
2657 434 2971 494 aeternitatis
2992 437 3022 494 ἢ
3051 436 3158 505 Qui
3180 445 3305 513 apte
3334 439 3596 500 Samuelit

280 526 492 583 titulum
541 527 595 582 in
642 527 751 585 ﬁne
807 530 1130 600 percipiunt,
1180 530 1562 600 Redemptoris
1602 530 1806 597 judicio
1853 545 1884 584 a

280 617 550 671 malorum
597 619 859 675 societate
916 628 1259 690 separantur.
1323 621 1484 676 Modo
1529 635 1690 687 vero,
1738 619 1885 675 velut

282 706 333 760 in
366 722 497 761 area
529 708 876 777 frumentum,
912 719 965 763 et
994 711 1149 779 palea
1178 711 1337 764 simul
1368 726 1582 775 sumus,
1615 711 1709 765 sed
1755 711 1882 763 dum

281 794 349 849 ad
382 795 507 851 vitae
538 798 827 852 terminum
859 798 1132 867 ducimur,
1165 799 1320 854 electi
1352 816 1383 854 a
1411 799 1659 869 reprobis
1692 799 1883 852 Domi-

278 884 401 939 nica
430 886 632 941 virtute
678 886 1009 955 dividuntur,
1059 897 1109 943 et
1156 888 1303 943 velut.
1351 889 1488 943 inter
1535 905 1593 942 se
1647 888 1883 957 lapidem

277 973 479 1029 habent
528 974 794 1043 medium,
845 975 972 1030 dum
1021 977 1095 1032 illi
1147 979 1360 1047 pondus
1407 976 1783 1047 Redemptoris
1831 975 1884 1029 in

279 1063 648 1117 damnationis
695 1081 808 1119 suae
851 1066 1119 1135 judicium
1169 1066 1454 1132 sustinent,
1487 1075 1539 1120 et
1569 1065 1649 1119 isti
1688 1065 1742 1118 in
1773 1064 1887 1132 ejus

276 1149 854 1207 fortitudine'zeternee
902 1154 1094 1225 gloriae
1138 1155 1347 1225 palmas
1391 1163 1592 1209 tenent.
1656 1154 1888 1207 Possunt

278 1257 382 1311 per
409 1241 523 1296 Sen
555 1242 717 1296 etiam
767 1242 991 1314 maligni
1046 1244 1267 1314 spiritus
1316 1244 1619 1316 designari.
1662 1241 1883 1297 Excussi

280 1328 488 1399 quippe
534 1338 681 1398 sunt,
714 1331 839 1401 quia
866 1347 901 1387 a
930 1332 1132 1387 cmlesti
1179 1341 1386 1389 secreto
1430 1349 1529 1403 per
1575 1331 1885 1402 superbiam

274 1417 526 1487 proiecti.
552 1419 621 1474 Et
650 1419 777 1490 quia
797 1435 941 1477 nunc
969 1420 1021 1475 in
1050 1424 1153 1476 hac
1180 1422 1294 1478 vita
1324 1421 1607 1478 nobiscum
1638 1419 1884 1491 praelian-

272 1515 382 1571 tur,
432 1507 578 1563 bene
620 1524 745 1563 cum
792 1508 1033 1566 victoria
1078 1518 1276 1566 nostrae
1334 1519 1544 1579 tempus
1605 1509 1883 1575 asseritur,

274 1595 422 1664 lapis
449 1596 593 1652 inter
618 1613 720 1652 nos
746 1605 799 1653 et
826 1614 924 1654 eos
952 1599 1157 1669 positus
1202 1599 1518 1669 perhibetur
1549 1616 1560 1651 :
1596 1599 1719 1668 quia
1767 1612 1885 1652 cum

270 1684 493 1741 militiae
538 1694 742 1742 nostrae
807 1687 1061 1743 donativa
1123 1687 1494 1757 percipimus,
1546 1686 1684 1742 ultra
1732 1686 1890 1741 nobis

1992 541 2112 581 esse
2140 526 2450 580 referuntur
2481 544 2493 580 :
2528 528 2653 596 quia
2684 526 2778 582 etsi
2809 544 3123 585 communes
3143 540 3266 587 sunt
3295 533 3593 589 electorum

1992 616 2256 681 omnium,
2288 616 2506 685 speciali
2547 618 2773 686 quadam
2823 620 2994 689 gratia
3038 621 3107 674 ad
3155 622 3357 691 gaudia
3405 623 3593 679 lucens

1992 704 2437 773 praedicatorum.
2489 706 2582 759 Vel
2629 713 2773 761 certe
2821 708 3229 776 praedicatorum
3283 720 3428 771 sunt.
3462 713 3589 782 quia

1994 793 2285 863 specialius
2332 809 2518 847 eorum
2559 796 2825 850 mentibus
2856 795 3082 869 fulgent,
3118 815 3348 868 quorum
3379 801 3587 870 praedi-

1994 881 2200 936 catione
2233 898 2372 937 nunc
2404 891 2609 938 sanctze
2632 885 2892 941 Ecclesiae
2914 887 3370 943 demonstrantur.
3394 892 3591 944 Manus

1994 980 2170 1024 autem
2205 972 2417 1025 Domini
2447 989 2612 1041 super
2643 972 2974 1030 Philisthmos
3011 977 3216 1031 cunctis
3266 978 3455 1032 diebus
3484 978 3596 1033 Sa-

1992 1058 2183 1113 muelis
2214 1059 2355 1115 facta
2386 1060 2714 1130 perhibetur,
2750 1063 2874 1132 quia
2913 1063 3095 1118 divina
3137 1072 3382 1134 potestas
3425 1067 3598 1121 malos

1994 1148 2210 1219 spiritus
2242 1165 2457 1219 semper
2484 1151 2758 1220 Opprimit,
2805 1168 2925 1221 quae
2973 1153 3028 1206 in
3075 1162 3294 1209 ceterum
3341 1155 3597 1210 claritatis

1995 1238 2167 1308 gloria
2216 1238 2374 1292 etiam
2425 1238 2626 1294 electos
2683 1240 2986 1295 exhilarare
3033 1258 3305 1313 nunquam
3364 1244 3593 1300 desistit.

1994 1327 2144 1381 Tunc
2173 1343 2299 1382 vero
2330 1329 2646 1398 angelorum
2677 1328 2877 1383 damna
2905 1340 3241 1401 reparantur,
3276 1349 3395 1387 cum
3429 1333 3595 1405 quid-

1996 1414 2126 1485 quid
2158 1416 2226 1469 de
2256 1416 2443 1471 ordine
2472 1416 2813 1472 conditorum
2842 1418 3145 1488 spirituum,
3179 1436 3367 1476 eorum
3398 1438 3595 1492 super-

1995 1503 2086 1557 bia
2115 1503 2384 1558 sublatum
2416 1504 2733 1559 beatitudini
2768 1506 2957 1575 fuerat,
2983 1508 3051 1562 de
3080 1508 3264 1564 electis
3291 1509 3599 1567 hominibus

1997 1593 2343 1661 adimpletur.
2379 1592 2556 1660 Quare
2586 1593 2824 1663 sequitur
2856 1612 2867 1648 :

2066 1682 2240 1751 (Vers.
2278 1685 2387 1750 14.)
2421 1684 2486 1738 Et
2518 1682 2751 1738 reddita:
2780 1688 2920 1739 sunt
2948 1687 3131 1755 urbes,
3169 1704 3308 1758 quas
3331 1689 3593 1745 tulerant

267 1789 468 1829 eorum
498 1775 693 1844 praelia
722 1791 1062 1846 nequaquam
1082 1785 1427 1832 renovantur.
1455 1775 1673 1833 Samuel
1705 1783 1885 1829 autem
1917 1788 1970 1848 Β
2002 1770 2352 1825 Philisthiim
2384 1770 2603 1829 Israeli.

268 1864 424 1918 hunc
448 1864 688 1934 lapidem
718 1864 772 1919 in
804 1865 1038 1920 medium
1064 1866 1219 1935 ponit
1245 1883 1257 1918 :
1282 1865 1415 1936 quia
1436 1863 1595 1920 nobis
1622 1863 1888 1933 Redemp-

274 1952 412 2008 toris
444 1953 618 2008 nostri
647 1953 943 2009 bonitatem
975 1962 1176 2009 sanctae
1207 1954 1467 2009 Ecclesia
1497 1953 1689 2009 doctor
1710 1960 1891 2008 osten-

268 2040 375 2096 dit.
422 2042 494 2096 Et
520 2042 648 2112 quia
676 2057 857 2109 omne,
891 2044 1033 2112 quod
1064 2059 1095 2097 a
1124 2043 1281 2098 nobis
1312 2043 1365 2096 in
1395 2042 1541 2097 omni
1571 2042 1678 2097 vita
1708 2050 1893 2097 nostra

266 2146 605 2200 prosperum
634 2130 864 2202 geritur,
899 2130 1096 2185 divina:
1142 2131 1336 2203 gratia:
1386 2130 1734 2195 adscribitur,
1769 2138 1893 2198 apte

267 2219 352 2273 ab
379 2234 451 2274 eo
479 2217 624 2290 lapis
666 2219 778 2287 ille,
811 2220 904 2293 qui
952 2220 1007 2273 in
1054 2219 1233 2274 medio
1263 2220 1486 2287 sistitur,
1519 2219 1677 2289 Lapis
1717 2218 1891 2288 Adju—

270 2307 408 2362 torii
440 2316 686 2363 vocatur.
720 2310 846 2379 Ipse
889 2317 971 2364 est
1014 2324 1248 2380 namque
1278 2308 1438 2378 Lapis
1469 2307 1767 2378 Adjutorii,
1803 2307 1892 2378 qui

266 2398 322 2451 εἰ
357 2397 527 2452 nobis
572 2397 862 2453 subvenire
900 2399 1057 2467 172
1092 2397 1340 2465 noluerit,
1397 2396 1541 2452 vinci
1586 2413 1893 2467 possumus,

263 2487 505 2541 vincere
541 2486 850 2555 nequimus.
896 2487 978 2541 De
1023 2502 1128 2556 quo
1171 2486 1286 2555 jam
1319 2486 1371 2540 in
1418 2485 1662 2540 medium
1712 2485 1895 2556 posito

264 2574 488 2629 dicitur
520 2592 532 2627 :
569 2576 744 2646 Usque
784 2574 892 2630 huc
920 2576 1249 2631 auxiliata:
1272 2578 1357 2631 est
1389 2575 1549 2630 nobis
1583 2576 1853 2630 Dominus
1875 2596 1897 2638 ,-

266 2664 412 2734 quia
440 2663 562 2730 ejus
607 2662 869 2733 praesidia
912 2663 1114 2719 electos
1169 2679 1301 2719 suos
1346 2678 1518 2733 usque
1567 2664 1637 2719 ad
1681 2672 1898 2718 aeternas

264 2750 658 2808 retributionis
715 2761 968 2821 tempora
1024 2759 1447 2822 persequuntur.
1510 2752 1582 2807 Et
1639 2751 1782 2822 quia,
1844 2759 1902 2806 ut

264 2841 548 2905 diximus,
573 2839 686 2908 jam
718 2847 846 2894 tunc
877 2856 909 2894 a
938 2840 1095 2895 nobis
1125 2841 1177 2894 in
1210 2849 1415 2895 (eterna
1440 2841 1627 2911 requie
1674 2855 1899 2909 suscep-

266 2930 375 2995 tis,
407 2945 441 2983 a
474 2928 750 2998 depressis
779 2928 1030 2984 hostibus
1061 2928 1250 3000 praelia
1279 2929 1427 2984 nulla
1470 2937 1901 2997 commoventur,

277 3017 556 3087 sequitur
583 3034 596 3070 :

353 3107 542 3175 (νει-ε.
567 3105 674 3175 13).
700 3106 769 3162 Et
798 3107 1251 3163 humiliatisunt
1283 3105 1660 3174 Philisthiim,
1684 3122 1789 3163 nec
1810 3122 1908 3179 apo

255 3198 627 3268 posuerunt,
649 3198 712 3250 ut
743 3198 1003 3250 venirent
1036 3196 1195 3252 ultra
1226 3198 1285 3251 in
1325 3198 1600 3251 terminos
1632 3196 1829 3251 Israel.

352 3288 447 3337 23.
505 3285 632 3339 Haec
659 3283 900 3354 profecto
930 3284 1008 3338 sic
1037 3284 1337 3339 electorum
1383 3283 1728 3356 singulorum
1762 3283 1905 3340 facta

259 3374 623 3444 exprimunt,
655 3381 713 3427 ut
739 3380 940 3428 sancta:
971 3372 1253 3428 catholicas
1286 3373 1546 3428 Ecclesiae
1575 3380 1627 3427 et
1656 3373 1903 3442 procinc-

262 3474 398 3517 tum
429 3462 668 3517 innuant
708 3461 858 3529 belli,
911 3470 963 3516 et
1011 3461 1213 3533 gaudia
1244 3461 1720 3516 remunerationis.
1756 3462 1904 3517 Hanc

260 3567 533 3621 namque
560 3550 873 3605 universalis
902 3550 1164 3606 Ecclesiae
1196 3550 1474 3605 victoriam
1502 3550 1619 3621 jam
1651 3558 1769 3621 post
1801 3566 1900 3605 re-

258 3639 646 3695 surrectionis
683 3648 879 3695 nostra
925 3638 1156 3711 gloriam
1203 3639 1451 3706 futuram,
1487 3639 1674 3693 beatus
1707 3639 1902 3693 Paulus

262 3729 557 3796 ostendit;
597 3728 708 3798 qui,
754 3728 903 3798 quasi
952 3729 1148 3782 futurae
1196 3727 1588 3798 incorruptioni
1639 3743 1895 3797 praesens,

264 3818 449 3874 morti
482 3816 795 3883 insultabat,
818 3816 1037 3871 dicens:
1064 3816 1340 3888 Absorpta
1361 3826 1444 3872 est
1469 3832 1619 3873 mors
1643 3817 1703 3871 in
1729 3818 1900 3872 victo-

261 3909 368 3962 ria
394 3906 427 3958 ?
446 3905 544 3961 ubi
563 3909 650 3960 est
664 3920 816 3961 mors
837 3906 1074 3961 victoria
1099 3906 1231 3961 tua?
1248 3906 1342 3961 ubi
1358 3909 1443 3961 est
1457 3921 1607 3961 mors
1626 3906 1898 3960 stimulus

260 4001 423 4052 ιυω
452 3996 507 4065 (1
538 3992 657 4050 Cor.
691 4009 784 4059 xv,
815 3994 903 4061 54,
936 3995 1067 4063 53)?
1113 3994 1434 4049 Humiliatos
1481 3994 1640 4049 etiam
1691 3993 1893 4047 Philis-

259 4087 464 4139 thazos
502 4083 642 4138 vidit
673 4101 684 4135 :
721 4082 853 4152 quia
894 4090 1261 4153 apostatarum
1311 4082 1628 4154 angelorum
1680 4098 1899 4137 memo-

254 4188 435 4239 rans,
471 4171 547 4226 ad
576 4187 823 4227 amorem
854 4170 1048 4226 futurae
1078 4170 1357 4243 dignitatis
1386 4171 1589 4227 electos
1628 4171 1893 4238 accendit,

257 4262 481 4318 dicens
517 4278 531 4312 :
566 4260 662 4315 An
709 4260 966 4324 nescitis,
997 4261 1130 4332 quia
1171 4261 1401 4330 angelos
1443 4261 1815 4323 iudicabimus
1852 4258 1903 4330 (ι

262 4353 416 4408 Cor.
442 4366 517 4416 vr,
546 4350 637 4419 3)?
656 4350 807 4403 Tunc
836 4349 1037 4418 quippe
1066 4348 1359 4403 Philisthmi
1382 4347 1751 4416 humiliantur,
1775 4364 1897 4402 cum

260 4441 335 4494 in
374 4445 693 4508 praeparata
723 4436 829 4490 sibi
861 4436 929 4491 ab
959 4436 1176 4508 origine
1206 4436 1389 4490 mundi
1421 4437 1605 4491 aeterni
1637 4436 1779 4508 ignis
1809 4437 1897 4491 in-

263 4528 486 4583 cendia
549 4526 838 4580 daemones
883 4524 1186 4579 mittuntur.
1239 4525 1303 4579 Et
1350 4524 1403 4578 in
1454 4525 1710 4580 terminos
1739 4525 1904 4581 Israel
1934 4508 1987 4568 Ῑ)

260 4617 477 4672 venire
511 4614 736 4669 ulterius
760 4629 869 4668 non
893 4621 1174 4684 apponunt
1201 4630 1211 4666 :
1238 4613 1363 4683 quia
1386 4612 1455 4668 ad
1479 4615 1736 4668 tentanda
1755 4614 1899 4670 elec-

262 4716 466 4762 torum
514 4703 682 4759 corda
727 4718 838 4758 non
884 4710 1099 4757 exeunt.
1147 4700 1251 4770 Qui
1299 4709 1479 4757 autem
1525 4710 1648 4756 sunt
1695 4702 1905 4758 Israelis

259 4792 530 4861 termini,
564 4791 665 4847 nisi
693 4791 818 4847 caeli
839 4791 868 4843 ‘l
906 4789 1203 4858 Quomodo
1232 4798 1411 4845 autem
1444 4790 1571 4845 mali
1601 4790 1820 4861 spiritus
1850 4791 1904 4845 in

263 4881 513 4937 Israelis
549 4880 802 4935 terminos
832 4879 1068 4941 venient,
1101 4878 1191 4948 qui
1223 4878 1300 4932 sic
1328 4878 1382 4931 in
1413 4878 1607 4932 inferni
1636 4880 1905 4948 profundo

262 4968 541 5027 damnati
570 4975 717 5037 sunt,
741 4975 799 5023 ut
827 4985 860 5023 a
888 4966 1284 5022 summersione
1314 4982 1600 5036 pmnarum
1631 4983 1905 5037 nunquam

260 5058 627 5130 resurgant?
657 5056 797 5125 Quia
837 5071 970 5127 ergo
1011 5063 1218 5111 aeterna
1248 5055 1602 5126 oppressione
1632 5055 1906 5123 dejiciun-

267 5157 403 5214 tur,
435 5156 567 5217 apte
593 5144 935 5200 subiniertur
964 5187 975 5199 .

357 5237 553 5307 (νει-ε.
588 5237 695 5304 13).
729 5234 904 5290 Facta
934 5237 1039 5302 est,
1072 5234 1282 5307 inquit,
1315 5250 1519 5289 manus
1551 5232 1770 5288 Domini
1803 5250 1905 5288 su-

264 5341 396 5399 per
427 5322 783 5380 Philistha’os
811 5324 1036 5378 cunctis
1064 5322 1256 5379 diebus
1284 5322 1583 5379 Samuelis.

360 5414 463 5467 2t.
498 5410 603 5480 Qui
630 5411 775 5466 enim
807 5418 931 5466 sunt
961 5410 1077 5466 dies
1106 5410 1231 5465 boni
1264 5410 1524 5481 doctoris,
1548 5410 1647 5465 nisi
1680 5425 1906 5466 vernan-

369 5600 459 5669 (a)
490 5600 650 5658 Forte
679 5601 995 5675 legendum,
1025 5600 1443 5673 promulgatur.

2073 1861 2167 1913 25.
2206 1859 2380 1913 Urbes
2405 1861 2631 1917 sublatae
2665 1872 2787 1918 sunt
2816 1863 2923 1920 illa:
2950 1866 3180 1935 perditae
3226 1867 3601 1925 multitudines

2001 1946 2348 2017 angelorum.
2389 1950 2496 2004 Sed
2529 1959 2656 2007 tunc
2698 1954 3017 2019 redduntur,
3051 1957 3268 2027 quando
3315 1957 3384 2013 de
3431 1958 3606 2014 electa

2002 2039 2195 2089 natura
2222 2036 2457 2092 humana
2486 2040 2790 2109 assumitur,
2820 2043 2965 2097 unde
2992 2046 3137 2113 quod
3167 2044 3236 2100 de
3265 2048 3478 2119 angelis
3504 2063 3610 2117 pe-

2003 2122 2109 2187 riit,
2143 2124 2476 2194 suppleatur.
2510 2127 2667 2196 Quod
2695 2130 2855 2184 etiam
2887 2131 2942 2184 in
2972 2134 3326 2189 conversione
3366 2135 3608 2207 ﬂagitio-

2002 2228 2182 2266 sorum
2224 2215 2498 2269 hominum
2550 2218 2721 2288 accipi
2768 2221 3158 2275 convenienter
3205 2230 3399 2292 potest.
3432 2226 3610 2280 Urbes

2003 2315 2240 2370 namque
2307 2302 2626 2359 Philisthiim
2689 2307 2923 2373 tollunt,
2973 2324 3094 2363 cum
3144 2310 3319 2364 unitas
3365 2312 3607 2367 ﬁdelium

2006 2398 2217 2446 mentes
2250 2393 2505 2449 tentando
2536 2394 2835 2466 decipiunt,
2868 2405 2919 2451 et
2951 2397 3059 2452 sibi
3089 2414 3179 2453 eas
3209 2392 3442 2469 peccatis
3498 2402 3608 2455 im-

2005 2480 2304 2550 mergendo
2335 2492 2667 2552 supponunt.
2702 2485 2807 2540 Sed
2838 2486 3036 2542 ablatae
3064 2487 3228 2542 urbes
3258 2489 3445 2544 Israeli
3476 2491 3609 2545 red-

2006 2566 2204 2622 duntur
2264 2587 2275 2622 :
2338 2570 2464 2639 quia
2522 2572 2599 2627 sic
2655 2573 2711 2627 in
2768 2573 2875 2629 hac
2930 2575 3041 2630 vita
3095 2576 3418 2646 pmnitentes
3447 2578 3611 2633 satis-

2008 2656 2231 2723 faciunt,
2263 2662 2322 2713 ut
2352 2659 2402 2713 in
2434 2662 2664 2730 perenni
2693 2662 2869 2734 gloria
2896 2663 3168 2734 splendidi
3212 2665 3278 2719 ad
3319 2665 3612 2723 electorum

2008 2746 2268 2815 gaudium
2318 2748 2693 2805 exhibeantur.
2736 2751 2876 2820 Quia
2921 2768 3053 2808 vero
3103 2768 3213 2809 non
3261 2755 3466 2823 solum,
3522 2755 3613 2826 qui

2008 2849 2175 2905 agere
2206 2834 2350 2890 bona
2376 2837 2684 2910 negligunt,
2707 2840 2800 2894 sed
2822 2841 3003 2908 etiam,
3029 2840 3118 2911 qui
3141 2841 3489 2897 abundantur
3511 2843 3612 2898 ini-

2010 2923 2268 2992 quitatem
2302 2925 2520 2994 faciunt,
2554 2928 2865 2997 paenitendo
2896 2929 3195 2997 salvantur,
3231 2930 3494 2986 subditur.

2083 3012 2259 3080 (Vers.
2296 3015 2408 3083 14.)
2442 3017 2516 3071 Ab
2545 3017 2809 3072 Aecaron
2842 3034 3016 3086 usque
3050 3017 3216 3075 Geth.

2083 3104 2172 3155 26.
2204 3103 2447 3158 Accaron
2480 3104 2677 3159 dicitur
2704 3106 2921 3174 sterilis,
2946 3106 3085 3162 Geth
3113 3108 3372 3164 torcular.
3397 3108 3616 3166 Steriles

2015 3189 2234 3258 quidem
2262 3197 2403 3255 sunt,
2439 3192 2527 3263 qui
2561 3191 2703 3247 bona
2733 3209 2899 3264 opera
2928 3211 3036 3250 non
3059 3204 3246 3267 agunt.
3272 3195 3333 3251 In
3364 3198 3613 3254 torculari

2013 3285 2190 3332 autem
2216 3296 2319 3335 uva
2341 3281 2619 3350 premitur,
2644 3290 2697 3336 et
2715 3282 2897 3338 vinum
2920 3284 2996 3354 (a)
3019 3284 3419 3357 promulgatur.
3453 3289 3612 3357 173

2013 3361 2153 3430 Quid
2184 3372 2265 3418 est
2294 3373 2469 3420 autem
2501 3367 2935 3437 concupiscentia
2954 3372 3246 3435 saecularis,
3270 3373 3369 3427 nisi
3403 3390 3506 3430 uva
3535 3392 3616 3431 re-

2012 3453 2198 3521 probae
2243 3453 2435 3507 mentis
2458 3455 2486 3506 ε)
2529 3453 2670 3522 Quid
2702 3472 2832 3511 vero
2863 3466 2945 3513 est
2975 3459 3160 3515 fervor
3184 3462 3476 3532 peccandi,
3509 3464 3615 3520 nisi

2010 3540 2188 3612 liquor
2216 3541 2344 3609 vini,
2370 3544 2461 3612 qui
2492 3544 2796 3612 peccatoris
2826 3554 3063 3602 mentem
3085 3553 3411 3606 aeternorum
3442 3551 3611 3609 bono-

2009 3646 2127 3683 rum
2159 3630 2536 3686 immemorem
2569 3632 2745 3687 facit?
2774 3634 2913 3688 Dum
2944 3636 3086 3691 enim
3119 3653 3186 3691 ex
3216 3640 3599 3711 concupiscen-

2004 3717 2083 3772 tia
2111 3718 2292 3773 cordis
2320 3728 2604 3788 peccatum
2644 3730 2951 3792 generatur,
2984 3727 3138 3795 quasi
3168 3727 3220 3781 in
3254 3730 3511 3784 torculari
3542 3732 3613 3787 de

2002 3823 2108 3861 uva
2134 3809 2319 3862 vinum
2350 3808 2678 3878 producitur.
2712 3811 2793 3865 Ab
2824 3815 3066 3870 Accaron
3095 3831 3227 3886 ergo
3258 3834 3429 3888 usque
3460 3818 3600 3875 Geth

2006 3895 2233 3951 sublata
2280 3897 2444 3952 urbes
2493 3899 2675 3953 Israeli
2719 3901 3057 3958 redduntur:
3092 3904 3217 3974 quia
3255 3906 3396 3961 bona
3444 3923 3608 3979 agere

2006 3981 2417 4051 negligentium,
2452 3989 2504 4036 et
2534 3983 2670 4036 mala
2702 3985 2957 4041 audacter
2985 3992 3413 4058 perpetrantium
3447 4009 3604 4048 men-

2007 4072 2106 4136 tes,
2157 4084 2274 4138 quae
2317 4069 2633 4139 paenitendo
2682 4072 2749 4139 ad
2798 4074 3090 4130 Dominum
3147 4079 3313 4134 modo
3360 4082 3609 4150 redeunt,

2006 4164 2134 4211 tunc
2162 4157 2215 4211 in
2247 4158 2520 4212 communi
2575 4160 2866 4215 electorum
2924 4162 3100 4234 gloria
3146 4166 3450 4236 splendidae
3505 4171 3608 4225 de-

2006 4253 2401 4301 monstrantur.
2452 4247 2651 4301 Earum
2698 4249 2897 4319 quippe
2945 4252 3089 4307 mala
3134 4253 3188 4307 in
3218 4255 3314 4309 Dei
3344 4259 3610 4314 memoria

2007 4350 2348 4405 nequaquam
2378 4335 2624 4403 veniunt,
2657 4354 2778 4407 qua:
2833 4339 2933 4409 ipsi
2966 4341 3293 4411 paenitentiae
3320 4342 3609 4403 afflictione

2009 4424 2191 4479 delere
2221 4423 2373 4480 obliti
2402 4440 2509 4479 non
2540 4434 2689 4483 sunt.
2731 4426 2988 4499 Sequitur
3020 4448 3032 4484 :

2045 4514 2267 4655 h(Vers.
2295 4513 2409 4585 14.)
2434 4512 2691 4587 Eratque
2718 4533 2836 4588 pax
2865 4520 3019 4575 inter
3051 4521 3311 4579 Israelem
3340 4526 3398 4580 et
3419 4524 3612 4582 Amor-

2083 4619 2251 4655 mum.

2012 4619 2251 4658 ramum.

2081 4701 2170 4757 27.
2204 4698 2337 4769 Quae
2366 4709 2445 4755 est
2473 4700 2573 4755 ista
2602 4718 2729 4773 pax,
2753 4707 2853 4761 nisi
2885 4724 3044 4779 quam
3078 4712 3336 4781 propheta
3358 4712 3615 4770 Michzeas

2014 4789 2227 4857 asserit,
2243 4790 2432 4844 dicens
2455 4808 2467 4844 :
2491 4792 2557 4846 Et
2575 4793 2807 4850 eritiste
2825 4812 2944 4867 pax
2966 4799 3027 4852 in
3050 4801 3224 4867 terra,
3243 4819 3373 4858 cum
3394 4807 3615 4860 venerit

2016 4878 2202 4947 (Mich.
2238 4894 2288 4945 ν,
2321 4882 2397 4947 5).
2431 4879 2569 4935 Ilinc
2602 4882 2797 4937 Paulus
2828 4884 2901 4938 ait
2945 4903 2955 4938 :
2992 4888 3114 4957 Ipse
3136 4893 3219 4944 est
3241 4906 3361 4961 pax
3392 4896 3612 4959 nostra,

2015 4967 2109 5035 qui
2125 4966 2269 5036 facit
2286 4970 2525 5040 utraque
2546 4986 2724 5025 unum
2743 4971 2903 5044 (Eph.
2925 4988 2981 5040 it,
3009 4976 3117 5047 14).
3143 4975 3284 5045 Quid
3308 4987 3388 5033 est
3409 4987 3612 5045 autem,

2017 5055 2163 5124 quod
2194 5054 2330 5110 inter
2359 5057 2631 5126 lsraelem,
2666 5068 2717 5114 et
2745 5063 3113 5117 Amorrhteum
3143 5082 3245 5134 pax
3277 5067 3616 5122 Ostenditur?

2016 5142 2123 5197 Sed
2164 5144 2291 5214 quid
2321 5160 2421 5215 per
2450 5149 2842 5217 Amorrhawm,
2874 5150 2977 5205 nisi
3018 5168 3148 5221 pars
3189 5154 3471 5208 hominum
3522 5170 3613 5209 re-

2018 5232 2188 5302 proba
2217 5234 2575 5307 designatur?
2606 5236 2708 5306 Qui
2734 5255 2858 5294 vero
2892 5256 2989 5309 per
3011 5241 3262 5295 Israelem
3292 5239 3613 5313 ﬁgurantur,

2017 5321 2120 5374 nisi
2170 5322 2366 5378 electi?
2400 5325 2464 5379 Et
2512 5326 2640 5397 quia
2684 5326 2840 5383 electi
2888 5328 2945 5381 in
2989 5328 3215 5384 dextera
3244 5330 3364 5395 Dei,
3399 5333 3616 5401 reprobi

2016 5425 2148 5467 vero
2177 5410 2230 5466 in
2258 5411 2469 5468 sinistra
2519 5414 2677 5469 futuri
2724 5423 2843 5470 sunt
2872 5415 3103 5485 (Matth.
3155 5433 3293 5483 xxv,
3344 5421 3451 5489 23),
3484 5422 3618 5477 dum
