4034 6174
461 254 564 310 2ίὸ

1656 251 1902 309 SANCTI
1942 249 2286 309 GREGORII
2326 251 2567 313 MAGNI.

3664 256 3766 313 216

444 396 556 455 pax
586 396 704 438 esse
733 378 875 438 inter
904 384 1160 453 utrosque
1188 377 1471 448 asseritur,
1506 386 1821 437 sanctorum
1851 378 2040 436 beati-
2073 377 2128 438 A
2159 394 2342 435 carere
2370 395 2479 436 non
2501 380 2745 451 pessum.
2778 380 2845 437 Et
2873 380 3002 453 quid
3032 397 3129 454 per
3159 380 3461 455 Masphath,
3493 397 3615 455 quae
3643 395 3765 453 spe-

451 470 578 526 tudo
625 468 821 541 inclyta
864 469 1291 536 demonstratur;
1345 468 1436 541 qui
1479 469 1701 539 justitiae
1749 468 2053 525 Conditoris

448 567 596 615 tanta
624 560 875 632 aquitate
904 559 1251 626 conveniunt,
1283 567 1341 613 ut
1368 559 1436 614 de
1465 567 1755 631 conspecta
1782 559 2049 630 reprobo-

447 665 565 704 rum
596 664 756 720 paena
786 649 933 703 nulla
962 648 1341 718 eompassione
1369 657 1707 704 moveantur.
1751 650 1888 703 Dum
1920 664 2050 720 ergo

445 738 585 793 inter
613 738 887 802 Israelem,
921 745 974 794 et
1002 739 1378 793 Amorrhazum
1419 753 1527 807 pax
1566 753 1688 792 esse
1733 737 2047 805 ostenditur,

446 843 557 883 non
586 827 983 882 demonstratur
1006 826 1230 895 bonum,
1259 828 1404 899 quod
1426 842 1713 882 commune
1744 843 1867 881 cum
1897 842 2051 881 sanc-

450 917 517 974 tis
544 916 779 971 habeant
808 916 1052 986 reprobi,
1084 916 1179 972 sed
1207 931 1313 986 quo
1344 916 1651 970 muniantur
1688 915 1861 971 electi.
1898 916 2051 971 Unde

450 1012 506 1062 et
534 1005 635 1060 sub
663 1005 880 1060 Israelis
908 1002 1088 1076 specie
1134 1020 1233 1074 per
1277 1006 1594 1075 prophetam
1623 1012 1828 1060 sancte
1854 1003 2049 1060 Eccle—

448 1094 544 1149 size
573 1093 957 1165 repromittitur
987 1111 999 1147 :
1036 1094 1141 1161 Qui
1170 1094 1358 1165 posuit
1386 1094 1531 1163 ﬁnes
1572 1097 1695 1149 tuos
1742 1109 1961 1163 pacem,
1994 1096 2052 1149 et

450 1183 615 1255 adipe
642 1185 926 1254 frumenti
957 1184 1132 1238 satiat
1166 1185 1220 1237 te
1250 1183 1425 1252 (Psal.
1458 1197 1657 1246 cxm’u,
1694 1180 1804 1252 14).
1855 1183 2050 1237 Pacem

451 1271 652 1344 quippe
684 1272 938 1328 Ecclesia:
969 1270 1110 1326 fines
1140 1271 1289 1340 ponit
1315 1288 1326 1324 :
1354 1270 1480 1340 quia
1509 1270 1636 1325 dum
1666 1271 2051 1341 Redemptoris

448 1360 692 1433 potentia
711 1375 831 1416 eam
862 1360 918 1414 in
944 1360 1152 1414 intimae
1173 1358 1438 1431 aequitatis
1458 1359 1834 1414 celsitudinem
1864 1359 2045 1432 erigit,

446 1464 546 1521 per
571 1448 814 1505 dolorem
854 1447 1259 1519 compassionis,
1295 1447 1625 1516 perditorum
1672 1448 1895 1503 miseria
1940 1464 2050 1503 non

449 1537 663 1610 adtigit.
724 1537 835 1594 Sed
880 1536 948 1591 ad
980 1544 1179 1591 tantam
1212 1536 1605 1591 beatitudinem
1636 1553 1743 1606 quo
1774 1545 2048 1608 pastorum

447 1634 625 1691 studio
666 1633 794 1690 boni
834 1633 1038 1689 subditi
1066 1640 1501 1705 promoveantur,
1536 1634 1778 1703 exponit,
1811 1633 1999 1688 dicens
2033 1651 2045 1687 :

2160 469 2359 525 culatio
2408 471 2811 542 interpretatur,
2856 471 2956 526 nisi
2988 472 3062 527 illi
3089 473 3482 542 exprimuntur,
3508 471 3597 544 qui
3628 470 3768 526 divi-

2159 575 2244 613 nae
2274 560 2720 630 contemplationi
2752 569 3026 627 vacantes,
3074 563 3201 617 solis
3248 562 3496 632 supernis
3543 561 3764 632 gaudiis

2160 647 2553 703 inardescunt?
2585 649 2728 717 Quid
2760 667 2890 721 ergo
2921 659 3020 713 est,
3052 652 3196 721 quod
3228 652 3445 707 Samuel
3478 659 3529 705 et
3551 649 3761 715 Bethel,

2162 744 2214 792 et
2247 738 2465 809 Galgal,
2500 747 2552 793 et
2580 740 2867 809 Masphath
2906 741 3132 797 circuire
3160 740 3374 808 dicitur,
3396 749 3447 795 et
3477 739 3530 793 in
3561 739 3764 794 eisdem

2161 826 2293 881 locis
2325 827 2584 882 Israelem
2612 827 2880 896 judicare,
2905 829 3010 884 nisi
3041 830 3166 900 quia
3191 831 3395 884 electus
3430 828 3758 899 praedic-ator

2160 915 2400 969 omnium
2440 916 2737 971 electorum
2792 918 3040 973 ordinum
3097 918 3348 988 exempla
3403 917 3664 988 sequitur,
3713 925 3770 972 ut

2159 1004 2494 1060 subditorum
2526 1005 2767 1061 ﬁdelium
2796 1023 2912 1062 esse
2943 1008 3118 1062 valeat
3146 1023 3342 1063 censor
3369 1008 3560 1062 doctus
3578 1006 3605 1060 ?
3644 1006 3768 1061 Non

2160 1094 2301 1148 enim
2333 1110 2451 1150 esse
2482 1095 2676 1165 poterit
2702 1097 2840 1165 aequi
2872 1096 3162 1163 examinis,
3187 1096 3230 1150 si
3252 1096 3319 1152 de
3341 1096 3606 1165 exemplis
3632 1111 3769 1165 pras-

2159 1183 2467 1238 cedentium
2498 1183 2791 1239 electorum
2827 1185 3150 1258 dedignatur
3176 1201 3475 1251 assumere,
3498 1186 3645 1255 quod
3676 1185 3771 1239 de-

2160 1272 2348 1327 cernit.
2393 1272 2496 1326 Sed
2528 1280 2580 1326 et
2610 1289 2709 1343 per
2734 1273 2979 1346 singulos
3019 1290 3188 1330 annos
3226 1275 3326 1329 ista
3356 1274 3675 1333 circumeat.
3709 1280 3769 1327 ut

2161 1362 2351 1416 doctor
2380 1362 2635 1431 providus
2681 1363 2929 1418 ordinum
2978 1364 3322 1435 singulorum
3364 1362 3763 1433 perfectionem

2159 1450 2446 1517 sigillatim
2476 1451 2735 1520 respiciat
2768 1470 2779 1504 :
2815 1460 2889 1517 ut,
2925 1468 3030 1522 quo
3052 1452 3305 1507 subtilius
3332 1451 3765 1522 praecedentium

2160 1539 2303 1593 bona
2334 1539 2547 1607 viderit,
2589 1540 2873 1609 praesentia
2905 1541 3199 1611 disponere
3246 1542 3531 1597 decentius
3569 1541 3766 1611 possit.

2160 1627 2239 1681 lbi
2271 1644 2426 1699 ergo,
2460 1628 2535 1682 ibi
2560 1628 2774 1697 judicet
2814 1630 3099 1697 Israelem,
3132 1638 3194 1685 ut
3222 1630 3512 1701 subjectos
3553 1629 3768 1694 ﬁdeles,

522 1724 694 1793 (Vers.
747 1722 858 1793 15.)
904 1722 1193 1779 Judicavit
1243 1738 1455 1795 quoque
1505 1722 1733 1778 Samuel
1783 1724 2049 1779 Israelem
2083 1738 2136 1798 Β
2167 1728 2313 1783 quos
2335 1712 2404 1766 ad
2434 1712 2533 1767 Dei
2558 1713 2824 1768 visionem
2848 1714 3283 1779 erudit,illorum
3300 1714 3625 1771 rectitudine
3646 1729 3772 1769 cor-

450 1813 707 1871 omnibus
735 1811 928 1868 diebus
960 1813 1090 1867 vitae
1119 1827 1255 1867 sure.

523 1905 612 1956 28.
653 1899 757 1969 Qui
804 1908 926 1954 sunt
968 1899 1087 1954 dies
1134 1898 1264 1953 vita)
1317 1899 1743 1970 uniuscujusque
1792 1899 2052 1967 doctoris,

450 1988 555 2044 nisi
584 1988 839 2044 virtutum
868 1986 1190 2059 spiritalium
1214 1986 1533 2042 claritates?
1580 1987 1845 2043 Omnibus
1893 2004 2053 2043 nam-

450 2094 554 2149 que
585 2076 775 2132 diebus
804 2076 928 2133 vitae
948 2092 1060 2131 sum
1077 2075 1337 2130 Israelem
1362 2075 1587 2144 judicat,
1618 2076 1710 2146 qui
1730 2077 1906 2132 lucem
1930 2077 2056 2148 jus-

449 2165 598 2234 titiae,
629 2180 792 2237 quam
836 2163 1110 2234 loquendo
1139 2164 1347 2231 asserit,
1398 2164 1469 2218 ad
1523 2164 1863 2220 subditorum
1912 2164 2053 2221 ﬁde-

447 2248 580 2304 lium
610 2248 945 2320 exemplum,
978 2248 1313 2321 profectione
1343 2257 1700 2317 repraesentat
1740 2249 1898 2305 bona
1927 2266 2054 2305 con-

449 2337 796 2395 versationis.
842 2336 947 2406 Qui
995 2345 1175 2392 autem
1205 2339 1457 2391 virtutum
1501 2337 1828 2407 spiritalium
1877 2338 2053 2393 lucem

448 2443 557 2484 non
589 2426 771 2494 habet,
803 2425 931 2498 quia
959 2425 1028 2479 ad
1060 2424 1364 2479 docendum
1394 2425 1618 2479 assumit
1644 2425 1785 2480 bona
1814 2442 2052 2481 conver-

447 2514 666 2569 sationis
715 2519 1003 2583 extranem,
1036 2513 1225 2568 diebus
1253 2512 1499 2582 profecto
1523 2513 1730 2582 judicat
1762 2516 1883 2569 vitae
1914 2514 2050 2570 alie-

446 2619 550 2658 nae.
609 2603 691 2658 De
738 2602 936 2673 quibus
984 2602 1224 2672 profecto
1272 2618 1371 2672 per
1417 2602 1742 2672 prophetam
1795 2602 2054 2658 Dominus

447 2691 605 2746 dicit:
632 2693 766 2747 Ecce
783 2706 883 2763 ego
898 2690 969 2745 ad
979 2689 1304 2762 praphetas,
1318 2691 1415 2762 qui
1425 2694 1459 2761 f
1458 2695 1705 2747 urantur
1725 2692 1885 2747 verba
1904 2710 2048 2757 mea,

445 2782 830 2852 unusquisque
849 2795 883 2834 a
902 2779 1162 2851 proximo
1178 2795 1279 2834 suo
1301 2778 1533 2850 (Jerem.
1555 2796 1715 2844 XXIII,
1737 2783 1845 2848 30).
1874 2781 2052 2835 Verba

447 2869 650 2940 quippe
690 2868 955 2935 furantur,
989 2866 1083 2940 qui
1113 2867 1335 2935 bonum,
1385 2868 1529 2938 quod
1572 2869 1819 2924 docendo
1852 2870 2049 2940 praedi-

443 2965 587 3025 cant,
616 2954 902 3028 'operando
933 2972 1041 3012 non
1071 2964 1375 3027 sequuntur
1407 2975 1418 3009 :
1454 2956 1582 3027 quia
1614 2958 1776 3011 veluti
1808 2958 1951 3013 clam
1982 2960 2051 3014 de

444 3045 619 3102 alieno
653 3043 862 3112 tollunt,
887 3045 1035 3115 quod
1064 3045 1192 3100 dato
1222 3044 1432 3115 preprii
1461 3044 1660 3100 laboris
1689 3047 1864 3115 pretio
1895 3064 2049 3102 suum

2168 1801 2337 1871 rigat.
2363 1816 2500 1872 quos
2533 1801 2646 1855 Deo
2677 1802 2952 1872 placuisse
2972 1804 3346 1859 indubitanter
3366 1803 3561 1859 credit.
3584 1805 3772 1858 Potest

2164 1892 2328 1945 etiam
2359 1906 2453 1959 per
2483 1889 2686 1958 Bethel,
2722 1908 2840 1961 quae
2867 1894 3065 1947 domus
3098 1894 3197 1948 Dei
3227 1893 3453 1958 dicitur,
3507 1892 3772 1947 universa

2164 1977 2453 2032 electorum
2478 1979 2722 2033 Ecclesia
2745 1981 3027 2052 designari
3053 1999 3063 2034 :
3093 1999 3193 2050 per
3216 1981 3431 2051 Galgal,
3457 1997 3579 2051 quae
3600 1980 3774 2043 inter-

2163 2072 2422 2137 pretatur
2459 2072 2602 2134 rota,
2637 2068 2913 2138 Scriptura
2962 2085 3140 2126 sacra.
3206 2069 3483 2141 Quidquid
3528 2085 3656 2124 vero
3706 2069 3771 2122 in

2164 2155 2517 2211 subditorum
2543 2157 2793 2225 profectu
2812 2157 3002 2212 doctor
3022 2158 3268 2227 exhibet,
3294 2166 3389 2211 aut
3412 2158 3481 2212 de
3504 2156 3772 2228 exemplo

2164 2244 2465 2299 electorum
2513 2244 2730 2314 accipit,
2765 2249 2857 2300 aut
2880 2246 3201 2318 magisterio
3234 2247 3379 2303 sacri
3410 2247 3638 2313 eloquii,
3667 2250 3772 2300 aut

2162 2333 2508 2387 revelatione
2536 2333 2763 2388 internae
2792 2350 2857 2390 ac
2885 2344 3116 2391 secretae
3143 2336 3658 2408 contemplationis.

2235 2425 2320 2475 30.
2348 2420 2568 2476 Samuel
2598 2424 2791 2493 itaque
2822 2425 3011 2479 Bethel
3032 2424 3248 2495 circuit,
3273 2442 3398 2480 cum
3426 2425 3773 2495 praedicator

2164 2509 2430 2565 Ecclesiae
2478 2513 2853 2567 auctoritatem
2903 2513 3371 2583 disponendorum
3411 2530 3660 2584 operum,
3693 2515 3772 2569 de

2162 2599 2441 2667 exemplis
2474 2602 2741 2670 majorum
2772 2602 2980 2672 quaerit.
3008 2602 3227 2675 Galgal,
3253 2603 3307 2657 id
3329 2613 3435 2666 est,
3462 2612 3639 2658 rotam
3665 2604 3774 2657 eir-

2161 2683 2287 2750 cuit,
2320 2684 2544 2754 quando
2567 2684 2831 2740 doctrinm
2853 2704 2962 2741 sua}
2985 2688 3369 2742 auctoritatem
3402 2690 3473 2743 de
3504 2688 3775 2759 magiste-

2160 2774 2246 2827 rio
2277 2776 2481 2826 sanetae
2522 2773 2819 2843 Scriptura:
2848 2777 3301 2846 comprehcndit.
3334 2777 3618 2847 Masphath
3638 2792 3778 2847 quo-

2161 2878 2265 2930 que
2296 2861 2511 2927 circuit,
2536 2877 2658 2917 cum
2694 2880 2791 2932 per
2819 2874 3042 2920 secretae
3073 2866 3558 2935 contemplationis
3591 2866 3773 2922 medi-

2160 2950 2444 3016 tationem,
2470 2952 2870 3007 revelationem
2910 2962 3149 3007 meretur
3178 2954 3453 3024 suscipere
3483 2954 3764 3009 veritatis.

2160 3039 2235 3092 lbi
2268 3039 2414 3094 enim
2441 3039 2650 3108 judicat
2698 3041 2955 3096 Israelem
2992 3060 3003 3094 :
3039 3043 3170 3113 quia
3217 3044 3481 3115 quidquid
3529 3043 3775 3098 subditis

442 3148 791 3206 nequaquam
840 3098 1063 3189 iaciunt.
1116 3098 1245 3188 ι)οεῖ
1287 3098 1658 3189 denuntiata“;
1689 3098 1872 3207 itaque
1904 3138 2053 3190 ῑυιιι-
2084 3098 2129 3161 C
2162 3128 2417 3198 preponit
2457 3129 2529 3182 ad
2571 3145 2826 3184 normam
2877 3098 3250 3195 rectitudinis:
3275 3098 3387 3187 aut;
3406 3132 3470 3186 de
3501 3133 3775 3202 exemplis

440 3236 558 3276 ram
587 3220 1004 3289 beatitudinem,
1035 3221 1208 3291 qualis
1236 3222 1453 3275 interim
1505 3222 1702 3277 debeat
1749 3239 1869 3278 esse
1912 3224 2053 3279 tide-

444 3309 576 3366 lium
606 3318 809 3381 pastor,
840 3309 1176 3365 ostenditur:
1202 3310 1327 3379 quia
1357 3310 1619 3366 omnibus
1650 3311 1774 3368 vitae
1803 3329 1914 3368 suae
1945 3314 2055 3368 die-

444 3399 545 3455 bus
574 3397 793 3455 Samuel
821 3397 1079 3454 lsraelem
1120 3398 1392 3468 judicasse
1442 3400 1776 3470 perhibetur.
1834 3401 2053 3458 Perfec-

446 3486 609 3543 tionis
638 3486 837 3543 etenim
866 3487 1014 3541 viam
1067 3487 1210 3542 male
1262 3486 1518 3553 insinuat,
1553 3487 1599 3542 si
1629 3488 1762 3543 lucis
1803 3490 1906 3544 iter
1935 3492 2055 3560 quis

449 3592 581 3631 voce
600 3576 790 3631 volens
820 3575 1079 3646 pandere,
1112 3575 1325 3631 actione
1355 3576 1718 3632 tenebrescat.
1769 3578 1908 3632 Nam
1959 3579 2057 3649 qui

448 3671 668 3720 cunctos
696 3662 824 3719 vitae
854 3679 968 3719 sum
995 3664 1117 3719 dies
1146 3664 1216 3718 ad
1244 3664 1594 3734 iudicandum
1626 3665 1873 3721 lsraelem
1917 3684 2055 3722 con-

450 3751 661 3821 tulerat,
691 3752 823 3807 dicit
856 3770 867 3805 :
902 3753 1022 3809 Non
1055 3753 1231 3809 audeo
1264 3754 1410 3825 loqui
1442 3752 1641 3809 horum
1674 3756 1908 3827 aliquid,
1935 3774 2058 3829 quae

446 3857 549 3914 per
565 3856 775 3899 menon
798 3840 978 3911 efﬁcit
993 3841 1157 3909 Deus,
1178 3844 1238 3897 in
1262 3842 1576 3899 obedientia
1602 3842 1872 3900 Gentium
1898 3846 2057 3903 verbo

449 3935 507 3987 et
537 3927 711 4000 factis
742 3930 922 4000 (Rom.
963 3946 1060 3998 xv,
1094 3933 1203 4001 18).
1244 3931 1453 3986 Judicet
1490 3931 1656 4004 igitur
1702 3934 1908 4003 doctor,
1960 3937 2055 3990 sed

450 4018 539 4090 qui
570 4018 685 4073 dies
716 4018 836 4074 vitae
868 4034 980 4075 sua:
1010 4018 1241 4089 inclytos
1290 4019 1458 4101 habet
1491 4038 1502 4074 :
1537 4027 1597 4074 ut
1627 4020 1881 4078 videlicet
1908 4024 1965 4077 in
1997 4041 2055 4079 se

449 4107 598 4178 pius
627 4107 882 4163 virtutum
911 4107 1274 4178 spiritualium
1305 4109 1484 4163 radios
1512 4110 1652 4164 bene
1682 4111 1916 4167 vivendo
1968 4113 2054 4166 fo-

451 4201 594 4262 veat,
645 4208 778 4263 quos
824 4193 1177 4264 providendis
1232 4194 1570 4250 subditorum
1629 4196 1914 4252 itineribus
1969 4199 2056 4253 lo-

450 4297 620 4353 quens
641 4281 1018 4337 administrat:
1044 4282 1168 4352 quia
1191 4290 1241 4336 et
1263 4281 1479 4336 lucerna
1511 4290 1635 4338 tunc
1665 4284 1750 4347 iis,
1774 4286 1865 4355 qui
1896 4290 2054 4356 174

453 4372 509 4425 in
538 4371 702 4425 domo
731 4378 873 4437 sunt,
907 4369 1110 4424 utiliter
1137 4370 1455 4434 ostenditur,
1503 4372 1549 4423 si
1598 4371 1716 4441 ipsa
1763 4378 1924 4429 antea
1967 4391 2052 4441 eo,

2164 3216 2461 3272 electorum
2492 3219 2715 3289 accipit,
2747 3227 2839 3274 aut
2867 3218 3118 3275 doctrina
3149 3220 3295 3276 sacri
3322 3221 3543 3293 eloquii,
3576 3229 3668 3276 aut
3698 3238 3775 3277 ex

2165 3306 2494 3361 revelatione
2520 3306 2751 3363 internae
2770 3308 3260 3379 contemplationis.
3285 3308 3492 3377 Quibus
3517 3308 3776 3381 profecto

2165 3394 2347 3448 verbis
2375 3394 2704 3461 ostenditur,
2729 3412 2837 3451 non
2872 3404 3102 3462 tantum,
3130 3414 3251 3469 quae
3279 3398 3473 3454 doctor
3494 3400 3776 3470 perfectus

2166 3485 2317 3553 agat,
2349 3484 2448 3538 sed
2480 3484 2644 3538 etiam
2676 3484 2802 3555 quia
2830 3486 3111 3556 perfectus
3132 3503 3244 3542 non
3264 3487 3351 3552 sit,
3375 3490 3422 3541 si
3455 3504 3620 3559 agere
3650 3489 3780 3546 haec

2166 3586 2278 3626 non
2302 3571 2491 3640 possit.
2516 3572 2654 3626 Nam
2680 3572 2731 3627 si
2750 3574 2927 3627 solum
2963 3574 3233 3630 bonorum
3257 3576 3505 3647 exempla
3530 3577 3774 3643 noverit,

2165 3668 2253 3714 aut
2290 3659 2332 3714 si
2375 3675 2553 3716 sacrae
2601 3660 2887 3731 Scriptura:
2936 3664 3098 3718 etiam
3148 3664 3268 3733 quis
3308 3665 3563 3719 eruditus
3591 3664 3680 3733 sit,
3715 3669 3780 3720 et

2166 3748 2650 3818 contemplationis
2675 3751 3014 3806 revelatione
3036 3753 3292 3818 caruerit,
3317 3754 3375 3808 in
3407 3755 3601 3809 ordine
3630 3770 3780 3824 prae-

2167 3837 2456 3893 dicationis
2482 3840 2565 3893 vir
2586 3840 2857 3911 perfectus
2886 3855 2999 3895 non
3028 3842 3149 3896 erit.
3193 3842 3595 3914 Contemplatio
3625 3841 3782 3898 enim

2166 3928 2339 3983 virtus
2372 3936 2472 3989 est,
2505 3945 2603 3999 per
2632 3944 2794 3998 quam
2828 3944 2935 3984 non
2967 3930 3149 3984 solum
3184 3931 3304 4000 ipsa
3327 3931 3597 4000 Scriptura
3631 3946 3783 3987 con-

2167 4014 2279 4070 dita
2340 4018 2779 4088 recognoscitur,
2814 4016 2907 4071 sed
2939 4033 3041 4087 per
3070 4035 3231 4087 quam
3279 4018 3519 4074 nondum
3550 4019 3783 4073 condita

2168 4104 2523 4159 conderetur:
2559 4113 2611 4160 et
2639 4122 2738 4175 per
2767 4121 2933 4177 quam
2967 4107 3186 4162 condita
3217 4107 3290 4161 ad
3320 4107 3419 4162 Dei
3443 4109 3786 4163 voluntatem

2169 4192 2415 4260 quotidie
2445 4193 2785 4263 disponatur.
2813 4196 2961 4248 Bene
2992 4211 3123 4265 ergo
3155 4195 3348 4251 dicitur
3373 4215 3384 4249 :
3413 4199 3477 4251 Et
3492 4197 3787 4269 judicavit

2166 4280 2430 4335 Israelem
2456 4282 2519 4336 in
2540 4281 2883 4353 supradictis
2922 4284 3227 4340 locis.Nam
3260 4302 3361 4339 non
3394 4287 3564 4340 solum
3597 4286 3651 4338 in
3682 4285 3789 4340 Be'

2167 4368 2295 4434 thel,
2329 4376 2377 4424 et
2411 4370 2629 4441 Galgal,
2682 4373 2778 4425 sed
2830 4373 2992 4426 etiam
3028 4373 3077 4426 in
3110 4374 3389 4442 Masphath
3424 4392 3436 4426 :
3470 4382 3525 4427 ut
3572 4373 3663 4443 qui
3705 4374 3789 4428 ad

454 4458 601 4530 quod
628 4473 886 4527 sparsura
933 4465 1032 4525 est,
1083 4457 1223 4513 bene
1270 4458 1544 4528 repleatur
1590 4460 1812 4516 lumine.
1861 4463 2057 4533 Sequi-
2090 4459 2140 4519 D
2170 4455 2554 4523 perfectionem
2627 4457 3034 4526 praedicationis
3098 4457 3342 4512 innititur
3396 4457 3576 4529 [Forte
3654 4456 3778 4529 leg.

455 4554 541 4601 tur
572 4563 585 4599 :

525 4634 698 4704 (Vers.
714 4634 909 4706 46.)“
930 4634 1211 4691 circuibat
1240 4651 1340 4706 per
1360 4636 1613 4708 singulos
1637 4655 1817 4695 annos
1842 4642 2058 4706 Bethel,

451 4727 510 4780 et
539 4723 755 4795 Galgal,
788 4726 845 4779 et
877 4720 1211 4795 Masphath,
1246 4729 1302 4781 et
1336 4725 1635 4795 judicabat
1684 4729 1951 4786 Israelem
1998 4734 2060 4787 in

454 4811 803 4885 supradictis
837 4811 1000 4868 locis.

519 4905 605 4956 29.
640 4900 821 4956 Bethel
854 4900 1053 4956 dicitur
1080 4900 1275 4957 domus
1302 4904 1435 4972 Dei;
1469 4906 1687 4978 Galgal,
1722 4915 1879 4976 rota;
1912 4909 2057 4963 Mas-

444 4989 629 5061 phatb,
679 4996 736 5044 ut
777 4988 894 5060 jam
944 4989 1192 5059 superius
1239 4992 1556 5061 replicatum
1606 5004 1699 5062 est,
1757 4997 2059 5064 speculatio

441 5079 840 5149 interpretatur.
874 5076 1017 5146 Quid
1049 5093 1183 5147 ergo
1220 5079 1416 5149 Bethel,
1451 5081 1551 5135 nisi
1584 5082 1725 5137 viros
1753 5082 1930 5138 oﬂicio
1960 5099 2044 5138 sa-

438 5166 516 5223 cri
545 5148 725 5222 altaris
772 5167 1055 5236 deputatas
1101 5148 1404 5238 signifieat';
1438 5168 1527 5239 qui
1559 5170 1686 5224 dum
1717 5170 2044 5241 spiritalibus

439 5255 628 5308 studiis
675 5256 957 5322 inhaerent,
991 5254 1136 5309 velut
1183 5255 1465 5311 domestici
1514 5257 1612 5312 Dei
1660 5258 2043 5328 omnipotentis

440 5340 733 5395 familiares
769 5342 939 5397 sunt?
987 5339 1055 5397 Et
1104 5342 1233 5412 quid
1283 5343 1496 5414 Galgal,
1530 5362 1649 5415 quae
1678 5353 1793 5401 rota
1822 5346 2037 5413 dicitur,

441 5426 542 5481 nisi
580 5428 992 5499 conjugatorum
1022 5429 1265 5486 ordinem
1300 5432 1596 5505 designat?
1632 5436 1782 5489 Velut
1812 5436 1952 5490 enim
1986 5436 2039 5490 in

439 5522 554 5570 rota
585 5513 936 5581 circumeunt,
970 5516 1098 5571 dum
1130 5519 1382 5575 volubilis
1412 5522 1596 5577 mundi
1641 5524 1785 5577 curis
1828 5524 2039 5596 penitus

2172 4543 2445 4615 enititur],
2478 4544 2607 4597 dum
2655 4560 2751 4614 per
2798 4546 3151 4600 humilitatem
3200 4548 3452 4616 exempla
3501 4545 3787 4614 majorum

2170 4632 2426 4700 sequitur,
2460 4632 2587 4685 dum
2628 4648 2725 4702 per
2766 4634 3001 4687 studium
3047 4635 3185 4689 sacri
3232 4635 3429 4704 eloquii
3475 4635 3789 4691 eruditione

2174 4720 2408 4783 fulcitur,
2443 4729 2588 4776 curet
2619 4722 2837 4777 omnino
2869 4738 3090 4777 necesse
3123 4732 3221 4789 est,
3254 4732 3311 4777 ut
3340 4725 3569 4793 puritate
3616 4740 3787 4778 men-

2173 4808 2254 4877 tis,
2288 4825 2351 4863 ea
2383 4825 2501 4880 quae
2532 4810 2867 4879 disponenda
2909 4820 3052 4877 sunt,
3102 4813 3522 4882 contemplanda
3549 4828 3793 4881 cognoS‘

2170 4904 2283 4951 eat.
2325 4898 2419 4952 Dei
2452 4914 2684 4967 namque
2715 4899 2880 4955 debet
2932 4916 3049 4954 esse
3101 4900 3368 4966 «locibilis,
3402 4900 3491 4971 qui
3521 4910 3786 4971 suscepto

2168 4985 2575 5055 pra-dicationis
2612 4986 2807 5053 otiicio,
2851 4990 3008 5058 175
3041 4990 3245 5045 docere
3301 4990 3546 5045 homines
3592 4990 3776 5059 cupit.

2158 5074 2364 5127 Tamen
2395 5074 2472 5128 sic
2502 5085 2789 5144 praesumat
2819 5075 2886 5131 de
2917 5093 3001 5141 eo,
3037 5078 3125 5147 qui
3166 5087 3385 5134 secretae
3437 5079 3783 5148 contempla-

2153 5153 2314 5217 ‘ionis
2361 5163 2669 5219 eruditione
2719 5165 3009 5233 instruitur,
3042 5175 3093 5220 ut
3126 5182 3225 5222 nec
3270 5168 3439 5222 editas
3470 5184 3564 5237 per
3592 5167 3782 5236 Spiri-

2153 5252 2265 5304 tum
2296 5260 2537 5306 sanctum
2570 5254 2884 5325 Scripturas
2935 5255 3197 5323 fastidiat,
3230 5272 3328 5311 nec
3354 5258 3507 5326 sequi
3557 5256 3778 5312 electo-

2151 5355 2271 5392 rum
2320 5343 2571 5410 exempla
2623 5344 2966 5415 dedignatur.
3015 5344 3232 5398 Samuel
3280 5345 3423 5399 enim
3469 5345 3675 5411 Bethel,
3712 5361 3750 5400 e

2150 5426 2366 5497 Galgal,
2401 5437 2453 5483 et
2482 5431 2765 5499 Masphath
2798 5433 3021 5487 circuire
3050 5432 3402 5499 describitur;
3438 5441 3493 5485 ut
3525 5431 3764 5487 alterum

2147 5514 2216 5569 ab
2247 5514 2412 5571 altero
2443 5533 2540 5589 per
2580 5518 2911 5575 discordiam
2959 5535 3300 5592 nequaquam
3350 5520 3661 5577 dividatur:
3700 5529 3770 5577 ut
