4034 6174
267 292 366 350 217

1115 291 1189 349 ΙΝ
1225 292 1493 351 PRIMUM
1531 291 1778 352 REGUM
1818 287 2375 355 EXPOSITIONES.
2409 329 2478 340 -—
2509 297 2631 353 LIB.
2665 293 2756 356 IV.

3484 302 3586 361 218

269 412 521 473 videlicet
551 421 603 472 et
632 415 886 489 exempla
932 416 1156 490 recipiat
1211 434 1333 490 qum
1389 434 1542 476 sacra
1597 418 1874 490 Scriptura
1903 413 1960 478 A
1990 423 2174 480 Bethel
2204 439 2440 498 namque
2467 424 2674 496 circuit,
2717 423 2936 502 Galgal,
2969 435 3048 486 est
3093 425 3401 500 Masphath,
3460 427 3596 487 etin

273 504 565 575 approbat:
600 515 653 561 et
684 507 805 562 illas
831 522 1012 563 sacras
1041 508 1362 579 Scripturas,
1413 525 1547 580 quas
1587 509 1742 563 electi
1773 509 1876 564 ho-
1921 510 1956 522 ‘

273 595 441 649 mines
468 595 816 664 scripserant,
869 606 1255 669 recognoscat:
1315 606 1474 668 atque
1529 614 1620 653 eas
1676 598 1878 652 revela-

273 692 442 746 tiones
470 693 948 763 contemplationis
1004 711 1036 748 a
1089 695 1206 750 Deo
1235 695 1338 749 sibi
1368 703 1608 751 ostensus
1636 695 1828 750 sentiat
1859 713 1872 757 ;

272 795 390 850 quia
417 796 519 835 nec
548 781 620 836 ab
650 782 942 837 electorum
971 783 1244 854 operibus,
1276 799 1376 839 nec
1405 799 1438 839 a
1465 792 1664 838 sanctae
1687 783 1878 854 Scrip-

270 877 403 924 turze
431 869 752 924 auctoritate
780 871 1111 926 discordant.
1137 872 1245 928 Sed
1277 880 1328 928 et
1357 887 1519 928 omne
1549 873 1693 942 quod
1742 873 1876 944 agit,

267 957 334 1012 ad
367 958 748 1014 rectitudinem
779 959 994 1030 redigat
1021 976 1271 1030 supernae
1301 960 1628 1016 intentionis.
1661 961 1881 1018 Undeet

265 1045 516 1101 subditur
545 1062 558 1100 :

331 1134 516 1205 (Vers.
555 1135 666 1205 17.)
695 1136 1098 1192 Revertebatur
1113 1138 1176 1194 in
1201 1139 1479 1194 Ramatha
1497 1159 1516 1194 .-
1533 1138 1608 1194 ibi
1625 1139 1776 1195 enim
1780 1140 1881 1212 ju-

264 1222 488 1278 dicabat
514 1224 799 1292 lsraelem,
827 1229 882 1281 et
904 1226 980 1282 ibi
999 1227 1339 1284 eratdomus
1360 1227 1500 1296 eius.

333 1315 422 1365 3t.
457 1313 526 1368 Ut
557 1311 718 1385 longe
747 1331 910 1384 supra
931 1314 1050 1384 jam
1079 1315 1337 1384 diximus,
1393 1316 1662 1372 Ramatha
1706 1317 1876 1372 inter-

261 1407 508 1470 pretatur
534 1401 674 1457 visio
703 1412 1076 1458 consummata
1109 1423 1120 1459 :
1155 1412 1208 1459 et
1264 1421 1618 1475 supernorum
1675 1405 1878 1460 civium

259 1487 415 1542 illam
443 1487 664 1544 beatam
693 1498 746 1544 et
773 1491 1072 1561 perfectam
1099 1493 1412 1550 societatem
1461 1493 1730 1564 signiﬁcat
1761 1513 1772 1548 :
1807 1493 1878 1548 ad

267 1592 431 1646 quam
464 1577 684 1633 Samuel
714 1580 1016 1648 revertitur,
1048 1596 1116 1636 ne
1145 1581 1348 1637 laboris
1376 1583 1456 1636 sui
1485 1597 1648 1638 onere
1685 1581 1877 1651 depri-

267 1675 466 1720 matur.
536 1667 596 1720 In
625 1667 900 1724 Ramatha
929 1669 1131 1740 quippe
1161 1670 1380 1726 Samuel
1411 1670 1718 1738 revertitur,
1751 1685 1874 1724 cum

1987 529 2172 568 earum
2203 514 2383 585 aliqua
2413 531 2520 570 non
2551 515 2711 572 habet
2760 517 3002 586 domum,
3035 517 3090 573 in
3120 518 3388 574 Ramatha
3415 526 3595 575 autem

1985 601 2209 656 domum
2242 603 2404 658 habet
2435 620 2448 657 :
2482 603 2604 674 quia
2635 605 2883 660 doctores
2910 614 3112 662 sanctae
3145 607 3400 663 Ecclesiae
3431 607 3596 678 quid-

1987 689 2115 761 quid
2144 707 2286 745 nunc
2315 691 2585 762 accipiunt
2614 694 2682 748 de
2702 695 2967 764 exemplis
2988 693 3305 764 electorum,
3329 695 3595 768 quidquid

1986 778 2054 834 de
2083 779 2384 836 eruditione
2414 795 2692 837 sacrorum
2722 782 3080 850 voluminum,
3114 784 3378 856 quidquid
3410 786 3477 840 de
3506 785 3594 840 al-

1985 868 2214 923 titudine
2269 885 2518 939 superna:
2567 871 2915 926 revelationis
2969 872 3274 928 transitorie
3328 873 3595 928 rimantur

1987 957 2056 1012 ad
2088 957 2414 1025 adiutorium
2445 958 2647 1013 habent
2676 959 2900 1028 itineris,
2961 976 3068 1016 non
3101 961 3168 1015 ad
3201 976 3448 1016 amorem
3496 977 3591 1016 re-

1988 1046 2394 1101 munerationis.
2429 1047 2566 1102 Illud
2596 1063 2748 1115 vero,
2801 1049 2946 1118 quod
3001 1049 3057 1104 in
3113 1064 3349 1119 superna
3377 1049 3596 1106 civitate

1987 1133 2239 1205 diligunt,
2273 1150 2378 1189 non
2409 1136 2480 1190 ad
2510 1137 2811 1206 profectum
2842 1137 3069 1204 itineris,
3101 1138 3198 1194 sed
3231 1138 3300 1192 ad
3331 1135 3595 1192 suﬂicien-

1987 1230 2114 1291 tem,
2146 1223 2256 1278 imo
2286 1224 2356 1277 ad
2411 1224 2778 1280 abundantem
2827 1215 3138 1298 largitatem
3187 1225 3470 1281 mercedis.
3529 1225 3598 1284 Ει

1985 1311 2114 1384 quia
2141 1311 2270 1366 illuc
2299 1322 2491 1367 cuncta
2521 1313 2664 1368 bona
2694 1322 3114 1386 congregantur,
3148 1315 3422 1384 sequitur:

2055 1401 2236 1472 (Vers.
2279 1403 2391 1468 17.)
2423 1401 2742 1470 A-Jdt‘ﬁcavit
2766 1404 2842 1458 ibi
2863 1404 3040 1459 etiam
3061 1405 3248 1459 altare
3265 1403 3518 1461 Domino.

2059 1492 2145 1544 32.
2179 1488 2322 1558 Quid
2353 1498 2433 1544 est
2460 1490 2601 1544 enim
2651 1491 2821 1546 altare
2881 1492 3120 1558 Domini,
3162 1491 3260 1546 nisi
3301 1507 3396 1547 cor
3417 1491 3592 1561 justi?

1986 1577 2236 1632 Veritatis
2283 1587 2461 1633 autem
2508 1579 2714 1646 judicio
2774 1579 3013 1634 dicitur:
3051 1581 3148 1639 Ubi
3174 1583 3258 1637 est
3292 1581 3594 1636 thesaurus

1986 1669 2140 1734 tuus,
2165 1665 2243 1722 ibi
2263 1671 2319 1722 et
2341 1683 2436 1723 cor
2460 1671 2621 1722 tuum
2664 1667 2883 1735 (Matth.
2919 1684 2994 1735 vr,
3020 1671 3130 1737 21).
3166 1667 3268 1737 Qui
3292 1677 3472 1724 autem
3493 1683 3592 1738 pro

257 1769 412 1807 mens
442 1754 820 1824 praedicatoris
847 1772 948 1826 per
973 1771 1214 1814 amorem
1250 1759 1550 1814 caelestium
1579 1759 1867 1814 relevetur.
1903 1765 1958 1826 Β
1987 1769 2172 1810 amore
2219 1747 2468 1825 supernae
2497 1756 2688 1826 patriae
2737 1755 2879 1811 bona
2910 1757 3043 1828 agit,
3076 1757 3205 1810 dum
3237 1758 3491 1812 ardenter
3518 1756 3590 1810 ad

253 1841 396 1896 Nam
427 1843 567 1898 inter
593 1842 762 1898 ofﬁcii
791 1845 873 1899 sui
903 1861 1068 1901 onera
1097 1855 1204 1902 tam
1261 1847 1528 1902 immensa
1582 1854 1873 1914 corruerat,

254 1932 302 1984 si
329 1931 400 1984 ad
432 1947 674 1987 amorem
705 1932 1004 1988 caelestium
1031 1949 1132 2004 per
1158 1935 1274 2005 spei
1286 1952 1398 1991 sua:
1427 1935 1757 1990 desiderium
1769 1951 1878 1990 non

255 2019 480 2074 rediret.
505 2019 721 2075 Reverti
744 2021 942 2076 etenim
970 2022 1440 2092 praedicatoribus,
1490 2031 1570 2079 est
1616 2023 1875 2079 intentio-

254 2123 382 2160 nem
407 2108 603 2162 mentis
623 2125 737 2163 suae
767 2109 836 2163 ad
868 2110 1070 2181 gaudia
1099 2112 1288 2181 patriae
1318 2111 1550 2167 caelestis
1596 2113 1872 2167 reducere.

256 2194 328 2248 Et
360 2194 436 2248 ibi
468 2196 722 2250 Israelem
746 2196 994 2266 judicent
1026 2215 1038 2251 :
1073 2199 1198 2269 quia
1227 2215 1476 2270 superna:
1503 2199 1696 2269 patriae
1745 2199 1874 2269 pul-

255 2282 574 2350 chritudini,
608 2299 772 2354 quam
799 2284 855 2338 in
877 2294 1055 2341 mente
1083 2288 1330 2354 retinent,
1389 2287 1578 2343 ﬁdeles
1630 2287 1878 2342 subditos

255 2371 444 2425 facere
473 2373 786 2428 conformes
811 2373 1189 2442 praedicando,
1221 2376 1456 2431 student.
1507 2375 1587 2430 Ibi
1629 2375 1878 2444 judicent

253 2459 518 2514 Israelem
555 2477 570 2514 :
601 2460 736 2530 quia
765 2475 832 2514 ex
861 2461 956 2515 illa
981 2462 1094 2530 jam
1125 2464 1366 2534 perfecta
1396 2465 1612 2519 civitate
1641 2464 1876 2518 formam

249 2547 506 2602 videntes
538 2550 774 2617 trahunt,
805 2565 968 2620 quam
1006 2549 1239 2607 ﬁliorum
1288 2553 1558 2608 mentibus
1597 2553 1877 2622 loquentes

251 2635 616 2705 imprimunt;
651 2646 703 2692 et
732 2637 994 2708 quidquid
1025 2639 1120 2693 illa
1150 2639 1554 2711 pulchritudine
1586 2641 1874 2712 indignum

243 2724 612 2793 conspiciunt,
645 2723 716 2779 ab
745 2740 936 2781 eorum
967 2729 1236 2784 mentibus
1292 2729 1609 2785 abscindere
1665 2745 1873 2785 conan-

247 2821 360 2867 tur.
393 2813 464 2867 Et
485 2814 611 2882 quia
641 2813 696 2866 in
725 2813 869 2868 illius
897 2814 1072 2872 beatae
1102 2818 1294 2888 patriae
1323 2818 1500 2890 gloria
1531 2823 1642 2874 tota
1697 2818 1873 2874 dilec-

252 2903 411 2956 tione
440 2901 804 2972 requiescunt,
855 2902 932 2957 ibi
981 2905 1096 2974 ejus
1143 2905 1338 2960 domus
1384 2922 1500 2962 esse
1529 2907 1865 2975 perhibetur.

249 2989 395 3058 Ejus
425 3005 660 3060 namque
699 2991 860 3059 176
893 2992 1088 3048 domus
1117 3010 1232 3050 esse
1261 2995 1623 3066 cognoscitur,
1657 2995 1710 3048 in
1768 3009 1876 3064 qua.

243 3077 494 3132 amando
525 3087 891 3134 conservatur.
925 3079 1081 3134 Unde
1111 3086 1160 3133 et
1193 3078 1284 3134 ille
1313 3079 1570 3151 egregius
1596 3079 1871 3148 praedica-

249 3175 344 3222 tor
369 3165 660 3237 gloriatur,
685 3165 898 3222 dicens:
915 3167 1121 3224 Nostra
1137 3169 1489 3226 conversatio
1505 3169 1568 3224 in
1589 3169 1745 3224 caelis
1765 3172 1870 3224 est.

1985 1857 2068 1910 ea,
2101 1859 2220 1913 quae
2247 1859 2456 1899 sursum
2489 1852 2808 1916 congregat,
2841 1845 3120 1915 pervenire
3148 1845 3436 1909 desiderat,
3461 1859 3593 1914 pro-

1986 1932 2128 1986 fecto
2157 1931 2328 1988 altare
2357 1931 2612 2001 aediﬁcat,
2643 1949 2808 2004 super
2833 1933 2979 2004 quod
3011 1933 3308 2004 quotidiani
3340 1931 3591 1988 desiderii

1985 2019 2186 2074 hostias
2229 2020 2500 2075 incendat.
2555 2021 2694 2076 Bene
2741 2029 2920 2076 autem
2958 2021 3156 2076 dicitur
3207 2041 3218 2077 :
3271 2021 3595 2092 (Ediﬁcavit

1983 2109 2060 2164 ibi
2079 2110 2266 2165 altare
2293 2108 2532 2166 Domino
2563 2129 2581 2166 :
2610 2109 2737 2179 quia
2765 2125 2831 2164 ex
2857 2109 3192 2166 incremento
3221 2110 3362 2166 studi
3394 2110 3593 2165 cretes-

1985 2195 2068 2264 tis,
2099 2197 2238 2252 sicut
2265 2197 2486 2251 ﬂamma
2514 2197 2705 2253 crescit
2734 2197 2788 2252 in
2816 2197 2977 2252 corde
3007 2197 3134 2253 boni
3182 2198 3460 2263 desiderii,
3517 2197 3594 2253 ita

1985 2291 2038 2339 et
2065 2285 2212 2340 velut
2241 2284 2438 2340 additis
2467 2285 2757 2356 lapidibus,
2789 2285 2960 2341 altare
3005 2302 3216 2340 sursum
3247 2286 3590 2352 construitur,

1984 2371 2078 2427 ubi
2106 2373 2220 2426 Deo
2251 2372 2566 2428 holocausta
2609 2371 2906 2428 offerantur
2949 2374 3168 2430 amoris.
3228 2372 3387 2441 Quod
3426 2374 3592 2428 etiam

1984 2461 2054 2515 ad
2086 2460 2292 2515 lucrum
2349 2460 2654 2515 animarum
2709 2460 2898 2516 referri
2955 2462 3336 2518 convenienter
3388 2469 3585 2532 potest.

1983 2549 2186 2604 Doctor
2213 2565 2446 2618 namque
2475 2549 2530 2602 in
2559 2550 2824 2604 Ramatha
2853 2550 3027 2606 altare
3054 2550 3288 2606 Domino
3333 2548 3586 2619 aediﬁcat,

1983 2651 2106 2692 cum
2137 2636 2476 2691 subditorum
2505 2638 2698 2692 merita
2729 2638 2782 2692 in
2811 2639 2952 2694 caelo
2992 2640 3155 2706 locat,
3205 2647 3260 2694 et
3288 2638 3418 2695 dum
3449 2654 3590 2708 quo—

1984 2724 2190 2780 tidiano
2220 2725 2333 2794 ejus
2361 2725 2539 2781 studio
2570 2727 2756 2782 electae
2785 2728 2983 2782 animae
3013 2729 3082 2784 ad
3123 2728 3366 2784 cielestia
3419 2743 3591 2800 regna

1982 2813 2372 2882 conscendunt,
2405 2814 2549 2868 velut
2579 2815 2648 2868 ad
2679 2824 3008 2870 structuram
3037 2817 3254 2886 superni
3286 2817 3472 2872 altaris
3503 2817 3596 2870 la-

1982 2901 2139 2971 pides
2186 2901 2487 2956 mittuntur.
2520 2903 2740 2958 Dicatur
2768 2919 2902 2975 ergo
2932 2905 3000 2959 de
3029 2905 3300 2972 Samuele,
3332 2905 3542 2959 dicatur
3573 2921 3587 2958 :

1982 2990 2304 3060 .‘Ediﬁcavit
2342 2991 2420 3046 ibi
2437 2991 2625 3047 altare
2663 2993 2907 3048 Dumino
2939 3013 2958 3050 ε
2988 2993 3115 3063 quia
3142 2993 3398 3047 nimirum
3428 2992 3590 3048 valde

1980 3078 2218 3134 otiosum
2251 3087 2304 3133 et
2333 3079 2570 3134 doctoris
2599 3081 2857 3147 studium,
2889 3081 2932 3134 si
2963 3098 3060 3151 per
3083 3081 3206 3150 hoc,
3239 3081 3384 3151 quod
3401 3081 3470 3136 ab
3492 3081 3587 3137 illo

1983 3166 2037 3220 in
2069 3166 2224 3222 terris
2255 3166 2452 3240 agitur,
2486 3167 2702 3224 caeleste
2729 3168 3021 3224 aediﬁcium
3045 3185 3150 3225 non
3181 3177 3429 3242 augetur.

1545 3417 1874 3512 LIBER
1917 3418 2492 3532 QUARTUS.

794 3595 1018 3654 CAPUT
1049 3595 1341 3652 PRIMUM.

321 3685 489 3753 175
533 3688 581 3740 1.
615 3683 938 3741 Sanctorum
969 3684 1212 3740 virorum
1262 3684 1405 3739 facta
1446 3683 1875 3755 praecedentium

249 3789 401 3843 saepe
434 3772 734 3828 electorum
766 3773 1106 3844 sequentium
1137 3773 1329 3828 solatia
1359 3773 1649 3828 sunt.Mira
1678 3773 1876 3828 etenim

251 3861 666 3932 dispensatione
697 3861 870 3917 divini
902 3861 1132 3932 consilii,
1185 3868 1238 3916 et
1277 3861 1553 3917 altissimae
1584 3877 1875 3917 conversa-

249 3949 419 4005 tionis
453 3967 576 4006 arce
605 3951 682 4006 sic
713 3949 994 4006 sublimati
1025 3958 1166 4018 sunt,
1199 3959 1258 4004 ut
1287 3949 1444 4006 fortia
1475 3959 1694 4023 agerent
1751 3951 1874 4019 sibi,

251 4044 404 4094 recta
439 4038 672 4094 subditis
702 4039 1052 4109 providerent
1085 4057 1098 4103 ;
1140 4039 1215 4093 sic
1245 4039 1347 4094 sibi
1381 4041 1708 4111 quandoque
1725 4040 1878 4095 derc-

241 4127 384 4196 lieti,
421 4135 483 4180 ut
511 4143 574 4182 ea
605 4145 727 4199 quae
756 4135 906 4182 recta
936 4127 1230 4182 intentione
1261 4127 1629 4198 disponerent,
1680 4145 1875 4184 secun-

1983 3595 2286 3664 prophetiae
2314 3597 2546 3669 gratiam
2577 3612 2687 3652 non
2717 3596 2988 3667 accipiunt
3020 3615 3032 3652 :
3066 3595 3110 3652 si
3139 3595 3175 3652 ii
3205 3597 3299 3668 qui
3348 3596 3588 3668 prophe-

1987 3682 2074 3738 tiae
2105 3684 2350 3754 spiritum
2391 3689 2548 3754 176
2583 3687 2786 3742 habent
2815 3687 3068 3742 eumdem
3108 3685 3352 3756 spiritum
3383 3685 3451 3740 ad
3483 3685 3590 3738 dis-

1983 3772 2237 3843 ponenda
2268 3783 2460 3829 cuncta
2491 3791 2597 3830 non
2630 3776 2877 3831 habent?
2908 3775 3043 3844 Quis
3073 3782 3253 3829 autem
3311 3774 3381 3828 de
3437 3781 3587 3829 tanto

1986 3861 2104 3915 viro
2135 3861 2361 3930 dubitet,
2395 3865 2523 3934 quia
2552 3864 2595 3918 si
2629 3864 2865 3918 futuram
2895 3863 3302 3933 perversitatem
3351 3861 3590 3918 ﬁliorum

1984 3959 2364 4020 praenosceret,
2397 3967 2492 4006 eos
2520 3952 2704 4022 utique
2761 3951 3067 4006 forensibus
3123 3950 3422 4006 honoribus
3476 3967 3590 4004 non

1984 4037 2310 4108 prmferret‘?
2355 4038 2458 4108 Qui
2515 4055 2648 4110 ergo
2703 4038 2968 4109 reprobos
2997 4039 3230 4095 scienter
3256 4041 3584 4111 provehunt,

1983 4125 2087 4182 hoc
2117 4128 2396 4198 pmphetae
2426 4129 2680 4197 exemplo
2711 4127 2814 4182 sibi
2845 4127 3077 4181 blandiri
3108 4143 3446 4198 nequaquam
3471 4143 3592 4197 pos-

1984 4223 2110 4269 sunt
2144 4233 2156 4270 :
2191 4216 2312 4285 quia
2346 4225 2466 4271 tunc
2499 4217 2676 4272 solum
2727 4216 2946 4271 innoxie
2977 4216 3172 4288 agitur,
3231 4231 3353 4270 cum
3401 4214 3457 4268 in
3486 4215 3586 4282 eis,

1985 4309 2229 4375 tempore
2259 4320 2366 4375 quo
2394 4304 2629 4374 promoti
2659 4313 2799 4372 sunt,
2833 4303 3134 4374 subsecutm
3164 4302 3460 4376 iniquitatis
3509 4303 3591 4356 si-

1983 4410 2092 4465 gna
2123 4393 2271 4448 nulla
2303 4400 2609 4464 patuerunt.
2651 4393 2826 4462 Quare
2855 4400 2905 4448 et
2934 4401 3058 4464 apte
3079 4393 3136 4460 ii,
3169 4391 3259 4464 qui
3269 4391 3486 4462 judices
3507 4393 3592 4446 Is-

1986 4481 2115 4536 raeli
2146 4499 2177 4536 a
2209 4483 2461 4538 Samuele
2489 4482 2650 4553 positi
2679 4490 2820 4551 sunt,
2879 4497 3003 4538 cum
3063 4489 3409 4552 ponerentur,
3470 4482 3590 4552 ejus

1983 4567 2079 4624 ﬁlii
2113 4571 2436 4626 dicebantur
2467 4589 2481 4626 :
2513 4580 2568 4626 ut
2599 4587 2666 4626 ex
2697 4587 2762 4626 eo
2817 4586 2928 4626 non
2983 4569 3160 4628 solum
3219 4586 3316 4641 per
3369 4584 3602 4624 carnem-

1895 4656 1947 4716 D
1977 4658 2266 4714 credantur
2295 4660 2489 4730 geniti,
2515 4661 2612 4715 sed
2637 4660 2804 4716 etiam
2826 4658 3250 4716 conversationis
3264 4659 3384 4729 ejus
3406 4659 3592 4730 splen-

1985 4747 2209 4803 doribus
2231 4747 2498 4803 adornati.
2534 4748 2713 4816 Quare
2741 4757 2794 4803 et
2823 4765 3008 4803 eorum
3039 4747 3261 4804 nomina
3290 4755 3442 4803 caute
3499 4763 3593 4802 as-

1984 4836 2271 4908 signantur
2317 4853 2328 4890 :
2381 4845 2437 4890 ut
2483 4853 2548 4892 ex
2601 4836 2752 4892 titulo
2781 4836 3035 4904 nominis,
3068 4837 3182 4906 illa,
3214 4852 3335 4907 quae
3368 4845 3491 4892 tunc
3519 4835 3598 4890 eis

1983 4925 2174 4994 inerat,
2217 4934 2576 4999 cognoscatur
2622 4926 2798 4981 forma
2849 4925 3082 4981 virtutis.
3116 4926 3350 4992 It'omen,
3383 4926 3591 4996 inquit,

1981 5016 2086 5070 uni
2106 5015 2284 5080 Johel,
2307 5015 2548 5070 alterius
2573 5014 3000 5088 Abia,judicum
3028 5015 3087 5069 in
3107 5013 3392 5068 Bersabee.
3411 5013 3516 5067 Sed
3543 5019 3595 5066 et

237 4215 379 4270 dum
413 4215 516 4270 Dei
543 4215 952 4287 providentiam
985 4223 1132 4270 recta
1163 4231 1271 4271 non
1323 4221 1504 4272 essent
1538 4237 1549 4282 ;
1613 4225 1880 4288 quatenus

235 4304 471 4358 illorum
528 4303 837 4374 inﬁrmitas,
900 4304 1198 4359 electorum
1259 4305 1598 4376 sequentium
1648 4304 1876 4362 ﬁrmitas

238 4390 399 4446 ﬁeret
435 4409 449 4448 :
477 4393 602 4464 quia
632 4392 734 4448 etsi
767 4402 820 4448 ut
851 4392 1102 4448 homines
1160 4393 1228 4472 in.
1267 4393 1624 4463 disponendis
1675 4405 1876 4451 sancta:

241 4481 515 4537 Ecclesia
543 4481 783 4555 negotiis
816 4481 930 4535 falli
957 4489 1200 4551 possunt,
1220 4481 1353 4551 ipsa:
1386 4490 1566 4536 tamen
1589 4483 1877 4538 ecclesias-

241 4569 374 4625 lica
403 4570 796 4641 dispositiones
827 4569 1141 4624 deserendae
1171 4585 1276 4624 non
1307 4577 1445 4624 sunt.
1481 4571 1622 4626 Ecce
1677 4571 1873 4626 etenim

236 4658 452 4714 dicitur
487 4678 500 4712 :

313 4748 366 4816 tl
389 4747 534 4819 Reg.
567 4763 686 4812 vni,
717 4747 870 4818 1-3.)
897 4746 1134 4803 Factum
1161 4752 1244 4803 est
1275 4751 1472 4804 autem
1507 4764 1636 4804 cum
1663 4751 1878 4806 senuis-

233 4839 326 4891 εει
347 4835 612 4904 Samuel,
633 4838 829 4908 posuit
875 4835 1026 4905 ﬁlios
1045 4853 1176 4892 suos
1187 4837 1412 4906 judices
1435 4837 1628 4903 Israel,
1650 4840 1874 4911 fuitque

234 4939 459 4980 nomen
474 4923 587 4993 ﬁlii
602 4925 696 4979 sui
714 4923 1285 4996 primogenitiJohel,
1303 4929 1357 4980 et
1381 4941 1588 4981 nomen
1611 4927 1868 4995 secundi,

235 5014 423 5079 Abin,
447 5013 720 5085 judicans
742 5012 806 5067 in
840 5013 1123 5068 Bersabee.
1172 5015 1242 5068 Et
1285 5029 1398 5068 non
1435 5013 1874 5070 ambulaverunt

232 5102 352 5170 ﬁlii
374 5103 476 5156 sui
499 5104 558 5156 in
588 5102 693 5157 viis
723 5103 870 5173 ejus.

313 5195 372 5243 2.
411 5189 558 5243 Ecce
588 5188 678 5259 qui
708 5187 1007 5260 prophetia
1065 5187 1257 5259 spiritu
1315 5191 1509 5259 plenus
1567 5191 1760 5256 fuerat,
1810 5192 1866 5259 ii,

233 5295 382 5349 quos
409 5275 627 5346 judices
653 5277 844 5330 Israeli
903 5277 1159 5347 ponebat,
1221 5279 1343 5347 quia
1401 5286 1522 5349 post
1577 5281 1865 5336 avaritiam

229 5363 603 5437 postmodum
632 5365 912 5420 declinare
940 5364 1231 5434 debebant,
1264 5373 1315 5421 et
1347 5383 1567 5422 munera
1597 5368 1862 5441 accipere,

229 5465 282 5509 et
315 5460 636 5526 pervertere
653 5453 948 5523 judicium,
980 5469 1088 5509 non
1119 5455 1402 5528 cognovit.
1438 5455 1579 5524 Quid
1611 5459 1856 5529 ergomi-

231 5560 386 5611 rum,
439 5541 486 5594 si
531 5541 638 5596 falli
687 5541 745 5596 in
782 5542 1138 5614 disponendis
1166 5543 1454 5599 ordinibus
1492 5555 1738 5616 possunt,
1773 5547 1864 5618 qui

298 5688 391 5760 (α)
429 5682 703 5761 Grtissanv2
731 5693 784 5745 et
807 5683 1002 5760 Vatia,
1030 5700 1212 5760 prava
1233 5688 1498 5766 pericula
1525 5687 1853 5749 intuemur.

1980 5103 2050 5159 de
2081 5103 2207 5171 illis,
2242 5103 2331 5174 qui
2361 5111 2482 5174 post
2513 5111 2793 5174 acceptam
2825 5103 3149 5173 dignitatem
3182 5100 3490 5156 declinasse
3521 5099 3588 5154 ad

1980 5191 2264 5246 avaritiam
2323 5193 2596 5256 dicuntur,
2655 5199 2838 5263 aperte
2887 5189 3189 5246 ostenditur
3225 5207 3236 5242 :
3271 5187 3394 5256 quia
3433 5194 3590 5241 aute-
3647 5231 3658 5238 .

1979 5296 2140 5350 quam
2172 5279 2416 5350 ejusdem
2447 5280 2727 5352 dignitatis
2756 5278 2969 5334 culmen
3002 5276 3361 5346 attingerent,
3412 5274 3466 5328 in
3513 5275 3593 5330 eis

1977 5368 2172 5424 futurae
2203 5369 2484 5441 pravitatis
2515 5369 2677 5440 signa
2708 5367 2854 5420 nulla
2885 5365 3230 5420 videbantur.
3287 5363 3394 5420 Sed
3443 5380 3591 5430 ecce,

1977 5459 2106 5513 dum
2139 5466 2414 5530 pastorum
2446 5457 2638 5514 solatia
2681 5453 3030 5521 attendimus,
3081 5452 3267 5525 gregis
3315 5447 3596 5510 Doniinici

1975 5546 2166 5616 (a)non
2189 5562 2356 5620 parva
2369 5545 2608 5623 pericula
2628 5545 2922 5604 intuemur.
2939 5543 3080 5597 Nam
3099 5541 3593 5614 steteruntsubditi,
