4034 6174
469 255 569 313 219

1661 242 1910 304 SANCTI
1949 240 2294 304 GREGORII
2336 243 2563 305 MAGNI
3636 254 3726 313 220

465 379 564 440 sed
594 381 646 438 in
678 376 912 440 culmine
937 373 1266 452 prmlationis
1295 376 1452 452 positi
1485 378 1760 451 prOpheue
1791 377 1884 434 ﬁlii
1913 378 2060 434 ceci—
2089 368 2147 434 A
2176 377 2245 434 ab
2275 379 2436 450 hujus
2464 378 2669 436 lumine
2696 375 2917 436 rationis
2945 391 3010 438 eo
3040 377 3287 438 cmciores
3312 387 3448 451 sunt,
3498 398 3595 454 quo
3637 384 3733 442 illis

469 473 666 530 derunt
699 485 712 527 :
745 479 803 527 ut
833 470 875 527 si
906 470 1064 527 nobis
1094 470 1196 526 sub
1225 486 1353 527 cura
1382 470 1649 541 majorum
1684 470 1875 541 positis
1904 468 2063 524 inde-

465 562 647 618 sinens
677 570 881 617 sanctas
909 560 1038 616 vitae
1067 561 1324 627 studium,
1368 562 1522 630 177
1558 567 1647 614 aut
1663 559 1923 615 securitas
1952 575 2065 613 ma-

468 668 594 724 gnae
623 650 1052 706 conversationis
1080 648 1333 716 arrident,
1358 665 1594 719 praeesse
1618 657 1796 703 tamen
1817 648 1940 702 aliis
1959 663 2067 703 non

467 739 767 795 habeamus
795 739 849 793 in
877 738 1115 809 appetitu
1145 737 1420 805 desiderii,
1453 737 1551 791 sed
1599 737 1652 791 in
1693 737 2069 809 magnitudine

472 829 708 884 timoris.
742 828 852 882 Sed
882 827 1126 883 carnales
1148 829 1346 897 quique
1376 826 1504 882 dum
1537 825 1654 881 sola
1699 826 1940 880 visibilia
1980 834 2066 880 at—

472 917 715 985 tendunt,
766 916 1069 987 spiritalem
1110 924 1423 971 sanctorum
1468 916 1927 972 conversationem
1977 930 2069 971 co-

474 1021 745 1079 gnoscere
774 1021 882 1060 non
912 1013 1205 1060 merentur.
1223 1006 1501 1059 Pastorum
1526 1004 1740 1073 quidem
1754 1004 2067 1059 sanctaeEc-

472 1095 653 1151 clesia:
682 1095 895 1151 culmen
918 1092 1207 1164 aspiciunt,
1240 1093 1333 1149 sed
1354 1093 1594 1166 cogitare
1623 1093 1880 1159 nesciunt,
1905 1109 2067 1163 quam

473 1184 624 1239 inviti
655 1182 735 1238 illi
763 1184 905 1238 intus
933 1183 1183 1238 decorem
1214 1183 1485 1250 tollerent,
1519 1198 1675 1254 quem
1699 1181 1752 1236 in
1781 1182 2068 1252 splendore

472 1272 722 1330 culminis
752 1273 883 1328 foris
914 1280 1114 1338 tenent,
1148 1271 1294 1342 quod
1326 1271 1719 1326 sublimitatem
1767 1270 1985 1326 honoris
2015 1270 2070 1324 in

473 1361 880 1432 oppressionem
911 1361 1093 1433 magni
1119 1360 1377 1415 sustinent
1407 1359 1612 1429 oneris,
1672 1359 1816 1432 quod
1871 1375 2069 1430 magno

474 1449 748 1506 desiderio
780 1450 1013 1522 fugiunt,
1047 1448 1190 1520 quod
1222 1449 1479 1504 exteriori
1528 1448 1823 1503 ministerio
1867 1463 2069 1518 prose-

474 1547 728 1609 quuntur.
761 1539 1011 1593 Testante
1042 1538 1240 1593 etenim
1261 1537 1485 1608 egregio
1514 1537 1733 1592 doctore
1761 1536 2066 1591 didicimus.

476 1627 619 1697 quod
650 1627 928 1683 animalis
950 1627 1110 1683 homo
1126 1643 1239 1682 non
1257 1627 1497 1697 percipit
1518 1642 1584 1681 ea
1604 1642 1725 1698 qua:
1742 1628 1876 1680 sunt
1892 1624 2067 1696 spiri-

2173 470 2304 525 solis
2353 469 2524 525 oculis
2578 469 2779 538 vident,
2839 486 2976 542 quos
3032 486 3253 541 serpens
3289 470 3506 541 aperuit.
3537 474 3664 530 Nam
3691 476 3731 530 si

2174 558 2533 631 spiritualium
2565 560 2823 615 virtutum
2852 559 3120 632 fulgorem
3152 559 3462 630 aspicerent.
3484 578 3598 617 eum
3624 580 3737 634 pro-

2175 649 2319 704 fecto
2348 648 2400 702 in
2431 656 2627 703 ornatu
2657 665 2768 704 suae
2788 651 2984 705 mentis
3006 649 3207 705 habere
3223 649 3595 708 desiderarent.
3611 653 3737 707 Tan-

2178 746 2263 792 tus
2312 737 2585 808 siquidem
2635 738 2800 794 decor
2851 754 3039 793 earum
3098 745 3199 805 est,
3232 746 3289 793 ut.
3315 739 3457 793 visus
3483 756 3735 810 nunquam

2176 842 2283 882 non
2313 828 2481 897 possit
2509 827 2743 883 videntis
2772 827 3037 883 desiderio
3093 828 3422 897 concupisci.
3479 828 3739 898 Sapientes

2175 931 2309 987 ergo
2331 916 2513 971 saeculi
2543 931 2661 971 cum
2688 932 2744 972 se
2771 917 2956 971 oculos
2983 915 3209 971 rationis
3237 917 3435 972 habere
3488 916 3741 971 arbitran-

2174 1011 2286 1072 tur,
2319 1021 2387 1060 ex
2417 1006 2520 1061 hoc
2551 1021 2884 1077 cognoscere
2913 1014 3158 1076 possunt,
3193 1022 3351 1077 quam
3378 1006 3640 1061 dementer
3671 1007 3742 1060 in-

2174 1094 2386 1149 saniant
2419 1112 2432 1148 :
2468 1095 2594 1166 quia
2624 1094 2878 1149 virtutum
2899 1102 3207 1151 sanctarum
3239 1094 3624 1165 pulchritudine
3642 1111 3740 1150 non

2177 1182 2334 1249 illici,
2368 1199 2553 1238 earum
2584 1184 2826 1253 profecto
2856 1184 3084 1255 gloriam
3112 1200 3217 1239 nen
3246 1183 3421 1238 solum
3474 1198 3576 1238 non
3628 1199 3740 1238 cer-

2177 1289 2329 1340 nere,
2358 1273 2454 1328 sed
2488 1289 2588 1330 nec
2617 1273 2880 1329 somniari
2911 1280 3012 1328 est.
3047 1272 3223 1327 Sancti
3242 1288 3372 1344 ergo
3394 1272 3516 1339 viri,
3538 1272 3624 1342 qui
3638 1273 3741 1341 jam

2176 1362 2579 1418 illuminatione
2628 1363 2797 1417 sancti
2846 1362 3079 1433 Spiritus
3130 1362 3293 1431 178
3350 1361 3400 1416 in
3431 1362 3744 1416 internorum

2177 1466 2365 1506 amore
2392 1452 2621 1523 obligati
2653 1459 2795 1515 sunt,
2829 1451 3024 1506 mentis
3052 1467 3163 1506 suae
3193 1450 3379 1505 oculos
3393 1447 3459 1502 ad
3476 1444 3745 1501 videndam

2177 1539 2377 1595 intimm
2434 1538 2690 1595 claritatis
2745 1539 2979 1612 gloriam
3038 1548 3184 1594 tanto
3241 1537 3489 1593 clariores
3541 1534 3743 1599 habent,

2179 1636 2377 1698 quanto
2407 1629 2475 1684 de
2504 1628 2690 1683 mundi
2723 1628 2956 1700 caligine
2981 1629 3033 1683 in
3064 1627 3336 1684 desiderio
3367 1624 3496 1680 nihil
3516 1623 3708 1679 habent
3735 1639 3747 1684 ;

479 1723 571 1772 tus
590 1716 693 1771 Dei
720 1716 768 1785 (1
789 1715 910 1772 Cor.
932 1732 992 1783 ll,
1026 1715 1134 1785 Η).
1168 1715 1321 1771 Unde
1350 1721 1403 1769 et
1432 1722 1576 1769 tanto
1605 1712 1908 1768 dementius
1949 1728 2068 1768 car-
2099 1719 2155 1780 Β
2184 1726 2235 1772 et
2265 1718 2571 1773 discernere
2600 1717 2838 1773 carnalia
2870 1724 3016 1773 tanto
3071 1717 3273 1772 rectius
3301 1720 3539 1785 possunt,
3570 1717 3753 1781 quanto

477 1804 624 1859 nalia
652 1819 886 1874 sequens
916 1810 1078 1870 errat,
1111 1811 1308 1873 quanto
1328 1818 1427 1872 per
1455 1801 1795 1857 discretionis
1823 1801 2076 1856 virtutem

481 1892 758 1961 spiritalia
800 1892 946 1946 nulla
985 1891 1101 1961 jam
1151 1898 1414 1962 penetrat.
1457 1891 1523 1945 Et
1563 1889 1809 1945 nonnulli
1843 1891 1981 1945 tales
2026 1888 2080 1943 in

482 1987 681 2035 tantum
713 1980 999 2036 dementire
1028 1981 1228 2035 malum
1281 1978 1582 2050 proﬁciunt,
1633 1987 1689 2032 ut
1736 1993 2081 2033 commovere

481 2067 654 2140 ipsum
700 2069 860 2125 etiam
899 2076 1095 2124 statum
1141 2067 1491 2124 ecclesiastici
1538 2066 1789 2123 culminis
1824 2083 1932 2122 non
1977 2082 2081 2123 ve-

482 2166 722 2213 reantur.
764 2157 918 2214 Unde
947 2162 1001 2212 et
1028 2158 1267 2227 sequitur
1294 2174 1306 2211 :

558 2247 731 2315 (Vers.
767 2250 819 2314 4,
853 2247 931 2315 5.)
965 2246 1295 2316 Congregali
1350 2262 1478 2317 ergo
1535 2245 1790 2301 universi
1841 2245 2082 2315 majores

485 2338 633 2391 natu
645 2350 716 2391 ea
739 2335 913 2390 Israel
934 2338 1212 2390 uenerunt
1226 2336 1287 2388 in
1310 2332 1993 2404 Ramatha,dixeruntque
2005 2333 2080 2387 ei:

488 2425 628 2480 Ecce
660 2428 724 2479 tu
759 2423 1022 2489 senuisli,
1060 2426 1116 2478 et
1150 2424 1260 2492 ﬁlii
1292 2423 1378 2477 tui
1409 2437 1522 2477 non
1556 2421 1935 2477 ambulantin
1955 2423 2079 2488 viis,

489 2514 622 2568 tuis.
643 2512 937 2568 Constitue
953 2527 1123 2583 super
1139 2526 1240 2568 nos
1274 2525 1479 2581 regem,
1500 2513 1565 2565 ut
1575 2509 1795 2582 judieet
1816 2526 1915 2566 nos
1932 2509 2081 2566 sicut

488 2602 767 2656 uniuersis
796 2600 1005 2656 habent
1034 2601 1316 2656 nationes.

563 2693 619 2743 3.
659 2688 755 2743 His
781 2696 986 2755 autem,
1019 2689 1108 2759 qui
1142 2688 1397 2745 vivebant
1420 2688 1522 2743 sub
1547 2687 1774 2760 spiritali
1797 2686 2081 2761 regimine,

484 2792 672 2850 regem
701 2786 906 2849 petere,
931 2778 1059 2850 quid
1081 2777 1226 2833 aliud
1239 2785 1320 2834 est
1337 2793 1498 2848 quam
1519 2776 1765 2832 eamdem
1787 2777 2083 2849 spiritalem

484 2867 861 2939 praelationem
891 2867 944 2921 in
973 2867 1286 2923 saecularem
1335 2866 1763 2922 dominationem
1791 2866 2085 2921 transferre

488 2956 731 3028 gestire?
762 2956 869 3012 Sed
896 2956 1063 3011 sancti
1094 2955 1192 3010 viri
1223 2972 1342 3012 cum
1388 2972 1445 3011 se
1474 2972 1505 3011 a
1535 2955 1765 3010 subditis
1813 2955 2084 3012 contemni

2184 1805 2348 1877 longe
2378 1824 2409 1862 a
2438 1807 2747 1861 carnalibus
2776 1806 3061 1877 assumpti,
3085 1807 3139 1860 in
3162 1805 3393 1876 Spiritus
3420 1801 3580 1857 sancti
3598 1798 3757 1873 gratia

2188 1894 2346 1949 altius
2376 1896 2744 1965 profecerunt.
2766 1896 2922 1952 Unde
2950 1904 3001 1950 et
3032 1893 3313 1965 apostolus
3340 1892 3531 1947 Paulus
3557 1889 3623 1944 de
3666 1904 3757 1943 ex-

2188 1984 2450 2054 perientia
2481 1993 2642 2041 tantae
2662 1984 2892 2040 visionis
2921 1984 3244 2040 sententiam
3276 1980 3512 2053 protulit,
3542 1978 3715 2033 dicens
3744 1992 3755 2029 :

2189 2074 2481 2142 Spiritalis
2506 2073 2731 2143 judicat
2769 2073 2961 2129 omnia
2992 2073 3041 2141 (I
3079 2073 3199 2129 Cor.
3230 2087 3291 2139 II,
3326 2070 3431 2135 15).
3464 2069 3600 2123 Bene
3641 2078 3760 2135 ergo

2191 2162 2413 2217 dicitur:
2432 2163 2737 2234 Displicuit
2755 2177 2935 2217 sei'mo
2952 2163 3014 2216 in.
3032 2161 3215 2217 oculis
3234 2158 3539 2215 Samuelis.
3583 2153 3711 2223 Quia
3734 2167 3763 2206 a

2191 2251 2325 2307 viris
2355 2250 2729 2321 spiritualibus
2757 2250 2831 2304 nil
2864 2258 2985 2304 ante
3014 2249 3332 2319 despicitur,
3392 2260 3549 2317 quam
3581 2241 3761 2311 despi-

2191 2341 2441 2396 ciendum
2474 2356 2592 2394 esse
2623 2355 2724 2410 per
2753 2339 3050 2408 spiritalem
3082 2337 3276 2392 mentis
3304 2335 3547 2391 intuitum
3563 2330 3762 2402 judice-

2189 2437 2295 2484 tur.
2329 2429 2393 2483 Et
2418 2429 2544 2500 quia
2574 2444 2680 2499 quo
2706 2425 3081 2483 abundantiori
3114 2426 3294 2495 gratia
3350 2423 3572 2494 Spiritus
3611 2416 3764 2474 sancti

2190 2518 2335 2588 pleni
2365 2525 2508 2585 sunt,
2541 2517 2611 2572 de
2641 2516 2854 2571 virtutis
2899 2532 3009 2571 suae
3056 2514 3379 2570 celsitudine
3424 2527 3529 2567 non
3571 2523 3763 2579 praesu-

2189 2615 2361 2672 munt,
2396 2605 2750 2677 sequitur:Et
2794 2605 2977 2661 oravit
3019 2604 3249 2661 Samuel
3294 2601 3611 2658 Dominum.
3636 2591 3768 2664 Quid

2191 2697 2335 2751 enim
2373 2695 2665 2751 Dominum
2704 2693 2898 2760 oravit,
2931 2691 3036 2747 nisi
3064 2699 3122 2747 ut
3149 2690 3251 2745 sibi
3270 2690 3586 2762 dignaretur
3611 2692 3769 2740 osten-

2191 2784 2338 2852 dere,
2368 2785 2411 2839 si
2445 2782 2815 2838 tumultuantis
2841 2781 3027 2852 populi
3057 2778 3304 2851 petitioni
3337 2791 3613 2833 assensum
3653 2772 3770 2827 dare

2192 2873 2506 2929 debuisset?

2264 2963 2447 3033 (Vers.
2484 2964 2539 3028 7,
2573 2960 2649 3029 8.)
2669 2960 2830 3015 Dixit
2846 2962 3037 3015 autem
3060 2957 3349 3014 Dominus
3365 2956 3435 3012 ad
3450 2952 3772 3011 Samuelem:

488 3045 846 3116 conspiciunt,
877 3061 986 3100 non
1017 3052 1125 3099 tam
1154 3046 1232 3100 eis
1250 3043 1681 3116 displicet,quod
1719 3052 2080 3101 contemnun-
2116 3069 2165 3134 Ο
2197 3050 2343 3107 Audi
2374 3065 2560 3107 vocem
2591 3050 2785 3122 populi
2817 3046 2881 3103 in
2911 3048 3169 3104 omnibus
3187 3063 3313 3120 quae
3335 3046 3639 3117 loquuntur
3656 3039 3768 3095 tibi.

497 3141 599 3197 tur,
635 3150 799 3205 quam
832 3133 983 3205 quod
1013 3141 1413 3203 contemptores
1447 3133 1525 3187 sui
1558 3134 1670 3187 Deo
1700 3149 1805 3189 non
1836 3134 2079 3202 placent.

500 3224 699 3278 Eorum
745 3222 943 3293 quippe
984 3228 1295 3291 contemptu
1334 3237 1445 3277 sum
1487 3221 1709 3276 internas
1755 3221 1943 3293 gloriae
1973 3220 2089 3276 dari

496 3311 830 3367 incrementa
860 3311 1226 3381 conspiciunt,
1258 3310 1351 3366 sed
1382 3311 1567 3383 augeri
1601 3311 1791 3365 merita
1829 3325 1925 3365 sua
1955 3310 2087 3364 sub-

492 3399 724 3455 ditorum
746 3400 1048 3455 defectibus
1077 3399 1460 3472 ingemiseunt,
1494 3414 1628 3468 quos
1658 3399 1731 3452 sic
1754 3398 1958 3453 meritis
1978 3399 2089 3454 vel-

494 3488 603 3544 lent
630 3488 918 3559 proﬁcere,
950 3495 1009 3543 ut
1037 3487 1088 3542 in
1120 3496 1324 3543 veterna
1352 3487 1665 3542 meritorum
1720 3487 2087 3556 retributione,

496 3576 676 3633 secum
708 3593 823 3647 eos,
857 3578 1050 3648 quibus
1078 3579 1337 3647 praesunt,
1360 3576 1562 3632 habere
1582 3575 2091 3647 potuissent.Quare

494 3674 547 3722 et
576 3666 818 3722 subditur
851 3683 863 3719 :

566 3756 752 3824 (Veis.
792 3757 870 3823 6.)
900 3754 1203 3826 Displicuil
1221 3771 1402 3811 sermo
1420 3756 1480 3811 in
1506 3754 1681 3811 oculis
1712 3754 2010 3822 Samuelis,
2030 3770 2091 3810 eo

508 3842 656 3917 quod
671 3844 953 3900 dixissent
972 3865 989 3902 .-
1007 3845 1085 3899 Da
1103 3844 1258 3900 nobis
1273 3860 1480 3917 regem,
1501 3844 1793 3915 utjudicet
1808 3860 1907 3900 nos

568 3935 619 3988 4.
657 3934 770 3988 Hoc
802 3948 1037 4004 namque
1063 3933 1113 3988 ei
1143 3933 1435 4003 displicuit,
1467 3948 1571 4002 per
1619 3932 1763 4003 quod
1805 3932 2094 4003 displicere

502 4022 638 4091 Deo,
674 4023 763 4092 qui
812 4022 1188 4092 loquebantur,
1241 4021 1587 4077 existimavit.
1639 4020 1776 4090 Quia
1821 4037 1946 4076 vero
1989 4037 2095 4075 non

500 4108 821 4182 simpliciter
847 4110 1045 4166 dicitur
1070 4130 1081 4166 :
1109 4109 1381 4181 displicuit
1410 4126 1585 4165 sermo
1617 4108 1875 4178 Samueli,
1915 4110 2007 4164 sed
2043 4110 2097 4163 in

498 4199 640 4256 oculi
695 4199 984 4268 Samuelis,
1007 4208 1059 4256 et
1089 4200 1264 4255 statim
1287 4198 1533 4254 subditur
1564 4217 1577 4253 :

565 4289 751 4359 (Vers.
793 4288 871 4356 6.)
903 4289 969 4342 El
987 4285 1170 4344 oravit
1191 4288 1534 4359 Samuelpro
1548 4288 1755 4359 populo
1771 4288 2092 4343 Dominum.

567 4377 732 4433 Paulo
762 4376 1008 4430 subtilius
1036 4392 1099 4430 ea
1128 4390 1228 4429 nos
1256 4375 1597 4430 considerare
1627 4383 1861 4445 Oportet.
1912 4376 2093 4431 Sancti

494 4464 615 4533 viri,
649 4465 741 4535 qui
772 4463 1130 4533 omnipotenti
1158 4464 1276 4517 Deo
1306 4462 1465 4517 valde
1495 4462 1803 4532 displiceret
1831 4471 2093 4533 metuunt,

489 4545 549 4605 in
580 4554 695 4606 suis
720 4551 941 4622 judiciis
966 4550 1153 4606 faciles
1180 4565 1288 4606 non
1319 4558 1462 4619 sunt,
1520 4551 1617 4607 sed
1674 4560 1868 4608 cuncta
1922 4552 2090 4622 prius,

498 4639 890 4696 rationabiliter
917 4638 1059 4693 intus
1090 4638 1359 4709 ordinant,
1391 4648 1447 4694 ut
1476 4655 1541 4695 ea
1572 4639 1722 4707 toris,
1747 4641 1801 4695 in
1822 4656 1983 4712 opere
2012 4641 2096 4695 ir-

498 4718 992 4799 reprehensibiliter
1032 4727 1336 4800 disponant.
1389 4729 1529 4783 Nam
1585 4729 1901 4784 electionem
1943 4730 2095 4785 acci-

498 4819 653 4890 piunt
681 4814 878 4872 nullam
904 4816 1115 4885 judicii,
1147 4816 1193 4871 si
1225 4832 1331 4872 non
1359 4816 1621 4887 probatur
1644 4818 2097 4889 contemplatione

499 4905 737 4963 rationis.
770 4906 882 4960 Hos
912 4904 1152 4976 profecto
1183 4906 1367 4961 oculos
1387 4907 1664 4977 prophetae
1687 4907 1947 4962 Dominus
1967 4918 2093 4977 ape-

498 4995 604 5053 rire
635 4993 869 5061 volebat,
886 5009 1007 5048 cum
1026 4992 1271 5049 dicebat:
1298 4994 1420 5050 Vide
1436 4994 1613 5050 oculis
1633 4995 1767 5062 tuis,
1789 4998 1845 5050 et
1862 4995 2096 5051 auribus

504 5088 620 5142 tuis
641 5084 777 5140 audi
797 5084 976 5150 (Ezee.
1010 5099 1100 5151 XL,
1133 5085 1210 5151 4).
1243 5082 1379 5137 Ilinc
1411 5082 1466 5136 in
1494 5083 1796 5155 Evangelio
1818 5083 2100 5154 discipulis

498 5173 632 5228 dixit
647 5190 660 5229 :
677 5174 837 5229 Beati
852 5171 1023 5240 oculi,
1045 5171 1138 5244 qui
1169 5170 1359 5227 vident
1381 5188 1503 5244 qua:
1522 5188 1612 5228 vos
1628 5171 1829 5231 videtis
1849 5172 2004 5239 (Luc.
2039 5189 2094 5241 x,

498 5263 573 5332 Ξ).
607 5261 762 5316 Oculi
794 5261 996 5331 quippe
1022 5265 1345 5327 sanctorum,
1396 5267 1521 5315 sunt
1577 5260 1882 5317 intellectus
1927 5260 2098 5315 ratio-

502 5348 606 5414 nis,
638 5348 861 5403 reserati
890 5364 990 5419 per
1019 5348 1247 5420 gratiam
1280 5347 1510 5419 Spiritus
1537 5348 1730 5404 sancti.
1777 5348 1848 5403 Et
1893 5348 2099 5405 idcirco

508 5434 774 5491 Samuelis
802 5451 917 5491 esse
945 5435 1197 5492 dicuntur
1228 5455 1239 5491 :
1274 5438 1406 5510 quia
1452 5437 1696 5495 carnales
1744 5437 1962 5509 quique,
2004 5438 2101 5492 etsi

509 5540 608 5597 per
652 5524 939 5579 humanam
986 5525 1301 5598 sapientiam
1344 5526 1635 5584 rationales
1664 5542 1780 5582 esse
1828 5525 2099 5595 videntur,

2197 3142 2318 3198 Non
2337 3140 2488 3196 enim
2507 3138 2835 3211 abjecerunt
2854 3136 3030 3204 te,sed
3046 3152 3232 3203 me,ne
3248 3150 3479 3206 regnem
3496 3147 3660 3203 super
3672 3143 3771 3194 eos,

2186 3231 2367 3302 juxta
2397 3229 2589 3284 omnia
2623 3242 2793 3298 opera
2822 3243 2945 3293 sua,
2983 3242 3104 3297 qua:
3135 3228 3398 3289 fecerunt
3444 3240 3479 3278 a
3521 3222 3625 3285 die,
3655 3217 3775 3291 quia

2197 3317 2373 3374 eduxi
2392 3333 2482 3372 eos
2497 3316 2562 3372 de
2579 3317 2813 3387 Egi/pla
2831 3330 3004 3387 usque
3020 3314 3094 3369 ad
3110 3314 3256 3369 diem
3277 3312 3447 3368 hanc.

2267 3408 2322 3460 5.
2357 3405 2494 3473 Quia
2525 3404 2698 3459 oranti
2741 3404 3017 3474 propheta:
3037 3402 3237 3458 dicitur
3267 3419 3279 3454 :
3313 3400 3586 3457 Constitue
3631 3409 3779 3465 super

2198 3510 2293 3551 eos
2324 3509 2509 3564 regem
2534 3512 2547 3556 ;
2580 3492 2741 3562 plane
2765 3490 3080 3558 ostenditur,
3112 3489 3234 3561 quia
3256 3506 3323 3544 an
3357 3490 3459 3545 hoc
3489 3484 3777 3541 faciendum

2198 3592 2358 3651 esset,
2391 3581 2493 3636 sibi
2522 3580 2747 3635 revelari
2780 3578 3089 3651 p0stulavit.
3124 3580 3189 3635 Et
3229 3578 3353 3649 quia
3382 3576 3633 3642 subdens,
3665 3571 3733 3628 ait
3764 3589 3774 3624 :

2200 3673 2319 3729 Non
2335 3675 2388 3727 le
2406 3671 2753 3742 abjecerunt,
2774 3669 2871 3724 sed
2887 3684 2995 3737 me,
3015 3684 3088 3723 ne
3105 3679 3532 3739 regnem,super
3547 3679 3654 3729 eos,
3669 3667 3781 3731 apte

2200 3760 2516 3826 ostenditur,
2551 3767 2808 3831 quantum
2838 3758 2943 3812 sibi
2974 3772 3151 3811 sermo
3194 3755 3497 3826 displiceat,
3546 3766 3696 3823 quem
3734 3746 3782 3801 in

2202 3845 2375 3902 oculis
2405 3843 2670 3900 Samuelis
2698 3841 3032 3913 displicuisse
3059 3840 3390 3911 perhibetur.
3423 3838 3555 3908 Quae
3593 3848 3781 3891 conve-

2204 3933 2403 3990 nientia
2420 3932 2611 4003 judicii
2643 3932 2697 3986 in
2727 3931 2928 3986 sanctis
2958 3929 3129 3984 oritur
3149 3945 3216 3984 ex
3247 3929 3445 3984 virtute
3469 3923 3737 3984 cbaritatis
3767 3935 3778 3972 :

2205 4024 2334 4097 quia
2363 4022 2493 4077 dum
2523 4037 2590 4076 ex
2622 4027 2731 4075 tota
2752 4027 2930 4075 mente
2960 4018 3302 4074 Conditorem
3335 4016 3589 4090 diligunt,
3611 4020 3660 4068 et
3677 4011 3784 4080 ejus

2205 4111 2465 4168 voluntati
2496 4109 2719 4164 obedire
2748 4109 2941 4164 devote
2970 4115 3249 4172 conantur,
3301 4122 3367 4161 ex
3424 4102 3645 4175 praemio
3698 4114 3786 4153 su-

2203 4216 2386 4271 pernae
2414 4197 2775 4253 retributionis
2803 4196 3094 4266 accipiunt,
3128 4204 3184 4249 ut
3214 4194 3284 4250 ab
3313 4195 3505 4250 eadem
3536 4189 3631 4246 Dei
3661 4203 3783 4242 om-

2206 4288 2496 4359 nipotentis
2523 4286 2795 4342 voluntate
2824 4285 2983 4340 aliter
3011 4284 3289 4340 sentiendo
3341 4299 3448 4337 non
3478 4280 3784 4348 discrepent,

2208 4393 2369 4447 quam
2425 4379 2481 4430 in
2536 4375 2694 4431 bonis
2751 4374 3005 4445 operibus
3032 4389 3247 4444 semper
3292 4378 3495 4428 tenent.
3533 4369 3786 4438 Scriptum

2209 4465 2408 4536 quippe
2452 4472 2532 4519 est
2565 4483 2577 4518 :
2611 4464 2717 4532 Qui
2754 4461 3006 4518 adhaeret
3051 4463 3177 4527 Deo,
3234 4477 3385 4516 unus
3431 4458 3665 4532 spiritus
3710 4453 3786 4509 est

2203 4557 2249 4624 (l
2279 4553 2399 4610 Cor.
2435 4569 2508 4621 v1,
2545 4554 2661 4622 17).
2701 4552 2933 4607 Ι)οωὶηο
2965 4551 3164 4621 quippe
3193 4549 3453 4614 adhaeret,
3506 4545 3594 4617 qui
3649 4556 3786 4614 prae-

2203 4649 2358 4713 cepta
2386 4640 2678 4697 voluntatis
2707 4639 2830 4710 ejus
2864 4638 3036 4693 facere
3057 4653 3278 4708 semper
3308 4637 3506 4692 studet.
3532 4633 3636 4690 Sed
3662 4642 3788 4685 unus

2205 4730 2427 4802 spiritus
2455 4745 2577 4784 cum
2609 4745 2673 4784 eo
2704 4726 2759 4782 ﬁt.
2791 4745 2804 4782 :
2840 4728 2967 4797 quia
2995 4743 3064 4781 ex
3095 4726 3344 4780 diuturna
3377 4724 3666 4780 devotione
3717 4715 3788 4788 pii

2205 4819 2385 4891 operis
2414 4818 2467 4873 in
2491 4826 2692 4872 tantum
2721 4817 2951 4888 gratiam
2979 4814 3176 4870 divinae
3205 4812 3535 4887 cognitionis
3565 4806 3788 4866 assumi-

2207 4916 2308 4975 tur,
2341 4910 2404 4960 ut
2433 4905 2502 4959 ab
2533 4904 2725 4959 interni
2757 4904 2879 4974 ejus
2907 4902 3159 4974 aequitate
3183 4901 3367 4971 judicii
3415 4917 3516 4972 per
3563 4908 3791 4954 errorem

2208 4994 2466 5050 mundani
2506 4993 2724 5064 spiritus
2769 4991 3055 5047 dissentire
3102 4990 3243 5045 ultra
3272 5007 3379 5046 non
3428 4988 3627 5060 possit.
3685 4980 3792 5039 Sed

2207 5084 2364 5139 valde
2391 5081 2608 5137 difﬁcile
2648 5080 2994 5152 repondetur,
3051 5080 3092 5135 si
3153 5080 3434 5151 quaeritur,
3484 5093 3580 5132 cur
3621 5071 3793 5131 omni-

2208 5181 2402 5243 potens
2432 5172 2574 5226 Deus
2621 5177 2673 5226 et
2719 5170 2986 5240 abiectum
3017 5184 3073 5223 se
3104 5169 3155 5223 in
3188 5169 3332 5241 regis
3360 5166 3621 5238 petitione
3666 5176 3794 5219 con-

2209 5269 2483 5331 queratur,
2501 5267 2750 5314 ettamen
2781 5258 2834 5312 id
2866 5258 3011 5330 quod
3042 5256 3323 5328 petebatur
3351 5254 3463 5310 fieri
3494 5253 3746 5310 decernat
3777 5264 3789 5300 :

2209 5363 2529 5418 rursumque
2575 5346 2620 5401 si
2660 5346 2899 5419 dignitas
2941 5344 3092 5416 regia
3139 5344 3440 5400 ordinanda
3470 5343 3660 5407 fuerat,
3709 5350 3798 5391 cur

2209 5438 2356 5493 velut
2384 5436 2668 5508 indignata
2711 5434 2809 5490 Dei
2867 5434 3146 5503 majestate
3197 5432 3357 5489 fuerit
3384 5430 3695 5503 permissa;
3748 5432 3797 5481 et

2213 5542 2331 5584 cum
2361 5524 2613 5596 provisus
2642 5540 2735 5579 rex
2767 5523 2895 5596 eligi
2929 5524 3268 5590 decernatur,
3300 5538 3397 5579 cur
3431 5515 3797 5604 PBPI‘Obt-lntitlf
