  <div class='ocr_page' id='page_1' title='image "/cluster/home/n/w/nwhite01/storage/ocr_20150623/79/hvd.32044054758834/116.png"; bbox 0 0 4034 6174; ppageno 0'>
   <div class='ocr_carea' id='block_1_1' title="bbox 300 283 2696 348">
    <p class='ocr_par' dir='ltr' id='par_1_1' title="bbox 300 283 2696 348">
     <span class='ocr_line' id='line_1_1' title="bbox 300 283 2696 348; baseline -0.001 0"><span class='ocrx_word' id='word_1_1' title='bbox 300 286 373 348; x_wconf 67' lang='lat' dir='ltr'>iii</span> <span class='ocrx_word' id='word_1_2' title='bbox 1098 284 1173 342; x_wconf 81' lang='lat' dir='ltr'>IN</span> <span class='ocrx_word' id='word_1_3' title='bbox 1203 284 1469 345; x_wconf 81' lang='lat' dir='ltr'>PRIMUM</span> <span class='ocrx_word' id='word_1_4' title='bbox 1501 285 1745 344; x_wconf 76' lang='lat' dir='ltr'><strong>REGUM</strong></span> <span class='ocrx_word' id='word_1_5' title='bbox 1774 283 2314 346; x_wconf 84' lang='lat' dir='ltr'>EXPOSITIONES.</span> <span class='ocrx_word' id='word_1_6' title='bbox 2345 317 2416 333; x_wconf 65' lang='grc' dir='ltr'>ν·-</span> <span class='ocrx_word' id='word_1_7' title='bbox 2443 287 2567 346; x_wconf 88' lang='lat' dir='ltr'><strong>LIB.</strong></span> <span class='ocrx_word' id='word_1_8' title='bbox 2600 290 2696 348; x_wconf 84' lang='lat' dir='ltr'>IV.</span> 
     </span>
    </p>
   </div>
   <div class='ocr_carea' id='block_1_2' title="bbox 3435 279 3538 346">
    <p class='ocr_par' dir='ltr' id='par_1_2' title="bbox 3435 279 3538 346">
     <span class='ocr_line' id='line_1_2' title="bbox 3435 279 3538 346; baseline 0 0"><span class='ocrx_word' id='word_1_9' title='bbox 3435 279 3538 346; x_wconf 69' lang='lat'>222</span> 
     </span>
    </p>
   </div>
   <div class='ocr_carea' id='block_1_3' title="bbox 297 410 3542 490">
    <p class='ocr_par' dir='ltr' id='par_1_3' title="bbox 297 410 3542 490">
     <span class='ocr_line' id='line_1_3' title="bbox 297 410 3542 490; baseline -0.002 -15"><span class='ocrx_word' id='word_1_10' title='bbox 297 416 475 484; x_wconf 73' lang='lat' dir='ltr'>eligitur</span> <span class='ocrx_word' id='word_1_11' title='bbox 498 412 524 471; x_wconf 70' lang='lat'><strong><em>9</em></strong></span> <span class='ocrx_word' id='word_1_12' title='bbox 546 410 685 485; x_wconf 87' lang='lat' dir='ltr'>Quid</span> <span class='ocrx_word' id='word_1_13' title='bbox 712 412 779 471; x_wconf 87' lang='lat' dir='ltr'>ad</span> <span class='ocrx_word' id='word_1_14' title='bbox 807 410 929 472; x_wconf 84' lang='lat' dir='ltr'>haec</span> <span class='ocrx_word' id='word_1_15' title='bbox 960 410 1105 471; x_wconf 83' lang='lat' dir='ltr'>aliud</span> <span class='ocrx_word' id='word_1_16' title='bbox 1162 414 1487 484; x_wconf 89' lang='lat' dir='ltr'>respondere</span> <span class='ocrx_word' id='word_1_17' title='bbox 1524 429 1832 486; x_wconf 86' lang='lat' dir='ltr'>possumus,</span> <span class='ocrx_word' id='word_1_18' title='bbox 1864 426 1918 490; x_wconf 80' lang='grc' dir='ltr'><strong>Α</strong></span> <span class='ocrx_word' id='word_1_19' title='bbox 1948 415 2080 487; x_wconf 89' lang='lat' dir='ltr'>quid</span> <span class='ocrx_word' id='word_1_20' title='bbox 2110 430 2303 473; x_wconf 90' lang='lat' dir='ltr'>cavere</span> <span class='ocrx_word' id='word_1_21' title='bbox 2332 415 2627 473; x_wconf 85' lang='lat' dir='ltr'>debuisset.</span> <span class='ocrx_word' id='word_1_22' title='bbox 2661 415 2752 473; x_wconf 86' lang='lat' dir='ltr'>Sic</span> <span class='ocrx_word' id='word_1_23' title='bbox 2780 413 3031 472; x_wconf 75' lang='lat' dir='ltr'>nimirum</span> <span class='ocrx_word' id='word_1_24' title='bbox 3063 418 3116 473; x_wconf 90' lang='lat' dir='ltr'>et</span> <span class='ocrx_word' id='word_1_25' title='bbox 3145 412 3213 472; x_wconf 88' lang='lat' dir='ltr'>de</span> <span class='ocrx_word' id='word_1_26' title='bbox 3242 410 3334 471; x_wconf 92' lang='lat' dir='ltr'>illa</span> <span class='ocrx_word' id='word_1_27' title='bbox 3363 428 3542 487; x_wconf 82' lang='lat' dir='ltr'>ange-</span> 
     </span>
    </p>
   </div>
   <div class='ocr_carea' id='block_1_4' title="bbox 297 503 1839 579">
    <p class='ocr_par' dir='ltr' id='par_1_4' title="bbox 297 503 1839 579">
     <span class='ocr_line' id='line_1_4' title="bbox 297 503 1839 579; baseline -0.005 -13"><span class='ocrx_word' id='word_1_28' title='bbox 297 509 379 566; x_wconf 89' lang='lat' dir='ltr'>nisi</span> <span class='ocrx_word' id='word_1_29' title='bbox 400 507 444 562; x_wconf 91' lang='lat' dir='ltr'>id</span> <span class='ocrx_word' id='word_1_30' title='bbox 469 505 604 579; x_wconf 91' lang='lat' dir='ltr'>quod</span> <span class='ocrx_word' id='word_1_31' title='bbox 633 506 911 577; x_wconf 82' lang='lat' dir='ltr'>apostolus</span> <span class='ocrx_word' id='word_1_32' title='bbox 949 505 1145 561; x_wconf 89' lang='lat' dir='ltr'>Paulus</span> <span class='ocrx_word' id='word_1_33' title='bbox 1202 503 1527 560; x_wconf 82' lang='lat' dir='ltr'>ineffabilem</span> <span class='ocrx_word' id='word_1_34' title='bbox 1583 504 1839 575; x_wconf 78' lang='lat' dir='ltr'>abyssum</span> 
     </span>
    </p>
   </div>
   <div class='ocr_carea' id='block_1_5' title="bbox 293 594 1838 669">
    <p class='ocr_par' dir='ltr' id='par_1_5' title="bbox 293 594 1838 669">
     <span class='ocr_line' id='line_1_5' title="bbox 293 594 1838 669; baseline -0.003 -16"><span class='ocrx_word' id='word_1_35' title='bbox 293 597 569 669; x_wconf 84' lang='lat' dir='ltr'>judiciorum</span> <span class='ocrx_word' id='word_1_36' title='bbox 596 595 697 650; x_wconf 88' lang='lat' dir='ltr'>Dei</span> <span class='ocrx_word' id='word_1_37' title='bbox 729 595 1054 666; x_wconf 82' lang='lat' dir='ltr'>perscrutari</span> <span class='ocrx_word' id='word_1_38' title='bbox 1084 594 1407 650; x_wconf 83' lang='lat' dir='ltr'>audentibus</span> <span class='ocrx_word' id='word_1_39' title='bbox 1437 594 1793 665; x_wconf 82' lang='lat' dir='ltr'>respondebat</span> <span class='ocrx_word' id='word_1_40' title='bbox 1827 612 1838 649; x_wconf 95' lang='lat'>:</span> 
     </span>
    </p>
   </div>
   <div class='ocr_carea' id='block_1_6' title="bbox 294 685 1842 757">
    <p class='ocr_par' dir='ltr' id='par_1_6' title="bbox 294 685 1842 757">
     <span class='ocr_line' id='line_1_6' title="bbox 294 685 1842 757; baseline -0.005 -13"><span class='ocrx_word' id='word_1_41' title='bbox 294 687 459 754; x_wconf 82' lang='lat' dir='ltr'>Homo,</span> <span class='ocrx_word' id='word_1_42' title='bbox 498 685 703 753; x_wconf 90' lang='lat' dir='ltr'>inquid,</span> <span class='ocrx_word' id='word_1_43' title='bbox 760 689 825 739; x_wconf 84' lang='lat' dir='ltr'>tu</span> <span class='ocrx_word' id='word_1_44' title='bbox 880 687 1003 756; x_wconf 82' lang='lat' dir='ltr'>quis</span> <span class='ocrx_word' id='word_1_45' title='bbox 1041 701 1118 751; x_wconf 85' lang='lat' dir='ltr'>es,</span> <span class='ocrx_word' id='word_1_46' title='bbox 1170 687 1265 756; x_wconf 97' lang='lat' dir='ltr'>qui</span> <span class='ocrx_word' id='word_1_47' title='bbox 1325 685 1665 757; x_wconf 75' lang='lat' dir='ltr'>respondeas</span> <span class='ocrx_word' id='word_1_48' title='bbox 1732 686 1842 738; x_wconf 89' lang='lat' dir='ltr'>Deo</span> 
     </span>
    </p>
   </div>
   <div class='ocr_carea' id='block_1_7' title="bbox 295 772 1844 846">
    <p class='ocr_par' dir='ltr' id='par_1_7' title="bbox 295 772 1844 846">
     <span class='ocr_line' id='line_1_7' title="bbox 295 772 1844 846; baseline -0.006 -11"><span class='ocrx_word' id='word_1_49' title='bbox 295 780 438 846; x_wconf 80' lang='lat' dir='ltr'>(Rom.</span> <span class='ocrx_word' id='word_1_50' title='bbox 465 792 536 845; x_wconf 81' lang='lat' dir='ltr'>nt,</span> <span class='ocrx_word' id='word_1_51' title='bbox 568 776 702 845; x_wconf 71' lang='lat'>20)?</span> <span class='ocrx_word' id='word_1_52' title='bbox 734 774 843 829; x_wconf 90' lang='lat' dir='ltr'>Sed</span> <span class='ocrx_word' id='word_1_53' title='bbox 890 774 934 829; x_wconf 90' lang='lat' dir='ltr'>si</span> <span class='ocrx_word' id='word_1_54' title='bbox 991 777 1091 829; x_wconf 87' lang='lat' dir='ltr'>hoc</span> <span class='ocrx_word' id='word_1_55' title='bbox 1130 772 1425 830; x_wconf 79' lang='lat' dir='ltr'>efﬁcaciter</span> <span class='ocrx_word' id='word_1_56' title='bbox 1478 772 1703 827; x_wconf 87' lang='lat' dir='ltr'>deﬁnire</span> <span class='ocrx_word' id='word_1_57' title='bbox 1732 787 1844 827; x_wconf 92' lang='lat' dir='ltr'>non</span> 
     </span>
    </p>
   </div>
   <div class='ocr_carea' id='block_1_8' title="bbox 293 863 1844 938">
    <p class='ocr_par' dir='ltr' id='par_1_8' title="bbox 293 863 1844 938">
     <span class='ocr_line' id='line_1_8' title="bbox 293 863 1844 938; baseline -0.002 -18"><span class='ocrx_word' id='word_1_58' title='bbox 293 882 559 938; x_wconf 82' lang='lat' dir='ltr'>possumus,</span> <span class='ocrx_word' id='word_1_59' title='bbox 593 872 819 935; x_wconf 81' lang='lat' dir='ltr'>tangere</span> <span class='ocrx_word' id='word_1_60' title='bbox 838 863 1156 935; x_wconf 87' lang='lat' dir='ltr'>inquirendo</span> <span class='ocrx_word' id='word_1_61' title='bbox 1176 878 1488 934; x_wconf 88' lang='lat' dir='ltr'>possumus.</span> <span class='ocrx_word' id='word_1_62' title='bbox 1506 864 1589 917; x_wconf 89' lang='lat' dir='ltr'>An</span> <span class='ocrx_word' id='word_1_63' title='bbox 1615 863 1844 917; x_wconf 82' lang='lat' dir='ltr'>fortasse</span> 
     </span>
    </p>
   </div>
   <div class='ocr_carea' id='block_1_9' title="bbox 278 951 1845 1025">
    <p class='ocr_par' dir='ltr' id='par_1_9' title="bbox 278 951 1845 1025">
     <span class='ocr_line' id='line_1_9' title="bbox 278 951 1845 1025; baseline -0.003 -14"><span class='ocrx_word' id='word_1_64' title='bbox 278 956 520 1025; x_wconf 73' lang='lat' dir='ltr'>abjectum</span> <span class='ocrx_word' id='word_1_65' title='bbox 552 970 613 1009; x_wconf 91' lang='lat' dir='ltr'>se</span> <span class='ocrx_word' id='word_1_66' title='bbox 644 954 699 1007; x_wconf 90' lang='lat' dir='ltr'>in</span> <span class='ocrx_word' id='word_1_67' title='bbox 724 952 872 1024; x_wconf 89' lang='lat' dir='ltr'>regis</span> <span class='ocrx_word' id='word_1_68' title='bbox 901 952 1154 1021; x_wconf 78' lang='lat' dir='ltr'>petitione</span> <span class='ocrx_word' id='word_1_69' title='bbox 1183 952 1571 1021; x_wconf 75' lang='lat' dir='ltr'>conqueritur?</span> <span class='ocrx_word' id='word_1_70' title='bbox 1622 951 1725 1006; x_wconf 91' lang='lat' dir='ltr'>Pro</span> <span class='ocrx_word' id='word_1_71' title='bbox 1753 967 1845 1006; x_wconf 91' lang='lat' dir='ltr'>re-</span> 
     </span>
    </p>
   </div>
   <div class='ocr_carea' id='block_1_10' title="bbox 289 1041 1843 1118">
    <p class='ocr_par' dir='ltr' id='par_1_10' title="bbox 289 1041 1843 1118">
     <span class='ocr_line' id='line_1_10' title="bbox 289 1041 1843 1118; baseline -0.003 -17"><span class='ocrx_word' id='word_1_72' title='bbox 289 1045 427 1118; x_wconf 83' lang='lat' dir='ltr'>proba</span> <span class='ocrx_word' id='word_1_73' title='bbox 454 1044 724 1099; x_wconf 83' lang='lat' dir='ltr'>voluntate</span> <span class='ocrx_word' id='word_1_74' title='bbox 782 1043 922 1098; x_wconf 89' lang='lat' dir='ltr'>male</span> <span class='ocrx_word' id='word_1_75' title='bbox 976 1043 1211 1112; x_wconf 88' lang='lat' dir='ltr'>petentis</span> <span class='ocrx_word' id='word_1_76' title='bbox 1264 1042 1468 1113; x_wconf 88' lang='lat' dir='ltr'>populi,</span> <span class='ocrx_word' id='word_1_77' title='bbox 1527 1041 1722 1111; x_wconf 90' lang='lat' dir='ltr'>petitus</span> <span class='ocrx_word' id='word_1_78' title='bbox 1750 1057 1843 1096; x_wconf 86' lang='lat' dir='ltr'>rex</span> 
     </span>
    </p>
   </div>
   <div class='ocr_carea' id='block_1_11' title="bbox 287 1129 1844 1203">
    <p class='ocr_par' dir='ltr' id='par_1_11' title="bbox 287 1129 1844 1203">
     <span class='ocr_line' id='line_1_11' title="bbox 287 1129 1844 1203; baseline -0.003 -13"><span class='ocrx_word' id='word_1_79' title='bbox 287 1134 560 1190; x_wconf 81' lang='lat' dir='ltr'>conceditur</span> <span class='ocrx_word' id='word_1_80' title='bbox 582 1149 681 1203; x_wconf 92' lang='lat' dir='ltr'>pro</span> <span class='ocrx_word' id='word_1_81' title='bbox 711 1132 976 1187; x_wconf 82' lang='lat' dir='ltr'>vindicta.</span> <span class='ocrx_word' id='word_1_82' title='bbox 1006 1131 1164 1200; x_wconf 86' lang='lat' dir='ltr'>Quod</span> <span class='ocrx_word' id='word_1_83' title='bbox 1209 1131 1253 1186; x_wconf 92' lang='lat' dir='ltr'>si</span> <span class='ocrx_word' id='word_1_84' title='bbox 1282 1130 1681 1187; x_wconf 86' lang='lat' dir='ltr'>rationabiliter</span> <span class='ocrx_word' id='word_1_85' title='bbox 1709 1129 1844 1186; x_wconf 70' lang='lat' dir='ltr'>d’ci-</span> 
     </span>
    </p>
   </div>
   <div class='ocr_carea' id='block_1_12' title="bbox 289 1221 1842 1292">
    <p class='ocr_par' dir='ltr' id='par_1_12' title="bbox 289 1221 1842 1292">
     <span class='ocr_line' id='line_1_12' title="bbox 289 1221 1842 1292; baseline -0.002 -14"><span class='ocrx_word' id='word_1_86' title='bbox 289 1232 373 1286; x_wconf 91' lang='lat' dir='ltr'>tur,</span> <span class='ocrx_word' id='word_1_87' title='bbox 395 1222 506 1277; x_wconf 90' lang='lat' dir='ltr'>dum</span> <span class='ocrx_word' id='word_1_88' title='bbox 537 1230 831 1291; x_wconf 88' lang='lat' dir='ltr'>utrumque</span> <span class='ocrx_word' id='word_1_89' title='bbox 859 1221 1059 1292; x_wconf 84' lang='lat' dir='ltr'>posuit,</span> <span class='ocrx_word' id='word_1_90' title='bbox 1094 1228 1147 1276; x_wconf 84' lang='lat' dir='ltr'>et</span> <span class='ocrx_word' id='word_1_91' title='bbox 1201 1221 1414 1292; x_wconf 89' lang='lat' dir='ltr'>culpam</span> <span class='ocrx_word' id='word_1_92' title='bbox 1474 1228 1528 1275; x_wconf 90' lang='lat' dir='ltr'>et</span> <span class='ocrx_word' id='word_1_93' title='bbox 1583 1221 1842 1275; x_wconf 85' lang='lat' dir='ltr'>ultionem</span> 
     </span>
    </p>
   </div>
   <div class='ocr_carea' id='block_1_13' title="bbox 284 1309 1844 1383">
    <p class='ocr_par' dir='ltr' id='par_1_13' title="bbox 284 1309 1844 1383">
     <span class='ocr_line' id='line_1_13' title="bbox 284 1309 1844 1383; baseline -0.002 -18"><span class='ocrx_word' id='word_1_94' title='bbox 284 1311 451 1383; x_wconf 85' lang='lat' dir='ltr'>pariter</span> <span class='ocrx_word' id='word_1_95' title='bbox 473 1310 726 1367; x_wconf 85' lang='lat' dir='ltr'>ostendit.</span> <span class='ocrx_word' id='word_1_96' title='bbox 761 1312 845 1365; x_wconf 83' lang='lat' dir='ltr'>Ex</span> <span class='ocrx_word' id='word_1_97' title='bbox 874 1311 1109 1380; x_wconf 89' lang='lat' dir='ltr'>reproba</span> <span class='ocrx_word' id='word_1_98' title='bbox 1130 1310 1329 1381; x_wconf 90' lang='lat' dir='ltr'>quippe</span> <span class='ocrx_word' id='word_1_99' title='bbox 1350 1309 1623 1365; x_wconf 85' lang='lat' dir='ltr'>voluntate</span> <span class='ocrx_word' id='word_1_100' title='bbox 1645 1309 1844 1378; x_wconf 88' lang='lat' dir='ltr'>injusta</span> 
     </span>
    </p>
   </div>
   <div class='ocr_carea' id='block_1_14' title="bbox 285 1397 1842 1471">
    <p class='ocr_par' dir='ltr' id='par_1_14' title="bbox 285 1397 1842 1471">
     <span class='ocr_line' id='line_1_14' title="bbox 285 1397 1842 1471; baseline -0.001 -17"><span class='ocrx_word' id='word_1_101' title='bbox 285 1400 547 1471; x_wconf 81' lang='lat' dir='ltr'>postulasse</span> <span class='ocrx_word' id='word_1_102' title='bbox 568 1399 930 1465; x_wconf 84' lang='lat' dir='ltr'>convincitur,</span> <span class='ocrx_word' id='word_1_103' title='bbox 955 1399 1045 1470; x_wconf 92' lang='lat' dir='ltr'>qui</span> <span class='ocrx_word' id='word_1_104' title='bbox 1068 1398 1333 1470; x_wconf 87' lang='lat' dir='ltr'>abjecisse</span> <span class='ocrx_word' id='word_1_105' title='bbox 1351 1397 1704 1453; x_wconf 87' lang='lat' dir='ltr'>Conditorem</span> <span class='ocrx_word' id='word_1_106' title='bbox 1739 1413 1842 1468; x_wconf 84' lang='lat' dir='ltr'>pe-</span> 
     </span>
    </p>
   </div>
   <div class='ocr_carea' id='block_1_15' title="bbox 283 1485 1841 1561">
    <p class='ocr_par' dir='ltr' id='par_1_15' title="bbox 283 1485 1841 1561">
     <span class='ocr_line' id='line_1_15' title="bbox 283 1485 1841 1561; baseline -0.004 -15"><span class='ocrx_word' id='word_1_107' title='bbox 283 1489 417 1546; x_wconf 86' lang='lat' dir='ltr'>tendo</span> <span class='ocrx_word' id='word_1_108' title='bbox 440 1492 784 1545; x_wconf 85' lang='lat' dir='ltr'>monstratur.</span> <span class='ocrx_word' id='word_1_109' title='bbox 817 1487 1043 1559; x_wconf 88' lang='lat' dir='ltr'>Culpam</span> <span class='ocrx_word' id='word_1_110' title='bbox 1094 1503 1225 1561; x_wconf 86' lang='lat' dir='ltr'>ergo</span> <span class='ocrx_word' id='word_1_111' title='bbox 1254 1487 1416 1542; x_wconf 83' lang='lat' dir='ltr'>malae</span> <span class='ocrx_word' id='word_1_112' title='bbox 1444 1485 1723 1555; x_wconf 88' lang='lat' dir='ltr'>petitionis</span> <span class='ocrx_word' id='word_1_113' title='bbox 1752 1486 1841 1540; x_wconf 90' lang='lat' dir='ltr'>in-</span> 
     </span>
    </p>
   </div>
   <div class='ocr_carea' id='block_1_16' title="bbox 282 1574 1842 1649">
    <p class='ocr_par' dir='ltr' id='par_1_16' title="bbox 282 1574 1842 1649">
     <span class='ocr_line' id='line_1_16' title="bbox 282 1574 1842 1649; baseline -0.003 -17"><span class='ocrx_word' id='word_1_114' title='bbox 282 1586 433 1634; x_wconf 81' lang='lat' dir='ltr'>secuta</span> <span class='ocrx_word' id='word_1_115' title='bbox 454 1585 527 1633; x_wconf 87' lang='lat' dir='ltr'>est</span> <span class='ocrx_word' id='word_1_116' title='bbox 556 1593 729 1649; x_wconf 64' lang='lat' dir='ltr'>pruna</span> <span class='ocrx_word' id='word_1_117' title='bbox 754 1576 1020 1632; x_wconf 66' lang='lat' dir='ltr'>districtus</span> <span class='ocrx_word' id='word_1_118' title='bbox 1063 1576 1354 1648; x_wconf 61' lang='lat' dir='ltr'>aequitatis.</span> <span class='ocrx_word' id='word_1_119' title='bbox 1414 1577 1608 1646; x_wconf 87' lang='lat' dir='ltr'>Magna</span> <span class='ocrx_word' id='word_1_120' title='bbox 1638 1574 1842 1631; x_wconf 90' lang='lat' dir='ltr'>etenim</span> 
     </span>
    </p>
   </div>
   <div class='ocr_carea' id='block_1_17' title="bbox 279 1664 1841 1737">
    <p class='ocr_par' dir='ltr' id='par_1_17' title="bbox 279 1664 1841 1737">
     <span class='ocr_line' id='line_1_17' title="bbox 279 1664 1841 1737; baseline -0.001 -16"><span class='ocrx_word' id='word_1_121' title='bbox 279 1665 479 1721; x_wconf 78' lang='lat' dir='ltr'>vindicta</span> <span class='ocrx_word' id='word_1_122' title='bbox 497 1675 604 1730; x_wconf 89' lang='lat' dir='ltr'>est,</span> <span class='ocrx_word' id='word_1_123' title='bbox 622 1682 746 1737; x_wconf 68' lang='lat' dir='ltr'>qua:</span> <span class='ocrx_word' id='word_1_124' title='bbox 763 1682 831 1721; x_wconf 81' lang='lat' dir='ltr'>ex</span> <span class='ocrx_word' id='word_1_125' title='bbox 853 1665 1183 1721; x_wconf 87' lang='lat' dir='ltr'>districtione</span> <span class='ocrx_word' id='word_1_126' title='bbox 1204 1664 1452 1737; x_wconf 90' lang='lat' dir='ltr'>procedit</span> <span class='ocrx_word' id='word_1_127' title='bbox 1476 1664 1670 1720; x_wconf 90' lang='lat' dir='ltr'>interni</span> <span class='ocrx_word' id='word_1_128' title='bbox 1701 1679 1841 1720; x_wconf 81' lang='lat' dir='ltr'>exa-</span> 
     </span>
    </p>
   </div>
   <div class='ocr_carea' id='block_1_18' title="bbox 280 1753 1841 1825">
    <p class='ocr_par' dir='ltr' id='par_1_18' title="bbox 280 1753 1841 1825">
     <span class='ocr_line' id='line_1_18' title="bbox 280 1753 1841 1825; baseline -0.001 -16"><span class='ocrx_word' id='word_1_129' title='bbox 280 1755 427 1821; x_wconf 89' lang='lat' dir='ltr'>minis,</span> <span class='ocrx_word' id='word_1_130' title='bbox 457 1755 677 1825; x_wconf 79' lang='lat' dir='ltr'>quando</span> <span class='ocrx_word' id='word_1_131' title='bbox 707 1754 943 1825; x_wconf 86' lang='lat' dir='ltr'>reproba</span> <span class='ocrx_word' id='word_1_132' title='bbox 973 1769 1130 1810; x_wconf 88' lang='lat' dir='ltr'>mens</span> <span class='ocrx_word' id='word_1_133' title='bbox 1159 1754 1239 1810; x_wconf 86' lang='lat' dir='ltr'>sic</span> <span class='ocrx_word' id='word_1_134' title='bbox 1273 1754 1577 1825; x_wconf 90' lang='lat' dir='ltr'>projicitur,</span> <span class='ocrx_word' id='word_1_135' title='bbox 1609 1760 1669 1808; x_wconf 91' lang='lat' dir='ltr'>ut</span> <span class='ocrx_word' id='word_1_136' title='bbox 1697 1753 1841 1825; x_wconf 91' lang='lat' dir='ltr'>quod</span> 
     </span>
    </p>
   </div>
   <div class='ocr_carea' id='block_1_19' title="bbox 278 1841 1842 1915">
    <p class='ocr_par' dir='ltr' id='par_1_19' title="bbox 278 1841 1842 1915">
     <span class='ocr_line' id='line_1_19' title="bbox 278 1841 1842 1915; baseline -0.001 -16"><span class='ocrx_word' id='word_1_137' title='bbox 278 1844 394 1899; x_wconf 84' lang='lat' dir='ltr'>male</span> <span class='ocrx_word' id='word_1_138' title='bbox 419 1844 682 1900; x_wconf 85' lang='lat' dir='ltr'>deliberat</span> <span class='ocrx_word' id='word_1_139' title='bbox 720 1858 887 1914; x_wconf 87' lang='lat' dir='ltr'>agere</span> <span class='ocrx_word' id='word_1_140' title='bbox 943 1844 1297 1915; x_wconf 83' lang='lat' dir='ltr'>permittatur.</span> <span class='ocrx_word' id='word_1_141' title='bbox 1356 1841 1458 1911; x_wconf 89' lang='lat' dir='ltr'>Qui</span> <span class='ocrx_word' id='word_1_142' title='bbox 1491 1858 1626 1914; x_wconf 84' lang='lat' dir='ltr'>ergo</span> <span class='ocrx_word' id='word_1_143' title='bbox 1658 1843 1710 1896; x_wconf 91' lang='lat' dir='ltr'>in</span> <span class='ocrx_word' id='word_1_144' title='bbox 1741 1857 1842 1911; x_wconf 89' lang='lat' dir='ltr'>pe-</span> 
     </span>
    </p>
   </div>
   <div class='ocr_carea' id='block_1_20' title="bbox 279 1930 1844 2006">
    <p class='ocr_par' dir='ltr' id='par_1_20' title="bbox 279 1930 1844 2006">
     <span class='ocr_line' id='line_1_20' title="bbox 279 1930 1844 2006; baseline -0.001 -19"><span class='ocrx_word' id='word_1_145' title='bbox 279 1934 414 1988; x_wconf 91' lang='lat' dir='ltr'>tendo</span> <span class='ocrx_word' id='word_1_146' title='bbox 440 1950 570 2006; x_wconf 84' lang='lat' dir='ltr'>rege</span> <span class='ocrx_word' id='word_1_147' title='bbox 603 1932 902 1988; x_wconf 88' lang='lat' dir='ltr'>Dominum</span> <span class='ocrx_word' id='word_1_148' title='bbox 948 1932 1214 2002; x_wconf 88' lang='lat' dir='ltr'>abjecisse</span> <span class='ocrx_word' id='word_1_149' title='bbox 1271 1930 1502 1988; x_wconf 86' lang='lat' dir='ltr'>convicti</span> <span class='ocrx_word' id='word_1_150' title='bbox 1540 1935 1682 1997; x_wconf 91' lang='lat' dir='ltr'>sunt,</span> <span class='ocrx_word' id='word_1_151' title='bbox 1717 1931 1844 1987; x_wconf 92' lang='lat' dir='ltr'>dum</span> 
     </span>
    </p>
   </div>
   <div class='ocr_carea' id='block_1_21' title="bbox 277 2020 1844 2093">
    <p class='ocr_par' dir='ltr' id='par_1_21' title="bbox 277 2020 1844 2093">
     <span class='ocr_line' id='line_1_21' title="bbox 277 2020 1844 2093; baseline -0.001 -17"><span class='ocrx_word' id='word_1_152' title='bbox 277 2021 319 2076; x_wconf 90' lang='lat' dir='ltr'>id</span> <span class='ocrx_word' id='word_1_153' title='bbox 343 2022 409 2076; x_wconf 89' lang='lat' dir='ltr'>eis</span> <span class='ocrx_word' id='word_1_154' title='bbox 434 2023 841 2093; x_wconf 86' lang='lat' dir='ltr'>permitteretur</span> <span class='ocrx_word' id='word_1_155' title='bbox 867 2037 1048 2093; x_wconf 85' lang='lat' dir='ltr'>agere,</span> <span class='ocrx_word' id='word_1_156' title='bbox 1082 2038 1181 2093; x_wconf 89' lang='lat' dir='ltr'>per</span> <span class='ocrx_word' id='word_1_157' title='bbox 1210 2020 1350 2092; x_wconf 90' lang='lat' dir='ltr'>quod</span> <span class='ocrx_word' id='word_1_158' title='bbox 1383 2037 1415 2076; x_wconf 90' lang='lat' dir='ltr'>a</span> <span class='ocrx_word' id='word_1_159' title='bbox 1464 2036 1524 2076; x_wconf 91' lang='lat' dir='ltr'>se</span> <span class='ocrx_word' id='word_1_160' title='bbox 1553 2020 1844 2076; x_wconf 90' lang='lat' dir='ltr'>Dominum</span> 
     </span>
    </p>
   </div>
   <div class='ocr_carea' id='block_1_22' title="bbox 277 2109 1845 2183">
    <p class='ocr_par' dir='ltr' id='par_1_22' title="bbox 277 2109 1845 2183">
     <span class='ocr_line' id='line_1_22' title="bbox 277 2109 1845 2183; baseline 0.001 -19"><span class='ocrx_word' id='word_1_161' title='bbox 277 2110 559 2179; x_wconf 86' lang='lat' dir='ltr'>abjicerent,</span> <span class='ocrx_word' id='word_1_162' title='bbox 591 2110 818 2183; x_wconf 83' lang='lat' dir='ltr'>gravior</span> <span class='ocrx_word' id='word_1_163' title='bbox 860 2125 1022 2183; x_wconf 88' lang='lat' dir='ltr'>poena</span> <span class='ocrx_word' id='word_1_164' title='bbox 1051 2126 1158 2166; x_wconf 90' lang='lat' dir='ltr'>non</span> <span class='ocrx_word' id='word_1_165' title='bbox 1215 2118 1354 2180; x_wconf 90' lang='lat' dir='ltr'>erat,</span> <span class='ocrx_word' id='word_1_166' title='bbox 1402 2125 1509 2183; x_wconf 89' lang='lat' dir='ltr'>qua</span> <span class='ocrx_word' id='word_1_167' title='bbox 1540 2110 1631 2165; x_wconf 89' lang='lat' dir='ltr'>hic</span> <span class='ocrx_word' id='word_1_168' title='bbox 1686 2109 1845 2181; x_wconf 89' lang='lat' dir='ltr'>plecti</span> 
     </span>
    </p>
   </div>
   <div class='ocr_carea' id='block_1_23' title="bbox 276 2198 577 2255">
    <p class='ocr_par' dir='ltr' id='par_1_23' title="bbox 276 2198 577 2255">
     <span class='ocr_line' id='line_1_23' title="bbox 276 2198 577 2255; baseline 0.003 -2"><span class='ocrx_word' id='word_1_169' title='bbox 276 2198 577 2255; x_wconf 88' lang='lat' dir='ltr'>debuissent.</span> 
     </span>
    </p>
   </div>
   <div class='ocr_carea' id='block_1_24' title="bbox 352 2288 1845 2360">
    <p class='ocr_par' dir='ltr' id='par_1_24' title="bbox 352 2288 1845 2360">
     <span class='ocr_line' id='line_1_24' title="bbox 352 2288 1845 2360; baseline -0.007 -6"><span class='ocrx_word' id='word_1_170' title='bbox 352 2293 440 2359; x_wconf 75' lang='lat'>1&#39;7</span> <span class='ocrx_word' id='word_1_171' title='bbox 450 2292 497 2359; x_wconf 90' lang='lat'><strong>9</strong></span> <span class='ocrx_word' id='word_1_172' title='bbox 530 2295 584 2345; x_wconf 84' lang='grc'>6.</span> <span class='ocrx_word' id='word_1_173' title='bbox 622 2289 745 2359; x_wconf 90' lang='lat' dir='ltr'>Quo</span> <span class='ocrx_word' id='word_1_174' title='bbox 765 2289 819 2343; x_wconf 93' lang='lat' dir='ltr'>in</span> <span class='ocrx_word' id='word_1_175' title='bbox 841 2289 964 2345; x_wconf 91' lang='lat' dir='ltr'>loco</span> <span class='ocrx_word' id='word_1_176' title='bbox 995 2290 1293 2345; x_wconf 88' lang='lat' dir='ltr'>notandum</span> <span class='ocrx_word' id='word_1_177' title='bbox 1313 2292 1411 2354; x_wconf 91' lang='lat' dir='ltr'>est,</span> <span class='ocrx_word' id='word_1_178' title='bbox 1439 2288 1560 2360; x_wconf 88' lang='lat' dir='ltr'>quia</span> <span class='ocrx_word' id='word_1_179' title='bbox 1582 2288 1845 2356; x_wconf 88' lang='lat' dir='ltr'>abjectio-</span> 
     </span>
    </p>
   </div>
   <div class='ocr_carea' id='block_1_25' title="bbox 274 2376 1844 2449">
    <p class='ocr_par' dir='ltr' id='par_1_25' title="bbox 274 2376 1844 2449">
     <span class='ocr_line' id='line_1_25' title="bbox 274 2376 1844 2449; baseline 0.002 -20"><span class='ocrx_word' id='word_1_180' title='bbox 274 2392 377 2431; x_wconf 89' lang='lat' dir='ltr'>nem</span> <span class='ocrx_word' id='word_1_181' title='bbox 404 2379 680 2449; x_wconf 77' lang='lat' dir='ltr'>prophetae</span> <span class='ocrx_word' id='word_1_182' title='bbox 710 2379 974 2433; x_wconf 90' lang='lat' dir='ltr'>Dominus</span> <span class='ocrx_word' id='word_1_183' title='bbox 1014 2393 1166 2433; x_wconf 89' lang='lat' dir='ltr'>suam</span> <span class='ocrx_word' id='word_1_184' title='bbox 1202 2378 1342 2434; x_wconf 83' lang='lat' dir='ltr'>facit.</span> <span class='ocrx_word' id='word_1_185' title='bbox 1378 2380 1496 2434; x_wconf 87' lang='lat' dir='ltr'>Non</span> <span class='ocrx_word' id='word_1_186' title='bbox 1530 2377 1675 2433; x_wconf 88' lang='lat' dir='ltr'>enim</span> <span class='ocrx_word' id='word_1_187' title='bbox 1706 2376 1844 2432; x_wconf 84' lang='lat' dir='ltr'>sim-</span> 
     </span>
    </p>
   </div>
   <div class='ocr_carea' id='block_1_26' title="bbox 270 2465 1846 2540">
    <p class='ocr_par' dir='ltr' id='par_1_26' title="bbox 270 2465 1846 2540">
     <span class='ocr_line' id='line_1_26' title="bbox 270 2465 1846 2540; baseline 0.001 -20"><span class='ocrx_word' id='word_1_188' title='bbox 270 2465 453 2535; x_wconf 81' lang='lat' dir='ltr'>pliciter</span> <span class='ocrx_word' id='word_1_189' title='bbox 479 2468 653 2523; x_wconf 87' lang='lat' dir='ltr'>dicit:</span> <span class='ocrx_word' id='word_1_190' title='bbox 690 2468 1030 2540; x_wconf 83' lang='lat' dir='ltr'>Abjeeerunt</span> <span class='ocrx_word' id='word_1_191' title='bbox 1048 2484 1155 2534; x_wconf 86' lang='lat' dir='ltr'>me,</span> <span class='ocrx_word' id='word_1_192' title='bbox 1181 2484 1252 2523; x_wconf 84' lang='lat' dir='ltr'>ne</span> <span class='ocrx_word' id='word_1_193' title='bbox 1275 2483 1501 2538; x_wconf 81' lang='lat' dir='ltr'>regnem</span> <span class='ocrx_word' id='word_1_194' title='bbox 1525 2483 1694 2540; x_wconf 88' lang='lat' dir='ltr'>super</span> <span class='ocrx_word' id='word_1_195' title='bbox 1714 2483 1804 2523; x_wconf 89' lang='lat' dir='ltr'>eos</span> <span class='ocrx_word' id='word_1_196' title='bbox 1826 2486 1846 2534; x_wconf 75' lang='lat'>,-</span> 
     </span>
    </p>
   </div>
   <div class='ocr_carea' id='block_1_27' title="bbox 272 2555 1843 2628">
    <p class='ocr_par' dir='ltr' id='par_1_27' title="bbox 272 2555 1843 2628">
     <span class='ocr_line' id='line_1_27' title="bbox 272 2555 1843 2628; baseline 0.003 -21"><span class='ocrx_word' id='word_1_197' title='bbox 272 2555 348 2608; x_wconf 81' lang='lat' dir='ltr'>sed</span> <span class='ocrx_word' id='word_1_198' title='bbox 364 2573 470 2612; x_wconf 85' lang='lat' dir='ltr'>non</span> <span class='ocrx_word' id='word_1_199' title='bbox 498 2562 550 2613; x_wconf 88' lang='lat' dir='ltr'>te</span> <span class='ocrx_word' id='word_1_200' title='bbox 577 2557 935 2625; x_wconf 84' lang='lat' dir='ltr'>abiecerunt,</span> <span class='ocrx_word' id='word_1_201' title='bbox 959 2557 1055 2612; x_wconf 85' lang='lat' dir='ltr'>sed</span> <span class='ocrx_word' id='word_1_202' title='bbox 1070 2573 1180 2624; x_wconf 88' lang='lat' dir='ltr'>me,</span> <span class='ocrx_word' id='word_1_203' title='bbox 1201 2573 1272 2612; x_wconf 85' lang='lat' dir='ltr'>ne</span> <span class='ocrx_word' id='word_1_204' title='bbox 1294 2572 1522 2628; x_wconf 83' lang='lat' dir='ltr'>regnem</span> <span class='ocrx_word' id='word_1_205' title='bbox 1543 2571 1713 2628; x_wconf 82' lang='lat' dir='ltr'>super</span> <span class='ocrx_word' id='word_1_206' title='bbox 1734 2572 1843 2612; x_wconf 87' lang='lat' dir='ltr'>eos.</span> 
     </span>
    </p>
   </div>
   <div class='ocr_carea' id='block_1_28' title="bbox 270 2642 1849 2716">
    <p class='ocr_par' dir='ltr' id='par_1_28' title="bbox 270 2642 1849 2716">
     <span class='ocr_line' id='line_1_28' title="bbox 270 2642 1849 2716; baseline -0.001 -17"><span class='ocrx_word' id='word_1_207' title='bbox 270 2643 326 2699; x_wconf 85' lang='lat' dir='ltr'>Ut</span> <span class='ocrx_word' id='word_1_208' title='bbox 350 2646 584 2714; x_wconf 76' lang='lat' dir='ltr'>proiecto</span> <span class='ocrx_word' id='word_1_209' title='bbox 617 2646 870 2701; x_wconf 89' lang='lat' dir='ltr'>ostendat</span> <span class='ocrx_word' id='word_1_210' title='bbox 911 2647 1035 2715; x_wconf 87' lang='lat' dir='ltr'>quia</span> <span class='ocrx_word' id='word_1_211' title='bbox 1066 2646 1119 2700; x_wconf 93' lang='lat' dir='ltr'>in</span> <span class='ocrx_word' id='word_1_212' title='bbox 1150 2660 1382 2715; x_wconf 87' lang='lat' dir='ltr'>persona</span> <span class='ocrx_word' id='word_1_213' title='bbox 1413 2644 1567 2700; x_wconf 90' lang='lat' dir='ltr'>electi</span> <span class='ocrx_word' id='word_1_214' title='bbox 1597 2642 1849 2716; x_wconf 71' lang='lat' dir='ltr'>praesulis</span> 
     </span>
    </p>
   </div>
   <div class='ocr_carea' id='block_1_29' title="bbox 273 2726 1848 2801">
    <p class='ocr_par' dir='ltr' id='par_1_29' title="bbox 273 2726 1848 2801">
     <span class='ocr_line' id='line_1_29' title="bbox 273 2726 1848 2801; baseline 0.004 -22"><span class='ocrx_word' id='word_1_215' title='bbox 273 2726 369 2797; x_wconf 85' lang='lat' dir='ltr'>ipse</span> <span class='ocrx_word' id='word_1_216' title='bbox 396 2729 505 2785; x_wconf 90' lang='lat' dir='ltr'>suis</span> <span class='ocrx_word' id='word_1_217' title='bbox 538 2731 811 2800; x_wconf 86' lang='lat' dir='ltr'>subjectis</span> <span class='ocrx_word' id='word_1_218' title='bbox 840 2730 1226 2801; x_wconf 81' lang='lat' dir='ltr'>praecmineat;</span> <span class='ocrx_word' id='word_1_219' title='bbox 1265 2737 1315 2785; x_wconf 93' lang='lat' dir='ltr'>et</span> <span class='ocrx_word' id='word_1_220' title='bbox 1344 2745 1469 2785; x_wconf 92' lang='lat' dir='ltr'>cum</span> <span class='ocrx_word' id='word_1_221' title='bbox 1501 2729 1571 2784; x_wconf 88' lang='lat' dir='ltr'>ad</span> <span class='ocrx_word' id='word_1_222' title='bbox 1607 2728 1848 2798; x_wconf 87' lang='lat' dir='ltr'>spiritale</span> 
     </span>
    </p>
   </div>
   <div class='ocr_carea' id='block_1_30' title="bbox 269 2812 1849 2885">
    <p class='ocr_par' dir='ltr' id='par_1_30' title="bbox 269 2812 1849 2885">
     <span class='ocr_line' id='line_1_30' title="bbox 269 2812 1849 2885; baseline 0.001 -17"><span class='ocrx_word' id='word_1_223' title='bbox 269 2812 456 2870; x_wconf 81' lang='lat' dir='ltr'>culmen</span> <span class='ocrx_word' id='word_1_224' title='bbox 478 2815 778 2871; x_wconf 88' lang='lat' dir='ltr'>electorum</span> <span class='ocrx_word' id='word_1_225' title='bbox 838 2815 1072 2870; x_wconf 86' lang='lat' dir='ltr'>carnalis</span> <span class='ocrx_word' id='word_1_226' title='bbox 1130 2820 1310 2870; x_wconf 89' lang='lat' dir='ltr'>rector</span> <span class='ocrx_word' id='word_1_227' title='bbox 1366 2815 1685 2880; x_wconf 86' lang='lat' dir='ltr'>assumitur,</span> <span class='ocrx_word' id='word_1_228' title='bbox 1732 2814 1849 2885; x_wconf 87' lang='lat' dir='ltr'>ipse</span> 
     </span>
    </p>
   </div>
   <div class='ocr_carea' id='block_1_31' title="bbox 270 2902 1849 2975">
    <p class='ocr_par' dir='ltr' id='par_1_31' title="bbox 270 2902 1849 2975">
     <span class='ocr_line' id='line_1_31' title="bbox 270 2902 1849 2975; baseline 0.001 -20"><span class='ocrx_word' id='word_1_229' title='bbox 270 2902 406 2967; x_wconf 85' lang='lat' dir='ltr'>abjici</span> <span class='ocrx_word' id='word_1_230' title='bbox 427 2903 669 2969; x_wconf 87' lang='lat' dir='ltr'>videtur,</span> <span class='ocrx_word' id='word_1_231' title='bbox 690 2905 848 2975; x_wconf 91' lang='lat' dir='ltr'>cujus</span> <span class='ocrx_word' id='word_1_232' title='bbox 866 2906 1135 2975; x_wconf 66' lang='lat' dir='ltr'>praecepta</span> <span class='ocrx_word' id='word_1_233' title='bbox 1152 2903 1493 2973; x_wconf 82' lang='lat' dir='ltr'>dissipantur.</span> <span class='ocrx_word' id='word_1_234' title='bbox 1517 2902 1665 2975; x_wconf 87' lang='lat' dir='ltr'>Ergo</span> <span class='ocrx_word' id='word_1_235' title='bbox 1686 2918 1849 2974; x_wconf 88' lang='lat' dir='ltr'>quam</span> 
     </span>
    </p>
   </div>
   <div class='ocr_carea' id='block_1_32' title="bbox 271 2990 1846 3063">
    <p class='ocr_par' dir='ltr' id='par_1_32' title="bbox 271 2990 1846 3063">
     <span class='ocr_line' id='line_1_32' title="bbox 271 2990 1846 3063; baseline -0.001 -17"><span class='ocrx_word' id='word_1_236' title='bbox 271 2993 536 3048; x_wconf 83' lang='lat' dir='ltr'>reverendi</span> <span class='ocrx_word' id='word_1_237' title='bbox 566 2993 675 3048; x_wconf 86' lang='lat' dir='ltr'>sint</span> <span class='ocrx_word' id='word_1_238' title='bbox 694 2992 882 3063; x_wconf 89' lang='lat' dir='ltr'>optimi</span> <span class='ocrx_word' id='word_1_239' title='bbox 909 2999 1150 3063; x_wconf 89' lang='lat' dir='ltr'>pastores</span> <span class='ocrx_word' id='word_1_240' title='bbox 1168 2999 1372 3048; x_wconf 76' lang='lat' dir='ltr'>sanctae</span> <span class='ocrx_word' id='word_1_241' title='bbox 1393 2990 1638 3047; x_wconf 74' lang='lat' dir='ltr'>ecclesiae</span> <span class='ocrx_word' id='word_1_242' title='bbox 1657 2991 1846 3060; x_wconf 90' lang='lat' dir='ltr'>liquet.</span> 
     </span>
    </p>
   </div>
   <div class='ocr_carea' id='block_1_33' title="bbox 272 3078 1849 3147">
    <p class='ocr_par' dir='ltr' id='par_1_33' title="bbox 272 3078 1849 3147">
     <span class='ocr_line' id='line_1_33' title="bbox 272 3078 1849 3147; baseline 0.001 -15"><span class='ocrx_word' id='word_1_243' title='bbox 272 3079 389 3136; x_wconf 79' lang='lat' dir='ltr'>Ecce</span> <span class='ocrx_word' id='word_1_244' title='bbox 410 3081 555 3137; x_wconf 88' lang='lat' dir='ltr'>enim</span> <span class='ocrx_word' id='word_1_245' title='bbox 585 3082 715 3136; x_wconf 92' lang='lat' dir='ltr'>dum</span> <span class='ocrx_word' id='word_1_246' title='bbox 748 3081 978 3137; x_wconf 86' lang='lat' dir='ltr'>ﬁdeliter</span> <span class='ocrx_word' id='word_1_247' title='bbox 1005 3082 1123 3137; x_wconf 90' lang='lat' dir='ltr'>Deo</span> <span class='ocrx_word' id='word_1_248' title='bbox 1151 3081 1416 3147; x_wconf 89' lang='lat' dir='ltr'>serviunt,</span> <span class='ocrx_word' id='word_1_249' title='bbox 1447 3088 1598 3135; x_wconf 88' lang='lat' dir='ltr'>tanto</span> <span class='ocrx_word' id='word_1_250' title='bbox 1620 3078 1669 3135; x_wconf 92' lang='lat' dir='ltr'>ei</span> <span class='ocrx_word' id='word_1_251' title='bbox 1690 3095 1849 3134; x_wconf 88' lang='lat' dir='ltr'>amo-</span> 
     </span>
    </p>
   </div>
   <div class='ocr_carea' id='block_1_34' title="bbox 272 3147 1931 3243">
    <p class='ocr_par' dir='ltr' id='par_1_34' title="bbox 272 3147 1931 3243">
     <span class='ocr_line' id='line_1_34' title="bbox 272 3147 1931 3243; baseline 0.001 -21"><span class='ocrx_word' id='word_1_252' title='bbox 272 3168 337 3222; x_wconf 90' lang='lat' dir='ltr'>ris</span> <span class='ocrx_word' id='word_1_253' title='bbox 360 3170 573 3226; x_wconf 80' lang='lat' dir='ltr'>vinculo</span> <span class='ocrx_word' id='word_1_254' title='bbox 603 3172 1030 3243; x_wconf 84' lang='lat' dir='ltr'>conjunguntur,</span> <span class='ocrx_word' id='word_1_255' title='bbox 1063 3178 1121 3224; x_wconf 91' lang='lat' dir='ltr'>ut</span> <span class='ocrx_word' id='word_1_256' title='bbox 1157 3168 1419 3239; x_wconf 88' lang='lat' dir='ltr'>quidquid</span> <span class='ocrx_word' id='word_1_257' title='bbox 1448 3169 1531 3224; x_wconf 89' lang='lat' dir='ltr'>eis</span> <span class='ocrx_word' id='word_1_258' title='bbox 1564 3169 1850 3242; x_wconf 83' lang='lat' dir='ltr'>ingeritur,</span> <span class='ocrx_word' id='word_1_259' title='bbox 1882 3147 1931 3210; x_wconf 78' lang='lat' dir='ltr'>C-</span> 
     </span>
    </p>
   </div>
   <div class='ocr_carea' id='block_1_35' title="bbox 270 3256 1852 3330">
    <p class='ocr_par' dir='ltr' id='par_1_35' title="bbox 270 3256 1852 3330">
     <span class='ocr_line' id='line_1_35' title="bbox 270 3256 1852 3330; baseline 0.002 -20"><span class='ocrx_word' id='word_1_260' title='bbox 270 3256 692 3330; x_wconf 68' lang='lat' dir='ltr'>divinminjuriae</span> <span class='ocrx_word' id='word_1_261' title='bbox 737 3259 1101 3324; x_wconf 81' lang='lat' dir='ltr'>adscribatur,</span> <span class='ocrx_word' id='word_1_262' title='bbox 1162 3258 1316 3314; x_wconf 87' lang='lat' dir='ltr'>Unde</span> <span class='ocrx_word' id='word_1_263' title='bbox 1369 3266 1422 3313; x_wconf 88' lang='lat' dir='ltr'>et</span> <span class='ocrx_word' id='word_1_264' title='bbox 1469 3257 1523 3312; x_wconf 90' lang='lat' dir='ltr'>in</span> <span class='ocrx_word' id='word_1_265' title='bbox 1550 3256 1852 3329; x_wconf 86' lang='lat' dir='ltr'>Evangelio</span> 
     </span>
    </p>
   </div>
   <div class='ocr_carea' id='block_1_36' title="bbox 271 3346 1852 3419">
    <p class='ocr_par' dir='ltr' id='par_1_36' title="bbox 271 3346 1852 3419">
     <span class='ocr_line' id='line_1_36' title="bbox 271 3346 1852 3419; baseline 0.001 -20"><span class='ocrx_word' id='word_1_266' title='bbox 271 3346 439 3414; x_wconf 87' lang='lat' dir='ltr'>primis</span> <span class='ocrx_word' id='word_1_267' title='bbox 464 3346 728 3402; x_wconf 67' lang='lat' dir='ltr'>Ecclesiae</span> <span class='ocrx_word' id='word_1_268' title='bbox 747 3346 1063 3418; x_wconf 88' lang='lat' dir='ltr'>pastoribus</span> <span class='ocrx_word' id='word_1_269' title='bbox 1083 3346 1211 3402; x_wconf 90' lang='lat' dir='ltr'>dicit</span> <span class='ocrx_word' id='word_1_270' title='bbox 1231 3364 1242 3400; x_wconf 92' lang='lat'>:</span> <span class='ocrx_word' id='word_1_271' title='bbox 1274 3346 1377 3415; x_wconf 85' lang='lat' dir='ltr'>Qui</span> <span class='ocrx_word' id='word_1_272' title='bbox 1393 3362 1484 3402; x_wconf 84' lang='lat' dir='ltr'>vos</span> <span class='ocrx_word' id='word_1_273' title='bbox 1502 3346 1741 3419; x_wconf 81' lang='lat' dir='ltr'>spernit,</span> <span class='ocrx_word' id='word_1_274' title='bbox 1766 3361 1852 3401; x_wconf 86' lang='lat' dir='ltr'>me</span> 
     </span>
    </p>
   </div>
   <div class='ocr_carea' id='block_1_37' title="bbox 270 3434 1851 3509">
    <p class='ocr_par' dir='ltr' id='par_1_37' title="bbox 270 3434 1851 3509">
     <span class='ocr_line' id='line_1_37' title="bbox 270 3434 1851 3509; baseline 0.001 -22"><span class='ocrx_word' id='word_1_275' title='bbox 270 3437 468 3505; x_wconf 77' lang='lat' dir='ltr'>spernit</span> <span class='ocrx_word' id='word_1_276' title='bbox 491 3438 650 3505; x_wconf 85' lang='lat' dir='ltr'>(Luc.</span> <span class='ocrx_word' id='word_1_277' title='bbox 673 3453 727 3501; x_wconf 84' lang='lat' dir='ltr'>x,</span> <span class='ocrx_word' id='word_1_278' title='bbox 767 3435 877 3509; x_wconf 90' lang='grc'>16).</span> <span class='ocrx_word' id='word_1_279' title='bbox 911 3435 1015 3492; x_wconf 87' lang='lat' dir='ltr'>Ubi</span> <span class='ocrx_word' id='word_1_280' title='bbox 1045 3435 1209 3491; x_wconf 90' lang='lat' dir='ltr'>etiam</span> <span class='ocrx_word' id='word_1_281' title='bbox 1246 3434 1444 3507; x_wconf 67' lang='lat' dir='ltr'>aliquid</span> <span class='ocrx_word' id='word_1_282' title='bbox 1475 3434 1694 3507; x_wconf 81' lang='lat' dir='ltr'>gravius</span> <span class='ocrx_word' id='word_1_283' title='bbox 1723 3449 1851 3489; x_wconf 91' lang='lat' dir='ltr'>cer-</span> 
     </span>
    </p>
   </div>
   <div class='ocr_carea' id='block_1_38' title="bbox 274 3523 1849 3597">
    <p class='ocr_par' dir='ltr' id='par_1_38' title="bbox 274 3523 1849 3597">
     <span class='ocr_line' id='line_1_38' title="bbox 274 3523 1849 3597; baseline 0.001 -22"><span class='ocrx_word' id='word_1_284' title='bbox 274 3523 434 3586; x_wconf 86' lang='lat' dir='ltr'>nitur;</span> <span class='ocrx_word' id='word_1_285' title='bbox 481 3526 611 3597; x_wconf 88' lang='lat' dir='ltr'>quia</span> <span class='ocrx_word' id='word_1_286' title='bbox 643 3540 766 3581; x_wconf 83' lang='lat' dir='ltr'>eum</span> <span class='ocrx_word' id='word_1_287' title='bbox 823 3524 1099 3595; x_wconf 88' lang='lat' dir='ltr'>abjectum</span> <span class='ocrx_word' id='word_1_288' title='bbox 1155 3531 1428 3594; x_wconf 86' lang='lat' dir='ltr'>pastorem</span> <span class='ocrx_word' id='word_1_289' title='bbox 1484 3523 1849 3594; x_wconf 87' lang='lat' dir='ltr'>conqueritur,</span> 
     </span>
    </p>
   </div>
   <div class='ocr_carea' id='block_1_39' title="bbox 271 3610 1856 3685">
    <p class='ocr_par' dir='ltr' id='par_1_39' title="bbox 271 3610 1856 3685">
     <span class='ocr_line' id='line_1_39' title="bbox 271 3610 1856 3685; baseline 0.001 -21"><span class='ocrx_word' id='word_1_290' title='bbox 271 3610 620 3680; x_wconf 81' lang='lat' dir='ltr'>abjicientium</span> <span class='ocrx_word' id='word_1_291' title='bbox 655 3617 879 3685; x_wconf 84' lang='lat' dir='ltr'>peccata</span> <span class='ocrx_word' id='word_1_292' title='bbox 909 3613 1111 3679; x_wconf 88' lang='lat' dir='ltr'>omnia,</span> <span class='ocrx_word' id='word_1_293' title='bbox 1132 3621 1184 3668; x_wconf 93' lang='lat' dir='ltr'>et</span> <span class='ocrx_word' id='word_1_294' title='bbox 1206 3620 1490 3684; x_wconf 90' lang='lat' dir='ltr'>parentum</span> <span class='ocrx_word' id='word_1_295' title='bbox 1519 3612 1678 3667; x_wconf 91' lang='lat' dir='ltr'>etiam</span> <span class='ocrx_word' id='word_1_296' title='bbox 1709 3612 1856 3665; x_wconf 88' lang='lat' dir='ltr'>mala</span> 
     </span>
    </p>
   </div>
   <div class='ocr_carea' id='block_1_40' title="bbox 272 3701 1855 3774">
    <p class='ocr_par' dir='ltr' id='par_1_40' title="bbox 272 3701 1855 3774">
     <span class='ocr_line' id='line_1_40' title="bbox 272 3701 1855 3774; baseline 0.003 -22"><span class='ocrx_word' id='word_1_297' title='bbox 272 3711 642 3758; x_wconf 87' lang='lat' dir='ltr'>memorantur.</span> <span class='ocrx_word' id='word_1_298' title='bbox 679 3705 858 3759; x_wconf 74' lang='lat' dir='ltr'>Juxta</span> <span class='ocrx_word' id='word_1_299' title='bbox 895 3704 1107 3768; x_wconf 81' lang='lat' dir='ltr'>omnia,</span> <span class='ocrx_word' id='word_1_300' title='bbox 1150 3701 1340 3773; x_wconf 90' lang='lat' dir='ltr'>inquit,</span> <span class='ocrx_word' id='word_1_301' title='bbox 1372 3718 1538 3773; x_wconf 86' lang='lat' dir='ltr'>opera</span> <span class='ocrx_word' id='word_1_302' title='bbox 1572 3717 1695 3766; x_wconf 89' lang='lat' dir='ltr'>sua,</span> <span class='ocrx_word' id='word_1_303' title='bbox 1734 3717 1855 3774; x_wconf 76' lang='lat' dir='ltr'>quce</span> 
     </span>
    </p>
   </div>
   <div class='ocr_carea' id='block_1_41' title="bbox 275 3791 1851 3865">
    <p class='ocr_par' dir='ltr' id='par_1_41' title="bbox 275 3791 1851 3865">
     <span class='ocr_line' id='line_1_41' title="bbox 275 3791 1851 3865; baseline 0.001 -22"><span class='ocrx_word' id='word_1_304' title='bbox 275 3792 520 3856; x_wconf 73' lang='lat' dir='ltr'>fecerunt</span> <span class='ocrx_word' id='word_1_305' title='bbox 553 3809 585 3847; x_wconf 93' lang='lat' dir='ltr'>a</span> <span class='ocrx_word' id='word_1_306' title='bbox 631 3792 741 3858; x_wconf 87' lang='lat' dir='ltr'>die,</span> <span class='ocrx_word' id='word_1_307' title='bbox 780 3810 888 3865; x_wconf 89' lang='lat' dir='ltr'>qua</span> <span class='ocrx_word' id='word_1_308' title='bbox 927 3792 1103 3848; x_wconf 78' lang='lat' dir='ltr'>eduxi</span> <span class='ocrx_word' id='word_1_309' title='bbox 1150 3806 1241 3848; x_wconf 86' lang='lat' dir='ltr'>eos</span> <span class='ocrx_word' id='word_1_310' title='bbox 1289 3791 1355 3847; x_wconf 86' lang='lat' dir='ltr'>de</span> <span class='ocrx_word' id='word_1_311' title='bbox 1413 3795 1567 3846; x_wconf 85' lang='lat' dir='ltr'>terra</span> <span class='ocrx_word' id='word_1_312' title='bbox 1607 3791 1851 3861; x_wconf 62' lang='lat' dir='ltr'>Egypti.</span> 
     </span>
    </p>
   </div>
   <div class='ocr_carea' id='block_1_42' title="bbox 277 3878 1857 3953">
    <p class='ocr_par' dir='ltr' id='par_1_42' title="bbox 277 3878 1857 3953">
     <span class='ocr_line' id='line_1_42' title="bbox 277 3878 1857 3953; baseline 0.001 -22"><span class='ocrx_word' id='word_1_313' title='bbox 277 3878 540 3935; x_wconf 88' lang='lat' dir='ltr'>Summum</span> <span class='ocrx_word' id='word_1_314' title='bbox 564 3897 801 3953; x_wconf 88' lang='lat' dir='ltr'>namque</span> <span class='ocrx_word' id='word_1_315' title='bbox 818 3881 1025 3936; x_wconf 90' lang='lat' dir='ltr'>crimen</span> <span class='ocrx_word' id='word_1_316' title='bbox 1042 3878 1447 3953; x_wconf 86' lang='lat' dir='ltr'>agnoscitur,ad</span> <span class='ocrx_word' id='word_1_317' title='bbox 1472 3879 1628 3948; x_wconf 89' lang='lat' dir='ltr'>cujus</span> <span class='ocrx_word' id='word_1_318' title='bbox 1645 3879 1857 3934; x_wconf 89' lang='lat' dir='ltr'>discus-</span> 
     </span>
    </p>
   </div>
   <div class='ocr_carea' id='block_1_43' title="bbox 275 3967 1861 4039">
    <p class='ocr_par' dir='ltr' id='par_1_43' title="bbox 275 3967 1861 4039">
     <span class='ocr_line' id='line_1_43' title="bbox 275 3967 1861 4039; baseline 0.001 -19"><span class='ocrx_word' id='word_1_319' title='bbox 275 3967 465 4025; x_wconf 88' lang='lat' dir='ltr'>sionem</span> <span class='ocrx_word' id='word_1_320' title='bbox 498 3969 553 4023; x_wconf 91' lang='lat' dir='ltr'>in</span> <span class='ocrx_word' id='word_1_321' title='bbox 593 3969 693 4025; x_wconf 91' lang='lat' dir='ltr'>Dei</span> <span class='ocrx_word' id='word_1_322' title='bbox 747 3970 1014 4024; x_wconf 89' lang='lat' dir='ltr'>memoria</span> <span class='ocrx_word' id='word_1_323' title='bbox 1067 3968 1337 4039; x_wconf 64' lang='lat' dir='ltr'>praeterita</span> <span class='ocrx_word' id='word_1_324' title='bbox 1389 3975 1583 4024; x_wconf 89' lang='lat' dir='ltr'>cuncta</span> <span class='ocrx_word' id='word_1_325' title='bbox 1638 3974 1861 4038; x_wconf 83' lang='lat' dir='ltr'>peccata</span> 
     </span>
    </p>
   </div>
   <div class='ocr_carea' id='block_1_44' title="bbox 276 4056 1856 4129">
    <p class='ocr_par' dir='ltr' id='par_1_44' title="bbox 276 4056 1856 4129">
     <span class='ocr_line' id='line_1_44' title="bbox 276 4056 1856 4129; baseline 0.001 -20"><span class='ocrx_word' id='word_1_326' title='bbox 276 4056 625 4113; x_wconf 88' lang='lat' dir='ltr'>reducuntur.</span> <span class='ocrx_word' id='word_1_327' title='bbox 677 4059 747 4113; x_wconf 87' lang='lat' dir='ltr'>Et</span> <span class='ocrx_word' id='word_1_328' title='bbox 804 4058 1074 4129; x_wconf 90' lang='lat' dir='ltr'>abjectum</span> <span class='ocrx_word' id='word_1_329' title='bbox 1132 4073 1267 4129; x_wconf 87' lang='lat' dir='ltr'>ergo</span> <span class='ocrx_word' id='word_1_330' title='bbox 1320 4057 1581 4113; x_wconf 89' lang='lat' dir='ltr'>Dominus</span> <span class='ocrx_word' id='word_1_331' title='bbox 1610 4071 1856 4127; x_wconf 90' lang='lat' dir='ltr'>conque-</span> 
     </span>
    </p>
   </div>
   <div class='ocr_carea' id='block_1_45' title="bbox 277 4145 1857 4218">
    <p class='ocr_par' dir='ltr' id='par_1_45' title="bbox 277 4145 1857 4218">
     <span class='ocr_line' id='line_1_45' title="bbox 277 4145 1857 4218; baseline 0.003 -21"><span class='ocrx_word' id='word_1_332' title='bbox 277 4145 417 4213; x_wconf 82' lang='lat' dir='ltr'>ritur,</span> <span class='ocrx_word' id='word_1_333' title='bbox 450 4156 503 4201; x_wconf 90' lang='lat' dir='ltr'>et</span> <span class='ocrx_word' id='word_1_334' title='bbox 532 4155 716 4202; x_wconf 89' lang='lat' dir='ltr'>tamen</span> <span class='ocrx_word' id='word_1_335' title='bbox 752 4146 1021 4211; x_wconf 86' lang='lat' dir='ltr'>ordinare,</span> <span class='ocrx_word' id='word_1_336' title='bbox 1055 4146 1107 4200; x_wconf 92' lang='lat' dir='ltr'>in</span> <span class='ocrx_word' id='word_1_337' title='bbox 1141 4162 1248 4218; x_wconf 92' lang='lat' dir='ltr'>quo</span> <span class='ocrx_word' id='word_1_338' title='bbox 1268 4145 1542 4215; x_wconf 86' lang='lat' dir='ltr'>abjicitur,</span> <span class='ocrx_word' id='word_1_339' title='bbox 1576 4145 1857 4201; x_wconf 88' lang='lat' dir='ltr'>concedit:</span> 
     </span>
    </p>
   </div>
   <div class='ocr_carea' id='block_1_46' title="bbox 278 4233 1859 4306">
    <p class='ocr_par' dir='ltr' id='par_1_46' title="bbox 278 4233 1859 4306">
     <span class='ocr_line' id='line_1_46' title="bbox 278 4233 1859 4306; baseline 0.001 -20"><span class='ocrx_word' id='word_1_340' title='bbox 278 4234 390 4302; x_wconf 84' lang='lat' dir='ltr'>quia</span> <span class='ocrx_word' id='word_1_341' title='bbox 416 4251 540 4290; x_wconf 90' lang='lat' dir='ltr'>cum</span> <span class='ocrx_word' id='word_1_342' title='bbox 569 4234 823 4291; x_wconf 74' lang='lat' dir='ltr'>districtae</span> <span class='ocrx_word' id='word_1_343' title='bbox 852 4234 1118 4306; x_wconf 55' lang='lat' dir='ltr'>aequitatis</span> <span class='ocrx_word' id='word_1_344' title='bbox 1173 4251 1285 4290; x_wconf 77' lang='lat' dir='ltr'>suae</span> <span class='ocrx_word' id='word_1_345' title='bbox 1342 4233 1595 4289; x_wconf 88' lang='lat' dir='ltr'>virtutem</span> <span class='ocrx_word' id='word_1_346' title='bbox 1628 4234 1859 4303; x_wconf 84' lang='lat' dir='ltr'>exequi-</span> 
     </span>
    </p>
   </div>
   <div class='ocr_carea' id='block_1_47' title="bbox 281 4322 1863 4395">
    <p class='ocr_par' dir='ltr' id='par_1_47' title="bbox 281 4322 1863 4395">
     <span class='ocr_line' id='line_1_47' title="bbox 281 4322 1863 4395; baseline 0.001 -20"><span class='ocrx_word' id='word_1_347' title='bbox 281 4329 366 4388; x_wconf 90' lang='lat' dir='ltr'>tur,</span> <span class='ocrx_word' id='word_1_348' title='bbox 387 4323 455 4377; x_wconf 92' lang='lat' dir='ltr'>ab</span> <span class='ocrx_word' id='word_1_349' title='bbox 486 4340 550 4380; x_wconf 92' lang='lat' dir='ltr'>eo</span> <span class='ocrx_word' id='word_1_350' title='bbox 579 4324 880 4380; x_wconf 85' lang='lat' dir='ltr'>carnalium</span> <span class='ocrx_word' id='word_1_351' title='bbox 903 4324 1165 4380; x_wconf 88' lang='lat' dir='ltr'>desideria</span> <span class='ocrx_word' id='word_1_352' title='bbox 1186 4322 1409 4395; x_wconf 87' lang='lat' dir='ltr'>impleri</span> <span class='ocrx_word' id='word_1_353' title='bbox 1434 4339 1531 4394; x_wconf 89' lang='lat' dir='ltr'>per</span> <span class='ocrx_word' id='word_1_354' title='bbox 1556 4322 1676 4391; x_wconf 87' lang='lat' dir='ltr'>ejus</span> <span class='ocrx_word' id='word_1_355' title='bbox 1697 4322 1863 4377; x_wconf 87' lang='lat' dir='ltr'>mise-</span> 
     </span>
    </p>
   </div>
   <div class='ocr_carea' id='block_1_48' title="bbox 281 4408 1863 4484">
    <p class='ocr_par' dir='ltr' id='par_1_48' title="bbox 281 4408 1863 4484">
     <span class='ocr_line' id='line_1_48' title="bbox 281 4408 1863 4484; baseline 0.003 -23"><span class='ocrx_word' id='word_1_356' title='bbox 281 4408 553 4467; x_wconf 86' lang='lat' dir='ltr'>ricordiam</span> <span class='ocrx_word' id='word_1_357' title='bbox 586 4428 932 4484; x_wconf 86' lang='lat' dir='ltr'>nequaquam</span> <span class='ocrx_word' id='word_1_358' title='bbox 963 4413 1335 4483; x_wconf 85' lang='lat' dir='ltr'>prohibentur.</span> <span class='ocrx_word' id='word_1_359' title='bbox 1370 4411 1479 4468; x_wconf 91' lang='lat' dir='ltr'>Sed</span> <span class='ocrx_word' id='word_1_360' title='bbox 1510 4418 1562 4466; x_wconf 91' lang='lat' dir='ltr'>et</span> <span class='ocrx_word' id='word_1_361' title='bbox 1583 4427 1707 4481; x_wconf 85' lang='lat' dir='ltr'>quae</span> <span class='ocrx_word' id='word_1_362' title='bbox 1737 4426 1863 4466; x_wconf 90' lang='lat' dir='ltr'>con-</span> 
     </span>
    </p>
   </div>
   <div class='ocr_carea' id='block_1_49' title="bbox 1952 503 3543 577">
    <p class='ocr_par' dir='ltr' id='par_1_49' title="bbox 1952 503 3543 577">
     <span class='ocr_line' id='line_1_49' title="bbox 1952 503 3543 577; baseline 0.001 -18"><span class='ocrx_word' id='word_1_363' title='bbox 1952 505 2128 561; x_wconf 90' lang='lat' dir='ltr'>lorum</span> <span class='ocrx_word' id='word_1_364' title='bbox 2157 506 2305 561; x_wconf 89' lang='lat' dir='ltr'>curia</span> <span class='ocrx_word' id='word_1_365' title='bbox 2328 507 2581 577; x_wconf 80' lang='lat' dir='ltr'>legimus,</span> <span class='ocrx_word' id='word_1_366' title='bbox 2615 506 2740 575; x_wconf 84' lang='lat' dir='ltr'>quin</span> <span class='ocrx_word' id='word_1_367' title='bbox 2772 506 2840 561; x_wconf 90' lang='lat' dir='ltr'>de</span> <span class='ocrx_word' id='word_1_368' title='bbox 2870 514 3115 577; x_wconf 88' lang='lat' dir='ltr'>apostata</span> <span class='ocrx_word' id='word_1_369' title='bbox 3135 505 3314 577; x_wconf 90' lang='lat' dir='ltr'>primo</span> <span class='ocrx_word' id='word_1_370' title='bbox 3344 503 3543 577; x_wconf 85' lang='lat' dir='ltr'>angelo</span> 
     </span>
    </p>
   </div>
   <div class='ocr_carea' id='block_1_50' title="bbox 1953 594 3538 667">
    <p class='ocr_par' dir='ltr' id='par_1_50' title="bbox 1953 594 3538 667">
     <span class='ocr_line' id='line_1_50' title="bbox 1953 594 3538 667; baseline 0 -20"><span class='ocrx_word' id='word_1_371' title='bbox 1953 594 2238 650; x_wconf 89' lang='lat' dir='ltr'>scribitur:</span> <span class='ocrx_word' id='word_1_372' title='bbox 2275 597 2391 666; x_wconf 88' lang='lat' dir='ltr'>Ipse</span> <span class='ocrx_word' id='word_1_373' title='bbox 2412 599 2496 651; x_wconf 85' lang='lat' dir='ltr'>est</span> <span class='ocrx_word' id='word_1_374' title='bbox 2532 597 2880 667; x_wconf 79' lang='lat' dir='ltr'>principium</span> <span class='ocrx_word' id='word_1_375' title='bbox 2908 597 3131 651; x_wconf 86' lang='lat' dir='ltr'>viarum</span> <span class='ocrx_word' id='word_1_376' title='bbox 3169 596 3267 651; x_wconf 86' lang='lat' dir='ltr'>Dei</span> <span class='ocrx_word' id='word_1_377' title='bbox 3296 594 3427 663; x_wconf 82' lang='lat' dir='ltr'>(Job.</span> <span class='ocrx_word' id='word_1_378' title='bbox 3461 609 3538 659; x_wconf 74' lang='lat' dir='ltr'>x1,</span> 
     </span>
    </p>
   </div>
   <div class='ocr_carea' id='block_1_51' title="bbox 1954 683 3545 755">
    <p class='ocr_par' dir='ltr' id='par_1_51' title="bbox 1954 683 3545 755">
     <span class='ocr_line' id='line_1_51' title="bbox 1954 683 3545 755; baseline -0.001 -18"><span class='ocrx_word' id='word_1_379' title='bbox 1954 684 2042 753; x_wconf 78' lang='grc'>14)</span> <span class='ocrx_word' id='word_1_380' title='bbox 2077 702 2088 737; x_wconf 88' lang='lat'>:</span> <span class='ocrx_word' id='word_1_381' title='bbox 2124 685 2219 739; x_wconf 90' lang='lat' dir='ltr'>sed</span> <span class='ocrx_word' id='word_1_382' title='bbox 2242 683 2332 755; x_wconf 89' lang='lat' dir='ltr'>qui</span> <span class='ocrx_word' id='word_1_383' title='bbox 2355 691 2478 739; x_wconf 87' lang='lat' dir='ltr'>ante</span> <span class='ocrx_word' id='word_1_384' title='bbox 2500 683 2685 740; x_wconf 89' lang='lat' dir='ltr'>omnia</span> <span class='ocrx_word' id='word_1_385' title='bbox 2709 684 2956 739; x_wconf 88' lang='lat' dir='ltr'>conditus</span> <span class='ocrx_word' id='word_1_386' title='bbox 2982 692 3081 749; x_wconf 88' lang='lat' dir='ltr'>est,</span> <span class='ocrx_word' id='word_1_387' title='bbox 3112 701 3211 754; x_wconf 89' lang='lat' dir='ltr'>per</span> <span class='ocrx_word' id='word_1_388' title='bbox 3230 683 3545 755; x_wconf 88' lang='lat' dir='ltr'>superbiam</span> 
     </span>
    </p>
   </div>
   <div class='ocr_carea' id='block_1_52' title="bbox 1954 772 3546 844">
    <p class='ocr_par' dir='ltr' id='par_1_52' title="bbox 1954 772 3546 844">
     <span class='ocr_line' id='line_1_52' title="bbox 1954 772 3546 844; baseline -0.001 -17"><span class='ocrx_word' id='word_1_389' title='bbox 1954 773 2172 840; x_wconf 86' lang='lat' dir='ltr'>cecidit,</span> <span class='ocrx_word' id='word_1_390' title='bbox 2201 780 2253 828; x_wconf 90' lang='lat' dir='ltr'>et</span> <span class='ocrx_word' id='word_1_391' title='bbox 2278 774 2331 827; x_wconf 93' lang='lat' dir='ltr'>in</span> <span class='ocrx_word' id='word_1_392' title='bbox 2363 775 2479 842; x_wconf 88' lang='lat' dir='ltr'>ejus</span> <span class='ocrx_word' id='word_1_393' title='bbox 2501 775 2653 827; x_wconf 88' lang='lat' dir='ltr'>ruina</span> <span class='ocrx_word' id='word_1_394' title='bbox 2675 773 2841 828; x_wconf 84' lang='lat' dir='ltr'>sancti</span> <span class='ocrx_word' id='word_1_395' title='bbox 2871 773 3051 844; x_wconf 87' lang='lat' dir='ltr'>angeli</span> <span class='ocrx_word' id='word_1_396' title='bbox 3080 772 3407 840; x_wconf 88' lang='lat' dir='ltr'>didicerunt,</span> <span class='ocrx_word' id='word_1_397' title='bbox 3441 787 3546 843; x_wconf 86' lang='lat' dir='ltr'>qua</span> 
     </span>
    </p>
   </div>
   <div class='ocr_carea' id='block_1_53' title="bbox 1952 860 3547 933">
    <p class='ocr_par' dir='ltr' id='par_1_53' title="bbox 1952 860 3547 933">
     <span class='ocr_line' id='line_1_53' title="bbox 1952 860 3547 933; baseline -0.001 -16"><span class='ocrx_word' id='word_1_398' title='bbox 1952 863 2149 917; x_wconf 89' lang='lat' dir='ltr'>virtute</span> <span class='ocrx_word' id='word_1_399' title='bbox 2178 870 2323 918; x_wconf 89' lang='lat' dir='ltr'>stare</span> <span class='ocrx_word' id='word_1_400' title='bbox 2350 862 2677 933; x_wconf 88' lang='lat' dir='ltr'>potuissent.</span> <span class='ocrx_word' id='word_1_401' title='bbox 2730 862 2891 930; x_wconf 88' lang='lat' dir='ltr'>Quod</span> <span class='ocrx_word' id='word_1_402' title='bbox 2922 862 3193 927; x_wconf 91' lang='lat' dir='ltr'>nimirum,</span> <span class='ocrx_word' id='word_1_403' title='bbox 3230 861 3318 933; x_wconf 90' lang='lat' dir='ltr'>qui</span> <span class='ocrx_word' id='word_1_404' title='bbox 3348 860 3547 931; x_wconf 89' lang='lat' dir='ltr'>apertis</span> 
     </span>
    </p>
   </div>
   <div class='ocr_carea' id='block_1_54' title="bbox 1951 946 3540 1022">
    <p class='ocr_par' dir='ltr' id='par_1_54' title="bbox 1951 946 3540 1022">
     <span class='ocr_line' id='line_1_54' title="bbox 1951 946 3540 1022; baseline -0.002 -16"><span class='ocrx_word' id='word_1_405' title='bbox 1951 956 2113 1008; x_wconf 88' lang='lat' dir='ltr'>rectae</span> <span class='ocrx_word' id='word_1_406' title='bbox 2143 951 2267 1007; x_wconf 90' lang='lat' dir='ltr'>ﬁdei</span> <span class='ocrx_word' id='word_1_407' title='bbox 2297 951 2485 1015; x_wconf 89' lang='lat' dir='ltr'>oculis,</span> <span class='ocrx_word' id='word_1_408' title='bbox 2530 951 2722 1006; x_wconf 81' lang='lat' dir='ltr'>intueri</span> <span class='ocrx_word' id='word_1_409' title='bbox 2755 946 2964 1022; x_wconf 83' lang='lat' dir='ltr'>poterit,</span> <span class='ocrx_word' id='word_1_410' title='bbox 3027 949 3227 1021; x_wconf 90' lang='lat' dir='ltr'>pariter</span> <span class='ocrx_word' id='word_1_411' title='bbox 3272 950 3499 1005; x_wconf 89' lang='lat' dir='ltr'>attendit</span> <span class='ocrx_word' id='word_1_412' title='bbox 3528 966 3540 1003; x_wconf 92' lang='lat'>:</span> 
     </span>
    </p>
   </div>
   <div class='ocr_carea' id='block_1_55' title="bbox 1952 1038 3545 1112">
    <p class='ocr_par' dir='ltr' id='par_1_55' title="bbox 1952 1038 3545 1112">
     <span class='ocr_line' id='line_1_55' title="bbox 1952 1038 3545 1112; baseline -0.003 -16"><span class='ocrx_word' id='word_1_413' title='bbox 1952 1042 2079 1111; x_wconf 88' lang='lat' dir='ltr'>quia</span> <span class='ocrx_word' id='word_1_414' title='bbox 2109 1041 2450 1112; x_wconf 90' lang='lat' dir='ltr'>omnipotens</span> <span class='ocrx_word' id='word_1_415' title='bbox 2481 1042 2626 1095; x_wconf 91' lang='lat' dir='ltr'>Deus</span> <span class='ocrx_word' id='word_1_416' title='bbox 2658 1040 2823 1095; x_wconf 89' lang='lat' dir='ltr'>etiam</span> <span class='ocrx_word' id='word_1_417' title='bbox 2844 1048 2967 1095; x_wconf 90' lang='lat' dir='ltr'>tunc</span> <span class='ocrx_word' id='word_1_418' title='bbox 2996 1056 3215 1111; x_wconf 65' lang='lat' dir='ltr'>magum</span> <span class='ocrx_word' id='word_1_419' title='bbox 3245 1038 3545 1093; x_wconf 90' lang='lat' dir='ltr'>misericor-</span> 
     </span>
    </p>
   </div>
   <div class='ocr_carea' id='block_1_56' title="bbox 1952 1127 3543 1202">
    <p class='ocr_par' dir='ltr' id='par_1_56' title="bbox 1952 1127 3543 1202">
     <span class='ocr_line' id='line_1_56' title="bbox 1952 1127 3543 1202; baseline -0.002 -18"><span class='ocrx_word' id='word_1_420' title='bbox 1952 1131 2057 1186; x_wconf 65' lang='lat' dir='ltr'>diae</span> <span class='ocrx_word' id='word_1_421' title='bbox 2085 1131 2227 1186; x_wconf 88' lang='lat' dir='ltr'>dona</span> <span class='ocrx_word' id='word_1_422' title='bbox 2258 1131 2463 1197; x_wconf 84' lang='lat' dir='ltr'>tribuit,</span> <span class='ocrx_word' id='word_1_423' title='bbox 2510 1146 2633 1186; x_wconf 92' lang='lat' dir='ltr'>cum</span> <span class='ocrx_word' id='word_1_424' title='bbox 2665 1130 2957 1185; x_wconf 89' lang='lat' dir='ltr'>vindictam</span> <span class='ocrx_word' id='word_1_425' title='bbox 2987 1130 3228 1202; x_wconf 88' lang='lat' dir='ltr'>irrogat;</span> <span class='ocrx_word' id='word_1_426' title='bbox 3259 1129 3386 1199; x_wconf 88' lang='lat' dir='ltr'>quia</span> <span class='ocrx_word' id='word_1_427' title='bbox 3415 1127 3543 1182; x_wconf 91' lang='lat' dir='ltr'>dum</span> 
     </span>
    </p>
   </div>
   <div class='ocr_carea' id='block_1_57' title="bbox 1952 1215 3544 1290">
    <p class='ocr_par' dir='ltr' id='par_1_57' title="bbox 1952 1215 3544 1290">
     <span class='ocr_line' id='line_1_57' title="bbox 1952 1215 3544 1290; baseline -0.001 -17"><span class='ocrx_word' id='word_1_428' title='bbox 1952 1220 2212 1290; x_wconf 89' lang='lat' dir='ltr'>reprobos</span> <span class='ocrx_word' id='word_1_429' title='bbox 2243 1221 2416 1290; x_wconf 86' lang='lat' dir='ltr'>punit,</span> <span class='ocrx_word' id='word_1_430' title='bbox 2450 1225 2668 1275; x_wconf 85' lang='lat' dir='ltr'>sanctos</span> <span class='ocrx_word' id='word_1_431' title='bbox 2697 1220 2875 1275; x_wconf 89' lang='lat' dir='ltr'>erudit</span> <span class='ocrx_word' id='word_1_432' title='bbox 2907 1238 2919 1273; x_wconf 91' lang='lat'>:</span> <span class='ocrx_word' id='word_1_433' title='bbox 2967 1227 3026 1273; x_wconf 88' lang='lat' dir='ltr'>ut</span> <span class='ocrx_word' id='word_1_434' title='bbox 3080 1218 3225 1274; x_wconf 89' lang='lat' dir='ltr'>unde</span> <span class='ocrx_word' id='word_1_435' title='bbox 3271 1217 3345 1272; x_wconf 91' lang='lat' dir='ltr'>illi</span> <span class='ocrx_word' id='word_1_436' title='bbox 3403 1215 3544 1272; x_wconf 79' lang='lat' dir='ltr'>deti-</span> 
     </span>
    </p>
   </div>
   <div class='ocr_carea' id='block_1_58' title="bbox 1952 1307 3209 1379">
    <p class='ocr_par' dir='ltr' id='par_1_58' title="bbox 1952 1307 3209 1379">
     <span class='ocr_line' id='line_1_58' title="bbox 1952 1307 3209 1379; baseline -0.001 -17"><span class='ocrx_word' id='word_1_437' title='bbox 1952 1308 2116 1370; x_wconf 85' lang='lat' dir='ltr'>ciunt,</span> <span class='ocrx_word' id='word_1_438' title='bbox 2150 1309 2238 1363; x_wconf 91' lang='lat' dir='ltr'>isti</span> <span class='ocrx_word' id='word_1_439' title='bbox 2271 1309 2322 1364; x_wconf 91' lang='lat' dir='ltr'>in</span> <span class='ocrx_word' id='word_1_440' title='bbox 2355 1310 2463 1363; x_wconf 89' lang='lat' dir='ltr'>suis</span> <span class='ocrx_word' id='word_1_441' title='bbox 2492 1309 2826 1379; x_wconf 73' lang='lat' dir='ltr'>profectibus</span> <span class='ocrx_word' id='word_1_442' title='bbox 2857 1307 3209 1378; x_wconf 76' lang='lat' dir='ltr'>adjuvantur.</span> 
     </span>
    </p>
   </div>
   <div class='ocr_carea' id='block_1_59' title="bbox 2020 1394 3542 1468">
    <p class='ocr_par' dir='ltr' id='par_1_59' title="bbox 2020 1394 3542 1468">
     <span class='ocr_line' id='line_1_59' title="bbox 2020 1394 3542 1468; baseline -0.002 -16"><span class='ocrx_word' id='word_1_443' title='bbox 2020 1400 2073 1452; x_wconf 89' lang='lat'>7.</span> <span class='ocrx_word' id='word_1_444' title='bbox 2107 1398 2364 1453; x_wconf 89' lang='lat' dir='ltr'>Districto</span> <span class='ocrx_word' id='word_1_445' title='bbox 2393 1398 2658 1468; x_wconf 89' lang='lat' dir='ltr'>siquidem</span> <span class='ocrx_word' id='word_1_446' title='bbox 2684 1398 2893 1466; x_wconf 90' lang='lat' dir='ltr'>judicio</span> <span class='ocrx_word' id='word_1_447' title='bbox 2946 1396 3207 1467; x_wconf 84' lang='lat' dir='ltr'>permittit</span> <span class='ocrx_word' id='word_1_448' title='bbox 3235 1395 3376 1451; x_wconf 86' lang='lat' dir='ltr'>mala</span> <span class='ocrx_word' id='word_1_449' title='bbox 3407 1394 3542 1463; x_wconf 89' lang='lat' dir='ltr'>ﬁeri,</span> 
     </span>
    </p>
   </div>
   <div class='ocr_carea' id='block_1_60' title="bbox 1952 1485 3545 1556">
    <p class='ocr_par' dir='ltr' id='par_1_60' title="bbox 1952 1485 3545 1556">
     <span class='ocr_line' id='line_1_60' title="bbox 1952 1485 3545 1556; baseline -0.001 -16"><span class='ocrx_word' id='word_1_450' title='bbox 1952 1487 2047 1542; x_wconf 89' lang='lat' dir='ltr'>sed</span> <span class='ocrx_word' id='word_1_451' title='bbox 2077 1487 2502 1543; x_wconf 69' lang='lat' dir='ltr'>misericorditer</span> <span class='ocrx_word' id='word_1_452' title='bbox 2553 1486 2803 1556; x_wconf 86' lang='lat' dir='ltr'>providet</span> <span class='ocrx_word' id='word_1_453' title='bbox 2858 1485 2925 1541; x_wconf 90' lang='lat' dir='ltr'>de</span> <span class='ocrx_word' id='word_1_454' title='bbox 2975 1486 3057 1540; x_wconf 87' lang='lat' dir='ltr'>his</span> <span class='ocrx_word' id='word_1_455' title='bbox 3086 1485 3261 1549; x_wconf 90' lang='lat' dir='ltr'>malis,</span> <span class='ocrx_word' id='word_1_456' title='bbox 3295 1501 3415 1554; x_wconf 66' lang='lat' dir='ltr'>qua:</span> <span class='ocrx_word' id='word_1_457' title='bbox 3444 1500 3545 1554; x_wconf 89' lang='lat' dir='ltr'>per</span> 
     </span>
    </p>
   </div>
   <div class='ocr_carea' id='block_1_61' title="bbox 1944 1574 3547 1647">
    <p class='ocr_par' dir='ltr' id='par_1_61' title="bbox 1944 1574 3547 1647">
     <span class='ocr_line' id='line_1_61' title="bbox 1944 1574 3547 1647; baseline -0.002 -16"><span class='ocrx_word' id='word_1_458' title='bbox 1944 1576 2213 1646; x_wconf 89' lang='lat' dir='ltr'>judicium</span> <span class='ocrx_word' id='word_1_459' title='bbox 2242 1576 2471 1647; x_wconf 82' lang='lat' dir='ltr'>irrogat,</span> <span class='ocrx_word' id='word_1_460' title='bbox 2530 1592 2651 1647; x_wconf 71' lang='lat' dir='ltr'>quae</span> <span class='ocrx_word' id='word_1_461' title='bbox 2702 1576 2846 1631; x_wconf 88' lang='lat' dir='ltr'>bona</span> <span class='ocrx_word' id='word_1_462' title='bbox 2902 1575 3074 1629; x_wconf 87' lang='lat' dir='ltr'>facere</span> <span class='ocrx_word' id='word_1_463' title='bbox 3103 1574 3372 1644; x_wconf 89' lang='lat' dir='ltr'>disponat.</span> <span class='ocrx_word' id='word_1_464' title='bbox 3406 1574 3547 1628; x_wconf 88' lang='lat' dir='ltr'>Nam</span> 
     </span>
    </p>
   </div>
   <div class='ocr_carea' id='block_1_62' title="bbox 1951 1661 3549 1738">
    <p class='ocr_par' dir='ltr' id='par_1_62' title="bbox 1951 1661 3549 1738">
     <span class='ocr_line' id='line_1_62' title="bbox 1951 1661 3549 1738; baseline -0.001 -19"><span class='ocrx_word' id='word_1_465' title='bbox 1951 1682 2074 1738; x_wconf 80' lang='lat' dir='ltr'>quae</span> <span class='ocrx_word' id='word_1_466' title='bbox 2104 1667 2275 1734; x_wconf 85' lang='lat' dir='ltr'>major</span> <span class='ocrx_word' id='word_1_467' title='bbox 2301 1665 2478 1734; x_wconf 85' lang='lat' dir='ltr'>culpa,</span> <span class='ocrx_word' id='word_1_468' title='bbox 2497 1680 2660 1736; x_wconf 87' lang='lat' dir='ltr'>quam</span> <span class='ocrx_word' id='word_1_469' title='bbox 2684 1664 2799 1730; x_wconf 89' lang='lat' dir='ltr'>illa,</span> <span class='ocrx_word' id='word_1_470' title='bbox 2823 1680 2930 1735; x_wconf 88' lang='lat' dir='ltr'>qua</span> <span class='ocrx_word' id='word_1_471' title='bbox 2951 1679 3140 1719; x_wconf 90' lang='lat' dir='ltr'>omnes</span> <span class='ocrx_word' id='word_1_472' title='bbox 3162 1661 3463 1718; x_wconf 76' lang='lat' dir='ltr'>morimur?</span> <span class='ocrx_word' id='word_1_473' title='bbox 3483 1663 3549 1717; x_wconf 90' lang='lat' dir='ltr'>Et</span> 
     </span>
    </p>
   </div>
   <div class='ocr_carea' id='block_1_63' title="bbox 1872 1751 3544 1852">
    <p class='ocr_par' dir='ltr' id='par_1_63' title="bbox 1872 1751 3544 1852">
     <span class='ocr_line' id='line_1_63' title="bbox 1872 1751 3544 1852; baseline -0.004 -41"><span class='ocrx_word' id='word_1_474' title='bbox 1872 1789 1926 1852; x_wconf 85' lang='lat' dir='ltr'>B</span> <span class='ocrx_word' id='word_1_475' title='bbox 1956 1771 2077 1824; x_wconf 70' lang='lat' dir='ltr'>quae</span> <span class='ocrx_word' id='word_1_476' title='bbox 2106 1755 2282 1825; x_wconf 86' lang='lat' dir='ltr'>major</span> <span class='ocrx_word' id='word_1_477' title='bbox 2307 1754 2543 1814; x_wconf 87' lang='lat' dir='ltr'>bonitas.</span> <span class='ocrx_word' id='word_1_478' title='bbox 2581 1770 2738 1824; x_wconf 89' lang='lat' dir='ltr'>quam</span> <span class='ocrx_word' id='word_1_479' title='bbox 2762 1754 2871 1818; x_wconf 88' lang='lat' dir='ltr'>illa,</span> <span class='ocrx_word' id='word_1_480' title='bbox 2895 1769 2993 1823; x_wconf 91' lang='lat' dir='ltr'>per</span> <span class='ocrx_word' id='word_1_481' title='bbox 3021 1768 3180 1823; x_wconf 84' lang='lat' dir='ltr'>quam</span> <span class='ocrx_word' id='word_1_482' title='bbox 3209 1768 3239 1806; x_wconf 88' lang='lat' dir='ltr'>a</span> <span class='ocrx_word' id='word_1_483' title='bbox 3269 1759 3440 1807; x_wconf 91' lang='lat' dir='ltr'>morte</span> <span class='ocrx_word' id='word_1_484' title='bbox 3470 1751 3544 1805; x_wconf 91' lang='lat' dir='ltr'>li-</span> 
     </span>
    </p>
   </div>
   <div class='ocr_carea' id='block_1_64' title="bbox 1953 1840 3547 1914">
    <p class='ocr_par' dir='ltr' id='par_1_64' title="bbox 1953 1840 3547 1914">
     <span class='ocr_line' id='line_1_64' title="bbox 1953 1840 3547 1914; baseline -0.003 -15"><span class='ocrx_word' id='word_1_485' title='bbox 1953 1844 2245 1900; x_wconf 81' lang='lat' dir='ltr'>beramur?</span> <span class='ocrx_word' id='word_1_486' title='bbox 2274 1844 2339 1898; x_wconf 89' lang='lat' dir='ltr'>Et</span> <span class='ocrx_word' id='word_1_487' title='bbox 2371 1843 2610 1914; x_wconf 90' lang='lat' dir='ltr'>quidem,</span> <span class='ocrx_word' id='word_1_488' title='bbox 2661 1842 2760 1897; x_wconf 91' lang='lat' dir='ltr'>nisi</span> <span class='ocrx_word' id='word_1_489' title='bbox 2804 1843 2980 1897; x_wconf 85' lang='lat' dir='ltr'>Adam</span> <span class='ocrx_word' id='word_1_490' title='bbox 3013 1850 3276 1913; x_wconf 86' lang='lat' dir='ltr'>peccaret,</span> <span class='ocrx_word' id='word_1_491' title='bbox 3309 1840 3547 1896; x_wconf 87' lang='lat' dir='ltr'>Redem-</span> 
     </span>
    </p>
   </div>
   <div class='ocr_carea' id='block_1_65' title="bbox 1950 1932 3545 2005">
    <p class='ocr_par' dir='ltr' id='par_1_65' title="bbox 1950 1932 3545 2005">
     <span class='ocr_line' id='line_1_65' title="bbox 1950 1932 3545 2005; baseline -0.003 -18"><span class='ocrx_word' id='word_1_492' title='bbox 1950 1941 2162 2005; x_wconf 88' lang='lat' dir='ltr'>ptorem</span> <span class='ocrx_word' id='word_1_493' title='bbox 2220 1941 2461 1989; x_wconf 87' lang='lat' dir='ltr'>nostrum</span> <span class='ocrx_word' id='word_1_494' title='bbox 2519 1947 2736 1988; x_wconf 88' lang='lat' dir='ltr'>carnem</span> <span class='ocrx_word' id='word_1_495' title='bbox 2808 1932 3085 2003; x_wconf 84' lang='lat' dir='ltr'>suscipere</span> <span class='ocrx_word' id='word_1_496' title='bbox 3139 1938 3375 1985; x_wconf 89' lang='lat' dir='ltr'>nostram</span> <span class='ocrx_word' id='word_1_497' title='bbox 3433 1944 3545 1984; x_wconf 89' lang='lat' dir='ltr'>non</span> 
     </span>
    </p>
   </div>
   <div class='ocr_carea' id='block_1_66' title="bbox 1951 2018 3544 2093">
    <p class='ocr_par' dir='ltr' id='par_1_66' title="bbox 1951 2018 3544 2093">
     <span class='ocr_line' id='line_1_66' title="bbox 1951 2018 3544 2093; baseline -0.003 -15"><span class='ocrx_word' id='word_1_498' title='bbox 1951 2030 2243 2093; x_wconf 90' lang='lat' dir='ltr'>oporteret.</span> <span class='ocrx_word' id='word_1_499' title='bbox 2282 2023 2399 2078; x_wconf 84' lang='lat' dir='ltr'>Non</span> <span class='ocrx_word' id='word_1_500' title='bbox 2418 2022 2573 2077; x_wconf 84' lang='lat' dir='ltr'>enim</span> <span class='ocrx_word' id='word_1_501' title='bbox 2595 2024 2747 2076; x_wconf 88' lang='lat' dir='ltr'>venit</span> <span class='ocrx_word' id='word_1_502' title='bbox 2776 2036 2968 2076; x_wconf 85' lang='lat' dir='ltr'>vocare</span> <span class='ocrx_word' id='word_1_503' title='bbox 2994 2022 3202 2092; x_wconf 82' lang='lat' dir='ltr'>justas,</span> <span class='ocrx_word' id='word_1_504' title='bbox 3227 2018 3322 2075; x_wconf 87' lang='lat' dir='ltr'>sed</span> <span class='ocrx_word' id='word_1_505' title='bbox 3340 2034 3544 2092; x_wconf 86' lang='lat' dir='ltr'>pecea-</span> 
     </span>
    </p>
   </div>
   <div class='ocr_carea' id='block_1_67' title="bbox 1953 2109 3544 2183">
    <p class='ocr_par' dir='ltr' id='par_1_67' title="bbox 1953 2109 3544 2183">
     <span class='ocr_line' id='line_1_67' title="bbox 1953 2109 3544 2183; baseline -0.002 -16"><span class='ocrx_word' id='word_1_506' title='bbox 1953 2116 2097 2169; x_wconf 81' lang='lat' dir='ltr'>tores</span> <span class='ocrx_word' id='word_1_507' title='bbox 2119 2112 2191 2168; x_wconf 86' lang='lat' dir='ltr'>ad</span> <span class='ocrx_word' id='word_1_508' title='bbox 2209 2112 2609 2183; x_wconf 74' lang='lat' dir='ltr'>paenitentiam</span> <span class='ocrx_word' id='word_1_509' title='bbox 2628 2109 2823 2183; x_wconf 84' lang='lat' dir='ltr'>(Marc.</span> <span class='ocrx_word' id='word_1_510' title='bbox 2848 2126 2908 2175; x_wconf 85' lang='grc' dir='ltr'>ιι,</span> <span class='ocrx_word' id='word_1_511' title='bbox 2932 2113 3041 2179; x_wconf 87' lang='grc'>17).</span> <span class='ocrx_word' id='word_1_512' title='bbox 3060 2110 3116 2166; x_wconf 93' lang='lat' dir='ltr'>Si</span> <span class='ocrx_word' id='word_1_513' title='bbox 3135 2126 3271 2181; x_wconf 87' lang='lat' dir='ltr'>ergo</span> <span class='ocrx_word' id='word_1_514' title='bbox 3299 2125 3398 2180; x_wconf 91' lang='lat' dir='ltr'>pro</span> <span class='ocrx_word' id='word_1_515' title='bbox 3419 2124 3544 2180; x_wconf 60' lang='lat' dir='ltr'>pec»</span> 
     </span>
    </p>
   </div>
   <div class='ocr_carea' id='block_1_68' title="bbox 1952 2199 3546 2271">
    <p class='ocr_par' dir='ltr' id='par_1_68' title="bbox 1952 2199 3546 2271">
     <span class='ocr_line' id='line_1_68' title="bbox 1952 2199 3546 2271; baseline -0.004 -13"><span class='ocrx_word' id='word_1_516' title='bbox 1952 2201 2232 2258; x_wconf 85' lang='lat' dir='ltr'>catoribus</span> <span class='ocrx_word' id='word_1_517' title='bbox 2270 2201 2435 2265; x_wconf 85' lang='lat' dir='ltr'>venit,</span> <span class='ocrx_word' id='word_1_518' title='bbox 2469 2200 2514 2253; x_wconf 91' lang='lat' dir='ltr'>si</span> <span class='ocrx_word' id='word_1_519' title='bbox 2536 2207 2759 2271; x_wconf 86' lang='lat' dir='ltr'>peccata</span> <span class='ocrx_word' id='word_1_520' title='bbox 2780 2199 3043 2263; x_wconf 89' lang='lat' dir='ltr'>deessent,</span> <span class='ocrx_word' id='word_1_521' title='bbox 3079 2214 3202 2253; x_wconf 91' lang='lat' dir='ltr'>eum</span> <span class='ocrx_word' id='word_1_522' title='bbox 3233 2199 3418 2253; x_wconf 87' lang='lat' dir='ltr'>venire</span> <span class='ocrx_word' id='word_1_523' title='bbox 3435 2212 3546 2253; x_wconf 93' lang='lat' dir='ltr'>non</span> 
     </span>
    </p>
   </div>
   <div class='ocr_carea' id='block_1_69' title="bbox 1950 2285 3549 2362">
    <p class='ocr_par' dir='ltr' id='par_1_69' title="bbox 1950 2285 3549 2362">
     <span class='ocr_line' id='line_1_69' title="bbox 1950 2285 3549 2362; baseline -0.004 -15"><span class='ocrx_word' id='word_1_524' title='bbox 1950 2298 2250 2362; x_wconf 89' lang='lat' dir='ltr'>oporteret.</span> <span class='ocrx_word' id='word_1_525' title='bbox 2284 2290 2339 2347; x_wconf 93' lang='lat' dir='ltr'>Si</span> <span class='ocrx_word' id='word_1_526' title='bbox 2368 2298 2613 2360; x_wconf 88' lang='lat' dir='ltr'>peccata,</span> <span class='ocrx_word' id='word_1_527' title='bbox 2636 2289 2702 2343; x_wconf 70' lang='lat' dir='ltr'>aut</span> <span class='ocrx_word' id='word_1_528' title='bbox 2727 2304 2845 2359; x_wconf 78' lang='lat' dir='ltr'>quae</span> <span class='ocrx_word' id='word_1_529' title='bbox 2875 2288 3108 2343; x_wconf 89' lang='lat' dir='ltr'>delenda</span> <span class='ocrx_word' id='word_1_530' title='bbox 3128 2286 3343 2342; x_wconf 90' lang='lat' dir='ltr'>venisse</span> <span class='ocrx_word' id='word_1_531' title='bbox 3371 2285 3549 2342; x_wconf 90' lang='lat' dir='ltr'>credi-</span> 
     </span>
    </p>
   </div>
   <div class='ocr_carea' id='block_1_70' title="bbox 1955 2375 3546 2451">
    <p class='ocr_par' dir='ltr' id='par_1_70' title="bbox 1955 2375 3546 2451">
     <span class='ocr_line' id='line_1_70' title="bbox 1955 2375 3546 2451; baseline -0.003 -17"><span class='ocrx_word' id='word_1_532' title='bbox 1955 2387 2055 2446; x_wconf 89' lang='lat' dir='ltr'>tur,</span> <span class='ocrx_word' id='word_1_533' title='bbox 2081 2396 2180 2451; x_wconf 92' lang='lat' dir='ltr'>per</span> <span class='ocrx_word' id='word_1_534' title='bbox 2202 2380 2477 2451; x_wconf 84' lang='lat' dir='ltr'>justitiam</span> <span class='ocrx_word' id='word_1_535' title='bbox 2504 2378 2603 2434; x_wconf 93' lang='lat' dir='ltr'>Dei</span> <span class='ocrx_word' id='word_1_536' title='bbox 2622 2377 2888 2448; x_wconf 84' lang='lat' dir='ltr'>permissa</span> <span class='ocrx_word' id='word_1_537' title='bbox 2917 2392 3040 2432; x_wconf 87' lang='lat' dir='ltr'>esse</span> <span class='ocrx_word' id='word_1_538' title='bbox 3069 2375 3394 2431; x_wconf 90' lang='lat' dir='ltr'>sentiuntur:</span> <span class='ocrx_word' id='word_1_539' title='bbox 3415 2375 3546 2429; x_wconf 90' lang='lat' dir='ltr'>dum</span> 
     </span>
    </p>
   </div>
   <div class='ocr_carea' id='block_1_71' title="bbox 1953 2463 3549 2541">
    <p class='ocr_par' dir='ltr' id='par_1_71' title="bbox 1953 2463 3549 2541">
     <span class='ocr_line' id='line_1_71' title="bbox 1953 2463 3549 2541; baseline -0.003 -16"><span class='ocrx_word' id='word_1_540' title='bbox 1953 2485 2051 2541; x_wconf 91' lang='lat' dir='ltr'>pro</span> <span class='ocrx_word' id='word_1_541' title='bbox 2082 2468 2460 2539; x_wconf 83' lang='lat' dir='ltr'>peccatoribus</span> <span class='ocrx_word' id='word_1_542' title='bbox 2488 2468 2634 2522; x_wconf 90' lang='lat' dir='ltr'>Deus</span> <span class='ocrx_word' id='word_1_543' title='bbox 2671 2470 2833 2522; x_wconf 89' lang='lat' dir='ltr'>homo</span> <span class='ocrx_word' id='word_1_544' title='bbox 2859 2466 3162 2522; x_wconf 90' lang='lat' dir='ltr'>nasciturus</span> <span class='ocrx_word' id='word_1_545' title='bbox 3191 2472 3324 2534; x_wconf 88' lang='lat' dir='ltr'>erat,</span> <span class='ocrx_word' id='word_1_546' title='bbox 3357 2480 3426 2521; x_wconf 85' lang='lat' dir='ltr'>ex</span> <span class='ocrx_word' id='word_1_547' title='bbox 3455 2463 3549 2521; x_wconf 92' lang='lat' dir='ltr'>illo</span> 
     </span>
    </p>
   </div>
   <div class='ocr_carea' id='block_1_72' title="bbox 1955 2552 3551 2628">
    <p class='ocr_par' dir='ltr' id='par_1_72' title="bbox 1955 2552 3551 2628">
     <span class='ocr_line' id='line_1_72' title="bbox 1955 2552 3551 2628; baseline -0.003 -15"><span class='ocrx_word' id='word_1_548' title='bbox 1955 2558 2116 2625; x_wconf 86' lang='lat' dir='ltr'>malo,</span> <span class='ocrx_word' id='word_1_549' title='bbox 2141 2573 2247 2628; x_wconf 92' lang='lat' dir='ltr'>quo</span> <span class='ocrx_word' id='word_1_550' title='bbox 2278 2557 2519 2612; x_wconf 90' lang='lat' dir='ltr'>morituri</span> <span class='ocrx_word' id='word_1_551' title='bbox 2549 2564 2717 2621; x_wconf 88' lang='lat' dir='ltr'>erant,</span> <span class='ocrx_word' id='word_1_552' title='bbox 2751 2556 2974 2621; x_wconf 89' lang='lat' dir='ltr'>bonum,</span> <span class='ocrx_word' id='word_1_553' title='bbox 3007 2554 3153 2625; x_wconf 88' lang='lat' dir='ltr'>quod</span> <span class='ocrx_word' id='word_1_554' title='bbox 3184 2553 3386 2608; x_wconf 90' lang='lat' dir='ltr'>malum</span> <span class='ocrx_word' id='word_1_555' title='bbox 3417 2552 3551 2608; x_wconf 89' lang='lat' dir='ltr'>illud</span> 
     </span>
    </p>
   </div>
   <div class='ocr_carea' id='block_1_73' title="bbox 1955 2641 3545 2717">
    <p class='ocr_par' dir='ltr' id='par_1_73' title="bbox 1955 2641 3545 2717">
     <span class='ocr_line' id='line_1_73' title="bbox 1955 2641 3545 2717; baseline -0.004 -15"><span class='ocrx_word' id='word_1_556' title='bbox 1955 2646 2213 2713; x_wconf 90' lang='lat' dir='ltr'>vinceret,</span> <span class='ocrx_word' id='word_1_557' title='bbox 2245 2645 2589 2717; x_wconf 91' lang='lat' dir='ltr'>omnipotens</span> <span class='ocrx_word' id='word_1_558' title='bbox 2609 2646 2757 2699; x_wconf 90' lang='lat' dir='ltr'>Deus</span> <span class='ocrx_word' id='word_1_559' title='bbox 2778 2659 2901 2700; x_wconf 88' lang='lat' dir='ltr'>sese</span> <span class='ocrx_word' id='word_1_560' title='bbox 2921 2643 3184 2700; x_wconf 87' lang='lat' dir='ltr'>facturum</span> <span class='ocrx_word' id='word_1_561' title='bbox 3215 2641 3545 2712; x_wconf 87' lang='lat' dir='ltr'>providerat.</span> 
     </span>
    </p>
   </div>
   <div class='ocr_carea' id='block_1_74' title="bbox 1957 2729 3551 2805">
    <p class='ocr_par' dir='ltr' id='par_1_74' title="bbox 1957 2729 3551 2805">
     <span class='ocr_line' id='line_1_74' title="bbox 1957 2729 3551 2805; baseline -0.002 -17"><span class='ocrx_word' id='word_1_562' title='bbox 1957 2735 2118 2803; x_wconf 90' lang='lat' dir='ltr'>Cujus</span> <span class='ocrx_word' id='word_1_563' title='bbox 2148 2734 2390 2805; x_wconf 86' lang='lat' dir='ltr'>profecto</span> <span class='ocrx_word' id='word_1_564' title='bbox 2423 2734 2549 2788; x_wconf 92' lang='lat' dir='ltr'>boni</span> <span class='ocrx_word' id='word_1_565' title='bbox 2580 2734 2914 2805; x_wconf 78' lang='lat' dir='ltr'>magnitudo,</span> <span class='ocrx_word' id='word_1_566' title='bbox 2975 2731 3095 2802; x_wconf 91' lang='lat' dir='ltr'>quis</span> <span class='ocrx_word' id='word_1_567' title='bbox 3128 2730 3305 2787; x_wconf 86' lang='lat' dir='ltr'>ﬁdelis</span> <span class='ocrx_word' id='word_1_568' title='bbox 3333 2745 3447 2786; x_wconf 90' lang='lat' dir='ltr'>non</span> <span class='ocrx_word' id='word_1_569' title='bbox 3472 2729 3551 2785; x_wconf 87' lang='lat' dir='ltr'>vi-</span> 
     </span>
    </p>
   </div>
   <div class='ocr_carea' id='block_1_75' title="bbox 1955 2820 3553 2894">
    <p class='ocr_par' dir='ltr' id='par_1_75' title="bbox 1955 2820 3553 2894">
     <span class='ocr_line' id='line_1_75' title="bbox 1955 2820 3553 2894; baseline -0.004 -16"><span class='ocrx_word' id='word_1_570' title='bbox 1955 2823 2082 2878; x_wconf 88' lang='lat' dir='ltr'>deat</span> <span class='ocrx_word' id='word_1_571' title='bbox 2111 2839 2273 2894; x_wconf 90' lang='lat' dir='ltr'>quam</span> <span class='ocrx_word' id='word_1_572' title='bbox 2305 2822 2626 2877; x_wconf 87' lang='lat' dir='ltr'>mirabiliter</span> <span class='ocrx_word' id='word_1_573' title='bbox 2653 2822 2930 2877; x_wconf 77' lang='lat' dir='ltr'>excellat?</span> <span class='ocrx_word' id='word_1_574' title='bbox 2970 2822 3168 2892; x_wconf 86' lang='lat' dir='ltr'>Magna</span> <span class='ocrx_word' id='word_1_575' title='bbox 3198 2820 3397 2890; x_wconf 88' lang='lat' dir='ltr'>quippe</span> <span class='ocrx_word' id='word_1_576' title='bbox 3426 2824 3553 2873; x_wconf 89' lang='lat' dir='ltr'>sunt</span> 
     </span>
    </p>
   </div>
   <div class='ocr_carea' id='block_1_76' title="bbox 1956 2906 3551 2983">
    <p class='ocr_par' dir='ltr' id='par_1_76' title="bbox 1956 2906 3551 2983">
     <span class='ocr_line' id='line_1_76' title="bbox 1956 2906 3551 2983; baseline -0.004 -16"><span class='ocrx_word' id='word_1_577' title='bbox 1956 2914 2117 2982; x_wconf 88' lang='lat' dir='ltr'>mala,</span> <span class='ocrx_word' id='word_1_578' title='bbox 2152 2929 2275 2983; x_wconf 78' lang='lat' dir='ltr'>quae</span> <span class='ocrx_word' id='word_1_579' title='bbox 2302 2928 2400 2983; x_wconf 91' lang='lat' dir='ltr'>per</span> <span class='ocrx_word' id='word_1_580' title='bbox 2432 2911 2620 2982; x_wconf 66' lang='lat' dir='ltr'>primae</span> <span class='ocrx_word' id='word_1_581' title='bbox 2650 2910 2823 2981; x_wconf 78' lang='lat' dir='ltr'>culpae</span> <span class='ocrx_word' id='word_1_582' title='bbox 2853 2910 3105 2965; x_wconf 89' lang='lat' dir='ltr'>meritum</span> <span class='ocrx_word' id='word_1_583' title='bbox 3161 2908 3421 2980; x_wconf 90' lang='lat' dir='ltr'>patimur,</span> <span class='ocrx_word' id='word_1_584' title='bbox 3453 2906 3551 2961; x_wconf 90' lang='lat' dir='ltr'>sed</span> 
     </span>
    </p>
   </div>
   <div class='ocr_carea' id='block_1_77' title="bbox 1959 2996 3553 3076">
    <p class='ocr_par' dir='ltr' id='par_1_77' title="bbox 1959 2996 3553 3076">
     <span class='ocr_line' id='line_1_77' title="bbox 1959 2996 3553 3076; baseline -0.006 -18"><span class='ocrx_word' id='word_1_585' title='bbox 1959 3004 2079 3076; x_wconf 91' lang='lat' dir='ltr'>quis</span> <span class='ocrx_word' id='word_1_586' title='bbox 2109 3003 2312 3058; x_wconf 90' lang='lat' dir='ltr'>electus</span> <span class='ocrx_word' id='word_1_587' title='bbox 2341 3000 2511 3055; x_wconf 90' lang='lat' dir='ltr'>nollet</span> <span class='ocrx_word' id='word_1_588' title='bbox 2536 2999 2732 3070; x_wconf 88' lang='lat' dir='ltr'>pejora</span> <span class='ocrx_word' id='word_1_589' title='bbox 2764 2999 2994 3070; x_wconf 89' lang='lat' dir='ltr'>perpeti,</span> <span class='ocrx_word' id='word_1_590' title='bbox 3029 3013 3191 3069; x_wconf 91' lang='lat' dir='ltr'>quam</span> <span class='ocrx_word' id='word_1_591' title='bbox 3222 3004 3427 3051; x_wconf 86' lang='lat' dir='ltr'>tantum</span> <span class='ocrx_word' id='word_1_592' title='bbox 3449 2996 3553 3050; x_wconf 89' lang='lat' dir='ltr'>Re-</span> 
     </span>
    </p>
   </div>
   <div class='ocr_carea' id='block_1_78' title="bbox 1957 3084 3552 3163">
    <p class='ocr_par' dir='ltr' id='par_1_78' title="bbox 1957 3084 3552 3163">
     <span class='ocr_line' id='line_1_78' title="bbox 1957 3084 3552 3163; baseline -0.005 -15"><span class='ocrx_word' id='word_1_593' title='bbox 1957 3093 2300 3163; x_wconf 88' lang='lat' dir='ltr'>demptorem</span> <span class='ocrx_word' id='word_1_594' title='bbox 2329 3106 2437 3145; x_wconf 90' lang='lat' dir='ltr'>non</span> <span class='ocrx_word' id='word_1_595' title='bbox 2465 3090 2711 3145; x_wconf 78' lang='lat' dir='ltr'>habere?</span> <span class='ocrx_word' id='word_1_596' title='bbox 2740 3087 2986 3159; x_wconf 86' lang='lat' dir='ltr'>Eligatur</span> <span class='ocrx_word' id='word_1_597' title='bbox 3011 3101 3143 3157; x_wconf 86' lang='lat' dir='ltr'>ergo</span> <span class='ocrx_word' id='word_1_598' title='bbox 3173 3101 3302 3147; x_wconf 79' lang='lat' dir='ltr'>rex;</span> <span class='ocrx_word' id='word_1_599' title='bbox 3338 3084 3433 3139; x_wconf 89' lang='lat' dir='ltr'>sed</span> <span class='ocrx_word' id='word_1_600' title='bbox 3461 3099 3552 3140; x_wconf 88' lang='lat' dir='ltr'>re-</span> 
     </span>
    </p>
   </div>
   <div class='ocr_carea' id='block_1_79' title="bbox 1959 3174 3554 3255">
    <p class='ocr_par' dir='ltr' id='par_1_79' title="bbox 1959 3174 3554 3255">
     <span class='ocr_line' id='line_1_79' title="bbox 1959 3174 3554 3255; baseline -0.007 -17"><span class='ocrx_word' id='word_1_601' title='bbox 1959 3180 2300 3255; x_wconf 88' lang='lat' dir='ltr'>probandus:</span> <span class='ocrx_word' id='word_1_602' title='bbox 2334 3179 2566 3251; x_wconf 84' lang='lat' dir='ltr'>eligatur</span> <span class='ocrx_word' id='word_1_603' title='bbox 2621 3178 2782 3246; x_wconf 79' lang='lat'>180</span> <span class='ocrx_word' id='word_1_604' title='bbox 2840 3176 2986 3231; x_wconf 90' lang='lat' dir='ltr'>velut</span> <span class='ocrx_word' id='word_1_605' title='bbox 3042 3174 3395 3245; x_wconf 87' lang='lat' dir='ltr'>idignatione,</span> <span class='ocrx_word' id='word_1_606' title='bbox 3444 3187 3554 3228; x_wconf 89' lang='lat' dir='ltr'>non</span> 
     </span>
    </p>
   </div>
   <div class='ocr_carea' id='block_1_80' title="bbox 1960 3261 3547 3338">
    <p class='ocr_par' dir='ltr' id='par_1_80' title="bbox 1960 3261 3547 3338">
     <span class='ocr_line' id='line_1_80' title="bbox 1960 3261 3547 3338; baseline -0.008 -11"><span class='ocrx_word' id='word_1_607' title='bbox 1960 3271 2242 3327; x_wconf 86' lang='lat' dir='ltr'>voluntate</span> <span class='ocrx_word' id='word_1_608' title='bbox 2272 3267 2410 3323; x_wconf 92' lang='lat' dir='ltr'>Dei:</span> <span class='ocrx_word' id='word_1_609' title='bbox 2446 3266 2804 3338; x_wconf 84' lang='lat' dir='ltr'>subsequatur</span> <span class='ocrx_word' id='word_1_610' title='bbox 2832 3279 2966 3337; x_wconf 85' lang='lat' dir='ltr'>ergo</span> <span class='ocrx_word' id='word_1_611' title='bbox 2997 3280 3091 3319; x_wconf 82' lang='lat' dir='ltr'>rex</span> <span class='ocrx_word' id='word_1_612' title='bbox 3120 3263 3275 3333; x_wconf 87' lang='lat' dir='ltr'>juxta</span> <span class='ocrx_word' id='word_1_613' title='bbox 3302 3278 3394 3318; x_wconf 92' lang='lat' dir='ltr'>cor</span> <span class='ocrx_word' id='word_1_614' title='bbox 3421 3261 3547 3324; x_wconf 90' lang='lat' dir='ltr'>Dei;</span> 
     </span>
    </p>
   </div>
   <div class='ocr_carea' id='block_1_81' title="bbox 1960 3353 3554 3429">
    <p class='ocr_par' dir='ltr' id='par_1_81' title="bbox 1960 3353 3554 3429">
     <span class='ocr_line' id='line_1_81' title="bbox 1960 3353 3554 3429; baseline -0.006 -13"><span class='ocrx_word' id='word_1_615' title='bbox 1960 3369 2016 3416; x_wconf 94' lang='lat' dir='ltr'>ut</span> <span class='ocrx_word' id='word_1_616' title='bbox 2041 3377 2107 3415; x_wconf 83' lang='lat' dir='ltr'>ex</span> <span class='ocrx_word' id='word_1_617' title='bbox 2131 3358 2323 3429; x_wconf 88' lang='lat' dir='ltr'>judicii</span> <span class='ocrx_word' id='word_1_618' title='bbox 2345 3358 2462 3428; x_wconf 90' lang='lat' dir='ltr'>ejus</span> <span class='ocrx_word' id='word_1_619' title='bbox 2483 3355 2820 3413; x_wconf 87' lang='lat' dir='ltr'>districtione</span> <span class='ocrx_word' id='word_1_620' title='bbox 2844 3353 3092 3409; x_wconf 75' lang='lat' dir='ltr'>vindictae</span> <span class='ocrx_word' id='word_1_621' title='bbox 3123 3353 3326 3407; x_wconf 87' lang='lat' dir='ltr'>malum</span> <span class='ocrx_word' id='word_1_622' title='bbox 3352 3367 3554 3421; x_wconf 88' lang='lat' dir='ltr'>proce-</span> 
     </span>
    </p>
   </div>
   <div class='ocr_carea' id='block_1_82' title="bbox 1960 3440 3555 3519">
    <p class='ocr_par' dir='ltr' id='par_1_82' title="bbox 1960 3440 3555 3519">
     <span class='ocr_line' id='line_1_82' title="bbox 1960 3440 3555 3519; baseline -0.006 -14"><span class='ocrx_word' id='word_1_623' title='bbox 1960 3451 2053 3505; x_wconf 85' lang='lat' dir='ltr'>dat</span> <span class='ocrx_word' id='word_1_624' title='bbox 2081 3449 2134 3505; x_wconf 91' lang='lat' dir='ltr'>in</span> <span class='ocrx_word' id='word_1_625' title='bbox 2166 3446 2433 3519; x_wconf 86' lang='lat' dir='ltr'>reprobos</span> <span class='ocrx_word' id='word_1_626' title='bbox 2467 3464 2478 3509; x_wconf 90' lang='lat'><strong><em>;</em></strong></span> <span class='ocrx_word' id='word_1_627' title='bbox 2541 3453 2592 3501; x_wconf 89' lang='lat' dir='ltr'>et</span> <span class='ocrx_word' id='word_1_628' title='bbox 2623 3444 2845 3512; x_wconf 88' lang='lat' dir='ltr'>bonum,</span> <span class='ocrx_word' id='word_1_629' title='bbox 2877 3443 3021 3515; x_wconf 89' lang='lat' dir='ltr'>quod</span> <span class='ocrx_word' id='word_1_630' title='bbox 3051 3458 3116 3498; x_wconf 85' lang='lat' dir='ltr'>ex</span> <span class='ocrx_word' id='word_1_631' title='bbox 3146 3440 3291 3495; x_wconf 87' lang='lat' dir='ltr'>malo</span> <span class='ocrx_word' id='word_1_632' title='bbox 3322 3440 3555 3495; x_wconf 81' lang='lat' dir='ltr'>facturus</span> 
     </span>
    </p>
   </div>
   <div class='ocr_carea' id='block_1_83' title="bbox 1960 3528 3551 3609">
    <p class='ocr_par' dir='ltr' id='par_1_83' title="bbox 1960 3528 3551 3609">
     <span class='ocr_line' id='line_1_83' title="bbox 1960 3528 3551 3609; baseline -0.006 -15"><span class='ocrx_word' id='word_1_633' title='bbox 1960 3546 2097 3603; x_wconf 87' lang='lat' dir='ltr'>erat,</span> <span class='ocrx_word' id='word_1_634' title='bbox 2131 3553 2229 3609; x_wconf 91' lang='lat' dir='ltr'>per</span> <span class='ocrx_word' id='word_1_635' title='bbox 2258 3537 2562 3608; x_wconf 83' lang='lat' dir='ltr'>largitatem</span> <span class='ocrx_word' id='word_1_636' title='bbox 2594 3533 2796 3589; x_wconf 70' lang='lat' dir='ltr'>divinae</span> <span class='ocrx_word' id='word_1_637' title='bbox 2822 3532 3011 3605; x_wconf 70' lang='lat' dir='ltr'>gratiae</span> <span class='ocrx_word' id='word_1_638' title='bbox 3038 3528 3302 3586; x_wconf 89' lang='lat' dir='ltr'>redundet</span> <span class='ocrx_word' id='word_1_639' title='bbox 3330 3529 3383 3582; x_wconf 91' lang='lat' dir='ltr'>in</span> <span class='ocrx_word' id='word_1_640' title='bbox 3413 3529 3551 3599; x_wconf 88' lang='lat' dir='ltr'>pios,</span> 
     </span>
    </p>
   </div>
   <div class='ocr_carea' id='block_1_84' title="bbox 1963 3618 3555 3693">
    <p class='ocr_par' dir='ltr' id='par_1_84' title="bbox 1963 3618 3555 3693">
     <span class='ocr_line' id='line_1_84' title="bbox 1963 3618 3555 3693; baseline -0.006 -11"><span class='ocrx_word' id='word_1_641' title='bbox 1963 3627 2093 3682; x_wconf 92' lang='lat' dir='ltr'>dum</span> <span class='ocrx_word' id='word_1_642' title='bbox 2125 3626 2203 3680; x_wconf 92' lang='lat' dir='ltr'>illi</span> <span class='ocrx_word' id='word_1_643' title='bbox 2234 3626 2286 3679; x_wconf 91' lang='lat' dir='ltr'>in</span> <span class='ocrx_word' id='word_1_644' title='bbox 2310 3624 2473 3689; x_wconf 87' lang='lat' dir='ltr'>malo,</span> <span class='ocrx_word' id='word_1_645' title='bbox 2508 3621 2651 3693; x_wconf 87' lang='lat' dir='ltr'>quod</span> <span class='ocrx_word' id='word_1_646' title='bbox 2671 3622 2912 3692; x_wconf 79' lang='lat' dir='ltr'>cupiunt,</span> <span class='ocrx_word' id='word_1_647' title='bbox 2936 3619 3131 3676; x_wconf 86' lang='lat' dir='ltr'>cadere</span> <span class='ocrx_word' id='word_1_648' title='bbox 3159 3618 3555 3689; x_wconf 87' lang='lat' dir='ltr'>permittuntur.</span> 
     </span>
    </p>
   </div>
   <div class='ocr_carea' id='block_1_85' title="bbox 1963 3706 3559 3784">
    <p class='ocr_par' dir='ltr' id='par_1_85' title="bbox 1963 3706 3559 3784">
     <span class='ocr_line' id='line_1_85' title="bbox 1963 3706 3559 3784; baseline -0.008 -12"><span class='ocrx_word' id='word_1_649' title='bbox 1963 3716 2071 3772; x_wconf 91' lang='lat' dir='ltr'>Sed</span> <span class='ocrx_word' id='word_1_650' title='bbox 2090 3715 2231 3769; x_wconf 87' lang='lat' dir='ltr'>unde</span> <span class='ocrx_word' id='word_1_651' title='bbox 2251 3730 2311 3768; x_wconf 90' lang='lat' dir='ltr'>se</span> <span class='ocrx_word' id='word_1_652' title='bbox 2332 3713 2406 3767; x_wconf 92' lang='lat' dir='ltr'>illi</span> <span class='ocrx_word' id='word_1_653' title='bbox 2430 3712 2791 3784; x_wconf 72' lang='lat' dir='ltr'>praecipitant,</span> <span class='ocrx_word' id='word_1_654' title='bbox 2823 3709 3018 3781; x_wconf 85' lang='lat' dir='ltr'>agitur,</span> <span class='ocrx_word' id='word_1_655' title='bbox 3043 3715 3100 3762; x_wconf 89' lang='lat' dir='ltr'>ut</span> <span class='ocrx_word' id='word_1_656' title='bbox 3114 3706 3205 3762; x_wconf 87' lang='lat' dir='ltr'>alii</span> <span class='ocrx_word' id='word_1_657' title='bbox 3221 3721 3559 3778; x_wconf 89' lang='lat' dir='ltr'>nequaquam</span> 
     </span>
    </p>
   </div>
   <div class='ocr_carea' id='block_1_86' title="bbox 1962 3794 3556 3874">
    <p class='ocr_par' dir='ltr' id='par_1_86' title="bbox 1962 3794 3556 3874">
     <span class='ocr_line' id='line_1_86' title="bbox 1962 3794 3556 3874; baseline -0.008 -13"><span class='ocrx_word' id='word_1_658' title='bbox 1962 3804 2176 3861; x_wconf 88' lang='lat' dir='ltr'>cadant.</span> <span class='ocrx_word' id='word_1_659' title='bbox 2211 3802 2317 3859; x_wconf 90' lang='lat' dir='ltr'>Sed</span> <span class='ocrx_word' id='word_1_660' title='bbox 2349 3802 2475 3874; x_wconf 88' lang='lat' dir='ltr'>quia</span> <span class='ocrx_word' id='word_1_661' title='bbox 2504 3800 2590 3855; x_wconf 89' lang='lat' dir='ltr'>his</span> <span class='ocrx_word' id='word_1_662' title='bbox 2621 3800 2801 3854; x_wconf 86' lang='lat' dir='ltr'>verbis</span> <span class='ocrx_word' id='word_1_663' title='bbox 2825 3798 3085 3867; x_wconf 80' lang='lat' dir='ltr'>judicium</span> <span class='ocrx_word' id='word_1_664' title='bbox 3117 3796 3317 3851; x_wconf 60' lang='lat' dir='ltr'>divinae</span> <span class='ocrx_word' id='word_1_665' title='bbox 3346 3794 3556 3849; x_wconf 88' lang='lat' dir='ltr'>distric-</span> 
     </span>
    </p>
   </div>
   <div class='ocr_carea' id='block_1_87' title="bbox 1964 3881 3560 3960">
    <p class='ocr_par' dir='ltr' id='par_1_87' title="bbox 1964 3881 3560 3960">
     <span class='ocr_line' id='line_1_87' title="bbox 1964 3881 3560 3960; baseline -0.006 -12"><span class='ocrx_word' id='word_1_666' title='bbox 1964 3892 2125 3950; x_wconf 89' lang='lat' dir='ltr'>tionis</span> <span class='ocrx_word' id='word_1_667' title='bbox 2148 3890 2427 3960; x_wconf 83' lang='lat' dir='ltr'>asseritur,</span> <span class='ocrx_word' id='word_1_668' title='bbox 2451 3890 2736 3945; x_wconf 79' lang='lat' dir='ltr'>videamus</span> <span class='ocrx_word' id='word_1_669' title='bbox 2758 3888 2892 3957; x_wconf 89' lang='lat' dir='ltr'>jam,</span> <span class='ocrx_word' id='word_1_670' title='bbox 2926 3892 3122 3956; x_wconf 87' lang='lat' dir='ltr'>quanta</span> <span class='ocrx_word' id='word_1_671' title='bbox 3153 3881 3560 3956; x_wconf 87' lang='lat' dir='ltr'>dispensatione</span> 
     </span>
    </p>
   </div>
   <div class='ocr_carea' id='block_1_88' title="bbox 1965 3972 3555 4049">
    <p class='ocr_par' dir='ltr' id='par_1_88' title="bbox 1965 3972 3555 4049">
     <span class='ocr_line' id='line_1_88' title="bbox 1965 3972 3555 4049; baseline -0.008 -13"><span class='ocrx_word' id='word_1_672' title='bbox 1965 3983 2146 4049; x_wconf 89' lang='lat' dir='ltr'>utitur,</span> <span class='ocrx_word' id='word_1_673' title='bbox 2183 3997 2251 4034; x_wconf 91' lang='lat' dir='ltr'>ne</span> <span class='ocrx_word' id='word_1_674' title='bbox 2281 3979 2334 4034; x_wconf 90' lang='lat' dir='ltr'>id</span> <span class='ocrx_word' id='word_1_675' title='bbox 2362 3979 2501 4033; x_wconf 86' lang='lat' dir='ltr'>male</span> <span class='ocrx_word' id='word_1_676' title='bbox 2547 3977 2910 4032; x_wconf 87' lang='lat' dir='ltr'>deliberantes</span> <span class='ocrx_word' id='word_1_677' title='bbox 2942 3982 3128 4046; x_wconf 82' lang='lat' dir='ltr'>agant,</span> <span class='ocrx_word' id='word_1_678' title='bbox 3183 3973 3325 4026; x_wconf 91' lang='lat' dir='ltr'>unde</span> <span class='ocrx_word' id='word_1_679' title='bbox 3355 3972 3555 4044; x_wconf 88' lang='lat' dir='ltr'>punia-</span> 
     </span>
    </p>
   </div>
   <div class='ocr_carea' id='block_1_89' title="bbox 1966 4067 2555 4139">
    <p class='ocr_par' dir='ltr' id='par_1_89' title="bbox 1966 4067 2555 4139">
     <span class='ocr_line' id='line_1_89' title="bbox 1966 4067 2555 4139; baseline -0.012 -13"><span class='ocrx_word' id='word_1_680' title='bbox 1966 4079 2076 4127; x_wconf 89' lang='lat' dir='ltr'>tur.</span> <span class='ocrx_word' id='word_1_681' title='bbox 2107 4069 2247 4123; x_wconf 90' lang='lat' dir='ltr'>Nam</span> <span class='ocrx_word' id='word_1_682' title='bbox 2276 4067 2515 4139; x_wconf 90' lang='lat' dir='ltr'>sequitur</span> <span class='ocrx_word' id='word_1_683' title='bbox 2543 4083 2555 4119; x_wconf 91' lang='lat'>:</span> 
     </span>
    </p>
   </div>
   <div class='ocr_carea' id='block_1_90' title="bbox 2034 4152 3559 4230">
    <p class='ocr_par' dir='ltr' id='par_1_90' title="bbox 2034 4152 3559 4230">
     <span class='ocr_line' id='line_1_90' title="bbox 2034 4152 3559 4230; baseline -0.009 -14"><span class='ocrx_word' id='word_1_684' title='bbox 2034 4159 2211 4230; x_wconf 66' lang='grc' dir='ltr'>(νει-δ.</span> <span class='ocrx_word' id='word_1_685' title='bbox 2246 4157 2321 4225; x_wconf 91' lang='lat'>9.)</span> <span class='ocrx_word' id='word_1_686' title='bbox 2351 4158 2511 4212; x_wconf 81' lang='lat' dir='ltr'>Nune</span> <span class='ocrx_word' id='word_1_687' title='bbox 2528 4169 2657 4225; x_wconf 88' lang='lat' dir='ltr'>ergo</span> <span class='ocrx_word' id='word_1_688' title='bbox 2674 4153 2809 4209; x_wconf 85' lang='lat' dir='ltr'>audi</span> <span class='ocrx_word' id='word_1_689' title='bbox 2828 4168 3011 4210; x_wconf 85' lang='lat' dir='ltr'>vocem</span> <span class='ocrx_word' id='word_1_690' title='bbox 3029 4166 3218 4207; x_wconf 86' lang='lat' dir='ltr'>eorum</span> <span class='ocrx_word' id='word_1_691' title='bbox 3240 4152 3559 4213; x_wconf 84' lang='lat' dir='ltr'>;verumta-</span> 
     </span>
    </p>
   </div>
   <div class='ocr_carea' id='block_1_91' title="bbox 1967 4238 3555 4313">
    <p class='ocr_par' dir='ltr' id='par_1_91' title="bbox 1967 4238 3555 4313">
     <span class='ocr_line' id='line_1_91' title="bbox 1967 4238 3555 4313; baseline -0.009 -8"><span class='ocrx_word' id='word_1_692' title='bbox 1967 4266 2097 4305; x_wconf 83' lang='lat' dir='ltr'>men</span> <span class='ocrx_word' id='word_1_693' title='bbox 2116 4252 2433 4303; x_wconf 83' lang='lat' dir='ltr'>contestare</span> <span class='ocrx_word' id='word_1_694' title='bbox 2464 4259 2573 4309; x_wconf 90' lang='lat' dir='ltr'>eos,</span> <span class='ocrx_word' id='word_1_695' title='bbox 2593 4247 2649 4297; x_wconf 91' lang='lat' dir='ltr'>et</span> <span class='ocrx_word' id='word_1_696' title='bbox 2679 4240 2887 4313; x_wconf 72' lang='lat' dir='ltr'>prwdic</span> <span class='ocrx_word' id='word_1_697' title='bbox 2918 4240 2998 4296; x_wconf 84' lang='lat' dir='ltr'>eis</span> <span class='ocrx_word' id='word_1_698' title='bbox 3020 4242 3118 4312; x_wconf 89' lang='lat' dir='ltr'>jus</span> <span class='ocrx_word' id='word_1_699' title='bbox 3149 4238 3313 4310; x_wconf 81' lang='lat' dir='ltr'>regis,</span> <span class='ocrx_word' id='word_1_700' title='bbox 3346 4238 3441 4309; x_wconf 86' lang='lat' dir='ltr'>qui</span> <span class='ocrx_word' id='word_1_701' title='bbox 3459 4252 3555 4292; x_wconf 88' lang='lat' dir='ltr'>re-</span> 
     </span>
    </p>
   </div>
   <div class='ocr_carea' id='block_1_92' title="bbox 1968 4338 2668 4411">
    <p class='ocr_par' dir='ltr' id='par_1_92' title="bbox 1968 4338 2668 4411">
     <span class='ocr_line' id='line_1_92' title="bbox 1968 4338 2668 4411; baseline -0.011 -17"><span class='ocrx_word' id='word_1_702' title='bbox 1968 4342 2250 4411; x_wconf 85' lang='lat' dir='ltr'>gnaturus</span> <span class='ocrx_word' id='word_1_703' title='bbox 2265 4338 2351 4391; x_wconf 81' lang='lat' dir='ltr'>est</span> <span class='ocrx_word' id='word_1_704' title='bbox 2375 4348 2546 4406; x_wconf 84' lang='lat' dir='ltr'>super</span> <span class='ocrx_word' id='word_1_705' title='bbox 2558 4347 2668 4389; x_wconf 83' lang='lat' dir='ltr'>eos.</span> 
     </span>
    </p>
   </div>
   <div class='ocr_carea' id='block_1_93' title="bbox 2043 4414 3565 4494">
    <p class='ocr_par' dir='ltr' id='par_1_93' title="bbox 2043 4414 3565 4494">
     <span class='ocr_line' id='line_1_93' title="bbox 2043 4414 3565 4494; baseline -0.006 -13"><span class='ocrx_word' id='word_1_706' title='bbox 2043 4428 2094 4481; x_wconf 93' lang='lat'>8.</span> <span class='ocrx_word' id='word_1_707' title='bbox 2128 4425 2293 4494; x_wconf 90' lang='lat' dir='ltr'>Quasi</span> <span class='ocrx_word' id='word_1_708' title='bbox 2323 4430 2507 4494; x_wconf 87' lang='lat' dir='ltr'>aperta</span> <span class='ocrx_word' id='word_1_709' title='bbox 2564 4418 2868 4476; x_wconf 80' lang='lat' dir='ltr'>ostentione</span> <span class='ocrx_word' id='word_1_710' title='bbox 2921 4418 3226 4474; x_wconf 76' lang='lat' dir='ltr'>clementiae</span> <span class='ocrx_word' id='word_1_711' title='bbox 3255 4415 3438 4472; x_wconf 86' lang='lat' dir='ltr'>dicat:</span> <span class='ocrx_word' id='word_1_712' title='bbox 3473 4414 3565 4473; x_wconf 85' lang='lat' dir='ltr'>Sic</span> 
     </span>
    </p>
   </div>
   <div class='ocr_carea' id='block_1_94' title="bbox 279 4499 1850 4579">
    <p class='ocr_par' dir='ltr' id='par_1_94' title="bbox 279 4499 1850 4572">
     <span class='ocr_line' id='line_1_94' title="bbox 279 4499 1850 4572; baseline 0.002 -21"><span class='ocrx_word' id='word_1_713' title='bbox 279 4499 385 4552; x_wconf 84' lang='lat' dir='ltr'>cedi</span> <span class='ocrx_word' id='word_1_714' title='bbox 438 4500 673 4572; x_wconf 86' lang='lat' dir='ltr'>dignitas</span> <span class='ocrx_word' id='word_1_715' title='bbox 727 4517 826 4572; x_wconf 88' lang='lat' dir='ltr'>pro</span> <span class='ocrx_word' id='word_1_716' title='bbox 867 4500 1095 4557; x_wconf 90' lang='lat' dir='ltr'>vindicta</span> <span class='ocrx_word' id='word_1_717' title='bbox 1143 4502 1337 4572; x_wconf 90' lang='lat' dir='ltr'>potuit,</span> <span class='ocrx_word' id='word_1_718' title='bbox 1400 4515 1508 4555; x_wconf 88' lang='lat' dir='ltr'>non</span> <span class='ocrx_word' id='word_1_719' title='bbox 1567 4499 1850 4570; x_wconf 87' lang='lat' dir='ltr'>tranquilla</span> 
     </span>
    </p>
   </div>
   <div class='ocr_carea' id='block_1_95' title="bbox 1960 4499 3561 4579">
    <p class='ocr_par' dir='ltr' id='par_1_95' title="bbox 1967 4505 3561 4579">
     <span class='ocr_line' id='line_1_95' title="bbox 1967 4505 3561 4579; baseline -0.008 -7"><span class='ocrx_word' id='word_1_720' title='bbox 1967 4516 2093 4572; x_wconf 88' lang='lat' dir='ltr'>audi</span> <span class='ocrx_word' id='word_1_721' title='bbox 2123 4530 2292 4571; x_wconf 86' lang='lat' dir='ltr'>voces</span> <span class='ocrx_word' id='word_1_722' title='bbox 2322 4528 2528 4578; x_wconf 89' lang='lat' dir='ltr'>eorum,</span> <span class='ocrx_word' id='word_1_723' title='bbox 2576 4519 2632 4565; x_wconf 90' lang='lat' dir='ltr'>ut</span> <span class='ocrx_word' id='word_1_724' title='bbox 2691 4518 2869 4564; x_wconf 91' lang='lat' dir='ltr'>tamen</span> <span class='ocrx_word' id='word_1_725' title='bbox 2922 4507 3027 4579; x_wconf 92' lang='lat' dir='ltr'>ipsi</span> <span class='ocrx_word' id='word_1_726' title='bbox 3057 4508 3203 4579; x_wconf 89' lang='lat' dir='ltr'>prius</span> <span class='ocrx_word' id='word_1_727' title='bbox 3233 4506 3301 4561; x_wconf 88' lang='lat' dir='ltr'>de</span> <span class='ocrx_word' id='word_1_728' title='bbox 3323 4505 3447 4576; x_wconf 85' lang='lat' dir='ltr'>jure</span> <span class='ocrx_word' id='word_1_729' title='bbox 3476 4521 3561 4561; x_wconf 91' lang='lat' dir='ltr'>re-</span> 
     </span>
    </p>
   </div>
   <div class='ocr_carea' id='block_1_96' title="bbox 279 4587 1853 4656">
    <p class='ocr_par' dir='ltr' id='par_1_96' title="bbox 279 4587 1853 4656">
     <span class='ocr_line' id='line_1_96' title="bbox 279 4587 1853 4656; baseline 0.002 -17"><span class='ocrx_word' id='word_1_730' title='bbox 279 4589 543 4656; x_wconf 86' lang='lat' dir='ltr'>majestate</span> <span class='ocrx_word' id='word_1_731' title='bbox 573 4588 871 4645; x_wconf 85' lang='lat' dir='ltr'>divinitatis</span> <span class='ocrx_word' id='word_1_732' title='bbox 899 4589 1121 4646; x_wconf 89' lang='lat' dir='ltr'>concedi</span> <span class='ocrx_word' id='word_1_733' title='bbox 1177 4588 1379 4655; x_wconf 90' lang='lat' dir='ltr'>debuit,</span> <span class='ocrx_word' id='word_1_734' title='bbox 1409 4587 1503 4643; x_wconf 90' lang='lat' dir='ltr'>sed</span> <span class='ocrx_word' id='word_1_735' title='bbox 1530 4587 1680 4642; x_wconf 88' lang='lat' dir='ltr'>velut</span> <span class='ocrx_word' id='word_1_736' title='bbox 1708 4588 1853 4642; x_wconf 91' lang='lat' dir='ltr'>indi-</span> 
     </span>
    </p>
   </div>
   <div class='ocr_carea' id='block_1_97' title="bbox 279 4676 1856 4750">
    <p class='ocr_par' dir='ltr' id='par_1_97' title="bbox 279 4676 1856 4750">
     <span class='ocr_line' id='line_1_97' title="bbox 279 4676 1856 4750; baseline 0.001 -21"><span class='ocrx_word' id='word_1_737' title='bbox 279 4684 450 4746; x_wconf 80' lang='lat' dir='ltr'>gnata.</span> <span class='ocrx_word' id='word_1_738' title='bbox 486 4677 823 4750; x_wconf 87' lang='lat' dir='ltr'>Indignatam</span> <span class='ocrx_word' id='word_1_739' title='bbox 871 4692 999 4733; x_wconf 86' lang='lat' dir='ltr'>vero</span> <span class='ocrx_word' id='word_1_740' title='bbox 1046 4677 1383 4746; x_wconf 90' lang='lat' dir='ltr'>majestatem</span> <span class='ocrx_word' id='word_1_741' title='bbox 1424 4676 1522 4731; x_wconf 90' lang='lat' dir='ltr'>Dei</span> <span class='ocrx_word' id='word_1_742' title='bbox 1552 4676 1633 4748; x_wconf 87' lang='lat' dir='ltr'>(a)</span> <span class='ocrx_word' id='word_1_743' title='bbox 1663 4691 1771 4731; x_wconf 92' lang='lat' dir='ltr'>non</span> <span class='ocrx_word' id='word_1_744' title='bbox 1802 4676 1856 4730; x_wconf 90' lang='lat' dir='ltr'>in</span> 
     </span>
    </p>
   </div>
   <div class='ocr_carea' id='block_1_98' title="bbox 276 4764 1857 4837">
    <p class='ocr_par' dir='ltr' id='par_1_98' title="bbox 276 4764 1857 4837">
     <span class='ocr_line' id='line_1_98' title="bbox 276 4764 1857 4837; baseline 0.001 -20"><span class='ocrx_word' id='word_1_745' title='bbox 276 4764 503 4834; x_wconf 83' lang='lat' dir='ltr'>seipsam</span> <span class='ocrx_word' id='word_1_746' title='bbox 529 4766 847 4832; x_wconf 88' lang='lat' dir='ltr'>asserimus,</span> <span class='ocrx_word' id='word_1_747' title='bbox 880 4782 1001 4837; x_wconf 85' lang='lat' dir='ltr'>quae</span> <span class='ocrx_word' id='word_1_748' title='bbox 1028 4765 1270 4836; x_wconf 86' lang='lat' dir='ltr'>passioni</span> <span class='ocrx_word' id='word_1_749' title='bbox 1300 4781 1409 4822; x_wconf 89' lang='lat' dir='ltr'>non</span> <span class='ocrx_word' id='word_1_750' title='bbox 1437 4765 1678 4834; x_wconf 87' lang='lat' dir='ltr'>subjacet</span> <span class='ocrx_word' id='word_1_751' title='bbox 1711 4783 1722 4818; x_wconf 94' lang='lat'>:</span> <span class='ocrx_word' id='word_1_752' title='bbox 1759 4764 1857 4819; x_wconf 87' lang='lat' dir='ltr'>sed</span> 
     </span>
    </p>
   </div>
   <div class='ocr_carea' id='block_1_99' title="bbox 278 4852 1858 4926">
    <p class='ocr_par' dir='ltr' id='par_1_99' title="bbox 278 4852 1858 4926">
     <span class='ocr_line' id='line_1_99' title="bbox 278 4852 1858 4926; baseline 0.001 -21"><span class='ocrx_word' id='word_1_753' title='bbox 278 4852 394 4921; x_wconf 86' lang='lat' dir='ltr'>quia</span> <span class='ocrx_word' id='word_1_754' title='bbox 422 4852 541 4908; x_wconf 91' lang='lat' dir='ltr'>dum</span> <span class='ocrx_word' id='word_1_755' title='bbox 570 4854 759 4926; x_wconf 89' lang='lat' dir='ltr'>culpas</span> <span class='ocrx_word' id='word_1_756' title='bbox 813 4854 1047 4923; x_wconf 89' lang='lat' dir='ltr'>discutit,</span> <span class='ocrx_word' id='word_1_757' title='bbox 1105 4853 1495 4926; x_wconf 86' lang='lat' dir='ltr'>indignationis</span> <span class='ocrx_word' id='word_1_758' title='bbox 1551 4852 1723 4910; x_wconf 88' lang='lat' dir='ltr'>verba</span> <span class='ocrx_word' id='word_1_759' title='bbox 1757 4869 1858 4924; x_wconf 91' lang='lat' dir='ltr'>per</span> 
     </span>
    </p>
   </div>
   <div class='ocr_carea' id='block_1_100' title="bbox 278 4937 1853 5013">
    <p class='ocr_par' dir='ltr' id='par_1_100' title="bbox 278 4937 1853 5013">
     <span class='ocr_line' id='line_1_100' title="bbox 278 4937 1853 5013; baseline 0.001 -20"><span class='ocrx_word' id='word_1_760' title='bbox 278 4937 574 5011; x_wconf 82' lang='lat' dir='ltr'>Scripturas</span> <span class='ocrx_word' id='word_1_761' title='bbox 603 4942 751 4998; x_wconf 88' lang='lat' dir='ltr'>dicit.</span> <span class='ocrx_word' id='word_1_762' title='bbox 785 4944 918 4997; x_wconf 88' lang='lat' dir='ltr'>Item</span> <span class='ocrx_word' id='word_1_763' title='bbox 949 4942 1072 5012; x_wconf 90' lang='lat' dir='ltr'>quia</span> <span class='ocrx_word' id='word_1_764' title='bbox 1092 4943 1148 4996; x_wconf 91' lang='lat' dir='ltr'>in</span> <span class='ocrx_word' id='word_1_765' title='bbox 1168 4946 1357 5013; x_wconf 57' lang='lat' dir='ltr'>tjpum</span> <span class='ocrx_word' id='word_1_766' title='bbox 1389 4941 1687 4998; x_wconf 90' lang='lat' dir='ltr'>carnalium</span> <span class='ocrx_word' id='word_1_767' title='bbox 1710 4958 1853 5013; x_wconf 81' lang='lat' dir='ltr'>prae-</span> 
     </span>
    </p>
   </div>
   <div class='ocr_carea' id='block_1_101' title="bbox 276 5024 1856 5102">
    <p class='ocr_par' dir='ltr' id='par_1_101' title="bbox 276 5024 1856 5102">
     <span class='ocr_line' id='line_1_101' title="bbox 276 5024 1856 5102; baseline 0.003 -23"><span class='ocrx_word' id='word_1_768' title='bbox 276 5024 497 5083; x_wconf 85' lang='lat' dir='ltr'>latorum</span> <span class='ocrx_word' id='word_1_769' title='bbox 535 5032 843 5100; x_wconf 86' lang='lat' dir='ltr'>assumitur,</span> <span class='ocrx_word' id='word_1_770' title='bbox 897 5031 1271 5100; x_wconf 90' lang='lat' dir='ltr'>reprobandus</span> <span class='ocrx_word' id='word_1_771' title='bbox 1325 5047 1419 5086; x_wconf 81' lang='lat' dir='ltr'>rex</span> <span class='ocrx_word' id='word_1_772' title='bbox 1475 5030 1713 5102; x_wconf 87' lang='lat' dir='ltr'>eligitur,</span> <span class='ocrx_word' id='word_1_773' title='bbox 1748 5046 1856 5085; x_wconf 92' lang='lat' dir='ltr'>non</span> 
     </span>
    </p>
   </div>
   <div class='ocr_carea' id='block_1_102' title="bbox 276 5116 1851 5191">
    <p class='ocr_par' dir='ltr' id='par_1_102' title="bbox 276 5116 1851 5191">
     <span class='ocr_line' id='line_1_102' title="bbox 276 5116 1851 5191; baseline 0.003 -22"><span class='ocrx_word' id='word_1_774' title='bbox 276 5116 495 5174; x_wconf 84' lang='lat' dir='ltr'>electus.</span> <span class='ocrx_word' id='word_1_775' title='bbox 522 5120 614 5175; x_wconf 80' lang='lat' dir='ltr'>Vel</span> <span class='ocrx_word' id='word_1_776' title='bbox 663 5119 899 5176; x_wconf 82' lang='lat' dir='ltr'>fortasse</span> <span class='ocrx_word' id='word_1_777' title='bbox 952 5120 1159 5177; x_wconf 90' lang='lat' dir='ltr'>idcirco</span> <span class='ocrx_word' id='word_1_778' title='bbox 1189 5120 1454 5191; x_wconf 86' lang='lat' dir='ltr'>reprobus</span> <span class='ocrx_word' id='word_1_779' title='bbox 1486 5137 1583 5175; x_wconf 81' lang='lat' dir='ltr'>rex</span> <span class='ocrx_word' id='word_1_780' title='bbox 1613 5120 1851 5190; x_wconf 84' lang='lat' dir='ltr'>eligitur,</span> 
     </span>
    </p>
   </div>
   <div class='ocr_carea' id='block_1_103' title="bbox 278 5206 1849 5282">
    <p class='ocr_par' dir='ltr' id='par_1_103' title="bbox 278 5206 1849 5282">
     <span class='ocr_line' id='line_1_103' title="bbox 278 5206 1849 5282; baseline 0.004 -26"><span class='ocrx_word' id='word_1_781' title='bbox 278 5212 330 5257; x_wconf 91' lang='lat' dir='ltr'>ut</span> <span class='ocrx_word' id='word_1_782' title='bbox 348 5206 547 5264; x_wconf 86' lang='lat' dir='ltr'>electus</span> <span class='ocrx_word' id='word_1_783' title='bbox 562 5225 845 5268; x_wconf 89' lang='lat' dir='ltr'>successor</span> <span class='ocrx_word' id='word_1_784' title='bbox 864 5209 981 5280; x_wconf 88' lang='lat' dir='ltr'>ejus</span> <span class='ocrx_word' id='word_1_785' title='bbox 998 5225 1091 5265; x_wconf 82' lang='lat' dir='ltr'>rex</span> <span class='ocrx_word' id='word_1_786' title='bbox 1122 5209 1295 5265; x_wconf 84' lang='lat' dir='ltr'>David</span> <span class='ocrx_word' id='word_1_787' title='bbox 1314 5210 1366 5264; x_wconf 93' lang='lat' dir='ltr'>in</span> <span class='ocrx_word' id='word_1_788' title='bbox 1388 5225 1453 5266; x_wconf 88' lang='lat' dir='ltr'>eo</span> <span class='ocrx_word' id='word_1_789' title='bbox 1474 5216 1849 5282; x_wconf 87' lang='lat' dir='ltr'>cognosceret,</span> 
     </span>
    </p>
   </div>
   <div class='ocr_carea' id='block_1_104' title="bbox 342 5402 1547 5479">
    <p class='ocr_par' dir='ltr' id='par_1_104' title="bbox 342 5402 1547 5479">
     <span class='ocr_line' id='line_1_104' title="bbox 342 5402 1547 5479; baseline 0.004 -23"><span class='ocrx_word' id='word_1_790' title='bbox 342 5404 417 5471; x_wconf 89' lang='lat' dir='ltr'>(a)</span> <span class='ocrx_word' id='word_1_791' title='bbox 458 5402 744 5473; x_wconf 86' lang='lat' dir='ltr'>Gussanv.,</span> <span class='ocrx_word' id='word_1_792' title='bbox 776 5421 892 5461; x_wconf 85' lang='lat' dir='ltr'>non</span> <span class='ocrx_word' id='word_1_793' title='bbox 921 5406 1182 5479; x_wconf 84' lang='lat' dir='ltr'>_seipsam</span> <span class='ocrx_word' id='word_1_794' title='bbox 1215 5405 1547 5462; x_wconf 83' lang='lat' dir='ltr'>asserimus.</span> 
     </span>
    </p>
   </div>
   <div class='ocr_carea' id='block_1_105' title="bbox 341 5488 1853 5568">
    <p class='ocr_par' dir='ltr' id='par_1_105' title="bbox 341 5488 1853 5568">
     <span class='ocr_line' id='line_1_105' title="bbox 341 5488 1853 5568; baseline 0.003 -23"><span class='ocrx_word' id='word_1_795' title='bbox 341 5488 419 5561; x_wconf 75' lang='grc' dir='ltr'>(ὁ)</span> <span class='ocrx_word' id='word_1_796' title='bbox 436 5490 591 5548; x_wconf 88' lang='lat' dir='ltr'>Gilot.</span> <span class='ocrx_word' id='word_1_797' title='bbox 609 5502 661 5550; x_wconf 91' lang='lat' dir='ltr'>et</span> <span class='ocrx_word' id='word_1_798' title='bbox 675 5494 867 5565; x_wconf 83' lang='lat' dir='ltr'>Vatic.,</span> <span class='ocrx_word' id='word_1_799' title='bbox 880 5497 1286 5568; x_wconf 81' lang='lat' dir='ltr'>persecutores;</span> <span class='ocrx_word' id='word_1_800' title='bbox 1298 5493 1591 5567; x_wconf 86' lang='lat' dir='ltr'>legendum</span> <span class='ocrx_word' id='word_1_801' title='bbox 1605 5510 1853 5567; x_wconf 66' lang='lat' dir='ltr'>praecur-</span> 
     </span>
    </p>
   </div>
   <div class='ocr_carea' id='block_1_106' title="bbox 279 5581 1853 5657">
    <p class='ocr_par' dir='ltr' id='par_1_106' title="bbox 279 5581 1853 5657">
     <span class='ocr_line' id='line_1_106' title="bbox 279 5581 1853 5657; baseline 0.005 -25"><span class='ocrx_word' id='word_1_802' title='bbox 279 5592 444 5648; x_wconf 79' lang='lat' dir='ltr'>seres,</span> <span class='ocrx_word' id='word_1_803' title='bbox 476 5584 527 5636; x_wconf 90' lang='lat' dir='ltr'>ut</span> <span class='ocrx_word' id='word_1_804' title='bbox 548 5581 708 5655; x_wconf 83' lang='lat' dir='ltr'>liquet</span> <span class='ocrx_word' id='word_1_805' title='bbox 735 5600 805 5641; x_wconf 83' lang='lat' dir='ltr'>ex</span> <span class='ocrx_word' id='word_1_806' title='bbox 829 5598 951 5657; x_wconf 88' lang='lat' dir='ltr'>cap.</span> <span class='ocrx_word' id='word_1_807' title='bbox 974 5587 1030 5653; x_wconf 78' lang='lat'>2,</span> <span class='ocrx_word' id='word_1_808' title='bbox 1063 5599 1216 5639; x_wconf 73' lang='lat' dir='ltr'>num.</span> <span class='ocrx_word' id='word_1_809' title='bbox 1247 5584 1299 5653; x_wconf 73' lang='grc' dir='ltr'>ι,</span> <span class='ocrx_word' id='word_1_810' title='bbox 1353 5582 1457 5640; x_wconf 87' lang='lat' dir='ltr'>etsi</span> <span class='ocrx_word' id='word_1_811' title='bbox 1484 5581 1611 5640; x_wconf 91' lang='lat' dir='ltr'>inde</span> <span class='ocrx_word' id='word_1_812' title='bbox 1640 5599 1853 5656; x_wconf 89' lang='lat' dir='ltr'>quoque</span> 
     </span>
    </p>
   </div>
   <div class='ocr_carea' id='block_1_107' title="bbox 1964 4596 3559 4679">
    <p class='ocr_par' dir='ltr' id='par_1_107' title="bbox 1964 4596 3559 4679">
     <span class='ocr_line' id='line_1_107' title="bbox 1964 4596 3559 4679; baseline -0.007 -19"><span class='ocrx_word' id='word_1_813' title='bbox 1964 4607 2070 4679; x_wconf 85' lang='lat' dir='ltr'>gis,</span> <span class='ocrx_word' id='word_1_814' title='bbox 2103 4620 2263 4677; x_wconf 89' lang='lat' dir='ltr'>quem</span> <span class='ocrx_word' id='word_1_815' title='bbox 2312 4608 2520 4673; x_wconf 90' lang='lat' dir='ltr'>petunt,</span> <span class='ocrx_word' id='word_1_816' title='bbox 2581 4598 2807 4654; x_wconf 88' lang='lat' dir='ltr'>audiant</span> <span class='ocrx_word' id='word_1_817' title='bbox 2863 4596 3007 4668; x_wconf 91' lang='lat' dir='ltr'>quod</span> <span class='ocrx_word' id='word_1_818' title='bbox 3063 4603 3465 4668; x_wconf 85' lang='lat' dir='ltr'>expavescant;</span> <span class='ocrx_word' id='word_1_819' title='bbox 3503 4600 3559 4651; x_wconf 88' lang='lat' dir='ltr'>et</span> 
     </span>
    </p>
   </div>
   <div class='ocr_carea' id='block_1_108' title="bbox 1963 4685 3555 4759">
    <p class='ocr_par' dir='ltr' id='par_1_108' title="bbox 1963 4685 3555 4759">
     <span class='ocr_line' id='line_1_108' title="bbox 1963 4685 3555 4759; baseline -0.008 -9"><span class='ocrx_word' id='word_1_820' title='bbox 1963 4695 2111 4750; x_wconf 88' lang='lat' dir='ltr'>velut</span> <span class='ocrx_word' id='word_1_821' title='bbox 2137 4702 2264 4748; x_wconf 89' lang='lat' dir='ltr'>tunc</span> <span class='ocrx_word' id='word_1_822' title='bbox 2317 4690 2458 4745; x_wconf 88' lang='lat' dir='ltr'>male</span> <span class='ocrx_word' id='word_1_823' title='bbox 2517 4695 2694 4759; x_wconf 89' lang='lat' dir='ltr'>coepta</span> <span class='ocrx_word' id='word_1_824' title='bbox 2748 4686 3016 4754; x_wconf 90' lang='lat' dir='ltr'>deserant,</span> <span class='ocrx_word' id='word_1_825' title='bbox 3066 4701 3207 4753; x_wconf 90' lang='lat' dir='ltr'>cum,</span> <span class='ocrx_word' id='word_1_826' title='bbox 3268 4700 3426 4755; x_wconf 89' lang='lat' dir='ltr'>quam</span> <span class='ocrx_word' id='word_1_827' title='bbox 3481 4685 3555 4738; x_wconf 90' lang='lat' dir='ltr'>sit</span> 
     </span>
    </p>
   </div>
   <div class='ocr_carea' id='block_1_109' title="bbox 1963 4773 3558 4851">
    <p class='ocr_par' dir='ltr' id='par_1_109' title="bbox 1963 4773 3558 4851">
     <span class='ocr_line' id='line_1_109' title="bbox 1963 4773 3558 4851; baseline -0.008 -12"><span class='ocrx_word' id='word_1_828' title='bbox 1963 4800 2049 4840; x_wconf 91' lang='lat' dir='ltr'>res</span> <span class='ocrx_word' id='word_1_829' title='bbox 2078 4796 2328 4847; x_wconf 86' lang='lat' dir='ltr'>onerosa,</span> <span class='ocrx_word' id='word_1_830' title='bbox 2387 4776 2752 4851; x_wconf 88' lang='lat' dir='ltr'>cognoscitur,</span> <span class='ocrx_word' id='word_1_831' title='bbox 2812 4791 2970 4845; x_wconf 88' lang='lat' dir='ltr'>quam</span> <span class='ocrx_word' id='word_1_832' title='bbox 3026 4776 3300 4845; x_wconf 87' lang='lat' dir='ltr'>patebant.</span> <span class='ocrx_word' id='word_1_833' title='bbox 3359 4773 3558 4844; x_wconf 87' lang='lat' dir='ltr'>Sequi-</span> 
     </span>
    </p>
   </div>
   <div class='ocr_carea' id='block_1_110' title="bbox 1961 4880 2089 4928">
    <p class='ocr_par' dir='ltr' id='par_1_110' title="bbox 1961 4880 2089 4928">
     <span class='ocr_line' id='line_1_110' title="bbox 1961 4880 2089 4928; baseline -0.008 0"><span class='ocrx_word' id='word_1_834' title='bbox 1961 4880 2046 4928; x_wconf 83' lang='lat' dir='ltr'>tur</span> <span class='ocrx_word' id='word_1_835' title='bbox 2075 4890 2089 4927; x_wconf 86' lang='lat'>:</span> 
     </span>
    </p>
   </div>
   <div class='ocr_carea' id='block_1_111' title="bbox 2033 4948 3557 5031">
    <p class='ocr_par' dir='ltr' id='par_1_111' title="bbox 2033 4948 3557 5031">
     <span class='ocr_line' id='line_1_111' title="bbox 2033 4948 3557 5031; baseline -0.007 -16"><span class='ocrx_word' id='word_1_836' title='bbox 2033 4960 2209 5031; x_wconf 77' lang='lat' dir='ltr'>(Vera.</span> <span class='ocrx_word' id='word_1_837' title='bbox 2241 4960 2391 5015; x_wconf 75' lang='lat'><strong>10-17</strong></span> <span class='ocrx_word' id='word_1_838' title='bbox 2406 4999 2416 5010; x_wconf 92' lang='lat'>.</span> <span class='ocrx_word' id='word_1_839' title='bbox 2432 4958 2452 5029; x_wconf 97' lang='lat'>)</span> <span class='ocrx_word' id='word_1_840' title='bbox 2471 4957 2630 5013; x_wconf 72' lang='lat' dir='ltr'>Dixit</span> <span class='ocrx_word' id='word_1_841' title='bbox 2647 4957 2839 5027; x_wconf 85' lang='lat' dir='ltr'>itaque</span> <span class='ocrx_word' id='word_1_842' title='bbox 2854 4953 3047 5010; x_wconf 83' lang='lat' dir='ltr'>omnia</span> <span class='ocrx_word' id='word_1_843' title='bbox 3065 4954 3224 5009; x_wconf 87' lang='lat' dir='ltr'>verba</span> <span class='ocrx_word' id='word_1_844' title='bbox 3242 4951 3467 5007; x_wconf 81' lang='lat' dir='ltr'>Domini</span> <span class='ocrx_word' id='word_1_845' title='bbox 3483 4948 3557 5004; x_wconf 83' lang='lat' dir='ltr'>ad</span> 
     </span>
    </p>
   </div>
   <div class='ocr_carea' id='block_1_112' title="bbox 1958 5038 3547 5123">
    <p class='ocr_par' dir='ltr' id='par_1_112' title="bbox 1958 5038 3547 5123">
     <span class='ocr_line' id='line_1_112' title="bbox 1958 5038 3547 5123; baseline -0.011 -15"><span class='ocrx_word' id='word_1_846' title='bbox 1958 5048 2361 5123; x_wconf 76' lang='lat' dir='ltr'>populum,qui</span> <span class='ocrx_word' id='word_1_847' title='bbox 2378 5046 2675 5119; x_wconf 87' lang='lat' dir='ltr'>petierata</span> <span class='ocrx_word' id='word_1_848' title='bbox 2690 5060 2748 5099; x_wconf 85' lang='lat' dir='ltr'>se</span> <span class='ocrx_word' id='word_1_849' title='bbox 2768 5046 3034 5114; x_wconf 89' lang='lat' dir='ltr'>regem,et</span> <span class='ocrx_word' id='word_1_850' title='bbox 3055 5044 3139 5097; x_wconf 88' lang='lat' dir='ltr'>ait</span> <span class='ocrx_word' id='word_1_851' title='bbox 3160 5059 3176 5093; x_wconf 90' lang='lat'>:</span> <span class='ocrx_word' id='word_1_852' title='bbox 3195 5039 3309 5094; x_wconf 82' lang='lat' dir='ltr'>Hoc</span> <span class='ocrx_word' id='word_1_853' title='bbox 3324 5040 3440 5093; x_wconf 81' lang='lat' dir='ltr'>erit</span> <span class='ocrx_word' id='word_1_854' title='bbox 3447 5038 3547 5106; x_wconf 84' lang='lat' dir='ltr'>jus</span> 
     </span>
    </p>
   </div>
   <div class='ocr_carea' id='block_1_113' title="bbox 1962 5124 3544 5212">
    <p class='ocr_par' dir='ltr' id='par_1_113' title="bbox 1962 5124 3544 5212">
     <span class='ocr_line' id='line_1_113' title="bbox 1962 5124 3544 5212; baseline -0.01 -17"><span class='ocrx_word' id='word_1_855' title='bbox 1962 5156 2057 5212; x_wconf 86' lang='lat' dir='ltr'>reg</span> <span class='ocrx_word' id='word_1_856' title='bbox 2066 5140 2236 5212; x_wconf 85' lang='lat' dir='ltr'>is,qui</span> <span class='ocrx_word' id='word_1_857' title='bbox 2255 5138 2642 5209; x_wconf 84' lang='lat' dir='ltr'>imperaturus</span> <span class='ocrx_word' id='word_1_858' title='bbox 2662 5136 2745 5188; x_wconf 84' lang='lat' dir='ltr'>est</span> <span class='ocrx_word' id='word_1_859' title='bbox 2764 5132 2927 5188; x_wconf 81' lang='lat' dir='ltr'>vobis.</span> <span class='ocrx_word' id='word_1_860' title='bbox 2949 5131 3119 5185; x_wconf 81' lang='lat' dir='ltr'>Filios</span> <span class='ocrx_word' id='word_1_861' title='bbox 3133 5131 3341 5185; x_wconf 81' lang='lat' dir='ltr'>vestros</span> <span class='ocrx_word' id='word_1_862' title='bbox 3360 5126 3438 5181; x_wconf 80' lang='lat' dir='ltr'>tot</span> <span class='ocrx_word' id='word_1_863' title='bbox 3446 5124 3544 5191; x_wconf 83' lang='lat' dir='ltr'>tet,</span> 
     </span>
    </p>
   </div>
   <div class='ocr_carea' id='block_1_114' title="bbox 1962 5214 3540 5301">
    <p class='ocr_par' dir='ltr' id='par_1_114' title="bbox 1962 5214 3540 5301">
     <span class='ocr_line' id='line_1_114' title="bbox 1962 5214 3540 5301; baseline -0.011 -16"><span class='ocrx_word' id='word_1_864' title='bbox 1962 5232 2017 5285; x_wconf 86' lang='lat' dir='ltr'>et</span> <span class='ocrx_word' id='word_1_865' title='bbox 2033 5232 2204 5301; x_wconf 88' lang='lat' dir='ltr'>ponet</span> <span class='ocrx_word' id='word_1_866' title='bbox 2222 5230 2284 5283; x_wconf 86' lang='lat' dir='ltr'>in</span> <span class='ocrx_word' id='word_1_867' title='bbox 2314 5226 2572 5284; x_wconf 83' lang='lat' dir='ltr'>curribus</span> <span class='ocrx_word' id='word_1_868' title='bbox 2602 5224 2738 5289; x_wconf 82' lang='lat' dir='ltr'>suis,</span> <span class='ocrx_word' id='word_1_869' title='bbox 2760 5222 3041 5293; x_wconf 77' lang='lat' dir='ltr'>facietque</span> <span class='ocrx_word' id='word_1_870' title='bbox 3072 5217 3176 5272; x_wconf 85' lang='lat' dir='ltr'>sibi</span> <span class='ocrx_word' id='word_1_871' title='bbox 3202 5216 3435 5287; x_wconf 82' lang='lat' dir='ltr'>equites,</span> <span class='ocrx_word' id='word_1_872' title='bbox 3468 5214 3540 5283; x_wconf 83' lang='lat' dir='ltr'>(b)</span> 
     </span>
    </p>
   </div>
   <div class='ocr_carea' id='block_1_115' title="bbox 1961 5393 3550 5465">
    <p class='ocr_par' dir='ltr' id='par_1_115' title="bbox 1961 5393 3550 5465">
     <span class='ocr_line' id='line_1_115' title="bbox 1961 5393 3550 5465; baseline -0.005 -6"><span class='ocrx_word' id='word_1_873' title='bbox 1961 5404 2234 5460; x_wconf 74' lang='lat' dir='ltr'>discamus</span> <span class='ocrx_word' id='word_1_874' title='bbox 2266 5403 2447 5458; x_wconf 86' lang='lat' dir='ltr'>multis</span> <span class='ocrx_word' id='word_1_875' title='bbox 2475 5402 2529 5456; x_wconf 91' lang='lat' dir='ltr'>in</span> <span class='ocrx_word' id='word_1_876' title='bbox 2549 5398 2826 5456; x_wconf 87' lang='lat' dir='ltr'>codicibus</span> <span class='ocrx_word' id='word_1_877' title='bbox 2853 5396 2982 5453; x_wconf 93' lang='lat' dir='ltr'>olim</span> <span class='ocrx_word' id='word_1_878' title='bbox 3023 5393 3245 5463; x_wconf 90' lang='lat' dir='ltr'>lectum,</span> <span class='ocrx_word' id='word_1_879' title='bbox 3277 5408 3550 5465; x_wconf 84' lang='lat' dir='ltr'>persecu-</span> 
     </span>
    </p>
   </div>
   <div class='ocr_carea' id='block_1_116' title="bbox 1962 5497 2129 5551">
    <p class='ocr_par' dir='ltr' id='par_1_116' title="bbox 1962 5497 2129 5551">
     <span class='ocr_line' id='line_1_116' title="bbox 1962 5497 2129 5551; baseline 0 0"><span class='ocrx_word' id='word_1_880' title='bbox 1962 5497 2129 5551; x_wconf 84' lang='lat' dir='ltr'>tores.</span> 
     </span>
    </p>
   </div>
  </div>
