4034 6174
485 253 589 311 223

1681 257 1934 315 SANCTI
1976 254 2317 314 GREGORII
2358 254 2582 314 MAGNI

3684 46 3701 103 δν

3660 259 3757 321 Ξξι

482 382 929 452 etpra'cursores
955 382 1366 457 quadrigarum
1398 399 1670 443 suarum:
1693 387 1749 441 et
1768 382 2080 441 constituet
2110 384 2167 451 Α
2197 380 2457 439 audacius
2487 396 2630 437 nunc
2656 379 2804 437 mala
2824 378 3198 453 proponimus,
3247 387 3440 453 quanto
3490 382 3598 453 jam
3647 401 3758 444 cum

479 468 584 525 sibi
614 468 891 539 tribunos,
923 476 980 527 et
1010 474 1392 543 centuriones,
1427 478 1483 531 et
1525 478 1785 530 aratores
1814 488 2082 544 agrorum

476 570 726 626 suorum,
748 564 802 615 et
817 576 1089 618 messores
1103 567 1375 634 segetum,
1407 568 1465 620 et
1478 564 1668 635 fabros
1694 579 2005 629 armorum,
2027 565 2082 618 et

483 661 756 713 curruum
773 666 1032 707 suorum:
1041 652 1192 720 ﬁlias
1211 668 1421 725 quoque
1441 658 1656 709 vestras
1671 653 1847 723 faciet
1862 652 1971 708 sibi
1986 667 2085 707 un-

481 738 836 807 guentarius,
869 743 927 795 et
955 743 1304 812 [ocarias,et
1335 741 1628 813 paniﬁcas.
1667 743 1841 812 Agros
1873 755 2086 813 quoque

486 827 779 895 vestros,et
800 828 1081 895 vineas,et
1096 830 1300 887 oliveta
1314 831 1529 902 optima
1549 831 1714 886 tollet
1727 834 1781 885 et
1801 829 1953 885 dabit
1970 845 2084 885 ser-

487 913 570 968 vis
584 916 723 969 suis.
744 916 849 972 Sed
869 921 926 973 et
956 922 1165 990 segetes
1194 922 1431 985 vestras,
1466 923 1521 975 et
1539 920 1840 975 vinearum
1868 917 2087 974 reditus

487 1002 881 1071 addecimabit.
901 1010 965 1062 ut
985 1007 1078 1063 det
1094 1008 1370 1064 eunuchis
1401 1012 1459 1063 et
1475 1008 1714 1079 famulis
1733 1010 1872 1063 suis.
1891 1008 2086 1064 Servos

487 1092 664 1149 etiam
684 1098 914 1165 vestros,
934 1100 990 1152 et
1005 1096 1270 1163 ancillas,
1284 1098 1521 1169 juvenes
1539 1098 1799 1168 optimos,
1822 1101 1881 1153 et
1894 1098 2086 1152 asinos

488 1182 731 1250 ast/cret,
752 1186 808 1237 et
820 1189 996 1255 ponet
1014 1186 1073 1240 in
1093 1201 1256 1257 opere
1269 1202 1388 1243 suo.
1413 1184 1621 1257 Greges
1648 1202 1858 1259 quoque
1878 1190 2087 1242 vestros

490 1267 887 1338 addecimabit,
911 1289 1108 1342 vosque
1121 1275 1284 1331 eritis
1309 1275 1360 1330 ei
1386 1276 1549 1331 serui.

561 1380 612 1431 9.
646 1378 779 1433 Cum
809 1394 840 1434 a
869 1380 1173 1437 carnalibus
1217 1381 1484 1453 subjectio
1514 1382 1786 1454 qumritur,
1840 1382 2087 1452 profecto

490 1465 749 1537 quidquid
778 1469 1089 1541 praecipitur
1114 1470 1213 1537 eis,
1240 1487 1412 1543 grave
1442 1480 1543 1537 est,
1597 1472 1696 1526 etsi
1728 1487 1836 1527 non
1863 1471 1933 1527 sit
1960 1471 2086 1526 diﬁ-

491 1553 625 1610 cile:
660 1557 788 1627 quia
817 1574 938 1612 cum
969 1575 1035 1614 ex
1064 1560 1332 1630 superbiae
1357 1568 1563 1615 tumore
1580 1560 1832 1625 habeant,
1865 1568 1926 1615 ut
1957 1576 2088 1631 pro-

492 1643 620 1712 priae
652 1646 944 1702 voluntatis
972 1647 1261 1703 arbitrium
1293 1657 1602 1718 sequantur,
1627 1648 1719 1720 qui
1744 1649 1874 1720 quid
1904 1665 2089 1705 eorum

2190 472 2406 527 robusta
2448 471 2733 541 juventute
2790 470 2995 536 saeculi,
3054 470 3219 527 robur
3272 471 3476 528 exaruit
3528 473 3763 534 humanm

2188 560 2517 617 conditionis
2549 577 2560 614 :
2596 568 2741 615 tanto
2772 559 3047 616 difficilius
3084 560 3231 631 quod
3254 560 3389 615 male
3417 569 3499 616 est
3523 564 3765 634 proposi-

2192 657 2303 704 tum
2335 664 2669 715 revocamus,
2721 656 2919 719 quanto
2973 664 3041 703 ex
3095 649 3278 704 laxato
3334 648 3518 721 vigore
3544 651 3766 721 spiritus,

2191 753 2347 793 mens
2373 746 2560 794 nostra
2589 737 2826 793 carnalis
2856 736 3106 793 efﬁcitur.
3139 739 3217 792 Ita
3248 736 3388 792 enim
3417 745 3533 792 sunt
3560 738 3770 795 humani

2192 828 2395 898 lapsus,
2428 831 2487 881 ut
2513 827 2662 898 quod
2690 827 2746 880 in
2774 826 3035 898 spirituali
3055 826 3248 881 virtute
3270 824 3465 893 deﬁcit,
3499 824 3551 881 in
3581 827 3773 883 carnali

2192 917 2307 972 vita
2335 915 2637 971 roboretur.
2666 914 2863 972 Omnia
2892 915 3110 988 quidem
3143 916 3259 971 ilth
3282 916 3438 985 juxta
3466 917 3665 988 egregii
3692 917 3773 974 do-

2194 1003 2358 1060 ctoris
2388 1020 2608 1061 vocem:
2645 1004 2707 1060 In
2739 1005 2920 1075 ﬁgura
2955 1003 3361 1075 contingebant
3394 1005 3510 1060 illis
3542 1006 3773 1076 ;scripta

2193 1098 2330 1150 sunt
2350 1097 2543 1150 autem
2582 1097 2815 1166 propter
2832 1109 2934 1150 nos
2958 1094 3004 1164 (I
3040 1094 3162 1149 Cor.
3193 1110 3249 1157 x,
3284 1094 3394 1163 11).
3425 1092 3539 1147 Jam
3571 1093 3773 1163 quidem

2195 1189 2379 1254 aperte
2406 1183 2786 1254 cognoscimus
2815 1183 3007 1236 horum
3060 1181 3428 1237 Israelitarum
3482 1181 3770 1247 audaciam,

2196 1286 2316 1341 qua
2336 1270 2538 1325 divinae
2594 1268 2984 1341 indignationis
3031 1269 3243 1339 judicia
3291 1277 3475 1325 secuta
3525 1276 3686 1324 sunt:
3728 1277 3777 1324 et

2196 1367 2373 1414 tamen
2401 1366 2589 1414 contra
2625 1359 2958 1414 voluntatem
3013 1357 3138 1427 Dei,
3198 1366 3389 1414 contra
3442 1358 3772 1427 pralatorum

2196 1456 2395 1503 sancta:
2425 1447 2687 1503 Ecclesiae
2732 1447 3018 1502 consilium
3076 1448 3296 1519 agenda
3347 1461 3647 1518 proponere
3676 1462 3778 1501 non

2196 1537 2468 1592 timemus.
2502 1538 2560 1590 In
2592 1536 2736 1591 malo
2767 1552 2979 1608 quoque
3006 1536 3290 1607 proposito
3319 1535 3625 1606 reprehensi
3653 1534 3776 1590 resi-

2196 1626 2413 1694 stimus,
2447 1633 2498 1681 et
2554 1624 2792 1680 salubria
2849 1626 3116 1693 majorum
3172 1624 3404 1681 consilia
3447 1622 3781 1695 insuperabili

490 1731 861 1789 deliberationi
888 1735 1091 1805 obviat,
1124 1713 1500 1809 gravissimum
1551 1713 1929 1808 pen-saniulam
1961 1754 2089 1793 vero
2117 1742 2171 1805 Β
2203 1713 2693 1809 ῖηθξφμρθπίοίλοίῖε
2724 1714 2939 1809 νίηίξεΓΘ
2983 1728 3260 1770 conamur.
3309 1713 3568 1809 Videmus
3615 1713 3787 1809 quanti

493 1837 613 1874 cum
644 1821 774 1877 dura
804 1831 857 1879 et
886 1825 1150 1880 contraria
1197 1826 1475 1892 jubentur,
1530 1842 1651 1896 quae
1707 1826 1756 1881 ei
1814 1835 1895 1882 est
1925 1828 2094 1883 moles

493 1910 673 1965 oneris
694 1912 721 1963 ‘l
739 1912 826 1981 qui
859 1920 1035 1969 tumor
1062 1914 1243 1969 cordis
1262 1917 1290 1967 εἶ
1321 1915 1453 1969 Cum
1485 1914 1621 1970 ferre
1641 1915 1801 1970 etiam
1821 1915 2021 1971 blonda
2043 1924 2095 1972 et

496 1996 637 2053 levia
668 1999 755 2054 vix
785 2001 1027 2056 nolentes
1057 2010 1299 2071 possent,
1335 2018 1455 2074 quas
1512 2003 1558 2057 si
1590 2004 1811 2068 vellent,
1838 2004 2094 2060 facillime

495 2088 864 2156 pertulissent.
898 2089 1187 2146 Videamus
1209 2107 1337 2163 ergo
1359 2092 1533 2147 stultas
1563 2092 1807 2148 audaciae
1833 2093 2090 2162 hominis,

496 2193 657 2247 quam
687 2176 850 2249 digne
875 2179 1207 2248 respondeat
1246 2181 1338 2250 pia
1366 2180 1703 2251 dispensatio
1761 2181 2090 2237 Conditoris.

492 2268 619 2320 Jura
670 2266 951 2321 hominum
1011 2276 1384 2337 preponuntur
1430 2269 1901 2324 contemnentibus
1971 2272 2093 2339 jura

495 2355 597 2410 Dei
630 2364 719 2418 ;et
747 2356 848 2423 his,
878 2355 967 2425 qui
997 2357 1152 2411 mitia
1178 2365 1229 2412 et
1259 2358 1493 2412 salubria
1549 2358 1842 2413 divinitatis
1870 2360 2094 2416 consilia

493 2453 828 2514 spreverant,
861 2445 994 2500 dura
1020 2453 1071 2499 et
1114 2446 1488 2516 importabilia
1544 2448 1794 2503 humana:
1822 2446 2094 2503 servitutis

495 2547 663 2587 onera
690 2533 1092 2602 praedicuntur:
1139 2542 1196 2589 ut
1224 2550 1291 2589 ex
1321 2535 1408 2590 his
1435 2551 1613 2591 secum
1646 2538 1913 2591 rationem
1943 2536 2091 2592 face-

488 2627 634 2687 rent,
670 2636 835 2692 quam
869 2622 1228 2677 intolerabilia
1255 2632 1433 2679 essent
1465 2623 1692 2694 imperia
1722 2624 1959 2679 hominis
1990 2626 2089 2693 eis,

496 2709 587 2780 qui
616 2724 724 2764 non
756 2717 861 2764 tam
892 2710 1228 2781 imperantis,
1279 2729 1441 2783 quam
1487 2712 1758 2768 monentis
1788 2713 1904 2778 Dei,
1938 2730 2005 2768 ne
2034 2714 2093 2768 id

492 2802 761 2867 peterent,
806 2798 1046 2854 consiliis
1102 2800 1326 2855 obedire
1384 2800 1698 2856 noluissent.
1759 2803 1864 2857 Sed
1894 2802 2094 2858 habent

492 2887 657 2943 corda
685 2888 983 2943 carnalium
1015 2889 1365 2944 temeritatem
1393 2904 1455 2943 ex
1488 2890 1820 2946 incremento
1851 2891 2091 2947 audaciai

493 2976 691 3032 habent
717 2976 973 3032 duritiam
1003 2994 1070 3032 ex
1109 2977 1469 3033 simulationis
1501 2978 1727 3033 ratione.
1763 2981 1841 3034 Ex
1874 2980 2092 3035 temeri-

400 3068 405 3073 “
493 3072 598 3167 tate
625 3066 844 3135 quidem
874 3066 1031 3122 facile
1058 3068 1273 3166 agenda
1293 3066 1618 3167 deliberant;
1655 3068 1750 3166 sed
1780 3067 1925 3140 quia,
1946 3069 2091 3167 quod
2122 3102 2172 3167 Ο

491 3155 635 3209 male
664 3162 992 3224 proponunt,
1025 3170 1132 3211 non
1189 3155 1515 3227 intelligunt,
1576 3156 1856 3211 meliorum
1905 3157 2086 3213 consi-

491 3241 579 3297 liis
608 3241 856 3313 adjuvari
885 3258 990 3299 non
1024 3247 1278 3314 possunt.
1314 3242 1493 3313 Quare
1522 3254 1573 3299 et
1605 3244 1693 3301 hic
1721 3261 1935 3317 quoque
1964 3246 2094 3302 sub-

492 3330 642 3386 ditur
672 3350 683 3385 :

553 3436 732 3509 (Vers.
750 3437 815 3493 19
829 3437 876 3510 .)
894 3439 1088 3495 Noluit
1102 3439 1345 3510 populus
1360 3438 1562 3495 audire
1579 3456 1765 3497 vocem
1787 3441 1914 3498 Sam
1923 3437 2088 3497 uelis.

489 3528 556 3583 Et
575 3527 880 3582 dixerunt:
900 3528 1263 3599 Nequaquam
1281 3546 1300 3581 :
1326 3544 1432 3584 rea:
1448 3529 1602 3584 enim
1633 3530 1744 3585 erit
1777 3545 1949 3601 super
1966 3546 2088 3597 nos,

483 3618 539 3671 et
557 3615 770 3671 erimus
787 3631 888 3671 nos
900 3631 1129 3688 quoque,
1148 3618 1299 3672 sicut
1321 3632 1514 3673 omnes
1532 3620 1748 3688 gentes,
1773 3623 1830 3673 et
1860 3619 2093 3689 iudica-

484 3703 564 3758 bit
580 3719 682 3758 nos
698 3718 804 3759 rex
820 3707 1029 3769 noster,
1044 3707 1100 3760 et
1114 3705 1435 3774 egredietur
1448 3722 1521 3761 an
1532 3710 1583 3762 te
1598 3723 1719 3771 nos,
1742 3710 1799 3762 et
1818 3707 2092 3779 pugnabit

490 3791 637 3847 bella
654 3795 853 3848 nostra
867 3808 970 3864 pro
988 3792 1165 3849 nobis.

560 3901 646 3952 10.
678 3899 891 3969 Magnae
921 3898 1137 3970 quidem
1167 3898 1482 3955 temeritatis
1512 3901 1736 3971 exstitit,
1770 3909 1958 3958 contra
1993 3903 2092 3960 Dei

488 3987 816 4041 voluntatem
849 4002 1031 4058 regem
1072 3996 1282 4059 petere:
1320 4004 1532 4061 magna;
1590 3991 1817 4057 duritiae,
1849 3991 2096 4048 consiliis

486 4077 763 4145 propheta
794 4075 935 4131 vinci
965 4091 1070 4131 non
1103 4093 1282 4147 posse.
1334 4078 1548 4149 Magnas
1577 4078 1890 4134 temeritatis
1937 4081 2030 4149 18
2053 4084 2084 4148 1

490 4161 606 4230 fuit,
640 4162 688 4218 ei
716 4163 948 4219 rationes
976 4180 1301 4236 proponere,
1358 4182 1517 4237 quem
1575 4166 1823 4223 sciebant
1877 4176 2090 4235 cuncta,

486 4268 605 4322 quae
646 4264 861 4307 acturus
915 4262 1052 4319 erat,
1096 4255 1374 4308 revelante
1433 4254 1667 4310 Domino
1725 4254 1871 4324 prius
1926 4256 2086 4310 seire.

486 4341 696 4411 Magnae
726 4341 961 4408 duritiae,
995 4342 1070 4395 illi
1101 4357 1211 4395 non
1242 4341 1605 4411 acquiescere,
1643 4358 1801 4411 quem
1832 4351 2093 4398 noverant

484 4443 548 4482 ea
575 4437 804 4496 tantum,
836 4446 956 4500 quae
987 4429 1219 4484 Domino
1259 4430 1529 4485 revelante
1586 4429 1866 4497 didicerat,
1919 4431 2088 4501 impe-

482 4530 619 4569 rare.
650 4516 789 4570 Nam
847 4516 977 4586 quid
1031 4524 1133 4583 est,
1171 4517 1317 4587 quod
1377 4518 1793 4587 respondentes,
1853 4519 2081 4576 dicunt:

480 4603 861 4677 Nequaquam,
885 4604 982 4661 sed
1001 4621 1108 4661 rex
1124 4607 1235 4661 erit
1253 4621 1422 4678 super
1442 4622 1543 4663 nos
1561 4606 1591 4660 ?
1613 4606 1720 4663 Sed
1753 4607 1865 4680 qui,
1886 4609 2092 4682 Nequa.

479 4706 668 4764 quam,
705 4692 909 4759 dicunt,
966 4692 1211 4765 profecto
1268 4693 1325 4748 id
1384 4703 1587 4767 negant
1635 4699 1782 4768 quod
1840 4698 2087 4754 audiunt.

481 4784 679 4850 Aperte
708 4796 839 4854 ergo
870 4781 923 4836 in
956 4783 1061 4837 hoc
1106 4782 1275 4838 verbo
1324 4784 1639 4851 ostenditur,
1691 4785 1813 4856 quia
1868 4787 1938 4841 ad
1986 4786 2091 4842 hoc

482 4869 748 4941 prOpheta
779 4885 947 4943 grave
973 4872 1063 4942 jus
1097 4871 1246 4943 regis
1276 4873 1543 4942 exposuit,
1563 4883 1621 4928 ut
1645 4890 1983 4946 nequaquam
2000 4890 2090 4945 pe-

477 4966 700 5015 teretur.
730 4960 824 5014 Jus
855 4975 983 5015 vero
1020 4960 1168 5032 regis
1198 4959 1443 5031 audiunt,
1477 4970 1527 5016 et
1559 4962 1614 5017 id
1672 4973 1891 5034 propter
1941 4965 2085 5033 quod

475 5049 783 5119 exponitur,
818 5049 1184 5117 detestantur;
1218 5056 1274 5102 ut
1296 5050 1653 5120 reproborum
1677 5051 1922 5107 cordium
1953 5067 2085 5122 pro-

475 5135 643 5192 fectus
674 5137 1026 5208 exprimatur,
1057 5138 1110 5192 in
1156 5137 1350 5209 quibus
1376 5139 1501 5192 mali
1532 5139 1797 5209 propositi
1827 5154 2084 5194 consum-

474 5224 641 5281 matio
672 5232 775 5295 est,
809 5235 859 5282 et
883 5225 1366 5281 inconvertibilitas
1383 5227 1692 5282 voluntatis.
1721 5228 1829 5282 Sed
1860 5243 1960 5283 nos
1990 5244 2083 5282 an-

476 5311 623 5380 tiqua
652 5321 894 5383 tempora
924 5313 1398 5384 reprehendimus,
1426 5315 1516 5385 qui
1549 5322 1735 5369 nostra
1759 5314 1943 5371 videre
1975 5331 2081 5370 non

476 5411 748 5454 curamus.
784 5402 916 5470 Quae
974 5402 1229 5457 nimirum
1291 5410 1554 5473 tempora,
1616 5418 1725 5473 quo
1772 5411 2083 5459 senescente

476 5487 701 5553 mundo,
734 5490 1029 5545 vetustiora
1056 5498 1197 5556 sunt,
1234 5506 1300 5546 eo
1330 5499 1383 5546 et
1437 5491 1494 5545 in
1536 5491 1784 5561 pluribus
1815 5508 1910 5562 per
1941 5499 2080 5549 tem—

474 5574 624 5655 poris
651 5589 716 5630 ac
746 5576 1091 5651 negligentiae
1113 5578 1306 5639 vitium
1330 5578 1660 5637 remissiora.
1684 5581 1859 5636 Tanto
1882 5581 2080 5637 etenim

2201 1803 2332 1858 mali
2361 1803 2751 1859 incrementum
2804 1803 2892 1871 sit,
2952 1810 3239 1873 pereuntes
3263 1801 3536 1872 aspicere,
3568 1808 3619 1856 et
3643 1799 3788 1872 sequi

2199 1893 2268 1947 ad
2296 1892 2654 1963 perditionem
2683 1907 2872 1947 eorum
2909 1891 3143 1963 vestigia
3172 1906 3279 1946 non
3310 1890 3535 1945 timere:
3567 1889 3793 1960 pmnales

2197 1981 2425 2051 laqueos
2457 1981 2641 2036 mortis
2670 1981 3002 2036 incurrentes
3029 1994 3271 2044 cernere,
3287 1986 3341 2034 et
3357 1979 3560 2034 eisdem
3593 1976 3791 2047 laqueis

2202 2069 2402 2125 irretiri
2433 2084 2773 2140 nequaquam
2804 2077 3067 2124 metuere.
3121 2069 3188 2122 Et
3219 2068 3294 2122 illi
3352 2067 3575 2137 quidem
3625 2073 3799 2121 contra

2201 2158 2428 2215 Domini
2459 2159 2784 2213 voluntatem
2818 2173 3000 2228 regem
3032 2157 3339 2227 petierunt;
3374 2156 3472 2210 sed
3496 2172 3526 2210 a
3547 2153 3695 2227 regia
3722 2151 3797 2207 di-

2201 2247 2407 2317 gnitate
2436 2255 2623 2318 postea
2654 2254 2830 2303 actum
2862 2255 2940 2302 est
2968 2254 3025 2300 ut
3055 2245 3312 2315 populus,
3345 2246 3441 2315 qui
3502 2244 3671 2298 Deum
3700 2240 3797 2295 ab-

2194 2334 2416 2404 jecerat,
2448 2335 2594 2390 idola
2666 2336 2881 2403 coleret,
2940 2334 3231 2390 simulacra
3286 2334 3568 2389 adoraret.
3633 2329 3797 2399 Quam

2202 2425 2501 2479 reverenda
2532 2440 2662 2495 ergo
2693 2425 2799 2478 sint
2840 2424 3111 2494 majorum
3152 2422 3387 2478 consilia
3435 2420 3728 2483 cernimus,
3756 2417 3799 2472 si

2203 2512 2309 2568 hoc
2336 2512 2567 2568 sollicite
2606 2513 3012 2567 consideramus
3047 2530 3059 2565 :
3108 2511 3234 2582 quia
3280 2510 3374 2582 qui
3419 2525 3483 2565 ea
3524 2506 3796 2578 despicere

2204 2600 2317 2655 ausi
2348 2608 2489 2667 sunt,
2531 2602 2635 2656 hoc
2665 2617 2726 2656 se
2758 2617 2863 2656 non
2903 2600 3249 2672 providerunt
3307 2614 3497 2671 agere,
3531 2597 3672 2652 unde
3697 2604 3799 2650 tam

2202 2689 2472 2759 profundo
2502 2690 2697 2745 erroris
2725 2690 2922 2762 pelago
2979 2689 3221 2762 demergi
3252 2688 3583 2759 potuissent.
3618 2683 3801 2739 Merito

2204 2778 2368 2850 igitur
2398 2794 2457 2834 se
2486 2778 2760 2848 abjectum
2793 2778 3056 2833 Dominus
3086 2778 3139 2831 in
3169 2776 3317 2849 regis
3377 2775 3642 2847 petitione
3671 2787 3805 2829 con-

2202 2868 2466 2936 queritur,
2499 2868 2689 2923 merito
2719 2866 2923 2939 regiam
2946 2867 3264 2939 dignitatem
3286 2864 3545 2922 concedit
3563 2863 3808 2934 indigna-

2204 2964 2314 3011 tus.
2353 2958 2525 3011 Tanta
2568 2958 2789 3027 quidem
2836 2964 2951 3011 erat
2991 2955 3248 3027 iniquitas
3294 2952 3711 3025 postulantium,
3754 2956 3809 3004 ut

2202 3060 2323 3099 cum
2356 3045 2489 3100 illud
2518 3053 2779 3117 peterent,
2813 3060 2912 3115 per
2942 3045 3087 3115 quod
3143 3061 3176 3099 a
3230 3044 3346 3099 Deo
3375 3042 3714 3107 recederent,
3746 3054 3808 3092 ex

2204 3133 2533 3202 Deijudicio
2585 3134 2826 3205 permitti
2874 3141 3076 3204 posset,
3125 3132 3406 3203 prohiberi
3446 3146 3563 3187 non
3596 3133 3801 3200 posset.

2204 3220 2341 3290 Quia
2394 3237 2522 3278 vero
2552 3222 2665 3278 haec
2706 3225 2861 3293 juxta
2901 3222 3133 3277 litteram
3176 3220 3442 3288 diximus,
3490 3219 3623 3290 quid
3653 3215 3811 3274 etiam

2204 3309 2548 3379 spiritualiter
2576 3311 2863 3383 designent
2909 3327 2993 3378 ea,
3040 3327 3160 3381 quas
3208 3310 3569 3366 continentur
3617 3306 3669 3360 in
3693 3305 3812 3375 jure

2201 3400 2374 3471 regio,
2406 3399 2707 3455 videamus.

2834 3516 3054 3573 CAPUT
3109 3516 3172 3571 ll.

2276 3636 2330 3686 1.
2359 3632 2582 3703 Abjecto
2613 3631 2812 3687 etenim
2845 3632 3116 3699 Samuele,
3148 3648 3243 3687 rex
3287 3632 3496 3702 petitur
3529 3650 3540 3685 :
3597 3628 3811 3703 quando

2202 3720 2433 3791 reproba
2455 3721 2800 3776 multitudino
2824 3721 3010 3792 pepuli
3034 3720 3366 3791 spiritualem
3392 3728 3673 3791 pastorem
3698 3718 3815 3772 des-

2202 3809 2355 3879 picit,
2390 3817 2443 3863 et
2474 3825 2704 3879 prmesse
2734 3810 2834 3864 sibi
2867 3810 3137 3865 carnalem
3197 3808 3411 3881 quaerit.
3448 3809 3588 3865 Cum
3623 3806 3815 3880 quibus

2202 3915 2344 3969 smpe
2375 3898 2572 3953 divina:
2601 3898 2871 3969 aequitatis
2903 3897 3238 3953 districtione
3259 3898 3465 3970 agitur,
3486 3904 3547 3952 ut
3576 3912 3642 3952 eo
3673 3895 3811 3966 ipso,

2203 3988 2345 4058 quod
2378 3988 2608 4043 electum
2642 3988 3057 4058 praedicatorem
3097 3986 3427 4057 despiciunt,
3464 3986 3699 4041 subesse
3728 3999 3817 4039 re-

2205 4076 2375 4147 probo
2410 4076 2785 4146 permittantur
2816 4093 2828 4129 :
2865 4092 2931 4130 ex
2962 4077 3117 4145 cujus
3147 4076 3450 4130 imitatione
3482 4082 3638 4130 tanto
3670 4073 3818 4127 date-

2200 4164 2312 4219 rius
2343 4172 2585 4235 pereant,
2634 4172 2833 4235 quanto
2874 4164 3062 4234 majori
3116 4164 3363 4235 superbia
3398 4165 3457 4218 id
3491 4180 3561 4219 ex
3594 4178 3702 4234 quo
3734 4161 3819 4216 vi-

2201 4269 2326 4307 vere
2358 4253 2411 4306 in
2442 4260 2699 4308 aeternum
2732 4259 2999 4324 poterant,
3045 4252 3304 4307 audacius
3359 4250 3815 4307 contemnebant.

2201 4340 2331 4395 Cum
2364 4358 2494 4412 ergo
2540 4343 2626 4411 jus
2670 4342 2814 4414 regis
2862 4342 3194 4412 praedicilur,
3255 4340 3521 4395 nimirum
3574 4340 3633 4394 in
3663 4339 3822 4393 unius

2205 4430 2436 4485 carnalis
2491 4431 2768 4500 prmpositi
2823 4430 3241 4485 conversatione
3295 4431 3637 4496 ostenditur,
3673 4426 3818 4499 quod

2205 4520 2453 4574 carnales
2483 4520 2661 4575 cmteri
2692 4536 2757 4574 ex
2788 4520 3072 4589 tyrannide
3103 4518 3272 4573 acturi
3319 4526 3466 4587 sunt,
3522 4533 3639 4573 non
3673 4515 3819 4588 quod

2200 4607 2355 4662 electi
2389 4608 2620 4662 debeant
2652 4607 2869 4663 imitari.
2911 4609 3047 4661 Nam
3079 4606 3131 4661 in
3159 4608 3348 4661 eadem
3378 4606 3606 4679 Regum
3639 4605 3818 4660 histo-

2198 4694 2278 4748 ria
2310 4696 2547 4768 legitur:
2584 4696 2711 4767 quia
2741 4711 2861 4751 cum
2920 4711 3010 4751 rex
3067 4696 3250 4749 Achab
3305 4694 3535 4750 Nabotb
3594 4693 3820 4749 vineam

2198 4785 2435 4852 abstulit,
2468 4784 2600 4838 iram
2632 4784 2731 4839 Dei
2761 4784 3147 4855 omnipotentis
3208 4784 3362 4852 182
3396 4782 3669 4838 incurrit.
3722 4781 3823 4835 Hic

2196 4889 2326 4929 vero
2356 4889 2477 4927 cum
2502 4872 2592 4941 jus
2620 4872 2766 4944 regis
2792 4872 3121 4943 praedicitur,
3156 4872 3295 4942 agri,
3327 4871 3529 4938 vinem,
3566 4880 3625 4927 et
3668 4868 3820 4943 opti-

2196 4977 2285 5016 ma
2322 4962 2519 5016 oliveta
2550 4961 2788 5015 tollenda
2826 4976 2946 5016 esse
2974 4970 3344 5017 memorantur
3386 4960 3493 5028 (III
3521 4963 3657 5033 Reg.
3702 4974 3821 5016 xxi.

2195 5052 2400 5123 2seq.).
2434 5051 2563 5105 Cum
2601 5065 2733 5121 ergo
2786 5049 2871 5104 hic
2904 5050 3237 5119 prmdicitur,
3271 5050 3413 5120 quod
3449 5049 3823 5104 commissum

2193 5139 2302 5193 illic
2346 5139 2586 5210 punitum
2645 5147 2770 5193 est:
2833 5139 3091 5206 ostendit,
3144 5140 3289 5210 quod
3347 5137 3550 5192 divino
3605 5137 3827 5207 judicio

2193 5241 2297 5281 non
2321 5225 2567 5295 jubetur.
2603 5224 2785 5295 Quare
2842 5234 2892 5280 et
2950 5227 3149 5281 electus
3209 5243 3304 5281 rex
3362 5225 3557 5280 David
3591 5240 3725 5281 cum
3754 5224 3826 5278 ad

2190 5313 2568 5370 tedificandum
2599 5316 2770 5370 altare
2801 5314 3036 5371 Domino
3088 5314 3292 5371 Ornam
3325 5314 3574 5369 Jebusasi
3636 5328 3828 5368 aream

2190 5412 2417 5474 peteret,
2440 5391 2605 5476 regio
2636 5404 2731 5458 illo
2772 5412 3123 5474 tyrannorum
3174 5404 3305 5474 jure
3361 5417 3472 5457 non
3530 5403 3617 5457 uti
3649 5402 3827 5457 voluit

2191 5492 2242 5561 (Ι
2271 5492 2415 5548 Par.
2450 5509 2569 5561 XXI,
2604 5495 2730 5562 24):
2765 5508 2886 5548 cum
2916 5508 3037 5548 eam
3084 5492 3327 5563 accipere
3355 5489 3688 5546 nullatenus
3722 5507 3826 5545 ac-

2191 5581 2512 5652 quiesceret,
2543 5582 2640 5636 nisi
2670 5589 2795 5637 ante
2822 5597 2923 5652 pro
2949 5597 3011 5637 ea
3032 5581 3258 5654 dignum
3273 5579 3511 5652 pretium
3533 5581 3821 5638 dedisset.
