4034 6174
275 365 382 428 22.3

1144 365 1218 426 1N
1244 359 1518 425 PRIMUM
1549 359 1797 423 REGUM
1825 353 2378 423 EXPOSITIONES.
2413 398 2480 407 —
2509 363 2634 424 LIB.
2668 368 2770 428 1V.

3498 382 3600 438 226

355 498 412 551 2.
443 497 584 566 Quia
612 496 780 568 igitur
802 511 888 563 ea,
925 485 1047 567 quae
1089 493 1144 550 in
1171 495 1292 565 jure
1336 493 1488 566 regio
1528 491 1888 558 continentur,
1919 487 1976 551 Α
2005 489 2242 546 humiles
2265 491 2542 560 invehunt,
2575 493 2680 566 ipsi
2713 510 2926 567 quoque
2955 497 3022 552 ad
3065 501 3364 557 nocendum
3417 505 3609 574 quibus

281 586 505 640 vitanda
561 585 762 656 potius,
821 600 986 657 quam
1055 581 1317 638 imitanda
1375 581 1760 654 praedicuntur,
1822 595 1887 635 eo

281 674 536 730 subtilius
589 674 991 730 consideranda
1046 681 1187 738 sunt,
1233 687 1342 742 quo
1393 670 1550 725 vitari
1595 677 1887 740 nequeunt,

282 765 326 818 si
355 763 682 818 nesciantur.
713 763 984 834 Aitergo:
1019 760 1160 816 Filio
1191 765 1409 816 vestras
1432 761 1618 826 tollet,
1651 763 1707 814 et
1720 761 1892 830 ponet

279 853 346 907 in
378 852 648 908 curribus
669 853 810 907 suis.
857 851 979 906 Filii
1018 849 1309 906 electorum
1339 849 1374 902 ii
1405 857 1546 914 sunt,
1578 847 1669 919 qui
1701 862 1892 902 eorum

281 941 504 996 virtutes
548 941 847 995 imitantur.
900 940 1096 994 Currus
1137 939 1320 1007 etiam,
1354 937 1652 994 carnalium
1695 935 1893 1007 praela-

285 1038 460 1085 torum
506 1038 632 1085 sunt
679 1029 849 1084 fastus
894 1028 1184 1084 mundanae
1231 1025 1506 1082 elationis.
1558 1027 1698 1080 Nam
1763 1024 1892 1078 dum

283 1117 493 1174 caeteris
521 1135 580 1173 se
612 1117 956 1173 sublimiores
983 1133 1098 1172 esse
1128 1115 1450 1188 gloriantur,
1469 1115 1628 1186 quasi
1650 1113 1896 1168 curribus

285 1207 449 1273 vecti,
481 1222 582 1278 per
608 1205 719 1261 alta
749 1205 1093 1278 gradiuntur.
1135 1206 1191 1259 ln
1221 1203 1470 1260 curribus
1497 1219 1628 1276 ergo
1653 1202 1893 1258 ﬁdelium

283 1295 382 1350 ﬁlii
413 1303 706 1367 ponuntur,
739 1295 958 1366 quando
995 1302 1235 1364 pastores
1280 1292 1544 1362 reprobos
1593 1309 1687 1362 per
1731 1307 1896 1360 appe-

282 1385 438 1438 titum
503 1385 798 1438 mundanae
863 1383 1058 1454 gloriae
1115 1390 1411 1452 sequuntur
1458 1397 1470 1432 :
1518 1395 1642 1436 cum
1698 1380 1897 1435 relictis

292 1472 666 1544 spiritualibus
707 1473 920 1538 studiis,
951 1470 1184 1526 carnalis
1231 1471 1356 1524 vitae
1399 1469 1688 1524 commoda
1735 1485 1897 1540 expe-

283 1569 400 1616 tunt
432 1579 448 1614 :
481 1568 540 1616 et
571 1561 819 1632 deposita
848 1560 942 1614 illa
970 1559 1187 1614 sublimi
1232 1559 1533 1614 intentione
1576 1557 1894 1624 caelestium,

285 1651 396 1706 alta
439 1651 624 1707 saeculi
671 1649 883 1721 assequi
927 1656 1206 1704 conantur.
1255 1649 1397 1703 Bene
1443 1647 1624 1717 itaque
1671 1663 1777 1702 non
1845 1648 1899 1701 in

283 1756 466 1807 curru,
513 1739 612 1794 sed
671 1739 726 1792 in
780 1736 1024 1792 curribus
1078 1736 1316 1808 ponendi
1381 1735 1746 1791 Israelitarum
1803 1735 1898 1792 ﬁlii

1996 587 2235 649 possunt,
2267 596 2368 650 per
2396 582 2628 636 aliorum
2662 583 3014 642 ministerium
3045 589 3400 646 deducuntur.
3436 591 3598 662 Quasi

1999 667 2142 721 enim
2171 669 2560 742 quadrigarum
2587 687 2894 742 pmcursor
2920 684 3021 743 est,
3056 677 3147 748 qui
3179 679 3360 750 iniqua
3410 685 3603 739 mentis

2000 771 2114 810 suae
2143 758 2376 818 versutia
2409 767 2578 814 artem
2609 759 2828 832 cogitat.
2861 777 2962 832 per
2990 781 3149 834 quam
3181 767 3333 823 illum
3373 770 3441 824 ad
3471 771 3603 828 infe-

1999 845 2163 899 renda
2194 846 2339 900 mala
2367 847 2587 902 mitibus
2623 848 2946 906 introducat.
2981 851 3037 906 Si
3083 870 3230 923 vero,
3261 865 3318 911 ut
3359 858 3602 932 plerique

2001 933 2216 987 codices
2259 935 2476 1002 habent,
2513 953 2620 991 non
2664 953 3045 1009 prmcursores,
3094 943 3189 996 sed
3237 957 3604 1014 persecutores

1999 1022 2386 1094 quadrigarum
2418 1023 2674 1095 legimus,
2710 1028 2956 1098 profecto
2986 1029 3023 1082 ii
3055 1039 3197 1098 sunt,
3219 1033 3310 1104 qui
3338 1036 3604 1106 reprobos

2001 1109 2070 1163 ad
2103 1110 2300 1164 malum
2333 1121 2604 1167 currentes
2642 1113 2940 1172 imitantur.
2971 1115 3250 1192 Quadriga
3289 1123 3452 1177 etiam
3501 1126 3606 1182 ho-

2004 1199 2170 1252 moris
2213 1215 2375 1254 causa
2417 1201 2621 1272 portari
2667 1203 2892 1275 regibus
2935 1206 3098 1262 solet.
3151 1207 3314 1276 Quasi
3369 1229 3502 1286 ergo
3553 1216 3608 1269 in

2003 1287 2270 1360 quadriga
2297 1303 2391 1343 rex
2421 1289 2641 1359 sistitur,
2676 1293 2894 1362 quando
2925 1296 3156 1350 carnalis
3186 1307 3364 1354 rector
3395 1303 3462 1356 de.
3492 1319 3603 1358 ma-

2004 1390 2256 1446 gnorum,
2290 1376 2380 1448 qui
2411 1377 2664 1433 videntur
2685 1381 2840 1449 juxta
2869 1398 2946 1450 se,
2981 1384 3384 1443 adulationibus
3409 1391 3607 1461 gloria-

2003 1479 2106 1534 tur.
2140 1463 2242 1532 Qui
2275 1480 2400 1520 vero
2431 1465 2561 1520 istos
2591 1467 2644 1520 in
2688 1483 2873 1523 eorum
2917 1471 3170 1527 laudibus
3208 1479 3485 1547 praacedit,
3519 1487 3609 1535 aut

2005 1553 2266 1624 sequitur,
2314 1570 2623 1624 prarcursor
2659 1572 2752 1612 seu
2802 1569 3122 1627 persecutor
3181 1573 3260 1618 est
3319 1569 3608 1642 quadriga-

2003 1658 2146 1710 rum,
2181 1642 2308 1712 quia
2337 1643 2674 1700 adulationes
2702 1646 2790 1700 isti
2823 1647 2906 1702 vel
2937 1657 3056 1719 post
3099 1651 3182 1706 vel
3229 1662 3386 1710 antea
3431 1660 3607 1728 profe-

2006 1746 2148 1799 rum,
2181 1746 2314 1806 quas
2343 1731 2422 1784 illi
2453 1731 2506 1785 in
2537 1733 2755 1788 auribus
2784 1736 2968 1806 pepuli
3013 1741 3310 1809 praeeundo
3353 1753 3444 1800 aut
3486 1748 3610 1802 sub-

284 1829 542 1883 dicuntur
573 1843 586 1882 :
619 1827 751 1900 quia
804 1843 874 1882 ex
917 1825 1086 1894 omni,
1118 1826 1264 1896 quod
1315 1824 1574 1896 praecellit
1618 1824 1673 1878 in
1717 1841 1905 1882 cat-na-
1933 1837 1991 1904 Β
2017 1818 2292 1890 sequendo
2320 1835 2588 1891 sparsere.

285 1917 419 1970 lium
447 1916 798 1988 praelatorum
826 1915 1079 1983 culmine,
1113 1911 1397 1986 proﬁciunt
1437 1913 1490 1966 in
1533 1913 1767 1970 elatione
1803 1933 1816 1970 :
1845 1926 1897 1972 et

287 2005 438 2075 quasi
486 2013 563 2061 tot
620 2004 946 2060 sublimibus
987 2001 1230 2059 curribus
1272 2002 1327 2057 in
1371 2002 1480 2057 alta
1535 2019 1593 2058 se
1648 2003 1893 2073 elevant,

287 2103 420 2164 quot
475 2094 586 2149 alta
645 2093 1003 2164 conspiciunt,
1051 2091 1245 2164 quibus
1301 2090 1424 2146 aliis
1479 2107 1538 2147 se
1593 2094 1898 2164 superiores

291 2190 504 2252 putant.
535 2183 810 2238 Bonorum
840 2196 976 2254 ergo
1017 2179 1156 2236 ﬁlios
1197 2196 1292 2236 rex
1338 2180 1392 2235 in
1435 2181 1680 2237 curribus
1722 2184 1894 2253 ponit,

295 2271 518 2342 quando
546 2270 780 2326 carnalis
807 2279 990 2326 rector
1017 2269 1310 2325 electorum
1325 2269 1626 2340 imitatores
1641 2273 1897 2342 exemplo

296 2375 410 2414 suae
438 2359 727 2432 pravitatis
765 2359 839 2414 ad
868 2358 1118 2414 elationis
1144 2358 1275 2413 vitia
1303 2359 1603 2428 pertrahit;
1635 2368 1692 2415 ut
1709 2361 1897 2416 cales-

293 2447 366 2502 tia
423 2455 773 2518 postponam,
833 2456 1043 2503 terrena
1085 2457 1362 2519 appetant,
1409 2457 1462 2504 et
1519 2449 1572 2502 in
1628 2450 1731 2504 hoc
1783 2450 1898 2505 solo

292 2539 590 2608 gaudeant,
619 2537 764 2591 si'ex
795 2552 860 2592 eo
907 2537 1055 2608 quod
1103 2537 1473 2607 temporaliter
1517 2537 1682 2592 altum
1727 2537 1898 2594 volvi-

299 2635 406 2690 tur,
439 2626 643 2681 cateris
671 2625 1046 2696 praeferantur.

366 2715 458 2768 3t.
492 2714 557 2768 Et
584 2714 714 2784 quia
735 2723 922 2768 contra
952 2713 1188 2770 minores
1218 2730 1325 2769 non
1363 2715 1535 2771 solum
1586 2716 1772 2786 erecti,
1805 2716 1900 2771 sed

301 2803 470 2856 etiam
501 2802 666 2857 fortes
695 2811 840 2870 sunt,
872 2803 1113 2873 sequitur
1143 2823 1155 2858 :
1189 2804 1255 2858 Et
1294 2805 1470 2875 faciet
1515 2804 1622 2860 sibi
1665 2807 1898 2877 equites.

293 2890 458 2945 Velut
487 2891 632 2945 enim
672 2891 728 2945 in
772 2891 930 2962 equis
971 2892 1217 2959 savium,
1249 2892 1340 2962 qui
1385 2900 1438 2948 et
1481 2893 1741 2949 sublimes
1783 2903 1905 2950 sunt

301 2978 587 3050 dignitate,
628 2989 680 3034 et
723 2979 966 3050 polentia
1013 2987 1202 3034 truces.
1235 2980 1454 3052 Equites
1499 2997 1716 3054 quoque
1761 2990 1903 3052 sunt,

298 3068 429 3138 quia
461 3068 588 3122 dum
619 3069 828 3124 feroces
855 3069 1038 3124 cordis
1065 3069 1144 3123 sui
1176 3077 1354 3124 motus
1383 3078 1567 3124 contra
1583 3070 1908 3141 impotentes

300 3155 565 3224 dirigunt,
597 3157 664 3212 ad
709 3172 895 3224 omne,
937 3157 1082 3227 quod
1129 3173 1228 3228 per
1273 3157 1611 3228 tyrannidem
1655 3174 1906 3216 exercere

297 3254 584 3316 appetunt,
627 3245 845 3301 veloces
899 3254 1039 3301 sunt.
1086 3246 1353 3302 Anhelant
1411 3246 1617 3317 quippe
1679 3247 1904 3319 impetu,

298 3343 560 3406 spumant
604 3334 776 3402 rabie,
809 3342 863 3390 et
903 3349 1039 3406 quos
1080 3349 1236 3390 cursu
1285 3335 1585 3406 tyrannidis
1624 3335 1908 3408 impetunt,

304 3423 540 3478 elidunt.
569 3423 676 3478 Sed
705 3423 836 3478 dum
864 3423 923 3478 in
956 3423 1269 3493 pastoribus
1297 3423 1546 3494 reprobis
1573 3423 1663 3478 alii
1681 3425 1911 3479 munda-

249 3512 259 3520 '
310 3527 402 3566 na:
429 3511 679 3567 elationis
707 3511 876 3566 fastus
903 3511 1244 3580 aemulantur,
1276 3512 1368 3566 alii
1398 3527 1586 3568 eorum
1633 3513 1909 3583 exemplo,

303 3616 447 3674 quos
491 3601 692 3668 valent,
739 3599 1058 3670 opprimunt
1098 3617 1112 3655 :
1159 3601 1399 3655 nonnulli
1426 3601 1590 3656 etiam
1632 3609 1774 3670 sunt,
1821 3603 1912 3673 qui

315 3690 390 3746 ad
419 3689 722 3744 exercenda
767 3689 931 3755 mala,
961 3705 1086 3761 qua:
1129 3705 1230 3759 per
1269 3689 1478 3761 seipsos
1518 3689 1676 3745 bonis
1718 3689 1916 3745 inferre

299 3787 614 3850 nequeunt,
647 3777 935 3848 nequiores
979 3793 1036 3832 se
1085 3777 1223 3833 alios
1265 3777 1626 3836 introducunt.
1663 3779 1817 3835 Unde
1863 3787 1916 3834 et

313 3868 560 3938 sequitur
589 3884 604 3920 :
637 3868 704 3922 Et
735 3881 1114 3939 praeursores
1139 3869 1540 3940 quadrigarum
1569 3883 1826 3924 suarum.

385 3958 437 4010 ι.
471 3954 608 4024 Quae
633 3964 753 4010 sunt
783 3956 932 4010 enim
977 3955 1258 4026 quadriga:
1301 3955 1472 4027 regis,
1505 3955 1607 4010 nisi
1649 3971 1920 4026 perversa:

312 4053 528 4098 mentes
570 4043 838 4098 malorum
890 4042 1250 4111 subditorum,
1309 4044 1364 4098 in
1428 4060 1655 4114 quorum
1684 4044 1921 4099 consiiiis

311 4132 585 4203 praelatus
608 4131 876 4202 reprobus
903 4131 1233 4202 requiescit?
1250 4130 1546 4204 Quadrigae
1561 4134 1758 4187 etenim
1776 4141 1918 4203 sunt,

317 4236 444 4292 quae
488 4235 649 4293 reges
691 4227 915 4290 portant
945 4237 958 4274 :
993 4220 1120 4274 dum
1151 4235 1250 4289 per
1269 4219 1452 4291 iniqua
1477 4220 1700 4276 consilia
1730 4237 1924 4291 pravo-

317 4324 442 4364 rum
469 4317 588 4364 acta
615 4316 886 4364 rectorum
917 4307 1260 4378 adjuvantur.
1291 4311 1355 4363 In
1393 4309 1472 4364 eis
1512 4309 1737 4380 quippe,
1769 4310 1923 4381 quasi

325 4413 432 4468 per
458 4397 690 4452 sublime
721 4413 815 4452 rex
844 4397 1076 4465 ducitur,
1109 4396 1239 4452 dum
1282 4413 1380 4468 per
1399 4413 1512 4466 eos,
1543 4398 1636 4469 qui
1681 4399 1748 4452 ad
1794 4405 1926 4453 tem-

321 4485 540 4556 porales
569 4487 800 4540 honores
841 4484 920 4540 eis
963 4485 1163 4552 favent,
1195 4485 1460 4556 quidquid
1504 4487 1748 4541 carnales
1789 4502 1925 4558 prae-

2087 1912 2141 1963 5.
2163 1908 2417 1978 Sequitur
2447 1927 2458 1962 :
2497 1912 2562 1965 Et
2581 1913 2891 1970 constituet
2907 1915 3014 1972 sibi
3036 1918 3313 1988 tribunos,
3335 1927 3393 1978 et
3410 1931 3607 1984 centu-

2007 1999 2216 2054 riones.
2244 1997 2467 2052 Tribuni
2499 2007 2550 2052 et
2589 2001 2926 2057 centuriones
2955 2002 3106 2074 ﬁunt,
3138 2023 3260 2062 cum
3304 2010 3360 2064 in
3403 2021 3607 2070 tantum

2011 2085 2139 2140 mali
2184 2085 2485 2156 profectum
2531 2088 2768 2156 veniunt,
2801 2099 2858 2145 ut
2903 2093 2968 2146 ad
3013 2099 3357 2166 exsequenda
3403 2105 3610 2173 tyranni

2010 2175 2263 2246 imperia,
2295 2175 2478 2245 impiis
2505 2177 2824 2232 satellitibus
2864 2180 3255 2256 principantur,
3289 2203 3412 2244 cum
3453 2209 3606 2248 mun-

2011 2265 2276 2320 danarum
2321 2263 2516 2319 virium
2556 2265 2699 2320 acies
2740 2267 3008 2338 ordinant,
3056 2287 3188 2341 quas
3235 2277 3304 2330 ad
3351 2277 3611 2337 innocen-

2013 2355 2146 2408 tium
2202 2351 2343 2408 bella
2401 2353 2720 2442 producant.
2765 2356 2987 2414 Tribuni
3045 2361 3264 2432 quidem
3330 2376 3470 2435 sunt,
3519 2374 3615 2442 qui

2013 2459 2113 2513 per
2141 2442 2322 2513 plures
2349 2441 2451 2496 sibi
2482 2439 2720 2499 fautores
2748 2453 2891 2502 recte
2919 2447 3226 2504 viventibus
3268 2439 3611 2517 insidiantur.

2017 2531 2369 2588 Centuriones
2413 2546 2544 2587 vero
2587 2540 2730 2601 sunt,
2775 2535 2865 2605 qui
2923 2536 3069 2591 nulla
3127 2541 3356 2596 nocendi
3412 2561 3613 2616 genera

2017 2620 2453 2692 praetermittunt.
2487 2621 2570 2674 Ex
2609 2637 2674 2676 eo
2692 2623 2835 2676 enim
2880 2625 3276 2695 perfectionem
3323 2631 3616 2706 iniquitatis

2018 2710 2282 2774 obtinent,
2315 2725 2422 2781 quo
2452 2710 2641 2775 multa,
2674 2718 2726 2765 et
2755 2711 2992 2784 ingentia
3023 2716 3182 2786 mala,
3217 2735 3338 2790 quae
3367 2736 3611 2796 possunt,

2020 2798 2216 2853 inferre
2244 2813 2458 2868 semper
2484 2799 2716 2854 student.
2747 2802 2790 2852 Α
2821 2804 3130 2858 centenario
3161 2808 3362 2879 quippe
3387 2828 3612 2870 numero

2019 2887 2262 2943 centurio
2303 2887 2514 2940 dicitur.
2550 2887 2614 2941 Et
2656 2903 2762 2959 qua
2805 2892 3144 2947 centenarius
3191 2912 3448 2954 numerus
3491 2918 3614 2974 per-

2020 2975 2307 3030 fectionem
2337 2973 2606 3048 signiﬁcat
2625 3017 2639 3044 ,
2671 2976 2726 3030 in
2756 2978 2899 3032 mala
2917 2987 3068 3050 parte
3081 2981 3375 3054 perﬁcitur,
3403 2973 3618 3062 quando

2021 3065 2088 3119 ad
2118 3080 2385 3119 summam
2415 3064 2670 3133 nequitiae
2699 3065 2768 3120 ab
2799 3066 2980 3138 impiis
3007 3073 3342 3138 pervenitur.
3377 3075 3481 3146 Qui
3526 3083 3615 3136 ni-

2020 3153 2214 3207 mirum
2258 3152 2557 3208 calliditate
2599 3169 2792 3209 suaves
2808 3165 2928 3211 sunt
2965 3164 3171 3214 terrere
3212 3162 3455 3222 violenti.
3481 3168 3615 3226 Sua-

2018 3242 2156 3298 viter
2201 3240 2423 3312 quidem
2471 3241 2824 3297 blandiuntur
2871 3244 3010 3315 aliis,
3057 3256 3113 3302 ut
3161 3265 3348 3306 eorum
3415 3258 3618 3315 auxilio

2020 3339 2223 3387 terrere
2254 3329 2389 3385 alios
2418 3330 2674 3386 ferociter
2699 3333 2922 3402 passint.
2942 3335 3086 3391 Bene
3115 3337 3296 3411 itaque
3325 3343 3573 3402 subditur
3605 3367 3618 3412 ;

2021 3421 2088 3477 Et
2112 3423 2370 3476 aratores
2402 3435 2666 3490 agrorum
2697 3437 2948 3492 suorum,
2969 3427 3024 3480 et
3040 3442 3313 3486 messores
3344 3439 3618 3503 segetum.

2093 3513 2145 3564 6.
2179 3507 2423 3564 Carnalis
2463 3509 2740 3579 praepositi
2791 3512 2933 3583 agri,
2961 3523 3175 3571 mentes
3222 3527 3344 3575 sunt
3384 3522 3626 3582 subdito-

2022 3613 2140 3652 rum
2175 3615 2187 3650 :
2221 3605 2464 3652 aratores
2491 3613 2622 3653 vero
2653 3599 2845 3654 borum
2893 3617 3155 3674 agrorum
3195 3616 3340 3678 sunt,
3373 3611 3461 3682 qui
3507 3623 3625 3670 arte

2023 3685 2298 3740 secuturis
2325 3686 2530 3758 ingenii
2575 3687 2654 3741 eis
2701 3689 2930 3744 suadent
2972 3699 3093 3748 acta
3137 3697 3436 3766 pravitatis.
3470 3701 3626 3760 Velut

2024 3775 2169 3830 enim
2211 3789 2469 3846 agrorum
2527 3774 2854 3831 soliditatem
2909 3777 3180 3849 loquendo
3237 3787 3504 3858 aperiunt,
3537 3791 3628 3861 qui

2025 3879 2124 3933 per
2150 3863 2379 3933 reproba
2410 3862 2632 3918 consilia
2654 3864 2980 3936 simplicium
3030 3871 3200 3926 corda
3242 3888 3622 3947 corrumpunt.

2024 3953 2094 4006 Et
2133 3959 2345 4022 segetes
2391 3959 2616 4019 metunt,
2667 3955 2882 4022 quando
2937 3957 3144 4014 semine
3201 3963 3356 4030 pravi
3416 3968 3624 4024 consilii

2027 4038 2250 4110 decepta
2273 4039 2439 4094 corda
2467 4039 2740 4094 minorum
2770 4042 3001 4098 fructum
3034 4048 3266 4104 reddunt
3294 4051 3452 4108 malae
3501 4071 3628 4127 ope-

2027 4127 2281 4182 rationis.
2314 4125 2450 4194 Quae
2477 4127 2726 4196 profecto
2769 4144 2932 4198 opera
2977 4143 3221 4204 segetum
3265 4125 3628 4210 appellatione

2031 4217 2388 4288 designantur
2419 4233 2431 4270 :
2467 4215 2590 4288 quia
2621 4219 2941 4288 perversitas
2985 4225 3199 4293 reprobi
3243 4227 3464 4300 subditi,
3499 4233 3628 4289 dum

2031 4321 2061 4360 a
2089 4303 2400 4361 carnalibus
2445 4305 2748 4361 rectoribus
2787 4308 3086 4379 gaudenter
3124 4313 3407 4386 excipitur,
3441 4335 3627 4377 eorum

2034 4393 2181 4465 quasi
2213 4392 2414 4449 electus
2441 4401 2521 4448 est
2549 4393 2701 4448 cibus
2727 4395 2940 4451 mentis.
2973 4398 3033 4452 In
3071 4415 3177 4470 qua
3225 4412 3372 4460 certe
3413 4422 3631 4477 perver.

2037 4482 2216 4550 sitate,
2248 4481 2375 4552 quia
2401 4479 2666 4551 paulatim
2696 4482 3001 4554 proﬁciunt,
3023 4490 3298 4560 sequitur:
3329 4493 3413 4550 Et
3441 4499 3630 4569 fabros

313 4575 480 4647 positi
511 4574 578 4629 de
623 4573 912 4629 altitudine
939 4573 1120 4630 seculi
1149 4573 1205 4628 in
1233 4574 1503 4630 desiderio
1542 4575 1732 4630 volunt
1773 4550 1923 4632 exse-
1951 4550 2008 4614 D
2037 4585 2349 4638 armorum,
2383 4575 2439 4626 et
2467 4587 2744 4628 curruum
2771 4589 3029 4631 suorum.
3069 4550 3204 4646 Quae
3233 4590 3359 4638 sunt
3388 4550 3539 4642 arma
3586 4597 3642 4646 et

322 4671 579 4736 quuntur.
599 4661 703 4730 Qui
735 4670 879 4718 recte
908 4661 1296 4734 quadrigarum
1314 4662 1532 4718 nomine
1549 4662 1919 4736 designantur.

320 4752 602 4824 Quadi-iga
628 4751 776 4806 enim
804 4750 935 4805 inde
961 4758 1086 4817 stat,
1115 4751 1260 4806 unde
1287 4751 1554 4807 volvitur:
1589 4753 1715 4822 quia
1743 4768 1924 4825 repro-

322 4841 400 4896 ba
425 4857 576 4896 mens
602 4839 766 4896 ﬁnem
793 4855 908 4894 suae
946 4839 1258 4895 intentionis
1302 4840 1466 4895 habet
1489 4840 1673 4896 saeculi
1717 4842 1926 4898 volubi-

324 4930 554 4985 litatem.
585 4929 716 4984 inde
739 4927 963 4999 quidem
994 4928 1300 4998 requiescit,
1335 4943 1441 5000 quo
1480 4945 1576 5000 per
1621 4930 1929 4986 innumeras

331 5034 488 5073 curas
516 5017 708 5073 mentis
749 5015 980 5072 rotantia
1026 5017 1216 5070 mundi
1257 5017 1473 5089 negotia
1515 5018 1774 5074 ventilare
1820 5033 1930 5074 non

334 5107 548 5162 desinit.
579 5106 787 5177 Regum
819 5120 954 5177 ergo
983 5105 1265 5178 quadriga!
1291 5114 1432 5170 sunt.
1464 5106 1594 5161 dum
1623 5123 1722 5177 per
1748 5123 1929 5178 omne,

335 5194 482 5266 quod
511 5195 676 5248 altum
703 5193 978 5250 volvendo
1005 5193 1267 5266 cogitant,
1301 5193 1354 5248 in
1383 5209 1441 5249 se
1469 5196 1766 5250 carnalium
1798 5214 1936 5268 prae-

335 5283 633 5355 positorum
657 5285 806 5350 iussa
833 5290 1077 5352 portant.
1112 5282 1220 5338 Sed
1251 5283 1344 5352 qui
1361 5283 1540 5338 locum
1554 5283 1936 5343 familiaritatis

333 5374 489 5446 juxta
545 5373 788 5429 carnales
845 5372 1105 5444 pmlatos
1159 5371 1379 5440 habent,
1425 5373 1625 5428 habent
1679 5374 1932 5445 minores,

341 5462 536 5536 quibus
577 5463 862 5534 imperent.
911 5461 1019 5532 Ipsi
1060 5476 1214 5533 ergo,
1256 5461 1404 5516 velut
1445 5460 1729 5534 quadriga
1787 5464 1936 5536 regis

342 5561 480 5617 sunt,
511 5551 590 5607 illi
644 5552 803 5622 183
837 5565 1202 5623 praeursores
1245 5549 1666 5623 quadrigarum;
1699 5551 1828 5624 quia
1871 5568 1936 5610 eo

343 5642 528 5715 modo,
573 5655 682 5718 quo
722 5640 998 5700 carnalem
1040 5638 1391 5718 prepositum
1433 5639 1504 5697 ad
1547 5641 1940 5718 opprimendas

2033 4677 2220 4716 currus
2249 4663 2617 4730 tyrannorum,
2650 4661 2750 4714 nisi
2797 4662 2890 4718 illa
2933 4666 3113 4722 omnia
3160 4673 3390 4727 nocendi
3439 4675 3632 4734 instru-

2037 4758 2236 4818 menta,
2283 4763 2402 4838 quae
2449 4747 2518 4838 ad
2557 4750 2852 4805 evertenda
2897 4753 3065 4810 corda
3106 4757 3377 4816 minorum
3418 4780 3634 4838 pmpa.

2034 4838 2262 4893 rantur?
2291 4837 2401 4894 Sed
2431 4837 2556 4909 quia
2584 4854 2740 4893 curru
2789 4841 3123 4914 pervenitur,
3143 4862 3251 4918 quo
3299 4852 3464 4907 armis
3479 4837 3634 4911 feria-

2037 4935 2144 4996 tur,
2178 4940 2454 4982 armorum
2485 4933 2537 4982 et
2565 4943 2819 4983 curruum
2863 4931 3004 5002 regis
3049 4932 3188 4988 fabri
3231 4935 3381 5007 ﬁunt,
3415 4945 3632 5010 quando

2037 5015 2365 5089 nequissima
2395 5015 2641 5072 cordium
2670 5033 2888 5073 suorum
2917 5021 3315 5080 machinatione
3333 5025 3630 5101 inveniunt,

2040 5115 2093 5162 et
2122 5106 2285 5174 mala,
2319 5121 2440 5176 quae
2471 5114 2656 5175 agant,
2683 5115 2736 5162 et
2779 5108 2970 5162 eadem
3018 5111 3160 5165 mala
3207 5112 3424 5170 inventa
3467 5120 3636 5188 quali-

2042 5203 2124 5250 ter
2169 5194 2425 5250 infeiant.
2474 5197 2638 5249 Arma
2687 5195 2890 5267 quippe
2939 5197 3225 5268 fabricare,
3271 5211 3350 5256 est
3403 5209 3633 5264 nocendi

2043 5299 2244 5356 genera
2272 5282 2505 5353 reproba
2534 5291 2715 5339 mente
2743 5285 3019 5356 colligere.
3057 5287 3120 5340 Et
3149 5303 3334 5345 currus
3371 5292 3637 5356 fabricare

2045 5382 2126 5429 est
2153 5373 2225 5428 ad
2265 5371 2456 5428 eadem
2500 5373 2646 5428 mala
2691 5372 2972 5428 inferenda
3014 5383 3208 5444 artem,
3241 5394 3345 5450 qua
3383 5387 3642 5446 accedam

2042 5462 2272 5534 possint,
2303 5461 2565 5518 invenire.

2116 5555 2170 5608 7.
2203 5550 2456 5622 Sequitur
2477 5567 2490 5604 :
2523 5549 2698 5606 Filias
2717 5565 2930 5622 quoque
2946 5559 3164 5611 vestras
3181 5558 3360 5628 faciet
3376 5579 3640 5637 unguen-

2049 5642 2251 5714 tortas,
2270 5644 2328 5698 et
2341 5639 2605 5717 focarias,
2625 5642 2685 5697 et
2697 5639 2998 5716 paciﬁcos.
3021 5642 3282 5706 Filiorum
3311 5653 3530 5714 nomine
3558 5655 3652 5722 ine
