4034 6174
481 330 582 389 227

1682 314 1940 382 SANCTI
1962 321 2315 380 GREGORII
2355 319 2579 381 MAGNI

3645 334 3737 392 "228

469 460 751 515 ﬁrmorum
792 462 1000 509 mentes
1047 453 1187 508 intra
1233 459 1475 509 sanctam
1523 452 1824 508 Ecclesiam
1874 450 2065 524 posita
2095 456 2150 517 A
2180 467 2309 505 rum
2328 453 2545 508 reditus
2561 453 2958 522 addecimabit,
2978 457 3042 508 ut
3063 450 3155 509 det
3173 456 3443 512 eunuchis
3459 463 3514 512 et
3526 461 3745 529 famulis

470 550 846 621 designantur.
880 542 1017 612 Quae
1041 542 1186 615 regis
1202 541 1576 615 unguentaria
1595 540 1763 597 ﬁunt:
1790 541 1915 613 quia
1939 540 2066 594 dum

471 637 717 695 carnales
744 633 1068 705 prapesitos
1096 632 1152 684 in
1181 631 1500 686 celsitudine
1531 630 1725 703 gloria
1747 629 2071 685 transeuntis

471 726 754 799 aspiciunt,
786 708 880 778 eos
922 719 1150 776 delinire
1192 719 1597 776 adulationibus
1643 726 1930 775 conantur.
1963 719 2069 773 llo-

470 834 589 873 rum
621 813 866 887 profecto
897 816 1292 881 unguentorum
1333 824 1493 863 usum
1545 809 1827 863 Psalmista
1871 822 2068 878 repro-

470 909 628 971 bans,
661 902 734 957 ait
762 918 776 955 :
816 900 1008 955 Oleum
1038 898 1349 969 peccatoris
1381 913 1495 954 non
1532 898 1852 969 impinguel
1897 900 2070 968 caput

471 1010 663 1053 meum
714 990 944 1059 (Psalm.
991 1001 1146 1053 exui,
1192 986 1266 1055 5).
1319 986 1466 1042 Filia
1509 1001 1645 1058 ergo
1688 984 2070 1059 unguentaria

472 1083 606 1140 ﬁunt
637 1099 649 1135 :
684 1079 812 1151 quia
842 1077 970 1131 dum
1008 1077 1170 1145 184
1201 1074 1514 1130 carnalibus
1542 1075 1851 1146 prapositis
1867 1072 2069 1128 inﬁrmi

466 1170 756 1243 displicere
803 1173 1068 1231 metuunt,
1115 1178 1303 1219 eorum
1362 1164 1658 1231 feritatem,
1686 1164 1776 1220 cui
1824 1162 2066 1218 timendo

470 1261 776 1329 subjacent,
824 1253 1194 1309 blandimento
1249 1252 1575 1308 demulcent.
1625 1253 1690 1306 Et
1745 1251 2065 1317 notandum,

468 1350 594 1422 quia
622 1346 716 1401 ﬁlii
747 1344 895 1415 prius
926 1342 1175 1396 dicuntur
1203 1356 1383 1412 arege
1435 1342 1565 1410 tolli,
1599 1349 1653 1396 et
1699 1340 1779 1397 sic
1830 1340 2061 1412 equites,

466 1448 520 1494 et
544 1434 901 1499 centuriones,
932 1432 1046 1486 sive
1075 1446 1350 1484 armorum
1382 1429 1520 1483 fabri
1548 1428 1665 1484 ﬁeri
1699 1448 1710 1484 :
1746 1427 1870 1484 ﬁlia
1904 1444 2064 1495 vero,

469 1542 577 1582 non
618 1524 752 1589 tolli,
786 1521 881 1575 sed
927 1519 1252 1589 simpliciter
1297 1518 1674 1589 unguentariae
1721 1524 1776 1572 et
1823 1516 2069 1588 paniﬁca

471 1614 607 1670 ﬁeri.
639 1612 778 1666 Tolli
810 1608 1005 1664 etenim
1038 1607 1316 1663 violentiae
1348 1615 1450 1661 est.
1484 1607 1604 1661 Filii
1637 1621 1768 1678 ergo
1792 1606 2065 1670 tolluntur,

472 1706 599 1777 quia
628 1699 831 1756 robusti
863 1697 1083 1752 difﬁcile
1115 1703 1446 1751 evertuntur.
1469 1696 1608 1749 Dum
1629 1695 1794 1767 igitur
1814 1694 1939 1749 ﬁlia
1961 1710 2070 1749 non

472 1794 609 1861 tolli,
659 1789 756 1844 sed
801 1786 1176 1858 unguentaria
1232 1783 1345 1839 ﬁeri
1395 1784 1761 1855 perhibentur,
1809 1784 1942 1854 quid
1989 1791 2072 1838 est

472 1881 641 1949 aliud,
675 1877 777 1932 nisi
808 1876 940 1947 quia
968 1874 1059 1944 qui
1088 1872 1283 1928 inﬁrmi
1313 1873 1367 1926 in
1395 1873 1542 1927 bono
1572 1878 1717 1937 sunt,
1751 1888 1852 1943 per
1889 1888 2070 1928 exem-

474 1971 565 2043 pla
593 1980 885 2041 pravorum
916 1963 1079 2018 facile
1096 1962 1426 2032 dissipantur
1447 1963 1473 2015 ‘?
1495 1961 1629 2029 Qua
1652 1962 1811 2016 etiam
1837 1960 2069 2027 focaria,

479 2065 529 2117 et
561 2056 807 2130 paniﬁea
836 2052 981 2124 regis
1012 2051 1141 2106 ﬁunt
1176 2068 1187 2103 :
1222 2050 1348 2121 quia
1376 2051 1469 2123 qui
1518 2051 1754 2121 tyrannis
1797 2049 2072 2105 adulando

478 2150 741 2211 serviunt,
775 2144 903 2198 dum
935 2140 1168 2196 favendo
1190 2140 1425 2211 placent,
1450 2140 1599 2193 velut
1617 2139 1769 2194 cibos
1790 2138 2069 2195 exhibent.

481 2237 719 2294 Focaria
749 2232 947 2288 etenim
977 2238 1118 2298 sunt,
1153 2245 1270 2299 qua
1301 2228 1436 2283 focis
1462 2235 1699 2299 coquunt
1747 2244 1868 2298 qua
1912 2243 2072 2299 reges

476 2325 782 2384 comedunt.
834 2318 1070 2375 Foearia
1120 2333 1256 2388 ergo
1305 2323 1452 2384 sunt,
1501 2331 1622 2385 qua
1669 2332 1765 2387 per
1810 2315 2072 2385 obsequia

476 2414 690 2471 favoris
711 2409 909 2467 carnali
936 2406 1226 2479 praposito
1244 2412 1547 2461 accendunt
1567 2412 1832 2459 tumorem
1855 2404 2033 2460 cordis
2053 2421 2066 2457 :

471 2512 528 2560 ut
557 2519 621 2558 eo
652 2499 909 2555 audacius
938 2498 1153 2551 favores
1181 2493 1471 2564 excipiant,
1494 2508 1601 2562 quo
1620 2492 1766 2548 velut
1784 2491 2070 2548 delicatio-

472 2609 560 2648 res
591 2589 847 2645 sibicibos
879 2584 1020 2657 ignis
1049 2582 1295 2639 excitata
1333 2582 1642 2639 devotionis
1689 2589 1897 2652 parant.
1934 2582 2069 2648 Qua

473 2682 635 2736 etiam
669 2673 914 2749 paniﬁca
945 2672 1078 2728 ﬁunt
1110 2688 1122 2724 :
1156 2671 1283 2743 quia
1312 2671 1440 2726 dum
1462 2669 1750 2741 reprobam
1771 2670 1932 2724 vitam
1956 2670 2071 2725 lau-

475 2771 623 2838 dant,
656 2765 924 2822 carnalem
956 2770 1193 2817 mentem
1227 2759 1429 2831 tyranni
1460 2758 1534 2814 ad
1563 2759 1926 2814 exercendam
1950 2774 2072 2831 pra-

474 2861 697 2917 vitatem
723 2855 1007 2910 roborant.

546 2954 596 3003 8.
626 2944 880 3018 Sequitur
901 2961 913 2998 :
934 2945 1105 3013 Agros
1122 2956 1333 3014 quoque
1357 2942 1564 2996 vestros
1581 2939 1761 3005 tollet,
1782 2942 1838 2994 et
1860 2938 2069 3007 vineas,

475 3045 531 3098 et
552 3039 776 3100 oliveta,
791 3038 846 3090 et
868 3034 1021 3089 dabit
1045 3031 1218 3087 servis
1234 3030 1371 3085 suis.
1387 3027 1491 3097 Qui
1508 3036 1631 3083 sunt
1646 3028 1761 3099 agri
1778 3027 2067 3096 bonorum,

476 3129 577 3185 nisi
608 3128 820 3181 devotae
868 3129 1075 3176 mentes
1120 3118 1510 3173 subditorum?
1539 3133 1660 3188 qua
1706 3118 1835 3170 dum
1883 3132 2066 3171 eorum

474 3217 647 3277 verba
688 3213 918 3268 libenter
964 3208 1211 3275 audiunt,
1253 3209 1521 3261 honorum
1569 3221 1797 3276 operum
1845 3205 2068 3260 uberem

478 3310 715 3364 fructum
757 3301 1014 3356 reddunt.
1073 3296 1207 3365 Qua
1255 3306 1434 3351 autem
1484 3295 1655 3350 vinea
1718 3310 1922 3363 eorum,
1967 3294 2069 3348 nisi

472 3404 683 3453 mentes
713 3405 898 3447 eorum
927 3389 1004 3443 ita
1029 3385 1326 3441 imitatione
1356 3382 1771 3456 proﬁcientium,
1804 3391 1860 3437 ut
1906 3383 2069 3437 etiam

472 3464 594 3543 aliis
644 3480 869 3538 verbum
915 3476 1040 3534 vita
1084 3474 1385 3545 prabeant,
1417 3481 1471 3527 et
1515 3488 1651 3543 quos
1693 3471 1968 3541 loquendo
2015 3472 2069 3524 in

478 3588 717 3631 amorem
751 3565 1057 3624 Conditoris
1084 3564 1400 3629 accendunt,
1438 3561 1579 3619 velut
1606 3559 1845 3632 potando
1893 3559 2072 3614 ebrios

472 3660 720 3719 faciant?
764 3656 903 3726 Quae
944 3669 1074 3711 vero
1117 3652 1315 3709 oliveta
1365 3658 1506 3718 sunt,
1557 3650 1658 3703 nisi
1703 3649 1873 3704 corda
1920 3649 2070 3703 audi-

472 3761 672 3816 torum,
728 3748 823 3818 qui
892 3743 1158 3798 bonorum
1234 3739 1503 3811 exemplo,
1574 3747 1625 3794 et
1694 3739 2069 3793 exhortatione

475 3838 760 3913 proﬁciunt
788 3836 841 3889 in
873 3849 1010 3903 opus
1036 3829 1421 3885 misericordia
1441 3829 1468 3881 ‘I
1498 3828 1607 3883 Sed
1636 3828 1764 3882 dum
1793 3844 1890 3881 rex
1936 3843 2066 3881 con-

475 3928 727 3995 stituitur,
755 3924 875 3996 agri
904 3920 1164 3977 tolluntur
1195 3937 1207 3971 :
1236 3919 1364 3988 quia
1400 3917 1529 3971 dum
1577 3917 1824 3971 carnales
1867 3932 2064 3985 perve-

469 4020 625 4074 niunt
653 4015 720 4070 ad
750 4013 963 4069 culmen
992 4007 1291 4081 regiminis,
1324 4008 1571 4063 nonnulli
1622 4006 1890 4061 bonorum
1917 4004 2066 4060 audi-

470 4115 616 4163 tores
645 4103 895 4175 exempla
924 4098 1222 4170 suscipiunt
1267 4096 1573 4168 pravitatis.
1607 4095 1888 4150 Tolluntur
1933 4109 2065 4165 ergo

466 4196 605 4269 agri,
634 4209 757 4250 cum
804 4206 980 4261 nuper
1005 4188 1200 4244 devota
1237 4186 1407 4241 corda
1449 4184 1796 4251 seducuntur,
1844 4184 2062 4253 quando

472 4302 541 4341 ex
590 4280 845 4354 nequitia
893 4278 1099 4333 semine
1147 4274 1380 4330 fructum
1427 4272 1660 4328 reddunt
1703 4272 1759 4326 in
1825 4271 2066 4340 maligna

467 4372 896 4433 conversatione.
931 4367 1147 4423 Oliveta
1176 4363 1416 4418 etvinea
1433 4360 1709 4426 tolluntur,
1733 4375 1855 4413 cum
1881 4374 2063 4413 exem-

466 4463 560 4530 plo
609 4459 739 4513 mati
791 4455 1069 4527 prapositi
1108 4449 1498 4505 misericordia
1545 4464 1732 4518 opera,
1765 4456 1818 4502 et
1861 4455 2063 4504 sancta

2177 541 2316 595 suis.
2352 541 2486 596 Cum
2518 543 2648 596 mali
2674 551 2931 614 prasunt,
2952 541 3174 597 difﬁcile
3202 544 3357 599 valde
3378 553 3473 613 est,
3498 556 3552 600 ut
3571 549 3656 619 qui
3675 551 3746 605 eis

2175 630 2479 699 subjicitur,
2513 632 2660 685 nulla
2690 632 2972 703 religionis
3001 632 3202 686 damna
3244 632 3489 702 patiatur.
3521 637 3746 692 Aliorum

2178 734 2411 788 namque
2441 728 2647 775 mentes
2675 721 2895 777 omnino
2924 729 3151 790 pereunt
3184 738 3196 774 :
3220 721 3316 776 sed
3336 721 3370 774 ii
3391 737 3525 792 quos
3541 740 3745 794 perver-

2180 813 2290 861 tere
2336 808 2553 878 penitus
2595 817 2885 879 nequeunt,
2936 809 3068 864 dum
3118 808 3452 865 incessanter
3491 819 3543 866 et
3595 813 3747 868 verba

2178 902 2232 949 et
2282 911 2447 965 Opera
2502 913 2689 952 eorum
2750 915 2918 969 prava
2989 898 3346 968 conspiciunt,
3409 900 3750 973 qualicunque

2177 985 2335 1039 sorde
2376 986 2729 1040 maculantur.
2770 989 2914 1041 Bene
2953 1002 3085 1058 ergo
3123 986 3317 1041 dicitur
3347 1003 3360 1040 :
3392 987 3604 1059 Segetes
3650 1005 3749 1046 ves-

2181 1077 2320 1139 tras,
2342 1078 2398 1129 et
2420 1076 2721 1131 vinearum
2738 1076 2958 1131 reditus
2976 1074 3381 1132 addecimabit.
3401 1074 3562 1143 Quasi
3582 1077 3715 1133 dicat
3737 1097 3747 1132 :

2179 1161 2291 1214 Sub
2319 1171 2537 1231 pastore
2566 1163 2801 1233 reprobo
2831 1163 3123 1219 electorum
3163 1164 3330 1218 etiam
3376 1163 3515 1219 bona
3560 1166 3753 1238 integra

2178 1264 2286 1303 non
2310 1259 2454 1305 sunt.
2486 1252 2595 1306 Sed
2624 1253 2770 1322 quod
2799 1252 2959 1307 bonis
3003 1252 3252 1320 demitur,
3282 1253 3538 1309 eunuchis
3582 1263 3632 1309 et
3674 1255 3753 1308 fa-

2179 1338 2340 1392 mulis
2388 1340 2534 1411 regis
2582 1340 2756 1395 datur.
2803 1341 3070 1408 Eunuchi,
3120 1348 3172 1396 et
3219 1341 3409 1396 famuli
3472 1343 3753 1397 carnalium

2177 1426 2555 1496 pralatorum,
2587 1437 2711 1483 sunt
2741 1429 2858 1500 ejus
2887 1430 3163 1485 auditores
3189 1430 3502 1501 hypocrita.
3526 1433 3755 1488 Eunuchi

2178 1516 2398 1584 quidem
2429 1526 2571 1585 sunt,
2603 1517 2731 1588 quia
2777 1518 3092 1573 sacularem
3140 1519 3473 1589 voluptatem
3517 1537 3573 1576 se
3612 1521 3756 1591 abje-

2176 1605 2311 1659 cisse
2353 1607 2643 1660 ostendunt
2688 1624 2702 1660 :
2752 1607 2849 1662 sed
2893 1608 3038 1678 regis
3092 1616 3214 1662 sunt
3265 1609 3470 1676 famuli,
3515 1610 3634 1681 quia
3671 1627 3762 1682 per

2178 1707 2356 1759 omne,
2390 1696 2539 1764 quod
2569 1696 2635 1749 de
2665 1695 2952 1751 virtutibus
2981 1713 3038 1752 se
3068 1696 3270 1753 habere
3298 1698 3572 1766 simulant,
3604 1699 3657 1753 in
3708 1716 3761 1755 se

2098 1813 2153 1882 Β
2180 1782 2534 1853 reproborum
2564 1785 2978 1855 praepositorum
3003 1786 3194 1857 jugum
3218 1795 3456 1857 portant.
3490 1788 3639 1844 Bene
3666 1804 3762 1843 au-

2181 1878 2286 1925 tem
2343 1880 2609 1942 segetum,
2667 1882 2722 1928 et
2787 1875 2946 1942 185
2998 1875 3278 1930 vinearum
3338 1877 3551 1932 decima
3600 1893 3764 1933 eunu-

2179 1960 2405 2013 ehorum
2436 1976 2557 2015 esse
2588 1961 2850 2016 refertur:
2886 1963 3014 2034 quia
3043 1965 3448 2035 hypocritarum
3478 1966 3622 2020 visus
3642 1966 3764 2021 levi-

2181 2053 2261 2101 ter
2289 2063 2398 2103 non
2445 2049 2778 2120 agnoscitur.
2812 2052 2872 2104 In
2922 2068 3027 2121 quo
3078 2053 3206 2106 dum
3249 2055 3420 2110 sancti
3472 2056 3633 2109 etiam
3674 2055 3769 2109 viri

2181 2144 2402 2206 possunt
2431 2137 2630 2208 decipi,
2664 2140 2810 2209 quod
2835 2141 3088 2209 perdunt,
3120 2134 3225 2196 illis
3271 2143 3612 2211 adscribitur,
3643 2160 3767 2214 quo-

2177 2241 2295 2279 rum
2322 2227 2508 2281 fraude
2525 2228 2824 2298 capiuntur.
2843 2229 3097 2300 Sequitur
3118 2246 3131 2281 ε
3155 2230 3350 2287 Servos
3368 2235 3547 2288 etiam
3569 2238 3768 2289 vestros

2178 2318 2235 2369 et
2264 2316 2531 2383 ancillas,
2565 2320 2621 2371 et
2633 2316 2880 2387 juvenes
2909 2321 3179 2390 Optimos,
3210 2324 3267 2375 et
3296 2324 3491 2378 asinos
3531 2324 3766 2392 auferet,

2178 2406 2234 2457 et
2266 2407 2437 2474 ponet
2461 2404 2523 2458 in
2563 2419 2728 2475 opere
2764 2421 2885 2462 suo.
2916 2406 3068 2461 Servi
3115 2416 3169 2462 et
3210 2409 3428 2464 ancilla
3474 2419 3769 2465 sanctorum

2178 2499 2319 2557 sunt,
2370 2492 2462 2562 qui
2509 2492 2586 2547 eis
2636 2495 2958 2565 temporalia
3004 2498 3304 2552 necessaria
3349 2498 3768 2553 subministrant.

2179 2580 2333 2634 Servi
2364 2589 2415 2635 et
2456 2581 2668 2636 ancilla
2716 2592 2856 2652 sunt,
2889 2585 3014 2655 quia
3060 2585 3186 2640 dum
3230 2586 3307 2641 eis
3352 2603 3643 2658 corporum
3687 2604 3773 2643 ne-

2179 2669 2412 2723 cessaria
2476 2670 2729 2739 tribuunt,
2781 2672 2835 2726 in
2896 2674 3088 2729 eodem
3135 2690 3304 2745 opere
3370 2676 3789 2743 misericordia,

2179 2757 2271 2813 alii
2303 2757 2424 2812 aliis
2454 2758 2780 2815 robustiores
2827 2769 2968 2816 sunt.
2996 2762 3065 2817 Et
3111 2763 3302 2833 optimi
3345 2766 3578 2835 juvenes
3610 2783 3624 2820 :
3656 2765 3776 2835 quia

2179 2854 2231 2901 et
2259 2846 2351 2917 qui
2402 2848 2651 2916 multum,
2683 2858 2736 2903 et
2782 2850 2873 2920 qui
2920 2866 3116 2921 parum
3161 2863 3409 2923 possunt,
3444 2855 3573 2908 dum
3620 2868 3776 2909 omne

2178 2936 2326 3006 quod
2356 2937 2674 3007 pravalent,
2707 2937 2763 2992 in
2808 2954 2973 3008 opere
3020 2941 3416 2998 misericordia
3447 2944 3772 3013 expendunt,

2176 3024 2323 3080 velut
2369 3025 2526 3080 electi
2571 3025 2823 3096 juvenes,
2858 3028 3041 3083 divina
3085 3031 3303 3085 servitia
3350 3033 3601 3088 valenter
3643 3047 3774 3101 ope-

2176 3121 2378 3167 rantur.
2410 3115 2560 3168 Asini
2589 3131 2803 3186 quoque
2832 3116 3123 3173 electorum
3155 3128 3296 3188 sunt,
3321 3122 3526 3190 quibus
3552 3121 3771 3177 ferenda

2176 3218 2343 3258 onera
2366 3202 2691 3258 obedientia
2720 3206 3088 3277 imponuntur,
3121 3216 3178 3263 ut
3206 3224 3395 3264 eorum
3429 3211 3773 3283 fragilitatem

2175 3292 2452 3361 adjuvent,
2500 3292 2636 3347 dum
2684 3309 2750 3348 ea
2798 3310 2921 3349 cum
2969 3295 3050 3350 eis
3094 3306 3333 3367 portant,
3366 3316 3495 3370 qua
3545 3300 3659 3354 sine
3701 3302 3774 3353 eis

2174 3389 2394 3451 portare
2440 3396 2783 3452 nequaquam
2825 3393 3063 3452 possent.
3097 3384 3239 3454 Quid
3282 3397 3362 3442 est
3404 3399 3606 3457 autem,
3638 3390 3776 3460 quod

2176 3468 2231 3521 in
2279 3485 2441 3539 opere
2488 3472 2632 3541 regis
2674 3472 2909 3541 ponendi
2967 3475 3383 3542 pradicuntur?
3434 3480 3544 3534 Sed
3591 3480 3680 3549 qui
3723 3478 3774 3532 in

2176 3572 2340 3628 opere
2390 3558 2536 3629 regis
2584 3570 2873 3629 ponuntur,
2923 3562 3118 3618 diebus
3183 3566 3492 3621 constitutis
3538 3568 3776 3623 debitum

2174 3647 2487 3717 persolvunt
2524 3648 2786 3720 angaria,
2831 3650 2937 3718 juri
2986 3651 3219 3722 publica
3275 3658 3583 3723 potestatis.
3635 3657 3775 3725 Quid

2175 3742 2255 3789 est
2285 3750 2438 3807 ergo,
2469 3736 2613 3806 quod
2666 3737 2723 3791 in
2769 3754 2934 3809 opere
2982 3741 3125 3811 regis
3170 3744 3311 3798 servi
3356 3754 3407 3799 et
3458 3746 3695 3819 ancilla,
3727 3756 3779 3802 et

2168 3822 2399 3892 juvenes
2429 3825 2617 3894 optimi
2648 3828 2885 3895 ponendi
2916 3830 3318 3899 pradicuntur;
3350 3834 3455 3888 nisi
3488 3835 3614 3905 quia
3640 3852 3777 3905 pra-

2173 3913 2538 3968 eminentibus
2583 3915 2909 3984 carnalibus,
2956 3926 3010 3972 et
3063 3918 3353 3975 electorum
3422 3924 3678 3991 ministri,
3727 3932 3779 3979 et

2172 4001 2365 4057 devote
2395 4002 2763 4057 obedientium
2804 4006 2988 4074 corda,
3020 4008 3340 4079 plerumque
3386 4014 3776 4068 maculantur?

2170 4089 2315 4143 Nam
2347 4091 2473 4144 dum
2504 4093 2796 4161 reprobam
2827 4109 3017 4149 eorum
3046 4096 3211 4152 vitam
3242 4098 3622 4157 indesinenter
3638 4103 3776 4172 aspi-

2171 4178 2337 4247 ciunt,
2368 4180 2633 4248 paulatim
2679 4181 2758 4237 sic
2802 4183 3075 4253 decidunt,
3110 4193 3165 4240 ut
3212 4186 3419 4259 aliquid
3470 4191 3544 4245 de
3588 4206 3775 4245 eorum

2170 4265 2328 4323 factis
2357 4268 2655 4323 imitentur.
2687 4271 2771 4324 Ex
2808 4271 2973 4343 longo
3003 4273 3225 4343 quidem
3272 4292 3371 4330 usu
3422 4278 3614 4333 electis
3658 4294 3774 4334 ser-

2170 4354 2357 4424 viunt;
2407 4358 2503 4411 sed
2554 4357 2683 4411 dum
2729 4375 2876 4430 sape
2920 4361 3101 4416 vident
3142 4378 3328 4417 eorum
3389 4367 3777 4423 excellentiam

2169 4443 2438 4514 culminis,
2470 4446 2659 4503 serviri
2704 4447 2923 4503 sibi.ab
2970 4449 3090 4504 aliis
3134 4454 3464 4524 quandoque
3513 4465 3779 4526 appetunt

462 4526 868 4621 pradicationis
913 4542 1081 4599 verba
1129 4538 1439 4595 exhibenda
1486 4545 1538 4592 et
1583 4536 1854 4607 loquenda
1890 4537 2055 4591 dese-
2085 4526 2266 4601 D'pel'
2292 4533 2583 4603 impulsum
2633 4536 2899 4591 elationis.
2933 4538 3041 4593 Sua
3088 4556 3305 4612 quoque
3349 4543 3780 4600 misericorditer

461 4644 675 4697 runtur.
709 4634 853 4688 Bene
907 4637 1085 4685 autem
1132 4626 1300 4683 servis
1346 4625 1488 4697 regis
1533 4625 1654 4680 dari
1701 4624 1865 4679 ablati
1913 4625 2054 4697 agri,

464 4731 520 4783 et
572 4723 764 4790 vinea,
824 4729 876 4775 et
929 4719 1129 4774 oliveta
1199 4722 1592 4771 memorantur.
1650 4712 1802 4771 Servi
1853 4714 2057 4786 quippe

465 4816 608 4879 sunt,
640 4812 732 4882 qui
779 4809 1122 4864 dominorum
1165 4804 1276 4875 juri
1321 4819 1536 4874 semper
1580 4802 1799 4873 subditi,
1828 4804 2059 4859 evadere

462 4909 736 4973 nequeunt
759 4899 898 4971 juga
941 4894 1348 4951 dominationis.
1380 4892 1535 4949 Servi
1580 4892 1759 4964 itaque
1804 4900 1925 4947 sunt
1966 4908 2055 4948 re-

461 4991 568 5064 gis,
603 4990 690 5062 qui
716 5005 816 5061 per
844 4986 1209 5042 abundantem
1258 4982 1596 5053 iniquitatem
1645 4982 1723 5036 sic
1772 4997 1829 5036 se
1878 4990 2057 5052 tyran-

458 5096 651 5141 norum
684 5076 1052 5133 voluntatibus
1082 5072 1345 5144 obligant,
1377 5080 1435 5126 ut
1464 5071 1535 5125 ab
1563 5070 1641 5125 eis
1678 5070 1901 5126 ulterius
1946 5086 2055 5125 non

457 5168 737 5225 recedant.
768 5167 991 5222 Ablatos
1036 5177 1167 5234 ergo
1208 5177 1389 5233 agros,
1422 5164 1477 5214 et
1524 5160 1728 5227 vineas,
1762 5169 1817 5214 et
1859 5159 2056 5214 oliveta

456 5258 601 5314 servi
647 5256 946 5328 suscipiunt
994 5270 1005 5307 :
1052 5251 1182 5323 quia
1229 5249 1445 5320 reprobi
1488 5248 1722 5303 fautores
1788 5247 2048 5318 praelato-

452 5360 571 5399 rum
602 5345 921 5412 carnalium,
954 5343 1084 5397 dum
1116 5341 1341 5410 decepta
1390 5337 1561 5393 corda
1606 5336 1661 5389 in
1708 5336 2049 5405 propositum

454 5431 780 5487 transferunt
834 5431 983 5502 pravi
1040 5428 1241 5500 operis,
1300 5426 1445 5481 velut
1521 5424 1811 5481 electorum
1883 5425 2047 5497 agris,

451 5518 650 5587 vineis,
682 5526 734 5574 et
760 5518 971 5574 olivetis
1019 5518 1230 5573 titulum
1276 5516 1558 5587 imponunt
1607 5513 1897 5585 tyrannica
1942 5529 2049 5585 po-

465 5606 688 5674 testatis.
722 5606 975 5680 Sequitur
997 5620 1009 5669 ς
1033 5606 1149 5667 Sed
1182 5608 1240 5665 et
1266 5610 1475 5682 segetes
1505 5608 1738 5681 vestras,
1764 5606 1821 5663 et
1851 5604 2048 5665 vinea-

2166 4623 2423 4690 tribuunt,
2456 4624 2550 4677 sed
2582 4632 2926 4694 tyrannorum
2957 4644 3103 4697 sape
3140 4632 3393 4701 exemplo
3440 4634 3630 4688 aliena
3678 4634 3776 4689 tel-

2164 4711 2297 4766 lunt.
2331 4712 2437 4766 Sed
2467 4711 2596 4782 quia
2623 4715 2765 4769 servi
2794 4723 3098 4771 sanctorum
3127 4727 3268 4789 sunt,
3302 4721 3370 4776 de
3413 4723 3538 4789 jure
3586 4739 3777 4779 eorum

2166 4802 2334 4871 exire,
2395 4817 2503 4857 non
2576 4812 2825 4873 possunt.
2883 4804 2964 4859 Ad
3022 4808 3211 4861 horam
3267 4809 3486 4880 quidem
3549 4820 3779 4882 possunt

2167 4890 2362 4959 deseri,
2396 4892 2491 4946 sed
2521 4892 2591 4945 ab
2620 4908 2819 4961 errore,
2854 4893 2908 4946 in
2956 4911 3118 4965 quem
3170 4897 3444 4966 decidunt,
3480 4916 3585 4971 per
3635 4900 3779 4955 divi-

2163 4995 2289 5034 nam
2322 4980 2742 5036 misericordiam
2773 4981 2935 5037 facile
2963 4982 3330 5042 sublevantur.
3355 4987 3497 5055 Quia
3519 5004 3659 5061 ergo
3678 5005 3779 5061 per

2163 5068 2415 5139 exempla
2460 5084 2753 5138 pravorum
2794 5081 3071 5139 corruunt,
3117 5074 3207 5143 qui
3251 5074 3358 5130 cito
3414 5078 3773 5149 resipiscunt,

2163 5158 2311 5213 velut
2339 5173 2435 5228 per
2456 5158 2735 5229 angariam
2767 5168 3040 5229 ponuntur
3066 5161 3121 5215 in
3150 5164 3296 5235 regis
3323 5180 3494 5235 Opere
3520 5183 3535 5220 :
3576 5168 3635 5221 in
3666 5183 3775 5238 quo

2160 5246 2253 5300 diu
2281 5262 2388 5301 non
2414 5256 2733 5316 permanent
2759 5264 2861 5319 per
2888 5249 3199 5306 continuam
3228 5252 3564 5309 servitutem.

2231 5338 2282 5389 9.
2308 5336 2562 5405 Sequitur
2590 5356 2609 5392 :
2647 5338 2846 5410 Greges
2883 5354 3101 5411 quoque
3120 5346 3329 5399 vestros
3356 5342 3771 5414 addecimaln’t,

2159 5438 2357 5496 vosque
2386 5427 2551 5481 eritis
2573 5430 2628 5482 et
2651 5428 2817 5483 servi.
2838 5426 3002 5495 Quasi
3029 5429 3170 5485 dicat
3195 5449 3206 5485 :
3234 5431 3374 5486 Dum
3394 5442 3591 5503 pastor
3609 5434 3775 5491 vobis

2159 5513 2389 5568 carnalis
2417 5516 2769 5586 praponitur,
2800 5531 2910 5573 non
2939 5517 3114 5573 solum
3136 5520 3344 5589 vestris,
3364 5522 3458 5579 sed
3481 5523 3658 5579 etiam
3677 5540 3776 5582 vo-

2157 5601 2488 5681 bismetipsis
2534 5604 2785 5667 virtutum
2835 5608 3039 5668 nrada
3081 5609 3399 5671 inferuntur.
3433 5611 3656 5697 Greges
3684 5623 3773 5697 et:
