4034 6174
291 330 387 397 2519

1129 326 1201 394 IN
1232 330 1500 393 PRIMUM
1527 326 1773 392 REGUM
1802 328 2336 391 EXPOSITIONES.
2369 364 2437 375 —
2466 334 2592 392 ιλιι.
2622 325 2715 395 1v.

3478 345 3584 402 230

292 475 429 530 enim
448 472 770 540 electorum,
804 476 929 526 sunt
955 466 1128 522 turbae
1181 464 1436 520 virtutum
1492 463 1874 535 spiritualium.
1904 460 1961 522 A
2062 464 2156 521 lt.
2184 462 2391 532 Quibus
2418 464 2660 537 profecto
2690 466 2867 521 verbis
2895 483 3073 523 mores
3099 466 3438 523 subditorum
3467 484 3585 526 caro

292 562 389 628 Qui
416 576 546 617 vero
576 569 630 615 et
657 561 791 630 ipsa:
811 555 1127 628 spirituales
1158 555 1388 608 virtutes
1411 553 1676 621 exemplo
1713 567 1846 622 prav
1880 557 1914 597 ο
1946 591 1956 611 .
1988 551 2193 605 nalium
2222 562 2404 622 aperte
2434 555 2809 609 describuntur
2848 573 2859 608 :
2894 557 3019 625 quia
3046 556 3172 610 dum
3204 558 3587 629 exterioraap-

291 668 401 706 rum
425 650 773 720 dissipantur,
806 663 902 702 rex
930 644 1167 700 decimas
1197 643 1331 698 tollit
1351 643 1562 714 gregis,
1594 641 1815 712 quando
1836 639 1882 693 is

293 739 377 811 qui
404 737 696 795 carnaliter
722 735 1058 807 praeminet,
1085 732 1140 786 in
1170 738 1478 787 sanctorum
1501 730 1756 785 cordibus
1775 728 1883 783 ali-

292 843 420 899 quas
450 825 676 881 virtutes
725 823 963 895 perimit.
1022 820 1275 876 Decimas
1333 819 1512 874 tollit:
1574 816 1701 887 quia
1756 817 1885 870 dum

296 916 486 971 mentis
505 913 872 985 integritatem
900 909 1127 979 dissipat
1152 910 1409 964 virtutum
1441 922 1726 962 numerum
1776 905 1883 959 im-

294 1000 589 1073 perfectum
609 996 951 1067 derelinquit.
984 993 1226 1050 Denario
1258 992 1467 1062 quippe
1497 1005 1724 1046 numero
1756 1006 1885 1061 per-

297 1088 455 1144 fectio
484 1087 821 1159 designatur.
852 1082 1006 1141 Unde
1036 1090 1089 1137 et
1131 1096 1256 1138 cum
1314 1081 1476 1151 lapsae
1534 1077 1890 1133 humanitatis

298 1186 498 1233 nostra:
523 1176 721 1230 damno
750 1172 1010 1229 Dominus
1035 1179 1221 1241 aperta
1250 1167 1655 1239 comparatione
1698 1174 1887 1223 osten-

299 1267 468 1332 deret,
501 1264 804 1331 mulierem,
837 1277 959 1333 qua:
1012 1261 1082 1314 de
1139 1258 1333 1314 decem
1388 1256 1669 1311 drachmis
1722 1271 1888 1311 unam

298 1353 634 1425 perdiderat,
657 1351 711 1406 in
742 1350 981 1406 medium
1002 1347 1148 1403 ducit
1170 1348 1331 1417 (Luc.
1346 1362 1439 1410 xv,
1463 1347 1494 1400 4
1515 1346 1653 1418 seq.)
1677 1364 1689 1409 ;
1716 1352 1771 1399 ut
1788 1361 1891 1415 per

299 1445 422 1509 hoc,
440 1442 587 1515 quod
609 1440 868 1496 denarius
899 1452 1157 1492 numerus
1189 1436 1414 1507 periisse
1444 1434 1763 1503 ostenditur,
1792 1450 1889 1488 su-

294 1548 465 1604 perna
494 1531 588 1585 illa
618 1528 868 1592 societas,
901 1541 1023 1597 quae
1055 1524 1353 1580 novenario
1377 1538 1605 1578 numero
1663 1537 1887 1577 reman-

294 1623 358 1676 sit
388 1622 446 1675 in
475 1618 706 1691 angelis,
738 1617 857 1672 sine
903 1614 1249 1685 reparatione
1307 1612 1636 1668 conditionis
1694 1619 1890 1666 nostra

293 1708 611 1781 imperfecta
641 1722 763 1763 esse
793 1707 1064 1761 doceatur.
1096 1704 1161 1758 Et
1187 1704 1315 1773 quia
1346 1701 1578 1756 decimae
1626 1717 1723 1771 per
1778 1717 1882 1755 an-

286 1815 383 1854 nos
413 1797 661 1870 singulos
688 1795 997 1867 exiguntur,
1030 1801 1153 1862 apte
1184 1792 1271 1863 qui
1304 1791 1545 1846 decimas
1566 1788 1759 1846 oli‘erre
1781 1805 1889 1844 non

1989 648 2198 710 petunt,
2231 640 2480 697 interiora
2516 642 2714 697 damna
2736 644 2903 698 etiam
2943 646 3193 713 exposita
3248 662 3358 700 non
3414 655 3586 703 atten-

1990 728 2142 785 dunt.
2171 730 2279 784 Sed
2305 730 2395 801 qui
2426 731 2719 786 carnaliter
2772 740 3033 801 praesunt,
3094 733 3210 801 ipsa
3269 736 3587 792 ostensione

1994 818 2307 887 temporalis
2339 819 2593 888 potentias
2621 819 2854 874 subditis
2885 820 2993 874 sibi
3016 820 3315 877 minoribus
3332 839 3586 896 magnam

1995 922 2151 976 spem
2180 905 2308 961 dant
2338 907 2534 962 tutelae.
2570 909 2711 963 Dum
2741 923 2874 980 ergo
2906 909 3116 963 dicunt:
3153 912 3269 966 Rea:
3299 913 3593 984 eritsuper

1995 1010 2116 1063 nos,
2138 999 2195 1051 et
2219 996 2493 1067 pugnabit
2522 996 2673 1052 bella
2703 1002 2900 1053 nostra
2922 1013 3022 1069 pro
3054 999 3230 1065 nobis,
3268 999 3395 1071 quid
3414 1001 3583 1068 aliud,

1996 1099 2157 1153 quam
2187 1085 2543 1154 reproborum
2582 1085 2879 1141 subitorum
2910 1102 3093 1142 mores
3143 1088 3434 1157 insinuant,
3491 1091 3581 1161 qui

1997 1171 2230 1226 humiles
2259 1180 2312 1227 et
2340 1172 2651 1242 spirituales
2707 1174 3093 1244 prmdicatores
3151 1177 3477 1247 despiciunt,
3536 1188 3592 1233 ut

1997 1260 2374 1329 temporaliter
2405 1277 2437 1316 a
2466 1262 2776 1317 carnalibus
2803 1263 3130 1332 adjuvantur
3157 1266 3184 1317 ‘l
3241 1264 3398 1334 Quod
3446 1276 3590 1324 certe

1997 1347 2310 1402 nullatenus
2340 1357 2580 1419 agerent,
2604 1348 2704 1403 nisi
2732 1350 2884 1419 prius
2920 1352 3106 1407 lumen
3138 1354 3322 1408 cordis
3368 1355 3588 1410 amisis-

1997 1445 2137 1491 sent.
2170 1437 2306 1491 Nam
2339 1437 2385 1491 si
2415 1437 2774 1507 spiritualium
2796 1439 3042 1495 virorum
3074 1441 3427 1497 humilitatem
3459 1444 3591 1500 foris

1997 1524 2318 1595 despiciunt,
2352 1526 2450 1580 sed
2480 1543 2585 1596 qua
2612 1528 2898 1596 potestatis
2927 1529 3259 1586 sublimitate
3287 1531 3434 1588 intus
3446 1535 3588 1590 emi-

1998 1620 2178 1679 neant,
2218 1630 2438 1669 cernere
2464 1630 2571 1669 non
2602 1624 2878 1670 merentur
2910 1633 2924 1679 ;
2957 1615 3012 1669 in
3035 1617 3142 1671 illis
3171 1634 3385 1689 quoque
3415 1630 3589 1678 exter-

1997 1718 2124 1756 nam
2152 1703 2433 1772 potestatis
2464 1703 2799 1774 tyrannidem
2836 1704 3038 1774 vident,
3071 1707 3170 1761 sed
3201 1723 3306 1777 qua
3361 1710 3585 1767 inﬁrmi-

1998 1798 2105 1846 tate
2135 1792 2279 1846 intus
2301 1792 2656 1863 deprimatur,
2689 1809 2798 1849 non
2853 1793 3057 1849 vident.
3119 1796 3233 1864 Isti,
3296 1798 3423 1866 quia
3475 1801 3589 1859 Deo

286 1888 562 1952 desinunt,
593 1884 735 1940 servi
763 1899 883 1938 esse
911 1881 1058 1953 regis
1095 1880 1473 1951 perhibentur.
1535 1879 1625 1933 Eis
1682 1878 1883 1950 quippe
1913 1886 1966 1949 Β
1997 1880 2289 1947 adhaerent,
2322 1897 2444 1935 cum
2474 1881 2680 1948 volunt,
2699 1882 2863 1936 etiam
2897 1882 2950 1937 in
2980 1885 3345 1941 exterioribus
3388 1898 3586 1959 poten-

286 1993 381 2049 per
408 1991 581 2030 annos
609 1972 854 2045 singulos
882 1970 1141 2037 serviunt,
1175 1984 1406 2041 quorum
1439 1967 1694 2038 exemplo
1739 1983 1885 2038 szepe

284 2066 497 2135 pejores
524 2063 679 2117 fiunt.
714 2064 945 2117 Possunt
974 2067 1026 2114 et
1053 2075 1152 2129 per
1181 2061 1303 2126 hoc,
1364 2057 1508 2127 quod
1564 2060 1687 2127 post
1729 2057 1885 2111 datas

283 2154 525 2211 decimas
544 2152 773 2206 servitus
790 2150 893 2203 ista
915 2148 1191 2216 asseritus,
1214 2145 1344 2201 mali
1365 2145 1637 2217 profectus
1651 2144 1882 2200 ostendi.

282 2245 422 2298 Nam
450 2240 546 2315 qui
575 2238 835 2310 paulatim
869 2236 1146 2302 deﬁciunt,
1196 2235 1440 2306 quotidie
1491 2242 1680 2306 agunt,
1739 2233 1885 2288 unde

283 2334 352 2387 ad
406 2329 709 2402 iniquitatis
763 2325 1034 2397 profunda
1090 2324 1448 2379 deducantur.
1503 2323 1645 2378 Dicit
1702 2338 1879 2395 ergo:

287 2420 493 2491 Greges
531 2422 741 2474 vestros
772 2412 1192 2480 addecimabit,
1216 2429 1415 2486 vosque
1438 2414 1603 2469 eritis
1622 2414 1674 2468 ei
1716 2412 1882 2467 servi.

282 2509 454 2578 Quasi
483 2508 631 2562 dicat
670 2524 684 2558 :
725 2504 992 2559 Malorum
1014 2502 1268 2574 exemplo
1298 2502 1559 2574 paulatim
1603 2500 1882 2569 decidetis,

283 2598 383 2655 sed
400 2596 647 2654 cadendo
673 2594 857 2667 agitis,
890 2601 946 2648 ut
974 2593 1043 2648 ab
1072 2608 1256 2648 eorum
1277 2592 1579 2648 imitatione
1609 2605 1884 2661 nunquam

283 2687 571 2745 recedatis.
621 2671 781 2737 186
816 2682 1085 2753 Scriptum
1117 2680 1319 2752 quippe
1351 2688 1429 2735 est
1489 2698 1502 2734 :
1553 2683 1593 2736 Α
1631 2696 1736 2753 quo
1760 2679 1883 2751 quis

283 2772 1161 2846 vincitur,ejusservuse/ﬁeitur
1202 2770 1520 2840 (IIPetr.u,
1573 2768 1683 2833 19).
1743 2768 1885 2836 Quia

285 2866 433 2922 enim
464 2881 561 2934 per
588 2862 947 2918 imitationem
992 2859 1225 2931 pastoris
1281 2858 1501 2928 reprobi
1559 2858 1614 2912 in
1670 2857 1883 2928 peccati

285 2955 603 3010 servitutem
632 2950 897 3018 incidunt,
929 2949 1090 3004 etiam
1121 2948 1191 3002 ab
1211 2947 1331 3017 ejus
1356 2948 1511 3018 jugo,
1541 2946 1758 3017 quando
1792 2961 1883 3001 vo-

284 3042 425 3112 lunt,
456 3042 595 3097 solvi
621 3056 730 3096 non
762 3045 1013 3110 possunt.
1045 3037 1203 3093 Unde
1232 3045 1287 3092 et
1314 3035 1566 3091 subditur
1602 3052 1614 3090 :

358 3140 535 3211 (Vera.
560 3139 665 3209 18.)
697 3138 766 3192 Et
784 3135 1107 3192 clamabitis
1126 3136 1189 3189 in
1223 3133 1312 3189 die
1344 3134 1448 3189 illa
1481 3151 1515 3190 a
1544 3133 1692 3205 facie
1740 3135 1886 3205 regis

1993 1977 2073 2024 tes
2103 1977 2227 2023 sunt
2260 1985 2272 2022 :
2306 1969 2404 2037 illi,
2439 1969 2528 2040 qui
2559 1986 2591 2023 ει
2623 1970 2855 2025 Domino
2884 1972 3162 2041 recedunt,
3204 1991 3378 2045 spem,
3422 1994 3585 2046 quam

1992 2057 2309 2129 promittunt
2335 2057 2654 2128 depotentia
2682 2060 2950 2125 saeculari,
2986 2063 3239 2118 exhibere
3297 2081 3583 2137 nonpos-

1991 2153 2110 2200 sunt
2144 2146 2452 2202 fortitudine
2484 2148 2835 2216 Operationis.
2866 2149 3190 2218 Nam,utde
3211 2153 3390 2210 vicino
3407 2172 3590 2213 exem-

1988 2235 2082 2304 pla
2111 2235 2406 2304 capiamus,
2449 2235 2579 2291 Saul
2609 2237 2679 2290 ad
2704 2240 3004 2309 pugnanda
3034 2240 3178 2296 bella
3208 2259 3397 2315 regem
3445 2263 3580 2316 pos-

1995 2324 2296 2389 tulantium,
2340 2322 2490 2378 fortis
2521 2330 2575 2378 et
2600 2332 2791 2395 potens
2820 2326 3040 2399 eligitur
3066 2345 3078 2380 :
3109 2330 3184 2384 ita
3212 2341 3288 2400 ut,
3303 2349 3457 2390 sacra
3479 2338 3583 2392 hac

1989 2411 2217 2467 historia
2249 2420 2383 2468 teste
2416 2412 2469 2482 (I
2487 2415 2614 2485 Iteg.
2648 2430 2721 2480 ιχ,
2754 2416 2830 2485 2),
2873 2416 2942 2470 ab
2975 2417 3218 2489 humero,
3269 2430 3322 2477 et
3366 2440 3579 2481 sursum

1990 2502 2198 2571 papulo
2235 2502 2488 2557 universo
2518 2502 2801 2559 emineret.
2836 2507 2879 2557 Λ
2909 2506 3024 2561 Deo
3080 2506 3243 2579 igitur
3297 2512 3368 2566 ad
3424 2517 3578 2586 regni

1989 2591 2357 2663 gubernacula
2384 2590 2607 2661 electus,
2660 2607 2783 2648 cum
2840 2592 3017 2649 bonus
3074 2597 3351 2669 existeret,
3410 2611 3463 2658 et
3519 2605 3587 2660 de

1991 2679 2116 2734 ﬁliis
2145 2679 2313 2734 Israel
2351 2678 2548 2753 aliquis
2594 2680 2788 2735 melior
2841 2680 2937 2738 illo
2995 2698 3106 2739 non
3161 2696 3317 2757 esset,
3377 2693 3587 2768 tamen;

1992 2783 2115 2823 cum
2142 2776 2317 2823 tantus
2345 2783 2409 2824 ac
2440 2768 2559 2822 talis
2587 2769 2669 2823 vir
2696 2770 2900 2825 carnali
2931 2771 3228 2829 fortitudini
3243 2778 3578 2852 relinquitur,

1989 2856 2136 2912 bella
2154 2857 2898 2931 perdidit,quaapugnaturus
2948 2873 3252 2934 acceperat,
3304 2875 3357 2922 et
3414 2871 3579 2928 vitam

1989 2947 2195 3016 pariter
2222 2946 2404 3001 amisit
2432 2947 2477 3016 (I
2491 2949 2613 3018 Reg.
2645 2962 2726 3014 ιιι,
2760 2950 2832 3018 1).
2867 2948 3086 3005 Samuel
3116 2960 3315 3023 autem,
3348 2959 3437 3029 qui
3478 2976 3584 3016 sae-

1990 3036 2096 3091 culi
2126 3036 2370 3105 potentia
2397 3035 2642 3090 sublimis
2669 3052 2779 3092 non
2807 3039 3032 3107 exstitit,
3065 3042 3153 3110 qui
3188 3044 3460 3103 humiliter
3477 3066 3588 3108 non

1990 3125 2164 3181 solum
2196 3126 2329 3191 Deo,
2361 3124 2457 3179 sed
2517 3125 2681 3179 etiam
2750 3126 3062 3183 hominibus
3115 3131 3458 3205 ministravit,
3517 3141 3586 3197 de

286 3233 485 3297 vestri,
513 3244 676 3301 quem
705 3225 955 3297 elegistis
984 3222 1152 3291 vobis,
1201 3226 1257 3278 et
1300 3236 1415 3278 non
1469 3223 1739 3279 exaudiet
1791 3238 1885 3279 vos
1915 3244 1964 3309 α
1993 3213 2348 3309 exterioribus
2377 3228 2601 3284 quoque
2630 3213 2785 3269 bellis
2812 3218 3061 3286 trophzea
3125 3229 3373 3290 potenter
3427 3230 3588 3283 exhi-

282 3322 561 3377 Domiuus
590 3318 651 3372 in
679 3314 770 3371 die
802 3315 909 3370 illa
933 3332 948 3366 :
978 3315 1109 3385 quia
1136 3313 1360 3383 petistis
1392 3312 1539 3369 vobis
1568 3329 1774 3385 regem.

366 3421 451 3472 to.
487 3414 649 3484 Quasi
677 3412 844 3481 dicat,
875 3410 931 3466 in
956 3408 1199 3465 notitiam
1229 3425 1412 3480 pravae
1442 3410 1889 3481 imitationisejus

287 3505 550 3580 paulatim
582 3502 817 3558 detluitis
848 3518 864 3555 :
897 3499 994 3554 sed
1022 3497 1301 3569 pravitatis
1330 3499 1450 3567 ejus
1479 3500 1753 3571 exempla,
1773 3500 1888 3569 qui-

287 3596 401 3652 bus
432 3610 531 3651 vos
558 3599 753 3663 Sponte
782 3588 1114 3656 submittitis,
1172 3587 1477 3657 relinquere
1532 3597 1725 3658 sponte
1782 3589 1888 3642 mi-

286 3686 437 3740 nime
466 3681 715 3753 potestis.
748 3680 944 3735 Omnis
975 3678 1144 3745 enim,
1167 3679 1263 3749 qui
1283 3679 1428 3748 facit
1442 3681 1760 3748 peccatum,
1785 3694 1897 3739 ser.

292 3791 395 3829 nus
413 3777 499 3827 est
514 3770 935 3842 peccatiann.
960 3783 1078 3835 vui,
1108 3768 1332 3836 xxxtv).
1367 3764 1576 3834 Quibus
1604 3782 1737 3839 ergo
1766 3784 1892 3837 pec-

287 3870 412 3919 cata
441 3861 815 3925 dominantur,
848 3872 946 3927 per
964 3871 1023 3910 se
1053 3854 1123 3908 ab
1139 3870 1329 3909 eorum
1353 3853 1491 3925 jugo
1524 3854 1739 3910 liberari
1788 3873 1890 3911 ne-

288 3957 518 4023 queunt.
546 3950 687 4003 Nam
706 3962 853 4016 saepe
884 3944 952 3999 ad
982 3943 1271 3999 Dominum
1315 3959 1437 3997 cum
1492 3944 1748 4013 precibus
1801 3962 1892 4001 ve-

290 4037 470 4103 niunt,
511 4032 730 4088 liberari
768 4037 976 4101 petunt,
1026 4028 1126 4083 sed
1181 4026 1425 4082 exaudiri
1479 4044 1587 4083 non
1642 4038 1888 4099 possunt.

290 4125 496 4181 Divino
525 4120 793 4191 siquidem
818 4118 1028 4188 judicio
1056 4132 1179 4171 cum
1209 4117 1289 4171 eis
1311 4116 1507 4188 agitur,
1538 4126 1597 4173 ut
1638 4119 1728 4189 qui
1785 4135 1890 4175 no-

291 4213 515 4268 luerunt
541 4211 683 4266 mala
710 4210 905 4279 vitare,
925 4222 1050 4263 cum
1070 4215 1309 4277 possent,
1342 4223 1448 4262 non
1477 4206 1683 4279 possint
1700 4208 1890 4278 vitare,

295 4318 422 4358 cum
438 4307 624 4356 votunt
655 4317 670 4354 :
703 4306 759 4354 et
786 4297 878 4368 qui
906 4304 1100 4367 sponte
1139 4296 1417 4351 incurrunt
1472 4295 1616 4351 mala
1668 4312 1887 4369 praeco-

296 4390 473 4463 gnita,
506 4388 697 4460 fugere
728 4403 836 4442 non
865 4385 1332 4457 possintexperta.
1355 4383 1537 4452 Quare
1567 4392 1620 4440 et
1677 4401 1895 4441 causam

295 4479 594 4545 insinuans,
606 4492 713 4546 qua
733 4473 1353 4544 exaudiriprohibentur,
1386 4474 1490 4527 ait:
1519 4474 1663 4541 Quia
1672 4476 1898 4547 petistis

298 4568 451 4623 vobis
463 4581 665 4638 regem.
694 4563 865 4632 Quasi
886 4571 1070 4632 aperte
1095 4561 1237 4616 dicat
1268 4561 1591 4630 :Quiaillud
1612 4563 1894 4619 vobisdari

299 4656 639 4727 postulastis,
662 4655 717 4707 in
740 4667 847 4722 quo
876 4653 993 4706 haec
1011 4650 1193 4706 omnia
1216 4650 1413 4716 futura,
1438 4666 1524 4706 me
1544 4652 1894 4721 praedicente,

300 4744 658 4817 cognovistis.
697 4742 848 4808 Haec,
880 4739 1195 4810 utsuperius
1224 4740 1356 4809 dixi,
1380 4740 1433 4793 in
1464 4748 1593 4811 typo
1638 4741 1899 4812 praelato-

299 4848 426 4888 mm
452 4832 749 4887 carnalium
779 4831 847 4885 de
878 4829 1060 4884 futura
1086 4828 1229 4900 regis
1257 4828 1674 4885 conversatione
1702 4830 1902 4900 praedi-

302 4930 541 4976 cuntur:
572 4929 627 4976 ut
656 4921 727 4975 ab
785 4919 907 4989 ejus
960 4918 1222 4988 petitione
1260 4917 1622 4989 quiescerent,
1682 4917 1737 4972 in
1793 4934 1901 4990 quo

304 5018 453 5065 tanta
482 5010 623 5065 mala
652 5007 1061 5081 cognovissent.
1095 5005 1203 5061 Sed
1231 5005 1435 5062 habent
1489 5006 1654 5062 corda
1702 5022 1901 5076 repro-

306 5098 522 5165 borum,
550 5106 605 5153 ut
633 5098 838 5152 malum
867 5096 975 5151 cito
1005 5102 1332 5165 proponant,
1363 5102 1415 5149 et
1443 5110 1473 5148 a
1503 5094 1646 5150 malo
1692 5110 1900 5166 propo-

308 5187 418 5242 sito
443 5203 548 5243 non
576 5185 808 5241 celerius
840 5183 1177 5253 resipiscam.
1210 5181 1392 5251 Quare
1421 5190 1473 5238 et
1498 5182 1748 5238 subditur
1780 5200 1792 5237 :

382 5276 564 5344 (Vers.
596 5279 683 5344 19,
716 5272 1049 5345 ἳῦ.)Νοιιιὶι
1069 5277 1263 5328 autem
1292 5273 1533 5345 populus
1578 5272 1779 5328 audire
1818 5288 1902 5329 vo-

308 5378 439 5421 eem
480 5365 781 5429 Samuelis,
830 5361 929 5419 sed
970 5361 1299 5417 dixerunt:
1339 5361 1719 5433 Nequaquam.
1786 5363 1904 5418 Rex

313 5455 586 5511 enimerit
604 5469 775 5526 super
793 5468 917 5518 nos,
932 5455 989 5507 et
1010 5451 1222 5506 erimus
1243 5465 1344 5506 nos
1363 5465 1593 5524 quoque,
1607 5450 1756 5506 sicut
1777 5466 1900 5507 om-

314 5559 420 5600 nes
445 5548 650 5615 gentes,
672 5548 728 5599 et
747 5540 1031 5613 judicabit
1054 5556 1152 5596 nos
1173 5555 1280 5596 rex
1294 5542 1506 5606 noster,
1530 5539 1587 5594 et
1644 5539 1901 5610 egredie-

316 5636 421 5701 tur
444 5637 578 5697 ante
590 5630 1064 5711 nos,etpugnabtt
1098 5627 1246 5692 bella
1274 5632 1471 5689 nostra
1489 5641 1593 5708 pro
1614 5625 1792 5691 nobis.

1993 3302 2127 3358 buit.
2158 3303 2299 3356 Nam
2331 3318 2437 3357 non
2468 3302 2627 3357 valde
2658 3319 2821 3372 supra
2850 3304 2917 3358 de
2948 3320 3012 3359 eo
3044 3307 3242 3363 dictum
3275 3323 3353 3367 est
3386 3330 3397 3365 :
3436 3317 3587 3374 Tulit

1999 3392 2236 3448 Samuel
2257 3407 2468 3463 agnum
2484 3393 2790 3448 lactentem
2814 3410 3013 3464 unum,
3030 3400 3091 3451 et
3132 3382 3285 3452 187
3310 3403 3596 3463 obtulitil.

1999 3482 2117 3537 lum
2165 3482 2560 3537 holocaustum
2607 3482 2891 3554 integrum
2933 3486 3186 3554 Domino,
3224 3493 3281 3545 et
3316 3492 3593 3553 clamavit

1998 3569 2239 3626 Samuel
2265 3571 2337 3626 ad
2366 3570 2669 3626 Dominum
2689 3588 2791 3643 pro
2808 3571 3008 3641 Israel,
3041 3579 3099 3629 et
3134 3579 3429 3637 exaudivit
3462 3599 3594 3642 eum

2004 3661 2541 3715 Dominus.Factum
2556 3664 2638 3716 est
2665 3664 2879 3727 alutam,
2914 3679 3045 3718 eum
3078 3664 3308 3724 Samuel
3354 3670 3585 3741 offerret

2001 3749 2389 3804 holocaustum
2416 3750 2671 3817 Domino,
2706 3748 3058 3808 Philisthiim
3101 3756 3283 3813 iniere
3320 3760 3588 3830 praelium

2000 3842 2203 3893 contra
2232 3839 2425 3893 Israel.
2488 3839 2747 3893 Intonuit
2802 3844 2995 3896 autem
3043 3844 3314 3902 Dominus
3365 3851 3593 3920 fragore

2002 3942 2205 3998 magno
2236 3929 2296 3981 in
2319 3927 2407 3982 die
2430 3928 2533 3982 illa
2577 3943 2744 3998 super
2790 3929 3166 4000 Philisthiim,
3212 3939 3268 3989 et
3303 3942 3593 3996 exterruit

2000 4020 2180 4081 eos,et
2209 4021 2340 4085 egeri
2368 4020 2505 4071 sunt
2530 4016 2883 4073 Philisthiim
2903 4036 2937 4075 a
2979 4020 3116 4087 ﬁliis
3163 4022 3337 4079 Israel
3385 4027 3439 4096 (I
3463 4031 3607 4102 Reg.

1999 4123 2096 4174 vn,
2130 4110 2181 4171 9,
2216 4104 2494 4173 lO).Dicat
2522 4120 2685 4176 ergo:
2711 4105 2899 4162 Noluit
2926 4111 3168 4179 populus
3184 4112 3389 4169 audire
3413 4132 3599 4178 vocem

2003 4195 2319 4262 Samuelis,
2360 4203 2416 4248 ut
2470 4193 2525 4247 in
2582 4209 2769 4249 eorum
2817 4193 3187 4253 inobedientia
3233 4204 3595 4270 superborum

2002 4287 2174 4345 corda
2203 4284 2572 4356 designentur,
2605 4282 2682 4336 sic
2711 4282 2910 4339 divinae
2939 4286 3206 4357 aequitatis
3228 4288 3437 4357 judicio
3475 4310 3597 4364 pro-

1999 4376 2164 4447 jecta,
2198 4382 2255 4428 ut
2289 4388 2489 4444 magna
2517 4371 2661 4426 mala
2687 4371 3410 4445 immineantqumincursuri
3425 4393 3595 4442 sunt:

2006 4465 2103 4520 sed
2135 4472 2313 4518 tamen
2342 4478 2405 4517 ea
2434 4461 2623 4516 videre
2654 4476 2760 4516 non
2781 4465 3013 4532 possint.
3038 4464 3291 4537 Sequitur
3321 4487 3334 4524 :

2077 4552 2251 4623 (Vers.
2287 4554 2398 4617 21.)
2421 4553 2485 4607 Et
2514 4550 2731 4607 audivit
2771 4551 3011 4610 Samuel
3040 4558 3230 4614 omnia
3280 4560 3445 4618 verba
3491 4578 3597 4636 po-

2005 4642 2152 4715 puli.

2080 4741 2165 4793 12.
2200 4738 2313 4793 Hoc
2339 4737 2587 4807 profecto
2617 4738 2835 4796 Samuel
2865 4742 3095 4812 audivit,
3161 4746 3310 4816 quod
3364 4751 3600 4821 populus

2008 4827 2217 4884 locutus
2245 4833 2346 4895 est,
2378 4827 2473 4883 sed
2504 4831 2684 4899 ipsum
2714 4830 2945 4900 populus
2973 4848 3080 4889 non
3110 4837 3337 4892 audivit.
3396 4840 3602 4910 Populo

2010 4916 2154 4972 enim
2193 4914 2423 4986 reprobo
2450 4916 2595 4987 loqui
2625 4925 2680 4972 et
2708 4934 2815 4973 non
2845 4920 3054 4991 audire,
3086 4922 3363 4980 fuitverba
3418 4936 3606 4983 contra

2010 5004 2107 5060 Dei
2137 5003 2464 5059 voluntatem
2494 5020 2766 5074 promere,
2793 5009 2889 5063 sed
2928 5026 3143 5079 pmnam
3198 5028 3381 5081 pravae
3442 5013 3601 5070 locu-

2010 5092 2173 5149 tionis
2228 5092 2450 5148 minime
2506 5095 2828 5162 praevidere.
2889 5097 3107 5153 Samuel
3164 5108 3343 5154 autem
3416 5101 3606 5169 populi

2009 5182 2179 5238 verba
2216 5182 2422 5236 audivit
2455 5198 2467 5233 :
2499 5183 2626 5253 quia
2655 5184 2961 5253 spirituales
2990 5187 3109 5251 viri,
3170 5187 3298 5241 dum
3351 5189 3608 5258 superbae

2011 5269 2299 5326 locutionis
2328 5286 2489 5325 voces
2518 5272 2767 5341 audiunt,
2787 5271 3020 5326 futurum
3049 5272 3104 5327 in
3134 5273 3212 5327 eis
3228 5273 3422 5330 divinae
3442 5276 3607 5333 ultio-

2010 5359 2093 5413 nis
2113 5359 2788 5430 meritumrecognoscunt.
2828 5361 2985 5415 Dicat
3013 5377 3177 5433 ergo:
3228 5363 3457 5421 Audiuit
3498 5367 3606 5424 Sa-

2008 5450 2165 5505 muel
2182 5450 2372 5505 omnia
2407 5451 2568 5505 verba
2584 5449 2800 5521 papuli,
2835 5449 2961 5519 quia
2990 5451 3183 5521 sancti,
3215 5468 3278 5509 ac
3303 5454 3607 5525 spirituales

2010 5538 2131 5605 viri,
2147 5537 2420 5611 quidquid
2432 5537 2676 5594 carnales
2685 5536 2922 5607 superbe
2938 5537 3071 5595 foris
3082 5538 3350 5614 insonant,
3373 5545 3531 5618 quale
3541 5546 3610 5605 sit

2010 5626 2067 5693 in
2097 5626 2280 5691 divino
2295 5626 2503 5705 judicio
2522 5625 2668 5685 intus
2681 5635 2930 5704 pensant.
2964 5628 3075 5690 Sed
3094 5632 3238 5708 quia,
3270 5633 3400 5693 dum
3420 5650 3615 5717 carne;
