4034 6174
480 323 575 377 231

1676 312 1935 383 SANCTI
1971 320 2310 389 Gasconu
2359 328 2584 391 MAGNI

3679 350 3782 403 232

462 451 596 505 lium
636 449 976 504 subditorum
1007 450 1375 506 damnabilem
1406 450 1569 506 vitam
1613 452 1910 521 reperiunt,
1962 470 2059 524 pro
2088 454 2144 518 Α
2175 473 2280 527 que
2304 467 2513 528 petens,
2548 461 2762 516 auditus
2802 471 2896 519 est.
2921 464 3064 534 Quid
3118 470 3227 527 hoc
3274 487 3405 529 esse
3462 474 3780 541 dixerimus,

461 539 709 596 delendis
736 554 921 594 eorum
952 539 1267 594 criminibus
1294 540 1630 595 intercedunt
1664 556 1675 593 :
1710 541 1996 613 Sequitur:

531 643 703 715 (Vers.
737 644 850 709 21.)
882 643 951 695 Et
971 641 1193 697 loculus
1224 645 1311 697 est
1339 658 1406 697 ea
1426 643 1488 697 in
1512 642 1748 698 auribus
1766 644 2004 699 Domini.

531 731 591 782 In
622 743 810 782 eorum
848 725 1347 797 auribusloquimur
1379 728 1549 797 :apud
1571 743 1707 798 quos
1738 744 1950 799 magna:
1983 729 2058 783 fa-

459 816 779 873 miliaritatis
825 814 1053 885 gratiam
1100 814 1383 870 habemus.
1445 816 1625 870 Sancti
1681 823 1858 870 autem
1928 817 2053 883 viri,

459 907 586 977 quia
614 902 967 971 omnipotenti
998 902 1114 957 Deo
1144 903 1196 956 in
1228 904 1413 972 magni
1436 905 1637 958 amoris
1669 905 1884 960 vinculo
1915 921 2052 960 con-

451 990 623 1063 juncti
653 997 794 1052 sunt,
827 988 877 1042 ei
907 988 962 1040 in
991 988 1213 1042 auribus
1271 988 1568 1057 loquuntur
1595 1008 1614 1044 :
1671 990 1798 1058 quia
1856 991 2054 1046 divinae

456 1077 854 1151 propitiationis
884 1077 1001 1145 ejus
1030 1076 1272 1130 auditum
1304 1084 1452 1132 tanto
1480 1076 1788 1131 ﬁducialius
1843 1094 2051 1166 ospes:

456 1177 598 1234 cunt,
634 1176 833 1238 quanto
854 1166 998 1234 apud
1038 1165 1159 1233 ejus
1218 1166 1668 1233 misericordiam,
1726 1165 2054 1237 impctrandl

459 1259 638 1312 locum
670 1253 957 1309 sublimius
998 1263 1340 1322 acceperunt.
1405 1256 1631 1310 Peccata
1677 1271 1806 1310 vero
1863 1256 2053 1325 populi

456 1347 748 1417 loquuntur
785 1359 880 1412 pro
910 1342 1211 1396 humilitate
1237 1343 1611 1411 confessionis,
1645 1345 1740 1397 sed
1761 1345 1811 1398 in
1830 1345 2052 1400 auribus

454 1435 750 1505 loquuntur
782 1431 994 1485 Domini
1026 1447 1038 1483 :
1074 1430 1198 1500 quia
1227 1446 1351 1484 cum
1384 1447 1586 1502 magno
1635 1431 1830 1487 affectu
1872 1434 2052 1503 precis

451 1524 673 1594 januam
699 1520 921 1590 pulsant
952 1519 1252 1573 Dominica)
1281 1519 1694 1589 prepitiationis.
1766 1521 1875 1575 Sed
1933 1522 2049 1577 ior-

459 1620 602 1666 tasse
620 1611 673 1662 in
686 1608 906 1662 auribus
936 1606 1149 1661 Domini
1175 1607 1321 1675 loqui
1341 1608 1535 1662 dicitur
1553 1625 1566 1661 :
1588 1610 1713 1679 quia
1730 1610 1858 1663 dum
1874 1613 2048 1665 sancti

457 1701 556 1755 viri
578 1713 675 1768 pro
695 1696 1066 1767 peccatoribus
1082 1696 1390 1760 obsecrant,
1417 1711 1606 1766 preces
1637 1714 1770 1767 quas
1818 1714 1918 1767 pro
1968 1701 2047 1753 eis

2174 546 2280 599 nisi
2310 549 2431 616 quia
2465 549 2598 604 miro
2630 558 2682 604 et
2713 555 2995 609 tremendo
3025 557 3223 614 divinae
3253 560 3776 631 incomprehensibi-

2173 633 2340 688 litatis
2354 635 2566 704 judicio
2590 640 2761 693 sancti
2796 641 2895 694 viri
2928 659 3025 712 pro
3058 647 3304 716 reprohis
3346 658 3559 703 orantes
3615 666 3779 705 exau-

2168 721 2270 775 diri
2293 734 2569 796 nequeunt
2602 743 2612 778 :
2658 728 2710 780 in
2758 728 3123 800 adimplendis
3153 752 3280 791 vero
3337 737 3451 792 suis
3483 739 3774 807 pravitati-

2168 810 2285 877 bus,
2318 813 2493 867 audiri
2527 816 2624 883 ipsi
2684 818 2904 886 reprobi
2963 821 3346 894 delinquentes
3403 836 3632 896 possunt
3665 844 3679 880 :
3719 834 3776 882 ut

2177 900 2285 954 illis
2316 900 2488 957 libera
2520 903 2777 976 iniquitas
2809 915 3032 964 internae
3064 914 3321 970 vindictae
3365 916 3617 971 meritum
3669 932 3775 971 au-

2163 996 2309 1061 geat,
2342 998 2393 1043 et
2422 991 2537 1046 istis
2576 1009 2639 1047 ex
2671 993 2867 1050 affectu
2897 1001 3291 1069 compassionis
3321 1018 3532 1058 merces
3562 1021 3769 1076 perpe-

2163 1084 2269 1131 tuae
2298 1079 2668 1135 retributionis
2683 1095 2962 1141 accrescat
2990 1087 3019 1139 ‘l
3049 1089 3114 1143 Et
3137 1090 3314 1144 statim
3347 1106 3469 1146 eum
3500 1094 3770 1161 ordinem,

2163 1180 2270 1236 quo
2298 1167 2367 1220 ad
2397 1168 2641 1237 ejusdem
2693 1173 2838 1243 regis
2904 1177 3340 1235 constitutionem
3398 1189 3618 1237 ventum
3677 1184 3772 1251 sit,

2174 1256 2463 1311 ostendere
2494 1258 2777 1328 incipiens,
2811 1263 2883 1316 ait
2916 1281 2929 1316 :

2247 1357 2431 1423 (Vera.
2476 1362 2585 1428 22.)
2637 1362 2703 1415 Et
2752 1364 2839 1417 ait
2883 1364 3115 1422 Samuel
3169 1369 3240 1424 ad
3289 1371 3578 1427 universos
3623 1372 3774 1440 ﬁlios

2177 1444 2393 1500 Israel:
2426 1447 2593 1503 Vadat
2614 1452 2993 1525 unusquisque
3015 1456 3074 1509 in
3105 1457 3403 1514 civitatem
3433 1477 3617 1516 suam.

2236 1537 2320 1588 11.
2353 1536 2485 1590 Cum
2516 1538 2815 1607 spiritualia
2845 1541 3116 1599 discutere
3149 1546 3413 1616 volumus,
3449 1564 3671 1605 necesse
3693 1559 3779 1606 est

2164 1630 2230 1677 ut
2258 1623 2326 1677 ab
2357 1624 2652 1681 intentione
2683 1630 2865 1685 nostra
2896 1633 3137 1687 carnalia
3170 1651 3552 1691 removeamus
3583 1655 3597 1693 :
3643 1640 3772 1708 quia

2176 1727 2331 1766 mens
2365 1713 2574 1769 interna
2604 1733 2711 1770 non
2759 1727 3022 1787 penetrat,
3075 1739 3236 1792 quam
3288 1726 3615 1781 exteriorum
3673 1743 3774 1781 ac-

454 1791 568 1843 l)eo
588 1784 838 1851 oﬁ‘erunt,
860 1783 1172 1838 hominibus
1203 1799 1308 1839 non
1364 1784 1626 1840 revelant.
1685 1788 1844 1883 Dnde
1898 1796 1959 1883 et
2007 1789 2059 1842 in
2091 1801 2143 1863 Β
2177 1808 2322 1854 mum
2353 1803 2529 1871 pulvis
2558 1783 2909 1861 «θεαιὺωη
2942 1783 3107 1881 ξείιυιῖ
3132 1813 3397 1883 propheta
3430 1816 3641 1870 Domini
3659 1833 3775 1871 om-

455 1875 748 1948 Evangelio
772 1874 1032 1929 Dominus
1054 1872 1309 1943 prohibet
1337 1873 1652 1944 discipulos,
1669 1874 1888 1929 dicens:
1913 1876 2058 1933 Cum

454 1971 577 2024 orat
585 1968 652 2033 is,
672 1964 851 2019 nolite
862 1960 993 2031 ﬁeri
1012 1961 1159 2017 sicut
1174 1960 1481 2033 hypocrita?
1505 1966 1718 2029 tristes,
1745 1965 1841 2037 qui
1854 1970 2055 2022 amant

454 2059 513 2112 in
537 2053 852 2127 synagogis,
867 2054 921 2106 et
943 2051 1005 2105 in
1026 2052 1255 2121 angulis
1268 2053 1834 2120 plalearumstanles
1869 2070 2054 2123 orare,

452 2149 519 2202 ut
542 2139 918 2199 videanturab
933 2139 1478 2209 hominibushllatlh.
1498 2156 1573 2206 vr,
1606 2143 1680 2210 5).
1705 2142 1883 2197 Verba
1900 2160 2053 2215 ergo,

453 2235 567 2289 sive
579 2246 744 2302 opera
764 2228 1279 2299 pepuliloquuntur,
1303 2244 1427 2283 cum
1449 2229 1649 2285 delicta
1682 2231 1975 2286 locutionis
2005 2240 2057 2286 et

453 2321 633 2393 operis
668 2316 1000 2374 oratiOnibus
1056 2315 1290 2371 delenda
1328 2317 1559 2371 Domino
1609 2328 1915 2389 exponunt.
1978 2321 2055 2375 Ea

451 2425 580 2466 vero
612 2410 665 2462 in
694 2406 920 2461 auribus
949 2404 1164 2458 Domini
1214 2403 1527 2475 loquuntur,
1587 2413 1644 2459 ut
1691 2406 1821 2460 dum
1868 2408 2053 2463 homi-

451 2512 579 2549 num
609 2490 913 2547 testimonia
943 2496 1158 2544 orantes
1187 2488 1419 2559 fugiunt,
1459 2490 1529 2544 ab
1558 2505 1642 2557 eo,
1690 2492 1780 2561 qui
1838 2493 2055 2548 occulta

449 2582 684 2651 respicit,
717 2578 944 2633 celerius
973 2578 1279 2631 audiantur.
1335 2578 1469 2632 Dum
1528 2594 1660 2651 ergo
1719 2580 1770 2633 in
1830 2580 2052 2637 auribus

448 2669 667 2746 Domini
688 2667 903 2722 Samuel
931 2665 1077 2735 loqui
1100 2666 1431 2736 perhibetur,
1461 2667 1682 2721 modum
1706 2669 1946 2737 profecto
1978 2668 2054 2723 in-

447 2761 645 2826 sinuat,
662 2772 795 2826 quos
808 2755 928 2826 quis
939 2754 1177 2810 auditum
1195 2763 1463 2811 mereatur
1482 2757 1681 2811 divinae
1695 2756 2046 2828 dignationis.

447 2849 586 2904 Nam
642 2845 925 2916 pervenire
961 2844 1029 2897 ad
1084 2844 1254 2897 Deum
1282 2844 1453 2899 oratio
1486 2860 1822 2917 nequaquam
1846 2854 2048 2915 potest,

447 2952 569 3010 quae
591 2952 658 2990 ex
679 2934 973 2989 intentione
993 2932 1277 3003 promitur,
1296 2940 1347 2986 ut
1365 2932 1433 2986 ab
1456 2932 1770 2988 hominibus
1787 2949 2052 3006 agnosca-

446 3024 709 3082 tur.Unde
725 3031 779 3078 et
794 3022 953 3093 quiin
968 3022 1188 3076 auribus
1199 3021 1420 3076 Domini
1434 3021 1642 3077 locutus
1656 3024 2051 3093 asseritur,res—

444 3129 620 3186 ponsa
634 3113 750 3182 ejus
767 3113 926 3165 etiam
941 3109 1249 3180 percepisse
1268 3110 1600 3179 perhibetur.
1618 3112 1759 3166 Nam
1781 3112 2045 3185 sequitur:

517 3220 691 3289 (Vers.
722 3218 835 3286 22.)
867 3216 1026 3270 Dixit
1056 3218 1251 3270 autem
1281 3215 1552 3273 Dominus
1582 3216 1654 3272 ad
1682 3216 2003 3273 Sa-muelem
2027 3237 2045 3274 :
2075 3184 2125 3247 δ

443 3308 588 3366 Audi
617 3321 801 3362 vocem
828 3304 1041 3375 populi,
1064 3306 1119 3358 et
1143 3306 1425 3359 constitue
1456 3320 1631 3376 super
1659 3320 1789 3360 eum
1819 3322 2028 3377 regem.

446 3416 471 3430 "
515 3418 603 3469 13.
635 3412 752 3480 Qua
789 3409 842 3464 in
880 3424 938 3464 re
964 3408 1279 3476 notandum,
1313 3408 1437 3479 quia
1468 3410 1685 3465 Samuel
1716 3410 1883 3465 verba
1939 3428 2041 3482 po-

440 3505 575 3579 puli,
610 3502 805 3573 quibus
842 3514 1025 3570 regem
1051 3499 1292 3568 petierat,
1327 3497 1380 3551 in
1410 3499 1630 3553 auribus
1653 3500 2041 3556 Dominilocu-

440 3602 526 3650 tus
556 3599 635 3647 est
668 3610 679 3644 :
705 3599 756 3644 et
780 3588 1039 3643 Dominus
1068 3603 1126 3641 se
1155 3585 1430 3656 abjectum
1462 3587 1652 3641 asserit
1691 3588 1743 3641 in
1775 3605 1858 3654 eo,
1895 3590 2041 3658 quod

440 3682 675 3756 populus
702 3694 888 3751 regem
924 3676 1080 3748 petit.
1123 3676 1259 3730 Dum
1292 3675 1458 3748 igitur
1491 3676 1666 3730 oranti
1725 3678 2036 3748 respondet,

441 3780 496 3827 et
522 3785 711 3842 regem
743 3768 920 3821 facere
950 3773 1198 3820 orantem
1223 3764 1399 3833 jubet,
1443 3764 1572 3833 quid
1600 3763 1746 3818 aliud
1779 3764 2035 3835 insinuat,

437 3860 545 3918 nisi
567 3859 693 3933 quia
713 3857 906 3912 devota
936 3853 1092 3908 electi
1123 3854 1225 3908 viri
1244 3853 1416 3908 oratio
1431 3868 1705 3923 nunquam
1732 3861 1813 3907 est.
1834 3853 2037 3909 infruc-

438 3958 593 4006 tuosa
610 3947 793 4001 ‘?Nam
811 3944 855 3998 si
878 3942 1062 4014 populi
1088 3942 1476 3998 correctionem
1500 3957 1606 3996 non
1627 3943 1883 4010 obtinuit,
1907 3958 2036 3998 cru-

436 4035 657 4094 ditionis
682 4050 792 4090 suae
806 4033 1009 4088 bonum
1041 4032 1288 4099 obtinuit,
1323 4047 1445 4086 cum
1484 4030 1755 4099 abjectum
1771 4033 2033 4102 populum

437 4139 535 4199 pro
566 4120 709 4176 mala
745 4118 1006 4190 petitione
1028 4125 1402 4187 cognosceret,
1441 4103 1598 4171 188
1633 4121 1729 4176 sed
1760 4129 1810 4175 et
1842 4121 2036 4176 nihilo.

435 4213 613 4269 minus
642 4210 819 4275 sciret,
853 4205 980 4278 quid
1008 4205 1188 4261 facere
1230 4207 1491 4277 projectis
1551 4207 1670 4278 ipse
1726 4206 2025 4263 debuisset.

433 4299 619 4358 Audiri
649 4297 1060 4369 ergOprOphcta
1092 4295 1283 4366 potuit,
1334 4303 1387 4350 et
1443 4310 1552 4350 non
1610 4295 1787 4350 audiri
1836 4311 1848 4350 :
1903 4294 2033 4366 qlia

433 4389 639 4445 orando
657 4386 831 4458 qualis
861 4399 978 4439 esse
1011 4382 1250 4451 deberet,
1275 4383 1443 4447 novit,
1478 4383 1576 4437 sed
1597 4397 1629 4437 a
1682 4382 1884 4453 popqu
1938 4399 2032 4437 rc-

430 4476 605 4549 proba
628 4471 948 4544 postulanti,
973 4469 1233 4525 duritiam
1265 4471 1443 4525 cordis
1475 4486 1584 4526 non
1614 4469 1853 4526 abstulit.
1921 4471 2027 4526 Sed

2171 1906 2297 1944 nem
2326 1892 2588 1961 populum
2617 1893 2765 1950 abire
2796 1896 2866 1951 ad
2885 1899 3105 1969 propria
3129 1901 3247 1955 loca
3292 1903 3565 1974 praecipit,
3622 1922 3656 1960 a
3714 1923 3774 1961 se

2170 1979 2357 2048 utique
2408 1983 2693 2037 tumultum
2726 1986 3025 2041 carnalium
3057 1990 3266 2058 repellit
3300 2000 3476 2047 :uteo
3507 1994 3774 2063 spiritua-

2174 2067 2269 2135 lia,
2312 2086 2435 2140 quae
2467 2071 2805 2141 disponenda
2835 2083 2978 2141 sunt,
3012 2077 3209 2132 clarius
3238 2079 3437 2149 videat,
3471 2098 3576 2154 quo
3607 2098 3771 2138 men-

2172 2156 2238 2210 tis
2269 2157 2385 2225 ejus
2415 2157 2589 2215 aciem
2614 2169 2944 2217 terrenorum
2964 2172 3176 2220 actuum
3201 2167 3425 2224 intentio
3480 2185 3585 2225 non
3644 2172 3772 2227 obs-

2166 2255 2336 2300 curat.
2370 2247 2478 2302 Sed
2507 2249 2683 2320 qualis
2712 2251 2798 2320 sit,
2832 2252 2923 2324 qui
2943 2252 3125 2310 divino
3149 2254 3359 2325 judicio
3404 2260 3768 2332 praevidetur,

2165 2333 2458 2403 insinuans,
2494 2337 2571 2392 ait
2602 2355 2614 2395 :

2783 2466 3003 2524 CAPUT
3032 2470 3126 2524 ΙΙΙ.

2233 2586 2276 2655 (Ι
2310 2586 2443 2656 Reg.
2476 2603 2553 2654 rx,
2588 2592 2638 2656 1,
2673 2591 2748 2659 2.)
2788 2593 2927 2647 Erat
2949 2594 3033 2648 vir
3059 2594 3126 2649 de
3161 2594 3497 2666 Benjamin,
3528 2600 3767 2656 nomine

2165 2673 2271 2739 cu,
2294 2675 2641 2743 ﬁliusAbiel,
2683 2679 2792 2746 ﬁlii
2833 2681 2981 2745 δεον,
3014 2683 3123 2751 ﬁlii
3154 2684 3484 2753 Bechoralh,
3512 2687 3625 2755 ﬁlii
3652 2688 3774 2743 viri

2166 2760 2412 2831 Gemini,
2432 2766 2600 2835 furtis
2624 2768 2831 2823 robore.
2862 2770 3066 2825 Eterat
3081 2772 3133 2826 ei
3163 2772 3323 2841 ﬁlius
3343 2777 3573 2831 nomine
3594 2776 3761 2845 Saﬁl,

2159 2851 2377 2907 electus
2394 2858 2447 2907 et
2467 2854 2663 2922 bonus,
2680 2861 2868 2912 etnon
2886 2862 3010 2913 erat
3025 2859 3110 2915 vir
3127 2860 3342 2929 sle/iliis
3365 2863 3538 2918 Israel
3552 2865 3767 2920 melior

2161 2940 2261 2994 illo
2282 2962 2300 2996 .-
2323 2940 2391 2995 ab
2410 2940 2711 3000 humeroet
2734 2960 2959 3002 sursum
2983 2948 3267 3005 eminebat
3307 2967 3480 3023 super
3517 2968 3748 3010 omnem

2157 3030 2458 3100 papulum.

2231 3137 2281 3189 1.
2303 3136 2436 3190 Cum
2456 3138 2741 3196 ordinandi
2763 3141 2911 3214 regis
2932 3159 3171 3214 persona
3200 3147 3507 3217 exponitur,
3540 3163 3638 3205 cur
3651 3166 3761 3221 pa-

2156 3232 2290 3277 trum
2323 3223 2445 3295 ejus
2472 3228 2693 3283 nomiaa
2722 3230 3118 3302 describuntur,
3149 3235 3250 3289 nisi
3281 3245 3338 3289 ut
3365 3251 3591 3309 regnum
3627 3238 3759 3307 ejus

2152 3312 2398 3368 durabile
2428 3331 2537 3370 non
2553 3318 2817 3372 sentiatur
2842 3320 2870 3372 ἢ
2902 3320 3038 3375 Nam
3071 3322 3138 3377 de
3165 3338 3354 3395 regno,
3400 3327 3545 3397 quod
3602 3326 3760 3382 futu-

2153 3417 2269 3455 rum
2301 3403 2631 3471 praeviderat
2661 3407 2894 3477 Moyses,
2918 3409 2991 3463 ait
3013 3427 3025 3463 :
3047 3411 3166 3465 Non
3195 3412 3419 3480 deﬁciet
3460 3419 3760 3487 sceptrum

2151 3490 2216 3545 de
2234 3490 2405 3559 Juda,
2422 3495 2475 3547 et
2490 3493 2611 3549 dux
2624 3496 2690 3551 de
2709 3502 2926 3566 femore
2940 3500 3265 3570 ejus,donec
3285 3504 3495 3569 veniat,
3512 3507 3606 3574 qui
3625 3508 3757 3560 mit-

2151 3580 2532 3637 tendusestmt
2549 3581 2667 3653 ipse
2680 3585 3156 3658 eritexspectatio
3167 3590 3755 3663 gentium(6en.xux,

2150 3670 2258 3737 10).
2284 3668 2417 3737 Quia
2437 3686 2568 3742 ergo
2586 3672 2754 3727 tribus
2771 3674 2908 3729 Juda
2926 3676 2992 3730 ad
3012 3678 3162 3749 regni
3182 3678 3583 3736 diuturnitatem
3605 3698 3754 3753 pra:-

2146 3757 2263 3811 visa
2276 3759 2572 3827 exstiterat,
2598 3761 2685 3815 Cis
2698 3764 2979 3833 generatio
3002 3774 3338 3822 memoratur
3358 3785 3370 3830 ;
3394 3770 3616 3840 utregia
3658 3771 3755 3826 di-

2143 3845 2341 3916 gnitas,
2364 3863 2483 3916 qua:
2496 3848 2828 3904 condebatur
2840 3851 2893 3904 in
2917 3850 3043 3917 tilio,
3065 3863 3252 3923 aperte
3269 3855 3496 3911 sciretur
3511 3872 3631 3913 esse
3644 3858 3758 3914 dis-

2143 3936 2474 4005 pensatoria,
2497 3953 2604 3991 non
2628 3954 2891 3996 mansura.
2917 3936 3024 3996 Sed
3036 3943 3125 4011 qui
3149 3945 3419 4000 carnalem
3445 3962 3630 4017 regem
3653 3962 3756 4019 ge-

2143 4033 2316 4093 nerat,
2332 4025 2441 4092 Cis,
2467 4025 2602 4079 idest
2621 4027 2792 4081 durus
2815 4036 2998 4083 nostro
3011 4030 3227 4102 eloquio
3241 4033 3515 4102 dicitur,et
3532 4034 3576 4087 is
3593 4035 3755 4091 fortis

2142 4112 2336 4167 robore
2350 4115 2692 4181 praedicatur.
2709 4117 2861 4171 Nunc
2874 4133 3088 4188 quoque
3100 4120 3344 4190 plerique
3356 4123 3598 4177 carnales
3610 4123 3753 4179 intra

2141 4210 2387 4254 sanctam
2406 4202 2706 4257 Ecclesiam
2731 4213 2874 4274 sunt,
2918 4206 3005 4275 qui
3028 4222 3231 4279 magna
3262 4224 3427 4281 agere
3457 4211 3747 4270 videntur:

2140 4289 2383 4344 carnales
2400 4305 2526 4345 vero
2546 4299 2687 4356 sunt,
2702 4293 2828 4364 quia
2842 4295 3008 4350 sancti
3024 4295 3258 4367 Spiritus
3275 4300 3514 4368 gratiam
3529 4315 3639 4355 non
3650 4302 3751 4357 ha.-

2139 4376 2290 4432 bent.
2314 4379 2499 4434 Fortes
2520 4395 2657 4451 ergo
2674 4382 3028 4450 suntrobore,
3063 4386 3190 4454 quia
3228 4401 3407 4454 omne,
3443 4388 3588 4458 quod
3623 4405 3752 4445 ma-

2138 4482 2309 4537 gnum
2328 4467 2582 4522 videntur
2598 4484 2781 4540 agere,
2800 4472 3087 4543 corporale
3107 4480 3205 4528 est.
3224 4476 3362 4530 Nam
3382 4484 3433 4531 et
3454 4477 3541 4531 Cis
3586 4487 3751 4548 pater

429 4547 536 4621 hoc
564 4561 805 4617 obtinere
834 4560 923 4614 ille
951 4557 1142 4629 potuit,
1176 4558 1265 4630 qui
1298 4558 1350 4613 in
1390 4558 1611 4614 auribus
1668 4559 1881 4614 domini
1938 4559 2025 4616 lo—
2058 4547 2111 4607 D
2141 4553 2267 4608 Saﬁl
2292 4555 2415 4611 ideo
2438 4555 2590 4611 fortis
2610 4558 2805 4613 robore
2828 4560 3043 4630 dicitur,
3068 4569 3125 4616 ut
3144 4563 3289 4618 vires
3329 4547 3594 4635 corporis
3624 4583 3744 4622 ma-

431 4661 584 4711 cutus
611 4656 698 4705 est
730 4667 742 4703 :
774 4647 900 4720 quia
937 4647 1105 4701 sancti
1135 4647 1237 4701 viri
1277 4662 1341 4702 eo
1373 4647 1511 4717 ipso,
1545 4663 1657 4719 quo
1689 4647 1887 4704 devote
1926 4664 2028 4721 pro

428 4738 802 4815 peccatoribus
830 4734 1120 4791 Dominum
1152 4736 1454 4804 obsecrant,
1506 4736 1704 4791 divinae
1752 4736 2027 4807 prapitia-

429 4830 591 4888 tionis
620 4826 822 4883 auxilio
834 4823 1164 4891 muniuntur,
1189 4832 1247 4878 ut
1277 4839 1464 4879 eorum
1485 4824 1807 4880 criminibus
1830 4840 2026 4897 nequa-

429 4935 589 4993 quam
607 4915 939 4988 polluantur,
973 4928 1201 4984 quorum
1235 4913 1423 4968 sordes
1453 4913 1634 4968 delere
1651 4913 1902 4984 precibus
1933 4930 2024 4970 ne-

425 5014 646 5084 queunt.
678 5002 819 5074 Quid
847 5016 976 5057 vero
996 5005 1095 5067 est,
1120 5001 1262 5070 quod
1284 5001 1547 5056 Dominus
1569 5001 1643 5056 ait
1667 5019 1679 5055 :
1708 5002 1850 5057 Audi
1870 5017 2026 5057 voces

423 5113 638 5160 eorum,
657 5109 778 5149 cum
798 5090 1048 5161 superius
1069 5089 1275 5143 dictum
1295 5089 1392 5143 sit:
1412 5089 1887 5145 AudivitSamuel
1899 5105 2023 5146 om-

420 5184 695 5246 niaverbu
705 5182 915 5256 populi.
937 5179 1042 5233 Sed
1069 5178 1235 5235 verba
1258 5177 1446 5247 populi
1471 5178 1743 5239 audierat,
1765 5187 1820 5231 ut
1863 5178 2023 5234 sci-et

420 5292 540 5349 quae
569 5273 901 5337 dicebantur,
917 5285 1024 5324 non
1045 5276 1102 5323 ut
1123 5284 1245 5338 quae
1272 5266 1615 5337 petebantur,
1678 5267 2017 5323 concederet.

419 5367 560 5421 Dum
593 5378 724 5434 ergo
744 5362 836 5417 eia
856 5358 1089 5414 Domino
1112 5358 1331 5412 dicitur:
1360 5356 1504 5412 Audi
1533 5371 1718 5411 vocem
1731 5356 1947 5427 pepuli,
1966 5360 2024 5411 et

422 5452 704 5510 constitue
734 5465 901 5520 super
937 5463 1064 5503 eum
1096 5461 1301 5517 regem,
1328 5445 1515 5500 favere
1545 5444 1806 5499 voluntati
1833 5444 2021 5513 populi

416 5541 745 5617 prophetam
758 5537 932 5608 jussit.
958 5537 1022 5590 Et
1033 5551 1181 5603 ecce,
1202 5544 1264 5589 ut
1278 5534 1457 5606 palam
1477 5532 1732 5600 cernitur,
1750 5531 2022 5603 propheta

423 5643 583 5699 orans
609 5639 720 5686 non
746 5623 962 5693 auditur
993 5640 1005 5679 :
1037 5623 1273 5698 populus
1299 5624 1474 5683 Deum
1503 5621 1784 5699 abiiciens,
1806 5635 2020 5699 regem-

2136 4658 2273 4713 gnas
2288 4644 2543 4699 habuisse
2559 4646 2836 4701 sentiatur.
2860 4648 3033 4703 Fortis
3050 4665 3181 4721 ergo
3204 4651 3420 4718 robore,
3442 4654 3605 4707 durus
3630 4658 3735 4708 est:

2137 4732 2263 4803 quia
2283 4732 2373 4803 qui
2394 4748 2595 4804 magna
2616 4735 2900 4789 carnaliter
2912 4737 3151 4806 exhibet,
3173 4753 3268 4794 cor
3285 4740 3448 4796 molle
3464 4757 3563 4811 per
3580 4756 3742 4799 com-

2135 4821 2530 4893 passionem,in
2562 4822 2797 4878 fraterna
2828 4825 3090 4881 charitate
3128 4842 3235 4882 non
3271 4828 3456 4885 habet.
3489 4830 3743 4886 Valenter

2134 4912 2249 4982 agit
2280 4904 2309 4961 ι
2323 4895 2459 4980 89,
2484 4927 2606 4983 quae
2622 4927 2730 4966 non
2751 4912 2947 4967 imitari
2967 4914 3215 4970 homines
3236 4916 3369 4971 foris
3384 4918 3606 4988 possint,
3640 4920 3744 4976 sed

2134 4999 2280 5055 intus
2302 4999 2558 5071 conjungi
2575 5000 2822 5056 fraternis
2842 5003 3114 5058 mentibus
3136 5008 3307 5061 nescit
3341 5022 3440 5076 per
3483 5006 3741 5063 affectum

2134 5083 2454 5140 dilectionis.
2478 5084 2660 5138 Fortia
2671 5084 2802 5156 agit,
2823 5101 2942 5156 quae
2955 5088 3098 5143 Deus
3111 5089 3394 5160 reprobat;
3414 5099 3466 5145 et
3486 5090 3742 5149 allectum

2134 5173 2425 5240 charitatis,
2452 5188 2613 5243 quem
2625 5174 2913 5244 approbat,
2932 5178 3197 5232 exhibere
3236 5194 3343 5234 non
3371 5188 3536 5236 curat.
3563 5181 3745 5237 Durus

2133 5277 2266 5331 ergo
2287 5268 2384 5329 est,
2405 5262 2532 5331 quia
2553 5262 2682 5316 dum
2694 5262 2929 5333 superbo
2947 5265 3116 5320 corde
3144 5268 3449 5337 corporalia
3463 5270 3594 5342 agit,
3613 5271 3741 5340 ejus

2133 5358 2366 5406 mentem
2388 5351 2565 5422 gratia
2594 5353 2764 5407 sancti
2795 5351 3025 5423 Spiritus
3055 5368 3163 5408 non
3193 5353 3428 5411 emollit.
3452 5357 3573 5425 Quo
3592 5372 3741 5414 con-

2133 5446 2209 5493 tra
2230 5439 2546 5496 sanctusvir
2562 5440 2845 5511 gloriatur,
2876 5441 3063 5497 dicens
3095 5458 3106 5495 :
3151 5442 3297 5499 Deus
3350 5445 3596 5501 mollivit
3635 5460 3738 5503 cor

2130 5543 2338 5595 meum,
2363 5532 2419 5585 el
2441 5530 2795 5601 omnipotens
2817 5530 3164 5587 turbavitme
3184 5532 3323 5594 (Job.
3352 5546 3506 5602 χχιιι,
3523 5535 3635 5606 16).
3659 5536 3735 5593 Et

2129 5633 2295 5694 saepe,
2321 5617 2413 5693 qui
2434 5618 2621 5678 talium
2651 5633 2829 5678 mores
2856 5618 3152 5694 imitantur,
3173 5619 3272 5679 Dei
3295 5620 3501 5699 judicio
3545 5631 3732 5686 recte.
