4034 6174
240 358 315 412 233
986 349 1059 405 IN
1100 346 1366 405 PRIMUM
1404 343 1649 403 REGUM
1685 341 2243 402 EXPOSITIONES.
2284 377 2354 389 —
2389 345 2517 404 LIB.
2561 348 2651 405 ιγ.

3368 358 3472 414 234

242 497 305 536 res
327 477 447 533 ﬁunt.
476 475 626 533 Unde
656 482 710 532 et
737 480 863 546 apte
893 473 1019 531 Saul
1038 473 1191 529 ﬁlius
1220 472 1312 529 Cis
1354 471 1521 528 fuisse
1553 486 1763 527 memo-
1793 471 1850 532 Α
1882 479 2166 543 quaereret,
2200 488 2305 543 quo
2332 472 2603 530 efﬁcacius
2628 492 2868 547 superna
2913 478 3211 550 praedicare
3241 491 3472 554 poterat,

241 577 368 623 ratur.

292 660 328 710 2.
354 654 442 711 Sed
470 654 816 725 qumrendum
844 660 944 721 est,
976 668 1071 708 cur
1101 651 1246 707 idem
1296 651 1424 707 Saul
1478 649 1682 706 electus
1722 655 1777 704 et

237 746 368 799 bonus
389 758 496 797 esse
524 742 739 810 dicitur,
774 742 867 813 qui
898 741 1015 796 duri
1047 740 1185 795 ﬁlius
1227 755 1349 796 esse
1403 737 1759 809 perhibetur?

237 833 317 887 Sed
340 832 516 888 electus
544 831 741 887 dicitur
769 846 881 886 non
911 830 1208 887 secundum
1238 828 1491 900 gratiam,
1552 826 1647 882 sed
1691 842 1775 881 se-

237 922 421 977 cundum
455 920 741 991 judicium.
787 920 967 975 Bonus
1011 919 1173 974 etiam
1218 917 1436 985 dicitur,
1471 925 1527 971 ttt
1574 916 1775 970 divinas

237 1012 447 1085 aquitatis
473 1010 753 1081 dispositio
778 1009 1206 1066 commendetur.
1240 1008 1379 1063 Nam
1400 1012 1453 1062 et
1471 1006 1632 1071 mala,
1654 1021 1774 1077 quae

232 1124 304 1178 pro
323 1105 529 1177 peccatis
557 1104 758 1160 nostris
788 1120 935 1175 saepe
964 1103 1221 1175 patimur,
1255 1103 1384 1173 quia
1414 1118 1510 1172 per
1536 1100 1773 1156 divinam

230 1194 440 1264 justitiam
472 1192 633 1248 nobis
670 1192 999 1265 irrogantur,
1034 1191 1177 1246 bona
1223 1199 1368 1246 sunt.
1402 1191 1607 1245 Bonum
1648 1204 1775 1259 pro-

231 1284 340 1339 fecto
365 1290 427 1337 est
456 1281 718 1354 quidquid
750 1288 833 1336 est
857 1281 1079 1349 justum.
1114 1280 1217 1335 Per
1258 1279 1524 1350 justitiam
1574 1278 1777 1349 quippe

234 1372 307 1427 Dei
331 1374 559 1442 pastores
606 1368 825 1440 reprobi
874 1368 942 1423 ad
990 1369 1239 1442 regimen
1287 1375 1488 1423 sanclm
1515 1366 1779 1423 Ecclesiae

229 1460 469 1517 ascendere
499 1460 886 1530 permittuntur
906 1500 918 1520 ,
945 1456 1043 1513 sed
1066 1459 1156 1529 qni
1180 1457 1307 1512 mali
1329 1464 1453 1511 sunt
1473 1472 1573 1527 per
1590 1454 1785 1528 iniqui-

229 1548 510 1614 tatem,boni
531 1557 657 1603 sunt
679 1547 862 1603 divina
878 1547 1240 1618 dispositione
1265 1565 1277 1605 ;
1299 1554 1351 1600 et
1389 1545 1599 1601 occulta
1628 1559 1775 1599 nunc

228 1639 518 1695 ordinatione
549 1637 650 1693 Dei
681 1637 838 1692 electi
870 1645 1013 1705 sunt,
1052 1635 1141 1706 qui
1173 1635 1360 1690 ultimo
1389 1643 1544 1690 erunt
1574 1632 1787 1688 univer-

232 1728 304 1782 sali
324 1727 510 1797 judicio
540 1724 895 1797 reprobandi.
930 1726 1115 1780 Pastor
1143 1740 1274 1796 ergo
1325 1723 1612 1795 reprobus,
1657 1723 1778 1792 quia

1882 574 1948 615 eo
1978 560 2044 616 ad
2077 577 2139 616 ea
2167 561 2528 618 nihilominus
2552 564 2761 632 verbis,
2787 574 2839 622 et
2855 570 3121 640 exemplis
3137 570 3473 628 subditorum

1883 649 2093 704 animos
2123 650 2473 707 accendebat.
2513 652 2741 709 Valebat
2771 655 2911 710 enim
2964 657 3179 727 robore,
3231 668 3285 715 et
3307 660 3473 729 juve-

1882 737 1977 792 nili
2001 739 2402 810 pulchritudine
2432 741 2699 809 radiabat,
2733 743 2861 798 dum
2889 745 2998 800 vim
3028 746 3265 802 caelestis
3320 750 3472 806 verbi

1883 827 1938 880 in
1968 827 2255 899 splendore
2285 831 2603 886 ostenderet
2633 840 2834 889 sanctae
2847 835 3273 911 conversationis
3302 855 3314 892 :
3349 838 3478 910 quia

1883 915 2146 988 quidquid
2175 917 2412 973 validum
2443 919 2719 991 loquendo
2748 931 2961 993 poterat
2980 924 3300 996 praedicare,
3333 927 3479 985 nite-

1886 1004 2055 1059 batur
2082 1006 2242 1060 etiam
2274 1008 2574 1064 sublimiter
2626 1010 2861 1067 vivendo
2904 1013 3215 1070 ostendere.
3254 1017 3394 1071 Nam
3425 1025 3479 1073 et

1883 1102 2125 1149 mortuas
2152 1094 2360 1150 animas
2393 1096 2702 1154 viviﬁcabat
2739 1100 2939 1165 verbo;
2972 1101 3069 1157 sed
3100 1103 3238 1160 miro
3256 1104 3390 1161 ﬂore
3399 1107 3480 1176 ju-

1882 1184 2121 1238 ventutis
2151 1185 2413 1251 emicans,
2447 1193 2653 1242 mortua
2704 1204 2935 1259 corpora
2981 1191 3334 1250 resuscitabat
3372 1195 3480 1251 im-

1885 1271 2057 1340 perio.
2091 1271 2223 1327 Cum
2255 1278 2309 1327 et
2337 1274 2500 1329 caecis
2527 1273 2726 1344 visum,
2760 1276 2964 1334 claudis
2993 1295 3263 1352 gressum,
3296 1291 3349 1339 et
3368 1299 3483 1340 om-

1886 1359 2041 1415 nibus
2070 1361 2485 1433 tegritudinibus
2514 1365 2781 1422 medelam
2814 1366 3089 1437 tribueret,
3122 1379 3174 1427 et
3193 1371 3332 1428 adeo
3353 1388 3486 1428 san-

1887 1447 2141 1505 ctissimae
2169 1451 2596 1507 conversationis
2649 1454 3049 1525 pulchritudine
3103 1460 3392 1526 radiabat;
3431 1470 3488 1518 ut

1890 1537 2122 1609 majoris
2153 1538 2361 1594 virtutis
2390 1548 2537 1596 esset
2565 1540 2672 1598 hoc
2699 1543 2864 1601 modo
2892 1561 3055 1615 posse
3092 1547 3298 1617 vivere,
3322 1565 3486 1623 quam

1893 1625 1986 1680 illo
2018 1626 2141 1681 aliis
2172 1626 2479 1683 subvenire.
2518 1630 2673 1685 Velut
2704 1647 2836 1705 ergo
2862 1632 2917 1687 in
2940 1633 3224 1704 juventute
3268 1637 3491 1711 vigebat

1889 1714 2127 1782 Samuel,
2187 1717 2408 1788 quando
2458 1717 2510 1772 iu
2555 1719 2745 1775 ordine
2792 1723 3138 1779 sacerdotum
3167 1724 3372 1796 pariter
3407 1743 3489 1784 re-

229 1824 269 1870 nt
290 1816 361 1881 sit,
390 1817 480 1871 Dei
518 1814 892 1887 indignatione
920 1813 1243 1879 decernitur,
1276 1814 1487 1869 dicatur
1532 1813 1731 1867 electus
1764 1829 1777 1866 :
1808 1819 1865 1883 Β
1898 1802 2138 1874 fulgebat
2165 1813 2215 1859 el
2246 1804 2389 1860 mira
2420 1805 2589 1862 virtus
2611 1810 2816 1878 operis,
2850 1820 2901 1865 et
2932 1819 3041 1865 tam
3074 1814 3340 1870 immensa
3363 1816 3492 1887 pul—

225 1912 264 1958 et
285 1906 390 1975 quia
410 1905 553 1973 juste
580 1903 930 1975 permittitur,
962 1902 1173 1957 dicatur
1204 1901 1398 1957 bonus.
1459 1903 1595 1955 Item
1654 1900 1784 1969 quia

223 1992 274 2047 ad
297 1992 628 2064 exsequenda
672 1990 859 2046 divina
901 1989 1112 2060 judicia
1142 1990 1354 2045 caeteris
1384 1990 1567 2044 utilior
1596 1987 1785 2060 provi-

223 2082 358 2147 detur,
385 2081 585 2137 melior
614 2079 708 2135 illo
741 2095 864 2135 esse
895 2078 962 2135 de
1000 2078 1127 2133 ﬁliis
1157 2079 1321 2134 Israel
1368 2094 1531 2134 nemo
1571 2077 1784 2133 dicitur.

226 2168 303 2238 Qui
348 2170 499 2225 etiam
564 2169 633 2223 ab
677 2169 927 2235 humero,
975 2176 1029 2223 et
1075 2184 1289 2222 sursum
1337 2168 1576 2223 eminere
1629 2184 1791 2240 super

226 2275 407 2315 omnem
436 2258 705 2331 populum
736 2264 1072 2312 memoratur
1104 2274 1116 2311 :
1164 2257 1290 2327 quia
1345 2257 1435 2327 qui
1491 2257 1789 2313 carnalium

222 2363 370 2402 mores
392 2348 632 2403 vivendo
661 2346 928 2418 sequitur,
959 2345 1121 2401 valde
1164 2345 1364 2412 nititur,
1423 2353 1479 2401 ut
1516 2362 1583 2402 ea
1638 2355 1787 2417 agat,

216 2448 311 2502 qua:
335 2448 487 2504 agere
520 2432 664 2487 alter
690 2446 800 2486 non
827 2430 1023 2486 valeat.
1058 2429 1298 2485 Carnalis
1348 2430 1546 2486 etenim
1588 2436 1772 2488 rector

215 2522 269 2574 ab
293 2520 521 2589 humero,
566 2529 617 2575 et
648 2536 860 2574 sursum
892 2519 1143 2575 universo
1171 2518 1376 2590 pOpulo
1399 2519 1637 2583 eminet;
1669 2537 1791 2576 cum

212 2610 254 2664 in
282 2610 638 2666 exterioribus
670 2608 824 2665 fortis
852 2619 936 2664 est
965 2608 1087 2664 sine
1118 2608 1544 2679 comparatione.

272 2702 316 2754 3.
346 2700 581 2755 Possunt
609 2706 662 2753 et
694 2699 808 2753 haec
841 2698 1023 2752 omnia
1080 2697 1248 2753 verba
1304 2696 1482 2752 laudis
1542 2696 1792 2768 intelligi,

216 2789 385 2860 quibus
413 2787 547 2842 dum
582 2785 874 2842 ordinandi
906 2786 1056 2858 regis
1083 2800 1318 2857 persona
1336 2785 1679 2857 praedicatur,
1712 2801 1797 2841 re-

214 2893 315 2947 gem
340 2877 645 2947 petentium
676 2874 907 2931 intentio
936 2874 1324 2930 confundatur.
1374 2875 1515 2929 Nam
1563 2875 1749 2930 dicunt
1782 2892 1793 2927 :

212 2967 309 3021 lter:
327 2967 433 3021 erit
452 2981 634 3036 super
654 2980 776 3031 nos,
792 2968 846 3019 et
865 2963 1140 3033 iudicabit
1152 2980 1274 3031 nos,
1289 2968 1344 3019 et
1359 2963 1637 3036 pugnabit
1652 2963 1800 3019 bella

218 3059 388 3110 nostra
415 3072 518 3127 pro
564 3053 731 3110 nobis
751 3052 803 3124 (ι
819 3053 949 3123 Reg.
981 3053 1131 3124 vni).
1150 3052 1355 3107 Dicitur
1383 3051 1587 3107 electus
1618 3060 1668 3106 et
1698 3052 1803 3108 ho-

1894 1891 2142 1947 chritudo
2155 1902 2358 1949 sanctae
2387 1899 2836 1953 conversationis.
2853 1899 2959 1955 Sed
2976 1901 3092 1971 jam
3114 1900 3206 1956 diu
3221 1911 3322 1972 est,
3348 1905 3494 1975 quod

1896 1980 2115 2036 Samuel
2147 1983 2343 2037 senuit.
2374 1984 2540 2039 Multa
2569 1986 2711 2041 enim
2745 1994 2985 2060 tempora
3017 1989 3203 2062 elapsa
3250 2001 3395 2062 sunt,
3428 2010 3496 2050 ex

1897 2069 2097 2141 quibus
2118 2070 2272 2125 multi
2301 2087 2489 2127 eorum
2520 2089 2763 2131 amorem
2792 2078 2977 2133 saeculi
3007 2090 3319 2150 sequuntur,
3353 2098 3498 2156 quo-

1896 2174 2013 2213 rum
2046 2159 2240 2214 virtute
2270 2160 2470 2232 depelli
2500 2164 2698 2234 gaudia
2730 2166 2914 2220 mundi
2962 2168 3030 2222 ab
3076 2170 3307 2225 aliorum
3365 2186 3497 2228 cor-

1898 2246 2059 2302 dibus
2088 2247 2417 2305 debnerunt.
2453 2250 2609 2320 Quod
2640 2256 2822 2309 tamen
2858 2270 2968 2311 non
3010 2256 3213 2314 idcirco
3241 2257 3494 2331 dicimus,

1900 2345 1957 2390 ut
1989 2345 2178 2393 sancta
2222 2339 2466 2394 Ecclesia
2510 2340 2687 2396 nullos
2734 2342 2878 2399 viros
2921 2344 3209 2417 religiosos
3250 2346 3493 2404 habeat:

1902 2426 2000 2480 sed
2034 2427 2181 2499 quod
2209 2428 2369 2497 pauci
2413 2437 2558 2500 sunt,
2609 2430 2699 2500 qui
2730 2430 2785 2485 in
2811 2432 3220 2502 praedicationis
3264 2436 3498 2493 culmine

1900 2514 2143 2583 perfecte
2172 2516 2421 2572 noverint
2448 2517 2707 2573 mundum
2751 2528 3119 2592 contemnere,
3179 2532 3233 2579 et
3272 2525 3501 2582 summis

1902 2601 2186 2657 desideriis
2215 2604 2499 2661 inhaerere.
2533 2605 2712 2675 Quare
2739 2613 2864 2680 apte
2893 2609 3108 2667 Samuel
3136 2619 3189 2667 et
3217 2629 3382 2670 senex
3413 2613 3502 2670 di-

1903 2690 2059 2760 citur,
2092 2700 2142 2745 et
2171 2693 2524 2763 prOphetare.
2564 2695 2737 2751 Senex
2772 2696 2990 2767 quidem
3039 2707 3140 2769 est,
3188 2700 3318 2773 quia
3347 2702 3501 2776 rigo-

1904 2794 2016 2832 rem
2047 2795 2256 2850 asperae
2285 2783 2708 2839 conversationis
2735 2785 2791 2838 in
2820 2784 3067 2855 pluribus
3085 2789 3327 2858 perdidit
3350 2807 3515 2864 τρι-οε

1904 2868 2129 2937 phelare
2157 2878 2334 2924 tamen
2365 2886 2478 2925 non
2506 2870 2722 2942 desinit,
2758 2874 2885 2946 quia
2914 2875 3043 2930 dum
3075 2876 3383 2948 aliquantae
3413 2881 3499 2937 vi-

1906 2972 1995 3011 res
2018 2956 2288 3027 spiritales
2317 2957 2479 3014 habet
2507 2958 2759 3017 virtutem
2790 2962 2999 3033 providi
3032 2963 3262 3036 spiritus
3308 2966 3502 3025 valen-

1909 3053 1989 3100 ter
2019 3045 2256 3101 exhibet.
2291 3046 2450 3115 Quod
2479 3047 2533 3103 in
2561 3065 2669 3105 uno
2699 3050 3001 3123 eodemque
3030 3053 3384 3124 praedicatore
3413 3056 3505 3112 in-

218 3159 319 3209 nus,
350 3152 398 3199 et
427 3144 557 3215 quia
592 3158 705 3197 non
734 3141 800 3195 sit
845 3141 918 3196 de
966 3140 1091 3195 ﬁliis
1135 3140 1310 3196 Israel
1348 3138 1542 3196 melior
1587 3140 1695 3204 illo,
1740 3145 1799 3195 ut
1827 3170 1879 3236 Ο
1906 3134 2081 3205 telligi
2114 3136 2499 3194 convenienter
2522 3146 2723 3209 potest.
2758 3141 2930 3197 Senes
2986 3143 3207 3216 quidem
3257 3155 3400 3216 sunt,
3456 3156 3510 3204 et

212 3232 333 3286 bona
364 3232 544 3288 omnia
586 3231 640 3285 in
670 3229 823 3300 petiti
878 3231 1025 3303 regis
1078 3246 1318 3300 persona
1363 3228 1669 3293 excellant;
1702 3230 1799 3284 sed
1833 3226 1879 3236 '
1905 3226 2252 3295 prophetam,
2287 3226 2376 3298 qui
2406 3226 2485 3281 sic
2514 3244 2615 3299 per
2638 3228 3030 3303 negligentiam
3057 3234 3415 3305 resolvuntur,
3448 3244 3507 3291 ut

216 3321 316 3375 dum
344 3322 406 3376 ad
437 3337 504 3377 ea
534 3335 653 3375 non
686 3318 899 3386 sufficit,
960 3335 1077 3389 quae
1136 3318 1372 3390 populus
1415 3322 1797 3406 proposuerat,

208 3410 535 3482 praesumptio
572 3408 815 3463 humana
846 3406 1231 3474 confundatur,
1265 3415 1321 3461 ut
1363 3406 1502 3463 victa
1540 3407 1798 3464 tabescat.

216 3499 266 3552 Et
291 3499 523 3570 quidem,
560 3504 631 3552 ut
661 3511 827 3567 supra
857 3496 989 3566 dixi,
1039 3513 1156 3565 rex,
1198 3495 1287 3565 qui
1340 3496 1601 3567 populum
1654 3512 1799 3567 pra}-

211 3588 355 3643 iturus
378 3588 621 3661 eligitur
649 3602 833 3642 eorum
862 3584 1006 3640 bella
1033 3590 1394 3657 pugnaturus,
1419 3600 1539 3641 cum
1562 3601 1594 3639 a
1614 3585 1800 3640 divino

210 3677 383 3732 auxilio
412 3677 720 3742 deseritur,
762 3673 909 3729 bello
956 3675 1244 3745 depressus
1292 3672 1445 3740 obiit,
1496 3681 1548 3729 et
1576 3674 1797 3745 papula,

208 3782 348 3834 quem
379 3766 449 3820 ad
481 3764 686 3821 eadem
720 3761 866 3818 bella
894 3762 1130 3833 prmivit,
1152 3769 1275 3817 tunc
1294 3777 1400 3818 non
1416 3762 1600 3817 salutis
1616 3778 1797 3830 causa,

206 3853 284 3907 sed
309 3854 494 3910 mortis
523 3854 657 3909 fuit.
692 3851 852 3920 Quod
896 3851 1134 3923 denique
1180 3851 1295 3906 Deo
1343 3849 1582 3921 populus
1624 3850 1798 3907 asoti-

205 3942 353 4011 beret,
403 3944 452 3999 si
498 3944 551 3999 is
620 3941 713 4012 qui
760 3940 861 3995 Dei
889 3940 1094 4009 judicio
1122 3940 1324 3996 electus
1362 3956 1458 3995 rex
1497 3940 1690 4009 fuerat,
1729 3941 1802 3995 ad

206 4032 395 4103 agenda
427 4048 562 4105 qua:
601 4029 825 4086 volebat
851 4028 1111 4099 populus,
1144 4045 1259 4084 non
1293 4037 1401 4083 tam
1429 4028 1659 4083 idoneus
1695 4045 1798 4084 ex-

205 4120 422 4177 stitisset.
457 4122 655 4177 Potest
686 4117 849 4173 etiam
882 4117 1082 4173 electus
1110 4125 1161 4171 et
1189 4117 1365 4173 bonus
1392 4116 1643 4189 intelligi,
1669 4118 1799 4173 dum

210 4212 459 4280 asseritur,
492 4225 620 4265 non
649 4206 825 4278 qualis
852 4204 909 4260 in
938 4204 1118 4261 futuro
1143 4204 1560 4276 praevidebatur.
1589 4207 1801 4262 Dicitur

206 4314 317 4371 ergo
340 4300 550 4356 electus
604 4304 659 4352 et
703 4294 902 4363 bonus,
951 4302 1006 4350 ut
1054 4293 1172 4349 talis
1201 4311 1234 4349 a
1262 4294 1494 4350 Domino
1540 4296 1801 4351 sentiatur

209 4387 406 4455 electus,
441 4387 540 4458 qui
572 4402 679 4457 per
705 4383 1139 4440 inobcdientiam
1164 4391 1353 4454 postea
1404 4383 1504 4439 fuit
1532 4384 1796 4455 reproba-

207 4483 288 4528 tus.
306 4476 483 4545 Quare
497 4484 558 4531 et
579 4476 704 4546 ipsa
714 4472 855 4528 ratio
873 4472 1063 4544 exigit,
1079 4481 1141 4527 ut
1158 4488 1279 4545 quae
1297 4470 1365 4527 de
1386 4471 1557 4529 electo
1579 4478 1632 4529 et
1652 4473 1796 4529 bono

201 4580 349 4637 usque
374 4566 446 4621 ad
476 4561 897 4635 reprobationis
923 4569 1166 4632 tempora
1196 4560 1465 4632 dicuntur,
1490 4569 1543 4618 et
1571 4561 1625 4617 in
1652 4561 1797 4619 bona

201 4662 333 4722 parte
360 4654 696 4710 sentiamus.

802 4738 1028 4797 CAPUT
1065 4740 1156 4797 IV.

264 4835 310 4889 1.
336 4830 675 4889 Summatim
708 4847 842 4904 ergo
872 4838 1067 4886 cuncta
1095 4833 1421 4902 repetentes,
1465 4828 1594 4902 quid
1623 4829 1798 4887 rediti-

201 4925 410 4979 calionis
440 4927 498 4979 in
532 4938 600 4978 se
629 4921 968 4986 contineant,
999 4919 1295 4975 secundum
1328 4917 1489 4975 aliam
1519 4919 1800 4992 signiﬁca-

207 5012 390 5067 tionem
420 5012 749 5067 videamus.
772 5005 913 5078 Quia
953 5006 1007 5062 in
1038 5007 1284 5064 Samuele
1313 5024 1513 5064 novum
1539 5009 1802 5064 sacerdo-

210 5099 323 5156 tium
354 5100 617 5156 diximus
644 5097 947 5171 designari,
978 5096 1109 5168 quid
1139 5104 1222 5152 est
1252 5097 1399 5169 quod
1430 5098 1622 5165 senuit,
1678 5096 1802 5164 nisi,

208 5188 314 5255 quia
341 5191 471 5244 dum
504 5204 619 5260 per
646 5185 1050 5243 decurrentium
1082 5185 1255 5255 spatia
1288 5193 1587 5257 temporum
1620 5195 1806 5240 sancta

209 5275 429 5335 Ecclesia
461 5278 709 5342 ducitur,
743 5272 798 5330 in
826 5275 1099 5330 nonnullis
1153 5273 1527 5331 sacerdotibus
1567 5290 1803 5331 conver-

210 5366 411 5422 sationis
442 5365 806 5438 pulchritudo
850 5363 1166 5418 veteratur‘!
1222 5363 1412 5419 Senuit
1466 5370 1646 5419 autem
1698 5363 1804 5419 Sa-

212 5455 354 5524 muel,
383 5455 521 5527 quia
548 5454 716 5525 vigor
743 5450 1074 5508 auctoritatis
1101 5451 1392 5508 emarcuit.
1433 5453 1592 5522 190
1641 5452 1805 5521 Quasi

213 5544 335 5599 enim
358 5543 599 5613 juvenis
622 5550 737 5598 erat
767 5540 1007 5607 Samuel,
1041 5542 1260 5612 quando
1302 5542 1642 5598 sacerdotum
1673 5541 1807 5597 ordo

211 5630 325 5690 solis
350 5631 686 5691 calestibus
713 5628 1003 5686 desideriis
1022 5630 1256 5703 inhians,
1280 5630 1409 5688 dum
1423 5630 1572 5687 nulla
1594 5638 1806 5688 terrena

479 5748 740 5805 Pauor.
772 5744 1028 5806 LXXIX.

1906 3312 2053 3368 bene
2084 3312 2332 3382 doceant,
2366 3315 2464 3371 sed
2493 3317 2634 3373 male
2663 3318 2866 3375 vivant.
2900 3317 3005 3390 Qui
3035 3319 3175 3378 ﬁlios
3231 3338 3361 3379 suos
3410 3326 3508 3394 ju-

1910 3402 2059 3457 dices
2100 3411 2327 3473 ponunt,
2378 3404 2593 3475 quando
2636 3405 2761 3463 illos
2816 3406 2873 3462 in
2916 3409 3189 3466 sacerdoti
3237 3411 3508 3485 dignitate

1908 3492 2257 3562 constituunt,
2325 3494 2416 3564 qui
2470 3494 2798 3552 remissioris
2849 3497 2975 3555 vitae
3022 3516 3212 3557 eorum
3260 3510 3508 3574 tempora

1908 3581 2368 3652 contemplantur.
2395 3584 2439 3637 Α
2470 3583 2690 3640 senibus
2712 3593 2899 3643 tamen
2916 3588 3147 3658 juvenes
3168 3590 3505 3664 ordinantur;

1910 3670 2055 3740 quia,
2089 3670 2179 3740 qui
2228 3673 2588 3742 promovendi
2639 3674 2878 3744 veniunt,
2938 3677 3103 3734 fortia
3150 3681 3498 3752 promittunt.

1908 3757 2274 3814 Sacerdotalis
2311 3761 2515 3833 quippe
2560 3762 2685 3818 vitae
2724 3762 3075 3823 fortissimam
3111 3768 3507 3841 professionem

1907 3847 2197 3917 spondent,
2246 3848 2397 3918 cujus
2443 3849 2691 3906 virtutem
2737 3852 2794 3907 in
2858 3853 3034 3910 futura
3091 3860 3508 3918 conversatione

1908 3951 2015 3990 non
2043 3936 2265 3991 habent.
2297 3936 2532 3993 Juvenes
2559 3938 2726 4011 igitur
2750 3952 3135 4013 promoventur
3166 3964 3179 3999 :
3214 3948 3356 4018 quia,
3414 3950 3506 4021 qui

1907 4040 2002 4079 eos
2032 4023 2304 4093 ordinant,
2337 4026 2485 4096 prius
2511 4042 2671 4099 quam
2718 4029 2787 4083 ab
2834 4030 2914 4085 eis
2956 4031 3351 4103 professionem
3383 4038 3503 4093 vir-

1910 4112 2034 4167 tutis
2064 4112 2350 4183 accipiant,
2386 4130 2480 4169 eos
2507 4114 2577 4170 ad
2606 4116 2738 4170 tanti
2764 4117 2970 4173 ordinis
2999 4120 3372 4179 celsitudinem
3394 4142 3505 4183 non

1907 4210 2210 4258 assumunt.
2246 4201 2402 4257 Prius
2429 4218 2663 4276 namque
2691 4204 2771 4260 eis
2798 4204 3091 4276 insinuant,
3124 4217 3177 4266 et
3204 4227 3369 4283 quam
3415 4229 3501 4269 su-

1907 4289 2149 4346 blimiter
2187 4290 2393 4362 vivant,
2443 4299 2496 4347 et
2543 4309 2705 4364 quam
2750 4293 3021 4352 subtiliter
3044 4296 3318 4354 doceant:
3352 4301 3497 4372 quod

1906 4379 2109 4435 idcirco
2135 4379 2331 4437 debent
2361 4380 2672 4437 sublimiter
2701 4382 2901 4456 vivere,
2937 4393 2993 4440 ut
3036 4386 3240 4443 utiliter
3282 4389 3502 4447 valeant

1908 4469 2230 4538 praedicare,
2262 4476 2319 4524 ut
2348 4467 2473 4525 vitae
2513 4472 2852 4543 propositum
2895 4490 3115 4546 semper
3159 4477 3228 4532 ad
3270 4495 3507 4550 superna

1905 4556 2160 4629 dirigant,
2192 4565 2249 4612 ut
2277 4558 2345 4613 de
2374 4557 2558 4615 labore
2579 4560 2982 4631 prmdicationis
3013 4565 3328 4636 temporalia
3354 4584 3506 4638 pree-

1908 4645 2017 4701 mia
2046 4661 2153 4701 non
2182 4646 2474 4717 requirant,
2509 4656 2568 4703 ut
2596 4664 2858 4721 personas
2880 4650 2939 4706 in
2964 4651 3174 4722 judicio
3216 4673 3322 4713 non
3355 4658 3505 4715 acci-

1906 4735 2076 4807 piant,
2110 4735 2208 4790 sed
2233 4736 2386 4806 juxta
2414 4735 2685 4809 aequitatis
2715 4737 2869 4796 lance
2924 4750 3119 4799 cuncta
3165 4744 3459 4816 disponant
3490 4765 3504 4803 :

1910 4832 2172 4893 quatenus
2199 4824 2405 4879 viarum
2438 4824 2537 4881 Dei
2566 4824 2904 4885 difficultates
2930 4830 3165 4903 audiant,
3212 4841 3265 4890 et
3303 4851 3376 4890 an
3407 4851 3509 4892 ve-

1909 4911 2007 4966 lint
2037 4911 2217 4968 subire
2250 4928 2433 4968 earum
2462 4912 2698 4983 labores,
2728 4917 2933 4974 dicant.

1982 5005 2034 5056 2.
2062 5001 2173 5055 Ilas
2202 5001 2442 5071 profecto
2471 5000 2718 5059 diﬁiciles
2747 5005 2860 5062 vias
2888 5008 3135 5081 plerique
3163 5010 3293 5066 dum
3322 5026 3507 5069 sacros

1912 5089 2128 5145 ordines
2156 5090 2418 5159 ambiunt,
2451 5108 2508 5146 se
2538 5091 2819 5150 ambulare
2846 5095 3165 5166 proﬁtentur
3195 5114 3208 5154 :
3240 5099 3337 5155 sed
3377 5100 3507 5156 dum

1912 5178 1979 5233 ad
2006 5178 2061 5233 id
2094 5178 2237 5249 quod
2267 5178 2532 5249 ambiunt,
2564 5183 2909 5254 perveniunt,
2940 5185 3247 5257 sponsionis
3275 5203 3389 5243 suae
3420 5197 3508 5244 te-

1912 5283 2042 5323 nere
2070 5267 2441 5324 fortitudinem
2473 5270 2905 5341 praetermittunt.
2957 5273 3109 5329 Unde
3156 5282 3209 5330 et
3237 5272 3511 5333 Samuelis

1914 5355 2008 5412 ﬁlii
2031 5373 2140 5413 non
2172 5358 2482 5413 ambulasse
2512 5357 2569 5412 in
2599 5356 2701 5414 viis
2729 5358 2865 5428 ejus,
2898 5359 2997 5415 sed
3052 5364 3333 5435 accepisse
3379 5382 3511 5422 mu-

1914 5462 2065 5515 nera,
2098 5456 2148 5502 et
2181 5446 2509 5519 pervertisse
2548 5444 2811 5516 judicium
2859 5454 2983 5516 apte
3030 5449 3183 5505 relati
3228 5461 3372 5508 sunt.
3406 5456 3513 5511 Sa-

1916 5535 2112 5592 muelis
2142 5536 2290 5590 enim
2321 5536 2423 5591 viae
2452 5541 2597 5602 sunt,
2631 5533 2756 5605 quia
2773 5536 3152 5606 praedicatoris
3181 5540 3360 5599 ofﬁcio
3409 5557 3516 5599 ex-

1923 5632 2222 5696 ponuntur.
2258 5622 2378 5681 Filii
2406 5637 2540 5696 ergo
2569 5622 2625 5678 in
2650 5622 2752 5683 viis
2776 5626 2947 5699 patris
2974 5628 3061 5687 sui
3079 5643 3188 5687 non
3216 5629 3516 5707 ambulant,
