4034 6174
471 319 576 375 235

1654 306 1901 363 SANCTI
1940 299 2285 363 GREGORII
2322 299 2546 358 MAGNI

3663 320 3767 375 236

470 436 686 511 quando
713 435 751 491 ii
775 434 867 508 qui
887 433 956 490 ad
978 447 1162 491 sacros
1182 429 1399 489 ordines
1415 429 1709 488 ambitiose
1721 427 2063 503 perveniunt,
2095 428 2150 490 Α
2184 427 2407 495 studuit,
2439 436 2495 482 ut
2525 445 2583 484 se
2631 446 2862 504 sequens
2877 437 3107 507 populus
3121 438 3325 510 periret
3364 442 3392 497 7
3434 443 3541 500 Sed
3590 454 3770 506 tamen

468 526 640 582 ardua
668 523 946 599 religionis
976 522 1170 579 itinera
1198 536 1232 577 a
1260 519 1561 592 majoribus
1590 519 1694 575 sibi
1723 527 1941 575 ostensa
1967 517 2063 573 de-

458 622 644 671 serunt
671 621 725 671 et
753 628 1012 685 perversa
1033 610 1334 668 intentione
1361 610 1419 665 in
1448 607 1691 683 appetitu
1716 615 2063 707 terrenarum

461 719 641 760 rerum
669 702 826 758 altius
857 702 1277 774 immerguntur.
1310 698 1468 755 Unde
1525 705 1579 754 et
1633 704 1759 770 post,
1781 698 2064 751 avaritiam

462 793 761 859 declinare,
786 806 1015 846 munera
1053 790 1320 861 accipere,
1371 791 1409 857 1
1427 789 1471 855 9
1488 789 1527 855 1
1576 792 1632 841 et
1655 786 1915 857 judicium
1940 801 2063 856 per-

463 888 648 937 vetera
671 888 853 951 aperte
881 880 961 951 (a)
991 879 1365 950 perhibentur.
1400 876 1508 944 Qui
1538 872 1685 972 enim
1734 872 1917 972 labore
1961 885 2064 972 pro

463 969 775 1026 caelestibus
802 968 1116 1041 negligunt,
1166 981 1387 1023 necesse
1409 969 1512 1035 est,
1544 972 1598 1020 ut
1621 963 1675 1018 in
1697 963 1936 1034 appetitu
1959 967 2063 1015 ter-

464 1073 728 1114 renorum
758 1057 961 1114 arctius
991 1057 1325 1112 inserantur.
1356 1054 1639 1110 Declinare
1692 1050 1913 1124 quidem
1944 1057 2064 1150 post

465 1146 769 1215 avaritiam,
802 1154 881 1202 est
909 1145 1208 1201 ambitione
1240 1160 1422 1200 rerum
1452 1151 1789 1198 terrenarum
1823 1144 1937 1195 tota
1970 1144 2058 1193 in-

466 1236 708 1292 tentione
731 1235 986 1292 deﬂuere.
1019 1236 1155 1291 Nam
1180 1233 1427 1290 nonnulli
1447 1240 1597 1300 sunt,
1621 1231 1712 1303 qui
1741 1236 1954 1286 terrena
1984 1228 2063 1282 lu-

465 1342 555 1383 cra
575 1341 675 1396 per
703 1323 983 1381 avaritiam
1013 1327 1292 1396 expetunt,
1312 1322 1409 1378 sed
1430 1330 1610 1377 tamen
1631 1328 1750 1392 post
1781 1319 2062 1417 avaritiam

466 1429 576 1471 non
605 1413 879 1470 declinant
910 1431 924 1468 :
958 1412 1085 1484 quia
1113 1420 1167 1468 et
1209 1411 1530 1482 temporalia
1569 1415 1849 1481 appetunt,
1882 1407 1980 1463 sed
2010 1407 2064 1461 in

472 1502 712 1575 appetitu
744 1518 932 1558 eorum
979 1503 1250 1557 incurrere
1279 1501 1487 1556 crimen
1544 1498 1730 1555 vitant.
1783 1496 2068 1553 Declinant

468 1608 602 1666 ergo
631 1600 753 1665 post
780 1590 1082 1657 avaritiam,
1116 1589 1206 1661 qui
1237 1604 1335 1662 pro
1368 1587 1611 1655 terrenis,
1652 1586 2066 1685 quasardentur

470 1681 738 1749 ambiunt,
770 1680 1055 1736 incurrere
1070 1680 1275 1735 crimen
1295 1692 1633 1749 nequaquam
1655 1680 2059 1747 pertimescunt.

2172 532 2299 570 cum
2327 516 2635 574 sacerdotes
2666 522 2810 578 male
2840 523 3045 593 vivunt,
3096 542 3127 581 a
3172 528 3324 585 laicis
3358 531 3632 600 judicandi
3662 553 3770 594 non

2171 611 2313 659 sunt.
2349 605 2528 678 Digne
2539 623 2675 680 ergo
2694 610 3054 684 indigniorem
3077 617 3359 687 recipiunt,
3377 622 3466 689 qui
3481 621 3769 697 indignum

2172 691 2397 765 indigne
2425 695 2627 766 ejicere
2660 713 3136 772 praesumpserunt.
3188 706 3324 761 Nam
3374 709 3441 765 de
3487 691 3628 767 ﬁliis
3662 714 3767 770 Sa-

2172 781 2368 836 muelis
2397 782 2593 839 dicitur
2611 803 2624 840 :
2645 787 2994 861 Acceperunt
3013 809 3271 864 munera,
3295 801 3350 853 et
3369 804 3770 870 perverterunt

2161 869 2409 941 judicia.
2451 873 2530 928 De
2560 889 2629 930 eo
2654 884 2833 932 autem
2863 895 3014 952 rege,
3048 898 3214 952 quem
3236 883 3330 939 lilii
3361 869 3528 943 lsrael
3556 899 3766 961 petunt,

2175 958 2444 1015 terribiles
2464 961 2624 1017 valde
2646 965 2807 1021 minae
2829 968 3198 1039 proferuntur,
3220 974 3347 1045 quia
3361 958 3580 1035 dicitur:
3599 958 3768 1053 Agros

2171 1052 2385 1104 vestro:
2405 1050 2567 1106 tollet
2589 1056 2645 1108 et
2658 1054 2944 1123 oliveta,et
2962 1058 3116 1115 dabit
3133 1065 3306 1119 servis
3321 1050 3764 1139 :ui:(IReg.vm,

2175 1135 2286 1207 14).
2315 1137 2383 1191 Et
2414 1140 2534 1210 quis
2588 1142 2804 1210 sapiens
2844 1161 2953 1200 non
2992 1150 3249 1219 attendat,
3278 1153 3399 1223 quia
3425 1135 3652 1226 nequius
3698 1135 3769 1214 sit

2170 1223 2391 1295 publica
2421 1228 2675 1285 violentia
2704 1246 2866 1304 agros
2890 1241 2943 1290 et
2972 1235 3155 1292 vineas
3185 1223 3575 1316 tollere,qua—m
3597 1254 3766 1304 utac-

2171 1313 2414 1384 ciperent
2443 1332 2685 1384 munera,
2719 1330 2985 1391 praetextu
3041 1327 3282 1382 veritatis
3307 1313 3575 1399 judicium
3631 1352 3764 1406 per-

2174 1410 2399 1458 mutare.
2435 1404 2565 1461 Hazc
2591 1407 2753 1478 culpa
2777 1411 3011 1480 quadam
3045 1418 3371 1473 verecundia
3400 1421 3617 1496 tegitur,
3633 1404 3761 1494 _pu-

2173 1489 2307 1546 dore
2363 1491 2731 1553 obumbratur.
2784 1498 2956 1571 Culpa
3020 1519 3150 1559 vcro
3197 1504 3287 1560 illa
3349 1489 3495 1565 tanto
3539 1489 3768 1585 nequior

2183 1580 2338 1649 192
2370 1582 2624 1653 cernitur,
2671 1594 2874 1655 quanto
2920 1591 3276 1660 manifestius,
3323 1605 3481 1668 atque
3527 1580 3766 1657 atrocius

2170 1677 2532 1738 perpetratur.
2567 1672 2672 1728 Sed
2703 1690 2801 1729 nos
2826 1677 3061 1733 nondum
3092 1681 3160 1736 ad
3190 1681 3281 1737 illa
3311 1687 3463 1758 regni
3522 1696 3767 1762 tempora

468 1772 734 1826 Animam
769 1769 973 1842 quippe
1001 1784 1155 1823 suam
1184 1767 1452 1822 aestimant
1479 1765 1796 1821 inferiorum
1827 1764 1977 1819 omni
2005 1778 2063 1817 re
2092 1772 2144 1833 Β
2173 1756 2508 1814 discutienda
2542 1765 2906 1833 pervenimus,
2954 1766 3009 1821 in
3055 1769 3251 1839 quibus
3309 1772 3411 1829 ista
3453 1773 3567 1832 ﬁeri
3624 1780 3769 1836 mala

469 1876 631 1931 quam
670 1866 895 1931 possunt
915 1856 1323 1928 concupiscere.
1346 1854 1481 1911 Hinc
1502 1869 1735 1952 nam-que
1763 1861 1845 1909 est
1872 1852 2064 1952 rapina

467 1950 726 2018 violenta,
760 1948 882 2004 hinc
909 1946 1043 2001 ﬁunt
1074 1946 1213 2001 furta
1242 1944 1465 2001 latentia
1498 1962 1512 2000 :
1544 1943 1675 2016 quia
1720 1958 1814 1999 eos
1868 1941 2065 2015 quibus

465 2038 616 2095 avari
640 2036 957 2110 praevalent,
986 2035 1252 2092 violenter
1280 2034 1611 2107 opprimunt,
1644 2040 1696 2089 et
1725 2048 1954 2103 quorum
1978 2046 2062 2086 re-

468 2128 571 2183 bus
598 2127 799 2182 inferre
840 2124 1150 2182 violentiam
1174 2131 1468 2194 nequeunt,
1513 2123 1654 2177 furta
1692 2121 1890 2177 inferre
1936 2136 2060 2176 mo-

466 2216 682 2271 liuntur.
718 2214 876 2285 Saepe
895 2222 948 2270 et
969 2212 1165 2286 quibus
1185 2229 1291 2268 non
1305 2211 1599 2284 praavalent
1621 2209 1757 2265 furto
1778 2226 2059 2278 manuum,

459 2305 790 2360 insidiantur
808 2303 1045 2359 falsitate
1062 2302 1369 2357 verborum.
1386 2300 1541 2356 Unde
1561 2308 1613 2354 et
1650 2298 1749 2354 ﬁlii
1770 2300 2057 2368 Samuelis,

458 2395 706 2450 ordinato
736 2407 1013 2463 processu,
1044 2391 1099 2445 in
1146 2390 1452 2445 inordinata
1477 2389 1715 2444 avaritia:
1744 2387 2060 2443 confusione

459 2482 802 2549 denotantur,
835 2496 954 2536 cum
984 2479 1178 2534 dicitur
1211 2495 1222 2531 :

529 2571 572 2641 (Ι
602 2570 737 2642 Reg.
768 2584 887 2637 vm,
912 2567 989 2633 3.)
1008 2566 1458 2624 Declinaverunl
1469 2570 1593 2639 post
1609 2567 1934 2632 avaritiam,
1954 2582 2055 2621 ac—

466 2674 662 2733 cepere
689 2673 954 2726 munera,
983 2659 1382 2730 perverterunt
1391 2656 1697 2728 judicium.

530 2747 585 2804 3.
617 2745 722 2816 Qui
748 2744 892 2801 enim
921 2754 979 2799 ut
1010 2759 1232 2799 munera
1270 2744 1599 2816 acciperent,
1634 2742 1895 2814 judicium
1927 2758 2054 2815 per-

463 2843 755 2903 verterunt,
787 2834 857 2890 ad
886 2832 1228 2889 inferendum
1260 2834 1460 2888 furtum
1491 2833 1791 2904 concupita:
1820 2833 1915 2900 rei,
1946 2849 2055 2887 non

458 2924 790 2996 quaesierunt
837 2921 1221 2979 obscuritatem
1277 2922 1472 2990 noctis,
1520 2921 1617 2977 sed
1664 2920 1912 2977 tenebras
1958 2937 2054 2976 ra-

459 3012 645 3070 tionis.
687 3014 752 3068 Et
772 3012 1092 3079 notandum,
1127 3011 1257 3082 quia
1285 3010 1447 3066 ardor
1472 3011 1713 3066 avaritia:
1760 3025 1925 3067 causa
1971 3018 2056 3066 est

2172 1844 2333 1900 etiam
2366 1848 2435 1901 ad
2465 1848 2699 1905 litteram
2729 1851 3132 1912 describuntur:
3167 1859 3295 1915 dum
3322 1878 3453 1939 ergo
3466 1864 3624 1934 juxta
3642 1884 3768 1940 pro-

2170 1934 2406 2004 positum
2440 1946 2684 1993 nostrum
2716 1939 2784 1996 de
2819 1943 2993 1999 electo
3024 1954 3078 2001 et
3108 1945 3251 2004 bono
3300 1934 3586 2023 loquimur,
3632 1934 3767 2014 utile

2170 2021 2402 2094 videtur,
2435 2032 2492 2080 ut
2519 2025 2680 2081 etiam
2700 2028 2789 2098 jus
2817 2032 2982 2102 regis,
3012 2035 3156 2103 quod
3184 2021 3507 2110 pra-dicitur,
3538 2021 3770 2112 qualiter

2170 2110 2223 2164 in
2254 2110 2396 2167 bona
2424 2121 2580 2184 parte
2609 2117 2782 2185 possit
2808 2120 3282 2190 accipi,subtiliter
3310 2110 3609 2187 videamus.
3623 2133 3769 2188 Nam

2169 2198 2216 2253 si
2245 2199 2447 2271 aliquid
2478 2201 2610 2258 boni
2640 2206 2987 2276 spiritualiter
3013 2228 3119 2267 non
3173 2216 3498 2288 ostenderet,
3557 2236 3769 2292 nequa-

2168 2303 2330 2359 quam
2354 2289 2405 2343 in
2422 2291 2524 2347 hac
2552 2308 2706 2348 sacra
2736 2295 2962 2354 historia
2990 2298 3262 2359 diceretur
3293 2323 3306 2359 :

2238 2377 2285 2447 (Ι
2317 2378 2450 2450 Reg.
2485 2396 2542 2472 x,
2576 2383 2690 2454 15.)
2718 2384 2958 2444 Locutus
2988 2394 3073 2445 est
3103 2391 3341 2451 Samuel
3386 2396 3459 2453 ad
3486 2399 3764 2472 populum

2172 2466 2351 2538 legem
2383 2471 2565 2539 regni,
2613 2479 2671 2526 et
2713 2476 2945 2546 scripsit
2969 2479 3031 2533 in
3065 2480 3206 2539 libro
3223 2486 3277 2539 et
3295 2466 3761 2556 reposuit‘coram

2171 2555 2422 2614 Domino.

2237 2646 2288 2699 4.
2324 2646 2466 2714 Quid
2498 2656 2600 2717 est,
2634 2651 2775 2721 quod
2808 2654 3173 2714 Israelitarum
3205 2660 3299 2717 ﬁlii
3316 2667 3553 2736 ponendi
3585 2668 3637 2725 in
3667 2687 3765 2729 re-

2164 2733 2249 2805 gis
2277 2735 2523 2792 curribus
2553 2737 2847 2797 dicuntur?
2869 2744 2977 2800 Sed
2996 2733 3342 2818 praelatorum
3355 2765 3558 2814 sancta:
3571 2759 3763 2818 Eccle—

2162 2822 2257 2878 sise
2287 2839 2473 2881 currus
2496 2842 2680 2884 eorum
2713 2831 2909 2888 devota
2933 2844 3058 2891 sunt
3114 2839 3403 2898 desideria.
3459 2847 3600 2902 Nam
3628 2848 3761 2905 dum

2162 2927 2391 2983 superna
2418 2916 2619 2986 gaudia
2648 2919 2924 2978 ferventer
2939 2930 3220 2996 appetunt,
3244 2932 3392 2988 velut
3420 2934 3475 2989 in
3504 2938 3766 2995 curribus

2160 3017 2262 3071 per
2288 3002 2400 3058 alta
2429 3004 2692 3065 feruntur.
2720 3009 2856 3066 Hinc
2884 3021 2967 3068 est
2998 3017 3142 3086 quod
3171 3019 3316 3074 Elias
3344 3021 3399 3076 in
3418 3039 3574 3081 curru
3593 3026 3763 3098 igneo

450 3100 896 3174 accipiendorum
926 3115 1230 3167 munerum,
1261 3107 1313 3154 et
1339 3099 1580 3169 acceptio
1610 3115 1891 3154 munerum
1920 3113 2051 3154 cau—
2082 3125 2137 3199 Ο
2162 3090 2217 3145 in
2243 3091 2439 3199 cpelum
2487 3094 2795 3199 sublevatus
2824 3101 3080 3199 asseritur
3108 3106 3352 3199 (ιγ-ηερ.
3387 3127 3446 3180 n,
3480 3115 3532 3185 1)
3565 3131 3579 3171 :
3631 3116 3764 3188 quia

449 3206 515 3246 sa
542 3198 623 3246 est
651 3188 996 3262 pervertendi
1039 3186 1277 3259 judicii:
1320 3196 1377 3242 ut
1422 3186 1706 3259 prophetae
1746 3186 2052 3242 narratione

454 3280 617 3351 hujus
642 3279 761 3334 vitii
791 3277 1033 3349 pravitas
1062 3276 1397 3344 ostendatur,
1414 3291 1520 3331 non
1550 3275 1723 3331 solum
1756 3275 2051 3346 qualiterin

450 3368 808 3441 reproborum
846 3365 1100 3423 cordibus
1120 3363 1349 3436 proﬁcit.
1365 3363 1463 3419 sed
1494 3380 1526 3418 a
1553 3371 1859 3419 sanctorum
1890 3380 2048 3419 men-

454 3456 599 3512 tibus
628 3456 858 3527 qualiter
890 3452 1177 3526 exstirpari
1206 3452 1446 3508 fuuditus
1475 3453 1662 3524 possit.
1690 3453 1830 3509 Nam
1859 3452 1903 3506 si
1931 3468 2049 3550 per-

443 3545 682 3602 versitas
709 3543 816 3599 ista
842 3541 1030 3614 judicii
1061 3558 1129 3597 ex
1149 3541 1469 3613 acceptione
1500 3556 1783 3595 munerum
1812 3541 2052 3597 nascitur

449 3633 541 3708 qui
571 3648 797 3688 munera
819 3647 927 3687 non
958 3630 1175 3702 accipit,
1202 3630 1470 3700 judicium
1509 3646 1616 3686 non
1659 3631 1939 3701 pervertit,
1996 3638 2049 3687 et

445 3722 627 3778 oblata
657 3735 882 3775 munera
910 3718 1101 3775 leviter
1127 3716 1349 3789 respuit,
1383 3716 1473 3788 qui
1522 3717 1760 3773 avaritia:
1810 3717 2047 3774 radicem

445 3824 483 3867 a
510 3809 675 3866 corde
695 3824 791 3863 suo
820 3807 1032 3877 penitus
1059 3806 1372 3878 extirpavit.
1406 3805 1513 3861 Sed
1541 3806 1697 3861 istam
1729 3807 1946 3879 culpam
1977 3805 2046 3861 ﬁ-

449 3896 653 3953 liorum
682 3895 977 3963 Samuelis,
1008 3895 1219 3968 plenius
1246 3895 1505 3963 videndo,
1537 3911 1700 3967 quam
1752 3896 2045 3967 loquendo,

446 3986 780 4061 colligimus.
811 3986 951 4041 Nam
982 3984 1028 4039 si
1056 3984 1127 4040 ad
1158 3984 1405 4039 destituta
1417 3984 1783 4041 Ecclesiarum
1813 3986 1933 4042 loca
1960 4003 2049 4043 re-

451 4075 729 4149 spicimus,
758 4074 851 4130 ubi
880 4083 1035 4146 pater
1061 4072 1514 4144 senescit,notam
1536 4074 2047 4147 avaritize,suscepti

455 4164 713 4234 muneris,
744 4172 797 4220 et
826 4163 1066 4236 perversi
1084 4162 1275 4233 judicii
1323 4161 1419 4216 ﬁlii
1446 4161 1723 4218 incurrunt
1752 4181 1765 4217 :
1799 4164 1922 4237 quia
1952 4165 2044 4219 ubi

450 4271 549 4327 per
589 4255 736 4308 lucra
781 4252 959 4324 turpia
1001 4251 1229 4307 rectoris
1272 4265 1505 4322 persona
1551 4251 1878 4323 dissolvitur,
1908 4253 2044 4308 sub-

443 4343 575 4414 jecti
604 4343 793 4416 gregis
822 4340 988 4397 corda
1007 4339 1170 4395 facile
1191 4338 1536 4410 dissipantur,
1557 4347 1615 4393 ut
1644 4339 1699 4393 in
1718 4356 1777 4396 se
1801 4341 2046 4414 nequiter

446 4432 654 4497 vivant,
696 4438 750 4486 et
797 4428 919 4484 aliis
964 4427 1215 4497 exempla
1263 4426 1542 4498 pravitatis
1583 4428 1880 4499 praebeant.
1933 4431 2038 4486 Sed

444 4520 577 4575 libet
613 4519 668 4573 in
698 4517 762 4572 iis
790 4516 948 4571 valde
977 4515 1241 4571 admirari
1269 4514 1477 4585 judicia
1504 4517 1889 4588 omnipotentis
1915 4521 2037 4576 Dei.

453 4607 592 4664 Nam
635 4605 733 4661 ﬁlii
760 4604 1051 4671 Samuelis,
1085 4604 1213 4660 dum
1271 4613 1391 4676 post
1429 4604 1710 4660 avaritiam
1752 4607 2042 4681 declinant,

448 4696 579 4752 dum
610 4709 776 4752 causa
819 4692 1165 4766 pervertendi
1216 4693 1403 4762 judicii
1461 4711 1682 4750 munera
1724 4698 2043 4771 suscipiunt,

445 4784 675 4859 populo,
706 4783 791 4839 cui
821 4790 1075 4855 praesunt,
1103 4782 1355 4853 exempla
1383 4784 1664 4854 pravitatis
1701 4785 2042 4857 impendunt.

442 4875 571 4947 Ipse
599 4881 780 4928 autem
813 4871 1065 4945 populus,
1097 4872 1227 4926 dum
1268 4888 1456 4944 regem
1501 4874 1651 4944 petit,
1702 4874 1771 4930 de
1810 4877 2046 4935 culmine

445 4963 734 5037 potestatis
760 4963 1039 5034 prophetae
1066 4959 1206 5016 ﬁlios
1245 4960 1452 5031 abjicit.
1507 4962 1654 5018 Deus
1702 4980 1830 5019 vero
1860 4966 2043 5023 omni-

439 5061 636 5124 potens
679 5059 731 5106 et
758 5065 943 5123 regem
975 5050 1272 5123 petentium
1302 5066 1490 5122 preces
1545 5052 1788 5122 suscipit,
1821 5061 1872 5108 et
1901 5054 2040 5110 iras-

443 5141 600 5208 citur,
635 5139 780 5211 quod
810 5147 1040 5211 petatur.
1074 5138 1281 5209 Quibus
1329 5139 1576 5209 profecto
1620 5140 1785 5195 rebus
1834 5142 2035 5198 turbari

435 5244 746 5300 possumus,
804 5228 847 5282 si
906 5243 1095 5284 eorum
1151 5227 1421 5283 rationem
1479 5242 1589 5282 non
1635 5227 1907 5284 subtiliter
1947 5230 2037 5285 vi-

436 5317 686 5373 deamus.
716 5315 858 5386 Quid
888 5317 1032 5373 enim
1055 5316 1254 5387 justius
1278 5324 1379 5384 est,
1412 5331 1597 5388 quam,
1647 5325 1703 5371 ut
1731 5317 1916 5388 p0puli
1940 5318 2036 5388 ju-

434 5404 579 5463 dicio
610 5413 842 5477 corruat,
874 5406 965 5476 qui
1003 5406 1242 5477 reprobo
1296 5404 1491 5461 mentis
1544 5421 1656 5460 sum
1701 5404 1905 5475 judicio
1956 5408 2036 5466 sic

499 5601 579 5679 (a)
600 5600 775 5663 Vatia.
807 5610 861 5663 et
889 5600 1083 5673 Gilot.,
1109 5599 1506 5677 prohibentur.

2158 3180 2406 3251 profecto
2437 3183 2503 3238 ad
2535 3200 2769 3256 superna
2800 3190 3001 3260 gaudia
3030 3196 3241 3252 sustolli
3266 3180 3373 3254 non
3399 3180 3619 3273 poterit,
3648 3180 3762 3276 qui

2157 3283 2218 3322 ea
2247 3284 2346 3339 per
2373 3271 2483 3325 alta
2514 3281 2565 3327 et
2594 3274 2854 3331 ferventia
2885 3277 3159 3338 desideria
3190 3302 3301 3341 non
3320 3287 3566 3360 inquirit.
3607 3271 3764 3350 'Ctim

2158 3371 2289 3427 ergo
2322 3357 2447 3412 boni
2478 3360 2750 3418 auditores
2777 3381 2877 3436 per
2906 3370 3155 3442 exempla
3184 3357 3599 3444 praedicatorum
3638 3388 3761 3438 ter-

2157 3460 2287 3500 rena
2315 3456 2681 3520 contemnere,
2711 3461 2764 3507 et
2793 3469 2975 3511 amare
3003 3462 3205 3516 zeterna
3234 3463 3516 3537 incipiunt,
3547 3471 3765 3526 Israeli-

2157 3540 2331 3588 tarum
2361 3536 2611 3605 profecto
2642 3539 2740 3594 ﬁlii
2771 3541 2825 3596 in
2857 3561 3052 3618 regum
3084 3536 3353 3608 curribus
3366 3567 3659 3625 ponuntur.
3692 3561 3766 3619 Et

2155 3622 2470 3693 notandum,
2531 3627 2654 3699 quia
2710 3637 2762 3685 et
2816 3633 2933 3688 tolli
2989 3635 3253 3708 dicuntur,
3300 3622 3461 3699 et_in
3506 3648 3762 3706 curribus

2155 3710 2283 3781 poni
2315 3726 2329 3767 :
2363 3713 2488 3786 quia
2515 3716 2669 3785 prius
2697 3718 2900 3778 debent
2928 3737 2962 3778 a
2988 3727 3297 3785 carnalibus
3325 3731 3607 3791 desideriis
3633 3737 3763 3795 abs-

2156 3799 2315 3869 trahi,
2348 3809 2404 3857 ut
2431 3801 2572 3859 bene
2591 3806 2809 3864 valeant
2838 3814 3055 3881 superni
3086 3817 3284 3873 amoris
3303 3820 3761 3892 ignibusinllam-

2155 3888 2316 3944 mari.
2351 3889 2483 3958 Quae
2512 3892 2763 3951 nimirum
2783 3905 2993 3956 terrena
3016 3903 3307 3976 desideria,
3322 3888 3445 3979 quia
3471 3928 3578 3970 non
3596 3914 3760 3973 facile

2155 3975 2501 4049 deseruntur,
2528 3981 2643 4038 tolli
2668 3981 2760 4039 ﬁlii
2791 3988 3175 4057 perhibentur.
3205 3975 3354 4051 Nam
3373 4016 3473 4071 per
3500 4018 3758 4075 magnam

2154 4064 2467 4123 violentiam
2497 4069 2615 4126 ﬁeri
2652 4083 2884 4146 oportet,
2916 4086 2973 4133 ut
2996 4087 3199 4138 terrena
3232 4064 3508 4145 desideria
3548 4064 3757 4149 elizctus

2154 4153 2371 4211 auditor
2397 4158 2609 4226 penitus
2637 4160 2871 4229 deserat,
2903 4172 2959 4222 et
2986 4166 3041 4224 in
3087 4172 3399 4231 coelestibus
3447 4178 3759 4240 sublimiter

2152 4258 2210 4297 se
2239 4245 2588 4304 sustollat.De
2604 4249 2705 4306 hac
2721 4252 2923 4326 quippe
2940 4255 3193 4315 violentia
3210 4262 3469 4321 Dominus
3486 4268 3559 4323 ait
3578 4284 3591 4324 :
3614 4272 3753 4343 Reg-

2150 4347 2293 4387 num
2308 4334 2575 4393 caelorum
2595 4339 2705 4394 vim
2713 4343 2957 4413 patitur,
2972 4349 3029 4402 et
3052 4348 3285 4407 violenti
3295 4353 3578 4426 diripiunt
3598 4334 3753 4417 2'qu

2150 4419 2369 4490 (Matth.
2386 4439 2465 4493 x1,
2482 4426 2590 4497 12).
2612 4428 2690 4483 De
2707 4429 2808 4486 hac
2825 4432 3020 4489 Paulus
3039 4435 3139 4492 ait:
3167 4439 3335 4498 Nemo
3355 4419 3742 4517 coronabitur,

2122 4510 2265 4567 nisi
2284 4514 2380 4602 qut
2398 4514 2643 4586 legitime
2664 4524 2967 4578 certauerit
2983 4522 3057 4591 (II
3080 4527 3217 4584 Tim.
3241 4531 3388 4601 11,5).
3409 4531 3564 4602 Quod
3586 4510 3755 4595 etiam

2155 4598 2239 4653 his
2268 4600 2445 4656 verbis
2472 4603 2701 4661 latenter
2719 4610 3035 4680 ostenditur,
3069 4615 3195 4686 quia
3224 4616 3318 4674 ﬁlii
3347 4598 3455 4692 qui
3469 4623 3754 4698 tolluntur,

2154 4702 2265 4742 non
2294 4688 2352 4742 in
2380 4691 2623 4762 sedibus,
2656 4695 2762 4751 sed
2802 4696 2859 4754 in
2909 4702 3156 4759 curribus
3204 4707 3332 4777 poni
3364 4688 3751 4781 perhibentur:

2155 4776 2325 4832 Curru
2356 4779 2570 4848 quidem
2602 4784 2803 4856 antiqui
2833 4804 3079 4861 pugnare
3108 4776 3522 4856 consueverunt.
3552 4801 3665 4859 Sed
3691 4809 3756 4863 et

2155 4864 2242 4934 qui
2273 4880 2434 4922 curru
2454 4868 2665 4937 dicitur,
2690 4874 2940 4932 sublimis
2959 4895 3022 4935 ac
3048 4882 3300 4939 terribilis
3323 4897 3509 4945 contra
3536 4892 3753 4949 hostem

2155 4953 2340 5009 fertur.
2375 4956 2549 5013 Electi
2577 4962 2775 5016 etenim
2819 4965 2920 5020 viri
2978 4975 3123 5026 tanto
3178 4972 3524 5034 sublimiores
3577 4989 3751 5055 atque

2152 5043 2503 5101 terribiliores
2544 5058 2663 5104 sunt
2706 5054 2930 5110 occultis
2972 5057 3239 5129 hostibus,
3286 5073 3488 5134 quanto
3549 5043 3752 5127 interni

2148 5132 2351 5187 amoris
2407 5133 2726 5195 celsitudine
2800 5142 2962 5201 altius
3036 5132 3394 5219 profecerunt.
3463 5154 3751 5216 Sublimes

2145 5219 2345 5293 quippe
2372 5230 2514 5294 sunt,
2548 5229 2675 5300 quia
2694 5248 2867 5306 usque
2892 5236 2962 5291 ad
2992 5252 3181 5293 eorum
3225 5239 3577 5301 intentionem
3616 5264 3747 5303 ma-

2144 5307 2419 5380 lignorum
2449 5316 2737 5387 spirituum
2767 5325 3046 5397 suggestio
3077 5342 3184 5383 non
3228 5331 3505 5406 pertingit.
3556 5334 3747 5397 Terri-

2144 5395 2280 5454 biles
2335 5403 2496 5460 etiam
2548 5416 2692 5480 sunt,
2744 5395 3456 5487 quia'reprobare‘eorum
3509 5425 3748 5483 consilia
