4034 6174
186 382 273 435 237
982 372 1054 428 IN
1094 371 1364 428 PRIMUM
1402 369 1651 428 REGUM
1688 367 2225 429 EXPOSITIONES.
2266 398 2337 410 --
2374 370 2500 424 LIB.
2541 370 2633 426 IV.

3347 371 3451 437 ass

188 511 312 559 tanto
340 500 542 557 facilius
570 505 814 571 possunt,
847 504 1047 568 quanto
1075 508 1174 567 per
1199 494 1371 549 intimi
1415 493 1639 550 aﬂ'ectus
1667 494 1741 548 vi-
1777 495 1832 557 A
1860 494 2107 567 exempla
2140 492 2451 560 electorum,
2484 510 2605 564 qua:
2636 500 2846 563 norunt,
2874 493 2943 551 ad
2973 508 3217 551 amorem
3247 493 3457 550 Condi-

189 607 352 665 gorem
381 590 430 643 in
459 588 675 660 superni
702 586 888 659 gaudii
918 583 1373 655 contemplatione
1426 582 1743 639 consistant.

184 683 279 736 Hoc
305 677 515 751 quidem
547 676 759 749 quoties
791 675 871 728 his
902 673 1115 739 dicitur,
1151 671 1240 744 qui
1271 672 1454 728 adhuc
1501 670 1749 727 carnales

179 777 301 834 sunt,
330 766 536 838 piarum
568 764 842 819 minarum
871 762 977 817 illis
1000 760 1215 815 bonitas
1239 760 1540 815 exhibetur.
1588 759 1745 829 Quod

180 858 266 913 tale
291 865 384 923 est,
415 869 481 910 ac
510 853 556 908 si
582 853 752 908 dicat.
790 850 929 922 Quia
956 850 1172 905 virtutis
1211 865 1501 920 personam
1532 848 1743 920 petitis,

182 946 265 1002 sub
289 944 402 1013 ejus
431 941 719 1013 disciplina
774 955 968 995 vacare
996 939 1122 993 vitae
1176 938 1287 993 otio
1345 954 1454 992 non
1497 938 1739 1008 potestis.

185 1035 338 1103 Quare
351 1040 400 1087 et
416 1030 625 1103 equites
646 1029 791 1102 regis
814 1037 867 1083 et
890 1034 1263 1099 persecutores
1301 1026 1566 1097 regalium
1623 1040 1751 1095 qua-

184 1123 454 1194 drigarum,
489 1118 689 1174 tribuni
724 1126 775 1173 et
804 1117 1147 1172 centuriones
1204 1113 1321 1170 fieri
1377 1113 1750 1184 perhibentur.

188 1211 355 1267 Omnia
373 1209 593 1282 quidem
628 1208 743 1261 haec
766 1205 971 1261 militiae
1000 1212 1228 1259 terrenm
1258 1211 1398 1258 sunt.
1447 1204 1586 1257 Dum
1620 1216 1752 1274 ergo

185 1299 445 1370 equites,et
465 1304 840 1368 persecutores
859 1292 1264 1365 quadrigarum,
1308 1290 1524 1359 tribuni,
1549 1299 1601 1345 et
1637 1306 1760 1345 cen-

187 1389 395 1444 turiones
423 1385 545 1441 ﬁeri
565 1384 952 1456 praedicuntur,
986 1381 1053 1436 ad
1079 1397 1240 1436 omne
1263 1380 1391 1435 belli
1436 1378 1757 1435 exercitium

1860 583 2009 649 toris,
2040 599 2175 653 quos
2196 581 2512 654 praevalent,
2569 582 2870 639 ascendere
2925 591 3207 639 conantur.
3263 582 3457 639 Tribus

1858 670 2079 742 quidem
2106 671 2379 744 cognatio,
2410 670 2528 728 sive
2559 670 2707 727 curia
2738 671 2950 726 dicitur.
2998 671 3054 727 Si
3084 686 3215 744 ergo
3247 671 3450 728 tribuni

1859 760 2110 815 dicuntur
2138 776 2170 815 a
2193 760 2357 826 tribu,
2400 760 2490 831 qui
2518 760 2590 814 ad
2617 759 2919 830 profectum
2949 759 3321 831 proximorum
3339 777 3459 817 san-

1861 856 2074 905 ctorum
2104 849 2355 921 exempla
2382 850 2687 919 proferunt,
2720 849 2919 905 tribuni
2961 849 3322 906 nominantur.
3364 849 3459 906 Ad

1864 938 2217 994 rusticitatem
2257 938 2476 1009 quidem
2560 946 2803 995 nostram
2868 937 3266 1008 destruendam,
3315 937 3461 995 velut

1864 1026 2018 1082 curia
2064 1027 2308 1095 veniunt,
2362 1027 2578 1097 quando
2613 1027 2770 1082 nobis
2812 1027 2907 1083 illa
2971 1036 3301 1101 proponunt,
3359 1042 3460 1097 per

1868 1132 1987 1186 quae
2011 1115 2182 1170 sancti
2214 1115 2310 1172 viri
2343 1116 2699 1187 omnipotenti
2756 1117 2870 1173 Deo
2918 1117 3197 1189 placuere.
3244 1117 3463 1172 Etcum

1866 1204 2222 1276 plurimorum
2250 1214 2558 1261 sanctorum
2603 1205 2846 1278 proprias
2882 1206 3103 1261 virtutes
3157 1212 3460 1276 exponunt,

1869 1293 2029 1364 quasi
2061 1293 2423 1364 spiritualium
2472 1294 2858 1367 cognationum
2915 1294 3251 1350 nobilitatem
3306 1292 3467 1351 nobis

1872 1382 2140 1454 aperiunt.
2174 1382 2526 1439 Centuriones
2554 1398 2685 1456 ergo
2706 1381 2940 1460 intelligi
2970 1382 3074 1438 viri
3120 1382 3468 1454 perfectiores

1872 1479 2122 1541 possunt,
2157 1472 2246 1543 qui
2269 1471 2687 1543 praedicatorum
2709 1470 3023 1545 magisterio
3039 1471 3167 1526 dum
3197 1473 3336 1528 bene
3346 1487 3467 1544 pro~

1877 1559 2081 1625 ﬁciunt,
2106 1560 2185 1630 (η)
2204 1576 2392 1616 eorum
2416 1561 2690 1617 auditores
2721 1568 2886 1634 atque
2905 1569 3284 1633 cooperatores
3314 1559 3467 1616 fiunt.

184 1663 375 1727 guntur,
405 1662 459 1708 et
518 1649 728 1707 cunctis
750 1647 1087 1703 illecebrosis
1134 1646 1369 1702 motibus
1410 1660 1609 1717 magna
1656 1660 1764 1715 po-
1877 1648 1955 1705 De
1985 1649 2181 1719 quibus
2206 1651 2448 1722 profecto
2474 1651 2527 1704 in
2551 1650 2847 1722 Evangelia
2884 1650 3147 1706 Dominus
3189 1650 3263 1706 ait
3294 1667 3309 1703 :
3346 1650 3470 1706 0m-

183 1752 347 1798 testate
376 1740 752 1796 dominantur.
786 1737 942 1792 Velut
966 1737 1109 1791 enim
1140 1751 1279 1807 equo
1326 1733 1574 1789 sublimis
1602 1732 1758 1788 inve-
1876 1739 1966 1793 uis
1982 1740 2163 1796 scriba
2175 1739 2443 1797 doctusin
2460 1755 2627 1812 regno
2646 1739 3146 1807 cretorum,similis
3162 1737 3474 1796 esthomini

189 1832 334 1899 δίων,
362 1830 455 1901 tIui
495 1845 592 1900 P8P
619 1828 819 1882 bonum
848 1824 1108 1881 οθεῐίῑαιίε
1137 1823 1413 1878 carni-W89
1425 1821 1766 1914 Ρτίξῖροδῖίυεν
1794 1854 1849 1914 Β
1878 1828 2315 1899 patri/amilias,
2336 1830 2432 1899 qui
2450 1831 2674 1901 profert
2693 1829 2758 1884 de
2774 1829 3037 1885 thesauro
3052 1843 3151 1885 suo
3165 1843 3309 1884 nova
3325 1831 3381 1884 et
3396 1842 3479 1885 ve-

186 1920 319 1987 liber,
348 1928 398 1975 et
427 1918 620 1988 velox,
645 1925 698 1972 et
726 1914 966 1987 effugere
988 1915 1220 1980 hostem,
1245 1927 1368 1967 cum
1417 1911 1764 1982 dedignatur,
1794 1911 1839 1914 “
1889 1921 2013 1973 tera
2041 1918 2271 1986 (Matth.
2304 1919 2549 1988 xiu,52).
2571 1916 2729 1972 Tales
2751 1919 2955 1990 quippe
2976 1933 3085 1973 non
3099 1916 3272 1973 solum
3285 1932 3482 1989 opera-

192 2008 380 2079 poterit,
412 2016 469 2063 et
506 2007 787 2072 invadere,
818 2019 946 2060 cum
978 2001 1252 2074 dignatur.
1300 2002 1401 2055 Per
1430 2000 1530 2055 hoc
1560 1998 1778 2069 quidem
1889 2007 2032 2061 tione
2061 2006 2322 2077 praecipui
2352 2014 2495 2075 sunt,
2530 2006 2625 2061 sed
2646 2005 2810 2061 etiam
2823 2006 2972 2063 verbi
2988 2006 3087 2061 Dei
3103 2005 3325 2062 scientia
3353 2022 3484 2063 eru-

195 2097 319 2169 quod
352 2096 505 2152 bene
539 2094 835 2167 praesidere
892 2091 1100 2160 didicit,
1152 2097 1296 2145 tanta
1340 2090 1547 2144 virtutis
1599 2088 1780 2143 incre-

1909 2095 2007 2149 liti.
2040 2094 2195 2151 Unde
2214 2103 2266 2150 et
2296 2095 2365 2150 ad
2382 2094 2642 2166 spiritalis
2672 2095 2877 2150 militiae
2938 2094 3248 2169 conﬂictum
3277 2096 3481 2152 cohor-

196 2194 352 2240 menta
392 2184 637 2254 accepit,
668 2191 728 2238 ut
774 2180 922 2236 velut
976 2178 1230 2234 inuentis
1272 2177 1467 2248 equilis
1523 2177 1783 2248 impetum
1894 2184 1996 2239 tari
2028 2184 2303 2254 proximos
2340 2192 2490 2239 tanto
2514 2183 2698 2238 utilius
2723 2190 2965 2255 possunt,
3020 2192 3223 2254 quanto
3252 2192 3306 2240 et
3356 2186 3485 2255 alta,

197 2275 435 2330 sustinere
466 2273 655 2327 hostis
684 2286 793 2326 non
818 2269 1016 2342 possit.
1062 2268 1128 2323 Et
1157 2267 1283 2338 quia
1306 2267 1362 2320 in
1421 2265 1635 2320 virtutis
1664 2280 1780 2318 suae

1909 2290 2018 2344 quae
2048 2274 2345 2344 prmdicare
2375 2272 2569 2341 sciunt,
2627 2273 2681 2327 in
2731 2288 2896 2344 opere
2941 2272 3151 2328 virtutis
3181 2273 3487 2330 ostendunt.

197 2363 371 2418 robore
401 2362 671 2433 exempla
717 2358 1011 2415 electorum
1051 2356 1266 2411 Patrum
1324 2362 1636 2425 sequuntur,
1669 2370 1787 2425 per-

1909 2362 2117 2418 Habent
2174 2362 2229 2417 in
2287 2361 2590 2417 eruditione
2619 2361 2806 2427 verba,
2865 2360 3068 2416 habent
3118 2361 3190 2416 ad
3246 2363 3498 2433 exempla

196 2460 447 2508 secutores
477 2459 615 2505 sunt
644 2448 910 2522 regalium
942 2445 1349 2518 quadrigarum.
1420 2445 1576 2513 193
1631 2440 1784 2510 Qua-

1909 2452 2225 2523 simplicium
2282 2466 2481 2522 opera:
2515 2457 2574 2506 ut
2618 2450 2726 2506 alta
2767 2466 2889 2521 quae
2936 2450 3229 2520 loquuntur
3283 2452 3494 2521 sapien-

194 2542 346 2613 drigre
366 2540 577 2596 etenim
604 2538 755 2609 regis
785 2545 927 2601 sunt,
957 2535 1103 2589 bona
1140 2532 1392 2603 exempla
1421 2531 1577 2587 electi
1634 2546 1777 2600 prae-

1909 2548 2001 2609 tes,
2064 2539 2368 2612 intelligant
2417 2558 2433 2607 ;
2476 2548 2529 2595 et
2566 2540 2657 2611 qui
2689 2539 2977 2595 verborum
3030 2546 3236 2594 secreta
3282 2555 3392 2596 non
3420 2541 3497 2595 vi-

198 2629 448 2685 dicatoris.
476 2629 545 2682 In
576 2626 657 2682 eis
686 2626 888 2696 quippe
926 2632 977 2679 et
1033 2638 1288 2695 pugnans
1343 2629 1395 2675 et
1444 2619 1787 2690 triumphans
1903 2630 2031 2684 dent
2089 2630 2143 2683 in
2205 2628 2429 2696 intimis,
2503 2629 2779 2684 imitentur
2856 2644 3041 2700 opera,
3125 2642 3248 2700 quae
3313 2628 3502 2685 vident

197 2718 475 2772 ostenditur
536 2733 550 2770 :
602 2715 730 2784 quia
785 2713 915 2767 dum
954 2719 1141 2766 sancta
1191 2726 1355 2782 Opera
1411 2706 1784 2780 praedicatoris

1909 2717 2057 2774 foris.
2097 2717 2453 2774 Centuriones
2510 2733 2643 2790 ergo
2695 2717 3111 2785 constituuntur,
3143 2718 3362 2788 quando
3389 2733 3502 2790 per-

198 2807 484 2878 aspicimus,
524 2805 674 2859 hunc
714 2802 960 2873 profecto
1000 2799 1288 2854 sublimem
1346 2798 1594 2852 videmus
1631 2803 1682 2850 et
1736 2794 1787 2849 in

1909 2807 2138 2863 fectione
2188 2806 2426 2875 virtutis,
2481 2806 2699 2861 culmen
2764 2805 3011 2860 obtinent
3060 2805 3340 2877 dignitatis
3387 2824 3401 2861 :
3443 2814 3507 2863 ut

199 2910 354 2967 agone
381 2890 723 2957 certaminis,
744 2902 798 2945 et
824 2890 878 2943 in
907 2888 1107 2944 virtute
1137 2886 1410 2958 triumphi.
1460 2884 1568 2941 Sed
1596 2899 1792 2940 carna-

1909 2895 2211 2952 sublimiter
2235 2894 2437 2963 vivant,
2498 2903 2554 2951 et
2594 2910 2703 2967 quo
2748 2893 2908 2949 altius
2962 2892 3169 2962 vivunt,
3193 2893 3376 2950 utilius
3398 2894 3506 2951 do-

200 2984 325 3038 libus
349 2982 655 3039 desideriis
675 2978 917 3051 oppressi
947 2977 1135 3032 videre
1153 2977 1296 3031 hunc
1326 2975 1379 3029 iu
1400 2972 1678 3046 quadrigis
1690 2971 1800 3026 suis
1909 2993 2089 3043 ceam.

206 3081 426 3144 Possum,
450 3068 717 3143 Perseqlli
748 3067 865 3136 eius
894 3065 1190 3137 quadrigas
1221 3079 1327 3119 ηοη
1366 3070 1605 3135 Ροεδυοί·
1640 3060 1804 3116 venit
1984 3078 2035 3129 6.
2065 3073 2171 3131 Sed
2196 3072 2286 3145 qui
2314 3074 2654 3132 centuriones
2703 3079 2845 3142 sunt,
2903 3087 3030 3129 cum
3085 3070 3215 3128 belli
3263 3079 3505 3146 tempore

210 3161 397 3231 pedites
415 3161 635 3233 quippe
667 3158 724 3211 in
748 3156 913 3227 plano
935 3162 1056 3209 sunt
1102 3153 1243 3226 pigri
1290 3152 1361 3208 ad
1418 3167 1655 3218 cursum,
1713 3149 1792 3205 de-

1916 3163 2186 3233 ordinent,
2217 3162 2478 3235 proficere
2508 3163 2713 3219 debent
2742 3181 2756 3217 :
2789 3169 2847 3218 ut
2872 3161 3024 3234 pacis
3078 3161 3242 3218 etiam
3297 3160 3508 3230 fructus

214 3211 332 3304 biles
357 3211 451 3305 ad1
473 3211 820 3304 conﬂictum.
868 3244 937 3300 Ut
978 3211 1120 3315 ergd
1139 3211 1352 3315 ragales
1383 3211 1673 3312 quadrigas
1688 3254 1792 3311 per-

1918 3211 2186 3233 ν·“·’··“’··“⁷
2218 3211 2477 3235 τ-ν---νη
2512 3211 2713 3219 -ν---η
2742 3211 2755 3217 -
2793 3211 2845 3218 -ν
2872 3211 3020 3234 τ-νπ
3082 3211 3242 3218 ν---κ
3297 3211 3505 3230 --π--ε

1927 3254 2068 3310 ferre
2088 3259 2505 3325 cognoscantur.
2536 3253 2662 3308 Post
2683 3250 2931 3307 tribunos
2960 3266 3115 3323 ergo,
3137 3258 3191 3306 et
3235 3251 3517 3307 centurio-

218 3340 354 3408 sequi
372 3339 623 3401 valeant,
646 3334 803 3404 prius
832 3333 1042 3403 equites
1069 3332 1220 3399 fiant,
1275 3338 1483 3385 terrena
1539 3328 1810 3384 desideria
1923 3358 2036 3411 nes,
2069 3358 2323 3416 agrorum
2352 3339 2485 3397 ﬁunt
2507 3348 2768 3409 aratores,
2800 3348 2857 3396 ει
2905 3355 3172 3395 messores
3222 3346 3469 3412 segetum
3502 3357 3517 3404 ς

218 3434 508 3495 conteram:
545 3422 702 3480 carni
731 3438 844 3477 30$
873 3420 1226 3491 Ρτεὲείάθεηίν
1253 3417 1818 3489 Pndicmaeﬁrmat“ra
1925 3439 1984 3487 ut
2031 3414 2292 3488 victorum
2344 3431 2460 3502 jam
2506 3429 2669 3486 corda
2697 3443 2921 3485 vomere
2950 3414 3340 3483 adhortationis
3385 3443 3522 3500 ape-

219 3516 568 3572 candescant.
584 3513 734 3566 Tunc
749 3509 971 3582 quidem
992 3516 1118 3580 post
1155 3508 1354 3563 electos
1402 3509 1587 3562 Patres
1617 3506 1670 3559 in
1700 3504 1792 3576 spi'

1925 3521 2088 3589 riant,
2135 3537 2205 3577 ex
2252 3520 2452 3591 quibus
2479 3518 2701 3575 uberius
2731 3518 2994 3574 bonorum
3032 3532 3256 3588 operum
3289 3516 3521 3574 triticum

220 3604 377 3659 rituali
425 3601 699 3660 conﬂictu
740 3614 956 3655 currere
985 3606 1133 3653 tanto
1164 3596 1449 3652 decentius
1494 3609 1815 3666 possumus,
1936 3611 2099 3679 194
2124 3617 2344 3666 meum.
2381 3609 2540 3666 velut
2562 3609 2618 3663 in
2638 3623 2771 3680 pace
2793 3606 2910 3677 jam
2937 3606 3158 3680 quidem
3214 3613 3390 3675 aram.
3436 3606 3528 3677 qui

217 3704 399 3765 sunto
426 3709 534 3764 Per
578 3690 639 3745 id
693 3688 840 3761 ψιοά
889 3687 1049 3777 nom“
1102 3685 1810 3777 laudabililPr_Pm§ujnusg
1930 3715 1995 3755 ea
2014 3699 2200 3769 corda,
2233 3715 2354 3769 quae
2382 3696 2647 3770 spiritalia
2700 3697 3143 3768 impugnamenta
3187 3694 3527 3761 devicerant,

218 3782 539 3839 occultorum
570 3779 818 3833 hostium
847 3776 1068 3848 agmina
1090 3783 1336 3848 potenter
1368 3770 1621 3829 ferimus."
1652 3770 1792 3840 Quor

1932 3788 2001 3843 ad
2051 3787 2353 3845 exercenda
2396 3802 2563 3859 opera
2611 3785 2828 3856 pietatis
2882 3784 3148 3840 excitant.
3205 3784 3271 3839 Et
3318 3792 3531 3857 segetes

219 3872 275 3937 si,
301 3872 445 3927 velut
495 3870 691 3942 plures
708 3868 915 3922 habent
966 3865 1203 3932 codices,
1256 3879 1370 3919 non
1419 3864 1792 3933 persecutores

1933 3884 2158 3944 metunt,
2191 3876 2411 3949 quando
2439 3875 2507 3930 de
2536 3874 2706 3931 divini
2736 3872 2886 3929 verbi
2907 3871 3135 3941 semine,
3168 3871 3315 3943 quod
3344 3872 3400 3927 in
3429 3888 3531 3927 au-

223 3962 307 4015 sed
335 3973 714 4034 praeurwrea
742 3955 975 4027 legimus
1002 3971 1034 4009 a
1062 3954 1209 4009 bono
1230 3952 1506 4008 intellectu
1556 3965 1669 4006 non
1714 3962 1789 4003 va

1931 3967 2166 4021 ditorum
2197 3964 2461 4021 cordibus
2506 3968 2837 4034 sparserant,
2878 3962 3051 4018 electa
3105 3975 3276 4032 opera
3328 3976 3531 4032 proru-

224 4058 321 4105 ιιι.
356 4048 658 4121 [legalium
677 4044 899 4117 quidem
940 4042 1323 4115 quadrigarum
1372 4054 1679 4128 praecurer
1721 4043 1792 4093 est

1932 4055 2075 4128 pisse
2097 4054 2462 4127 gratulantur.
2494 4051 2651 4106 Velut
2675 4049 2821 4106 enim
2865 4050 2935 4106 de
2966 4064 3101 4121 agro
3130 4048 3367 4105 triticum
3419 4050 3530 4105 fal-

227 4138 305 4207 qui
355 4139 545 4194 laudat
608 4135 776 4192 verbo
822 4133 1075 4203 exempla
1095 4133 1387 4202 justorum.
1420 4128 1526 4197 Qui
1556 4127 1792 4182 nimirun

1935 4127 2086 4199 cibus
2112 4149 2339 4208 metunt,
2372 4138 2588 4210 quando
2617 4138 2871 4210 amplexu
2896 4137 3189 4202 cbaritatis,
3238 4136 3295 4192 id
3328 4137 3397 4193 de
3447 4153 3539 4193 su-

187 1482 590 1532 snmmoventur.
623 1472 850 1543 Equites
870 1470 1073 1542 quippe
1101 1477 1245 1537 sunt,
1295 1469 1515 1540 quando
1550 1468 1605 1522 in
1647 1467 1763 1522 vir-

187 1575 279 1621 tute
322 1564 545 1636 spiritus
602 1560 777 1615 carnis
828 1576 943 1613 suae
998 1557 1292 1630 voluptatis
1328 1558 1474 1612 fluxa
1538 1555 1763 1611 restrin-

228 4243 379 4298 eques
400 4242 532 4285 esse
562 4224 774 4280 debet:
808 4222 937 4293 quia
975 4220 1239 4292 reprobus
1282 4218 1533 4275 laudator
1576 4222 1677 4285 est,
1733 4231 1792 4285 qu

1935 4248 2109 4304 perna
2136 4228 2552 4289 conversatione
2602 4227 2899 4299 accipiunt,
2936 4241 3044 4299 quo
3100 4226 3308 4283 interna
3360 4225 3536 4285 devo-

229 4316 377 4371 altam
432 4317 615 4372 vitam
676 4319 839 4384 atque
872 4310 1169 4366 doctrinam
1198 4316 1507 4365 sanctorum
1546 4304 1820 4376 praedicat,

229 4421 371 4474 quam
415 4401 655 4461 sublimi
703 4399 988 4473 proposito
1034 4397 1231 4453 imitari
1259 4410 1603 4467 nequaquam
1648 4399 1820 4449 curat.

231 4492 321 4547 Sed
348 4495 438 4565 qui
468 4492 716 4548 aliorum
763 4488 954 4555 vitam,
985 4495 1147 4557 atque
1165 4486 1469 4543 doctrinam
1517 4496 1825 4555 proponere

1936 4323 2079 4380 tione
2106 4320 2392 4376 satientur.

2004 4413 2060 4466 Ἳ.
2095 4411 2201 4467 Sed
2233 4410 2477 4483 quandiu
2507 4410 2562 4465 in
2590 4410 2698 4466 hac
2726 4408 2834 4466 vita
2864 4406 3127 4475 vivimus,
3149 4403 3207 4460 in
3235 4419 3363 4477 pace
3390 4401 3539 4460 nulla

1935 4500 2295 4575 possidemus.
2340 4500 2602 4572 Antiquus
2634 4499 2835 4555 etenim
2883 4495 3077 4564 hostis,
3136 4494 3265 4567 quia
3318 4508 3538 4566 semper

230 4582 335 4638 aliis
357 4584 428 4639 ad
458 4581 834 4638 imitationem
862 4577 1031 4645 novit,
1053 4576 1171 4646 jam
1199 4575 1421 4647 quidem
1455 4569 1824 4663 spiritalismi-
1854 4569 1908 4631 D
1937 4569 2077 4648 bene
2106 4589 2396 4663 agentibus
2415 4569 2756 4653 Μήδειαν,
2788 4599 3008 4642 necesse
3036 4592 3119 4638 est
3168 4599 3387 4655 semper
3438 4598 3541 4638 nos

232 4669 348 4728 litia
373 4678 499 4729 esse
528 4669 833 4742 .magister
857 4666 1064 4738 incipit.
1119 4665 1262 4720 Bene
1291 4678 1426 4735 ergo
1480 4660 1827 4732 subiunctum

292 4852 333 4918 (Ι
351 4850 490 4922 Reg.
514 4863 643 4914 vni,
663 4846 781 4917 19..)
798 4847 865 4902 Et
880 4842 1308 4902 comtituetsibi
1323 4841 1607 4910 tribunos,
1630 4843 1685 4897 et
1702 4853 1832 4896 cen-

236 4940 497 4996 terriones.

300 5032 349 5082 5.
380 5025 621 5082 Tribuni
652 5031 798 5093 sunt,
822 5039 945 5080 cum
974 5022 1239 5095 incipiunt
1268 5039 1281 5076 :
1315 5022 1676 5089 centuriones,
1708 5033 1837 5075 cum

239 5113 285 5171 in
308 5117 535 5189 spiritali
570 5115 896 5187 magisterio
925 5112 1298 5185 perﬁciuntur.
1329 5111 1564 5177 Etenim,
1596 5116 1653 5164 ut
1680 5122 1841 5179 supe-

250 5205 347 5259 rius
370 5206 650 5273 diximus,
674 5219 702 5258 a
733 5202 1045 5260 centenario
1078 5216 1304 5257 numero
1334 5200 1532 5256 dicitur
1575 5196 1840 5255 centurio.

249 5290 459 5349 Tribuni
472 5294 656 5350 etiam
686 5291 914 5363 intelligi
930 5299 1152 5362 possunt
1162 5288 1471 5361 spirituales
1484 5285 1842 5353 viri,scientia

250 5381 535 5454 simplices,
571 5381 681 5437 sed
706 5394 897 5435 amore
916 5379 1015 5435 Dei
1035 5387 1089 5433 et
1117 5378 1354 5450 proximi
1370 5375 1706 5432 inﬂammati.
1737 5373 1845 5442 Qui

252 5467 363 5525 licet
416 5472 531 5527 alta
592 5468 910 5539 spiritualia
981 5466 1137 5539 loqui
1205 5467 1472 5537 nesciant,
1516 5473 1697 5521 tamen
1746 5479 1845 5535 per

309 5666 382 5740 (α)
396 5665 573 5723 Gilot.
584 5709 603 5735 ,
623 5681 821 5722 eorum
837 5663 1125 5737 adjutores
1134 5668 1301 5739 atque
1312 5668 1502 5739 coepta
1510 5668 1657 5721 tores
1670 5662 1842 5734 ﬁunt.

1942 4697 2007 4738 ea
2032 4696 2153 4752 qum
2183 4679 2322 4735 bene
2344 4678 2575 4750 agimus,
2599 4676 2986 4732 defendamus.
3008 4672 3186 4743 Quare
3201 4680 3253 4727 et
3272 4672 3410 4728 bene
3421 4677 3543 4743 post

1944 4778 2183 4826 aratores
2240 4782 2517 4840 agrorum,
2554 4773 2605 4821 El
2663 4772 2912 4837 segetum
2942 4777 3237 4827 messores,
3268 4776 3542 4816 armorum

1950 4858 2109 4926 fabri,
2143 4864 2197 4914 et
2222 4872 2485 4914 curruum
2516 4854 2666 4928 regis
2722 4852 2839 4909 ﬁeri
2886 4851 3269 4924 perhibentur.
3306 4852 3470 4904 Arma
3490 4855 3545 4904 et

1943 4965 2133 5006 currus
2187 4945 2473 5014 fabricant,
2520 4952 2580 5000 ut
2630 4944 2783 5016 ipsos
2851 4957 3014 5015 agros
3072 4955 3212 5011 quos
3268 4938 3541 5004 excolunt,

1952 5052 2156 5107 easque
2197 5042 2410 5108 segetes
2464 5048 2602 5106 quas
2657 5038 2891 5100 metunt,
2940 5027 3252 5086 defendant.
3309 5028 3545 5081 Currum

1949 5127 2150 5198 quippe
2178 5124 2462 5190 fabricant,
2522 5129 2580 5179 ut
2635 5120 2708 5177 ad
2763 5133 3053 5177 occursum
3109 5112 3550 5172 adversariorum

1948 5216 2168 5273 veloces
2195 5214 2303 5269 sint
2336 5230 2349 5267 :
2381 5227 2536 5270 arma
2559 5225 2713 5278 vero,
2745 5216 2804 5265 ut
2832 5208 2939 5263 sint
2993 5211 3259 5276 potentes.
3321 5202 3548 5257 Currum

1950 5304 2173 5378 quidem
2194 5302 2585 5366 conscendunt,
2604 5306 2662 5354 ut
2681 5312 2878 5370 magno
2911 5295 3113 5365 impetu
3143 5296 3317 5348 castra
3344 5288 3551 5345 daemo-

1954 5411 2081 5450 num
2113 5401 2346 5449 atterunt
2378 5399 2489 5463 ;et,
2548 5395 2609 5446 ut
2664 5386 3015 5455 exstinguant
3064 5395 3201 5454 quos
3259 5379 3549 5451 impetunt,

1955 5500 2107 5541 arma
2137 5490 2374 5555 portant.
2407 5482 2467 5535 In
2498 5480 2596 5534 bac
2628 5474 2826 5548 quippe
2847 5488 3035 5528 currus
3062 5468 3391 5527 sublimitate
3435 5475 3553 5527 stu-
