4034 6174
328 225 426 283 241
911 225 922 227 “
1193 237 1269 296 ΙΝ
1298 239 1566 301 PRIMUM
1594 241 1841 302 REGUM
1869 247 2414 311 EXPOSITIONES.
2444 286 2517 298 -
2545 258 2673 316 LIB.
2705 259 2798 316 IV.
3515 257 3622 316 2η

331 348 705 447 delectationis
732 355 1036 428 refrigerat,
1068 361 1257 417 aeterni
1288 362 1392 419 sibi
1436 365 1670 423 incendii
1701 369 1934 426 retribu-
1957 369 2016 451 Α
2047 382 2128 431 ter
2153 375 2345 434 infudit
2366 380 2649 452 (00103.1,
2684 385 2796 453 19).
2822 384 2936 442 Nos
2975 391 3154 443 autem
3209 385 3342 460 quia
3394 385 3464 442 de
3507 384 3637 458 ple-

2372 437 2382 451 .
2438 437 2442 439 γ
2553 437 2562 438 κ
2637 437 2932 453 ι-νι---η
2979 437 3154 443 mw"
3256 437 3340 443 η-
3400 437 3462 442 η
3507 437 3598 458 τη

331 437 531 494 tionem
565 451 740 512 parat.
764 446 916 501 Unde
946 456 1071 519 apte
1097 450 1261 505 nimis
1291 453 1539 523 ejusdem
1585 459 1760 514 vinea:
1807 460 1926 514 fru-
1968 446 1971 451 ⁴
2036 465 2277 522 nitudine
2306 468 2419 537 ejus
2456 485 2648 527 omnes
2710 474 3071 545 acccepimus,
3133 437 3278 530 doria
3326 473 3627 547 gratiarum

328 534 444 581 ctus
468 544 789 601 exponems,
811 551 971 591 uvam
996 537 1153 608 fellis,
1173 547 1226 594 et
1263 541 1476 598 botrum
1534 546 1915 603 amaritudinis
2034 568 2132 622 per
2160 534 2347 626 partes
2365 556 2570 614 divisas
2591 534 2952 631 possidemus.
2982 534 3119 618 Hinc
3150 534 3360 619 Paulusv
3370 563 3479 618 ait:
3511 562 3630 621 Alii

326 615 475 670 dixit.
537 619 653 674 Uva
683 623 882 694 quippe
912 624 964 678 in
997 627 1112 682 visu
1133 636 1234 695 est,
1268 629 1341 684 fel
1372 632 1426 685 in
1457 648 1651 703 sapore
1683 650 1696 690 :
1748 636 1924 693 visum
2030 615 3353 723 quidcmperspiritunzdatursermosapientiae,
3379 652 3485 707 alii
3514 667 3631 709 scr-

323 704 621 775 oblectans,
651 719 870 779 gustum
902 715 1205 772 amaricans
1226 718 1381 791 ;quiu
1400 722 1659 776 nimirum
1674 724 1922 794 reprobée
2028 746 2119 786 mo
2134 732 2733 807 scienticemtiigenera
2751 738 3214 810 tinguarum,alii
3225 740 3626 812 interpretatio

320 794 488 847 menti
518 797 678 851 valde
707 799 910 870 placet,
946 804 1088 874 quod
1117 807 1470 878 concupiscit,
1503 810 1605 865 sed
1636 812 1692 866 in
1719 822 1920 868 mterna
2026 833 2373 890 sermonum,
2389 794 3340 900 atteri/ide:ineddemspirilu,alii
3369 830 3620 900 operatio

316 896 498 949 pinna,
532 886 677 953 quod
708 887 807 941 sibi
842 890 1003 945 modo
1051 899 1133 947 est
1189 894 1367 962 dulce,
1428 900 1740 955 amarescit.
1804 902 1917 958 Rex
2025 907 2327 977 virtutum,
2360 886 2471 966 alii
2507 886 2825 986 prophetia,
2860 917 2966 971 alii
3006 886 3273 973 discretio
3299 886 3619 989 spirituum

316 984 450 1040 ergo
480 973 642 1027 nobis
671 991 834 1046 agros
866 978 1019 1046 tollit,
1052 998 1173 1036 eum
1197 982 1400 1039 electus
1412 987 1734 1055 praedicator
1762 990 1918 1046 laetos
2024 993 2076 1064 (Ι
2097 994 2216 1052 Cor.
2242 973 2338 1063 xu,
2372 999 2447 1069 8).
2472 973 2706 1056 Denario
2725 973 2854 1059 vero
2887 991 2922 1054 1
2940 990 3043 1056 97
3078 973 3473 1075 numerosquia
3491 1019 3625 1074 per-

310 1057 361 1110 in
392 1058 755 1119 delectatione
786 1075 962 1121 motus
992 1070 1169 1124 carnis
1200 1081 1397 1127 nostrae
1440 1074 1719 1148 IOqueudo
1776 1078 1914 1133 sub-

313 1148 491 1203 trahit.
526 1150 729 1206 Vincas
752 1154 909 1223 tollit,
975 1174 1097 1211 cum
1153 1158 1464 1216 debriantes
1518 1165 1911 1236 concupiscen-

310 1234 408 1288 tias
438 1251 470 1289 a
502 1239 669 1294 corde
704 1244 889 1298 nostro
918 1246 1132 1314 penitus
1160 1247 1445 1305 abscindit.
1480 1234 1709 1307 Olivetai
1747 1255 1911 1311 etiam

308 1323 465 1390 tollit,
498 1342 625 1379 eum
684 1328 835 1383 falsae
892 1332 1273 1392 misericordia)
1323 1354 1489 1407 opera
1541 1343 1906 1411 reprehendit,

302 1427 421 1465 cum
451 1422 597 1469 recte
627 1419 961 1476 exhortando
993 1426 1285 1496 suggerit,‘
1310 1427 1516 1480 nullum
1573 1445 1692 1485 esse
1735 1416 1906 1485 meri-~

301 1508 412 1554 tum
441 1504 652 1573 operis,
683 1505 787 1560 nisi
818 1509 1052 1579 prodeat
1077 1513 1142 1566 de
1183 1514 1460 1584 proposito
1507 1516 1663 1573 bona:
1722 1518 1902 1575 inten-

304 1590 488 1645 tionis.

2023 1082 2195 1139 fectus
2206 1092 2304 1153 est,
2323 1086 2547 1143 virtutes
2560 1089 2983 1162 addecimamus,
2998 1108 3121 1150 cum
3133 1092 3470 1165 singulorum
3482 1092 3628 1147 dona

2020 1172 2319 1229 electorum
2352 1177 2686 1250 colligimus,
2718 1197 2840 1253 qum
2872 1181 3109 1239 minores
3139 1181 3436 1237 imitentur.
3479 1181 3621 1237 Nam

2017 1260 2086 1315 de
2114 1263 2299 1335 Moyse
2327 1265 2587 1337 scriptum
2617 1276 2699 1324 est
2729 1269 2908 1338 :Quia
2926 1275 3051 1328 erat
3069 1271 3414 1327 mitissimus
3440 1285 3615 1343 super

2015 1364 2208 1407 omnes
2227 1353 2480 1411 homines
2496 1359 2663 1413 terra:
2676 1358 2862 1428 (Num.
2884 1374 2980 1427 xu,
2994 1361 3070 1429 3).
3095 1360 3174 1434 De
3188 1359 3469 1415 Abraham
3490 1372 3622 1430 quo-

2015 1453 2120 1508 que
2141 1438 2336 1496 dicitur
2367 1461 2378 1497 :
2402 1442 2653 1500 Credidit
2670 1445 2950 1504 Abraham
2966 1449 3095 1517 Deo,
3115 1451 3173 1504 et
3187 1451 3521 1521 reputatum
3532 1450 3622 1504 cst

2012 1528 2066 1583 ei
2101 1528 2175 1583 ad
2179 1529 2757 1603 justitiam(Gen.xv,
2793 1536 2865 1606 6).
2886 1536 3020 1593 Cum
3051 1553 3187 1610 ergo
3235 1535 3614 1593 mansuetudi-

2011 1631 2135 1671 nem
2165 1632 2287 1672 cum
2319 1616 2426 1674 fide
2452 1618 2655 1677 imitari
2683 1623 2953 1692 volumus,
3012 1641 3237 1682 necesse
3291 1633 3375 1681 est
3428 1632 3487 1680 ut
3544 1624 3613 1680 de

369 1700 455 1751 10,
491 1699 605 1754 sed
636 1701 795 1757 valde
824 1704 1175 1772 qumrendum
1206 1716 1311 1775 est,
1343 1724 1441 1766 ουτ
1471 1711 1588 1766 dari
1620 1714 1797 1769 servis
1820 1731 1902 1772 re.
1928 1726 1983 1787 Β
2013 1706 2266 1775 exemplo
2296 1707 2465 1778 Moysi
2496 1717 2550 1764 et
2579 1710 2809 1767 Abrahae
2839 1712 2909 1767 ad
2938 1713 3289 1771 refectionem
3304 1712 3498 1769 mentis
3521 1728 3613 1772 no:

293 1784 381 1855 gis
406 1792 760 1844 asseruntur.
798 1792 939 1845 Nam
967 1793 1012 1847 si
1040 1794 1157 1850 haec
1183 1797 1340 1852 nobis
1395 1798 1510 1865 iure
1566 1801 1900 1873 auferuntur,

294 1874 520 1943 quinam
559 1886 742 1946 erunt,
772 1880 969 1951 quibus
1000 1898 1106 1937 non
1134 1883 1356 1957 indigne
1374 1887 1903 1961 lribuantur?Quod

292 1970 471 2017 tamen
503 1964 546 2017 si
578 1965 870 2022 subdiliter
900 1971 1208 2042 quaerimus,
1253 1989 1485 2047 magnos
1549 1976 1604 2032 in
1656 1977 1901 2050 imperiis

291 2050 401 2104 suis
426 2063 651 2108 sanctos
709 2058 1092 2127 praedicatores
1146 2072 1357 2119 nostros
1414 2066 1735 2122 invenimus.
1797 2067 1901 2139 Qui

288 2147 411 2193 sunt
439 2156 577 2212 ergo
610 2143 645 2196 ii
676 2144 845 2211 servi,
865 2146 966 2201 nisi
991 2147 1086 2216 illi,
1116 2150 1184 2204 de
1214 2167 1444 2221 quorum
1478 2154 1654 2225 capite
1677 2156 1746 2211 ad
1765 2157 1897 2212 bea-

288 2235 407 2281 tum
433 2230 540 2284 Job
574 2231 838 2287 Dominus
867 2234 1000 2289 dicit
1031 2254 1046 2292 :
1087 2238 1357 2311 Nunquid
1373 2243 1618 2314 accipies
1636 2261 1765 2301 eum
1787 2263 1900 2303 ser-

282 2322 843 2392 vumsempiternum
879 2326 997 2392 (Job
1016 2340 1105 2395 χι,
1130 2329 1220 2398 23)
1242 2328 1269 2381 ‘l
1286 2329 1507 2403 Maligni
1534 2349 1768 2405 namque
1791 2336 1897 2407 spi-

278 2404 416 2460 ritus
443 2408 587 2462 servi
612 2417 738 2464 sunt
768 2423 1080 2468 sanctorum
1111 2416 1539 2486 hominum;sed
1568 2422 1623 2477 in
1646 2404 1746 2480 hac
1789 2427 1899 2481 vita

274 2494 426 2548 servi
452 2498 727 2567 perpetui,
760 2499 817 2553 in
848 2500 938 2555 illa
967 2518 1097 2558 vero
1118 2505 1256 2559 servi
1281 2508 1627 2577 sempiterni.
1695 2512 1895 2582 Quoti-

272 2581 371 2636 die
403 2599 643 2656 namque
673 2589 778 2642 hoc
808 2588 1082 2660 ingerunt,
1114 2593 1257 2648 unde
1287 2596 1459 2651 sancti
1490 2598 1592 2652 viri
1616 2581 1888 2658 coronen-

273 2678 385 2726 tur.
416 2672 557 2727 Nam
589 2690 713 2728 cum
745 2693 811 2731 ex
842 2679 1038 2747 praelio
1071 2680 1230 2751 hujus
1258 2683 1403 2752 vitae,
1437 2694 1655 2743 acterna:
1698 2692 1894 2762 gloriae

273 2760 511 2815 victoria
543 2763 702 2817 nobis
730 2765 1069 2835 praebentur,
1101 2770 1191 2839 qui
1234 2781 1421 2827 contra
1477 2791 1576 2830 nos
1625 2760 1884 2835 eaibella

268 2849 559 2916 innovant,
593 2852 792 2922 quibus
821 2854 891 2907 ad
923 2865 1186 2912 mternam
1207 2863 1453 2932 requiem
1478 2863 1746 2935 ducimur,
1768 2885 1892 2937 pro-

266 2937 425 2992 fecto
457 2939 617 2993 nobis
648 2956 848 3013 magna
868 2946 1098 3001 servitia
1126 2947 1462 3019 impendunt.
1498 2953 1651 3010 Servi
1674 2972 1894 3027 quoque

264 3026 549 3082 victorum
580 3038 722 3098 sunt,
758 3038 988 3087 testante
1019 3035 1271 3092 veritate:
1294 3040 1329 3092 Α
1349 3056 1452 3106 quo
1475 3044 1598 3112 quis
1615 3026 1886 3113 vincitur,

260 3114 609 3185 ejusscrvus
626 3119 880 3188 efﬁcitur
896 3121 971 3190 (II
993 3124 1145 3178 Pctr.
1167 3139 1225 3190 ll,
1264 3127 1370 3192 19).
1405 3128 1544 3183 Nam
1576 3130 1702 3184 dum
1739 3150 1885 3203 prae-

260 3203 342 3256 lia
376 3212 573 3259 contra
601 3222 712 3273 eos,
746 3208 835 3278 qui
894 3208 1083 3264 victuri
1132 3220 1275 3279 sunt,
1338 3216 1594 3284 excitant,
1644 3221 1889 3277 serviunt

255 3293 370 3357 eis,
409 3292 503 3362 qui
539 3293 664 3348 inde
700 3302 1046 3365 coronantur,
1092 3300 1235 3355 unde
1291 3303 1360 3356 ad
1422 3312 1635 3375 tempus
1690 3323 1880 3363 eorum

250 3381 463 3450 praelia
494 3390 747 3452 potenter
777 3385 1069 3456 excipiunt.
1105 3388 1209 3444 Sed
1241 3392 1364 3461 quia
1399 3393 1543 3463 quod
1574 3394 1641 3448 ad
1673 3405 1881 3452 sancto-

249 3485 385 3523 rum
418 3470 659 3542 gloriam
688 3473 917 3542 proticit,
949 3476 1201 3549 malignis
1232 3479 1517 3549 spiritibus
1575 3485 1769 3540 crescit
1827 3486 1883 3541 in

248 3558 644 3613 damnationis
673 3570 1043 3633 augmentum,
1076 3565 1240 3621 ablati
1272 3569 1412 3641 agri,
1472 3577 1527 3625 et
1580 3572 1774 3641 vineae,
1833 3583 1886 3630 et

247 3648 471 3701 oliveta
504 3647 679 3702 servis
708 3650 1028 3705 tribuuntur.
1079 3654 1159 3709 De
1208 3657 1353 3710 omni
1402 3658 1620 3728 quidem
1680 3661 1883 3717 malitia

245 3752 353 3790 sua
388 3734 679 3791 daemones
708 3736 761 3791 in
790 3747 991 3795 :eterna
1028 3758 1192 3812 poena
1222 3746 1881 3823 punienturJncongres-

242 3824 414 3877 sione
443 3822 675 3896 quidem
696 3828 887 3882 occulti
919 3832 1249 3899 certaminis,
1282 3835 1501 3905 quando
1534 3836 1691 3892 electi
1748 3822 1880 3893 vin-

240 3920 409 3975 cunt,
445 3911 598 3966 mala
626 3929 743 3983 qua:
772 3917 1055 3986 repellunt,
1097 3920 1218 3975 suis
1275 3923 1523 3978 hostibus
1582 3926 1819 3983 tribuunt
1855 3948 1867 3985 :

241 4001 527 4071 quiaisti,
562 4008 812 4073 tanquam
837 4021 1033 4061 aurum
1087 4008 1143 4062 in
1194 4009 1417 4066 fornace
1466 4013 1618 4087 (Sap.
1671 4031 1754 4082 ut,
1796 4018 1872 4087 6),

238 4090 587 4161 probantur,
622 4090 697 4145 illi
728 4108 822 4162 pro
863 4095 1098 4165 rcproba
1154 4100 1507 4171 suggestione
1554 4103 1871 4174 puniuntur.

232 4180 432 4251 Agros
463 4193 623 4249 ergo,
656 4180 858 4246 vineas,
891 4191 944 4238 et
973 4184 1170 4240 oliveta
1199 4188 1339 4243 servi
1372 4190 1667 4261 suscipiunt
1702 4208 1714 4244 :
1748 4193 1874 4263 quia

233 4282 375 4322 cum
410 4274 730 4336 peccatores
758 4272 824 4322 ad
855 4271 1040 4341 vitam,
1062 4275 1487 4344 prmdicantibus
1531 4280 1866 4347 doctoribus,

230 4357 513 4420 redeunt,
550 4356 653 4410 hoc
675 4358 832 4411 etiam
875 4359 944 4413 ad
1001 4361 1364 4421 damnationis
1421 4367 1693 4423 cumulum
1752 4370 1862 4425 da:-

226 4444 512 4500 monibus
547 4443 771 4514 proﬁcit,
806 4450 953 4517 quod
983 4452 1305 4519 pmnitcntes
1325 4454 1378 4507 in
1410 4456 1571 4527 culpa
1627 4466 1858 4528 praeter-

222 4531 301 4588 ita
327 4531 544 4586 tandiu
574 4548 758 4588 eorum
791 4536 982 4592 fraude
1005 4540 1197 4594 retenti
1229 4550 1375 4597 sunt.
1438 4545 1643 4600 Dantur
1698 4547 1859 4602 etiam

224 4623 357 4677 haec
428 4620 625 4683 servis,
674 4625 889 4693 quando
947 4626 1124 4682 ollieio
1168 4631 1542 4699 praedicatoris
1616 4637 1863 4691 conversi

222 4716 577 4780 peccatores
606 4710 675 4764 ad
704 4712 1017 4783 Dominum,
1049 4728 1358 4788 agnoscunt
1384 4722 1532 4791 quod
1563 4724 1615 4777 in
1672 4740 1861 4781 amore

223 4799 654 4870 praeteritorum
681 4800 963 4857 criminum
1014 4804 1205 4862 fraude
1246 4807 1557 4866 daemonum
1611 4813 1863 4870 teneban-

223 4897 333 4943 tur.

294 5001 320 5050 1
343 4996 367 5048 ι
390 5036 408 5046 -
429 4992 575 5063 Quid
588 5010 712 5051 vero
741 5005 840 5061 est,
860 4999 1003 5068 quod
1017 5010 1252 5073 segetes,
1285 5012 1338 5058 et
1363 5004 1646 5062 vinearum
1658 5008 1860 5066 reditus

219 5082 608 5147 addecimari,
663 5090 717 5139 et
784 5088 1043 5144 eunuchis
1104 5089 1317 5146 famulis
1373 5094 1519 5166 regis
1594 5095 1709 5151 dari
1792 5113 1858 5154 ea

217 5170 603 5241 perhibentur
628 5174 657 5227 ἲ)
677 5173 784 5229 Sed
815 5185 1033 5248 segetes
1087 5178 1378 5236 electorum
1435 5183 1861 5255 addecimantur,

222 5258 460 5332 quando
490 5263 881 5317 excellentiora
910 5281 1096 5320 eorum
1128 5283 1301 5338 opera
1329 5270 1658 5344 colligimus,
1689 5283 1856 5345 utea,

220 5350 289 5404 ad
320 5349 647 5420 exemplum
696 5350 944 5407 fidelium
1001 5356 1384 5425 producamus.
1429 5360 1579 5417 Unus
1622 5362 1857 5435 denique

224 5438 391 5493 solus
424 5437 538 5505 fuit,
564 5441 655 5512 qui
687 5440 744 5496 in
774 5458 833 5496 se
858 5443 1101 5499 omnium
1149 5444 1402 5503 virtutum
1462 5448 1861 5521 plenitudinem

226 5527 444 5597 habuit,
473 5528 559 5584 cui
588 5546 646 5586 se
675 5530 866 5587 omnis
894 5530 1176 5601 plenitudo
1205 5534 1505 5595 divinitatis
1552 5540 1859 5614 carporali-

2008 1798 2155 1861 straa,
2188 1793 2334 1850 velut
2361 1795 2653 1853 electorum
2682 1807 2947 1872 segetum,
2973 1801 3076 1856 sibi
3109 1802 3464 1858 decimentur.
3519 1802 3613 1858 Sic

2008 1881 2089 1937 sic
2117 1881 2369 1938 nimirum
2399 1886 2699 1941 castitatem
2728 1887 2930 1959 Joseph
2948 1888 3121 1958 (Gen.
3164 1906 3354 1958 χχχιχ,
3400 1890 3475 1960 8),
3531 1888 3613 1957 sic

2005 1968 2110 2023 Job
2139 1971 2452 2042 patientiam
2476 1973 2611 2041 (Job.
2636 1991 2672 2043 ῐ,
2708 1978 2815 2045 21),
2849 1976 2929 2032 sic
2950 1977 3122 2033 zelum
3144 1978 3370 2036 Phineas
3404 1980 3597 2049 (Num.

2006 2074 2135 2123 xxv,
2168 2062 2222 2127 7)
2245 2060 2314 2113 ad
2345 2061 2656 2133 exemplum
2688 2072 2929 2119 nostrum
2971 2066 3359 2137 praedicatores
3416 2066 3604 2140 profe-

2006 2154 2174 2201 runt:
2235 2148 2362 2218 quia
2416 2149 2541 2203 dum
2600 2152 2963 2222 perfectorum
3021 2155 3244 2210 virtutes
3294 2154 3611 2235 ostendunt,

2006 2235 2153 2289 velut
2180 2236 2471 2292 electarum
2503 2240 2761 2295 messium
2790 2240 3028 2297 dmimas
3056 2252 3412 2316 congregant,
3475 2258 3610 2315 quas

2004 2322 2143 2378 bene
2163 2324 2566 2395 proficientibus
2595 2337 2885 2400 apponant.
2918 2331 3073 2387 Unde
3112 2339 3163 2386 et
3214 2332 3356 2387 bene
3413 2348 3591 2388 eunu-

2004 2411 2122 2466 chis
2150 2420 2198 2467 et
2232 2413 2446 2469 famulis
2474 2416 2683 2471 eaedem
2714 2414 2934 2490 frugum
2965 2418 3192 2476 decimae
3237 2419 3357 2475 dari
3403 2421 3606 2492 pradi-

2003 2508 2223 2555 cuntur.
2265 2502 2515 2558 Eunuchi
2573 2505 2777 2576 quippe
2836 2514 2978 2574 sunt,
3037 2507 3128 2578 qui
3185 2508 3353 2563 animi
3391 2510 3605 2578 virtute,

2004 2588 2188 2643 omnia
2212 2588 2336 2644 inse
2359 2590 2595 2646 libidinis
2625 2593 2860 2648 fomenta
2881 2595 3266 2650 contriverunt.
3300 2595 3382 2653 De
3411 2597 3608 2668 quibus

2003 2676 2259 2731 nimirum
2280 2677 2335 2731 in
2364 2677 2674 2752 Evangelio
2704 2682 2965 2738 Dominus
3006 2683 3136 2739 dicit
3170 2703 3182 2739 :
3231 2685 3379 2741 Sunt
3410 2702 3600 2743 eunu-

2001 2764 2112 2832 chi,
2138 2765 2234 2836 qui
2263 2771 2665 2824 castraverunt
2698 2786 2758 2826 se
2793 2775 3027 2845 propter
3057 2788 3302 2844 regnum
3327 2776 3600 2834 caelorum

1999 2852 2203 2920 (Matth
2242 2855 3347 2931 xxx,12).Famnlisunt,quiadhucstudiis
3367 2863 3493 2917 vitae
3510 2878 3602 2919 ac-

2003 2941 2124 2996 tivae
2136 2942 2236 2995 sub
2253 2943 2429 2997 aliena
2441 2959 2567 2998 cura
2582 2944 2636 2998 in
2648 2946 2904 3013 serviunt,
2922 2955 2975 3002 et
2988 2947 3055 3001 ad
3071 2948 3404 3005 altitudinem
3423 2951 3606 3027 charis

2000 3029 2125 3083 tatis
2155 3030 2311 3086 liberi
2343 3032 2521 3087 adhuc
2555 3031 2704 3087 exire
2756 3050 2863 3088 non
2918 3044 3159 3105 possunt.
3217 3036 3323 3107 Qui
3363 3046 3416 3094 et
3453 3039 3601 3110 apud

2002 3118 2224 3188 Moysen
2254 3134 2350 3173 sex
2382 3119 2537 3174 annis
2562 3121 2763 3176 servire
2794 3123 3028 3178 dominis
3050 3125 3161 3180 suis
3181 3125 3379 3182 debere
3439 3128 3599 3184 inve-

1995 3206 2424 3276 niuntur(Ea:od.
2449 3224 2563 3276 χχι,
2597 3211 2673 3275 2),
2708 3218 2764 3264 ut
2814 3211 3046 3282 septimo
3102 3212 3257 3270 liberi
3315 3216 3601 3295 egredianf

1997 3302 2112 3349 tur:
2147 3295 2272 3365 quia
2300 3296 2550 3352 nimirum
2584 3298 2732 3370 prius
2763 3300 2963 3355 debent
2992 3303 3223 3372 perfecti
3245 3319 3367 3359 esse
3388 3306 3441 3360 in
3472 3322 3601 3378 ope-

1994 3399 2072 3448 re,
2105 3390 2163 3438 ut
2190 3384 2434 3440 ordinate
2464 3385 2518 3440 in
2544 3402 2757 3441 summa
2786 3389 3239 3460 contemplatione
3285 3391 3438 3449 exire
3494 3410 3595 3449 va-

1992 3471 2151 3526 leant.
2186 3472 2466 3529 Eu‘nuehis
2498 3490 2633 3546 ergo
2664 3475 2880 3531 famulis
2909 3476 3098 3533 doctor
3134 3478 3390 3534 messium
3449 3480 3593 3539 deci-

1992 3575 2109 3615 mas
2139 3561 2342 3626 tribuit,
2402 3564 2619 3632 quando
2659 3563 2717 3632 ii,
2776 3563 2869 3636 qui
2926 3566 2978 3619 in
3032 3567 3266 3623 candore
3322 3569 3592 3630 castitatis

1991 3647 2250 3703 obediunt
2278 3649 2404 3717 sibi,
2438 3666 2602 3721 opera
2632 3651 2902 3720 majorum
2934 3654 3103 3710 electa
3134 3665 3449 3728 sequuntur.
3512 3659 3596 3714 Vi-

1990 3752 2211 3791 nearum
2242 3736 2405 3793 etiam
2436 3739 2674 3795 decimas
2704 3740 2905 3810 tribuit,
2937 3758 3060 3797 cum
3091 3742 3190 3811 eis,
3222 3761 3387 3816 quam
3442 3747 3585 3829 mira

1988 3825 2246 3880 charitate
2278 3827 2463 3882 Patres
2493 3827 2658 3883 nostri
2687 3829 2860 3884 Deum
2919 3838 2975 3885 et
3019 3832 3327 3901 proximum
3382 3825 3588 3892 dilexe4

1987 3921 2127 3980 runt,
2159 3914 2397 3969 ostendit
2428 3933 2442 3977 ;
2476 3924 2533 3971 ut
2561 3925 2615 3971 et
2642 3916 2746 3986 ipsi
2775 3916 2939 3973 etiam
2996 3919 3244 3989 ejusdem
3301 3923 3576 3980 charitatis

1985 4001 2317 4057 abundantia
2336 4003 2533 4073 repleri
2562 4005 2830 4073 studeant,
2862 4021 2928 4062 ac
2958 4006 3100 4062 velut
3129 4007 3289 4078 ebrii,
3347 4020 3583 4082 praeter-

1983 4089 2284 4161 itorumque
2312 4091 2485 4160 obliti,
2534 4091 2653 4148 sola
2682 4093 2860 4148 futura
2888 4093 3138 4167 diligant,
3170 4106 3333 4168 atque
3356 4099 3427 4156 ad
3484 4101 3582 4158 illa

1982 4177 2248 4234 ferventer
2273 4193 2485 4235 currere
2505 4195 2613 4235 non
2642 4181 2910 4238 emittant.

2053 4307 2138 4358 12.
2190 4304 2315 4360 Post
2370 4303 2474 4359 ista
2520 4321 2650 4362 vero
2697 4308 2883 4364 omnia
2940 4310 3083 4365 servi
3108 4310 3492 4386 lsraelitarum,
3525 4325 3579 4374 et

1978 4392 2209 4462 ancillae,
2256 4393 2486 4463 juvenes
2541 4396 2735 4466 optimi
2790 4397 2997 4454 tollenti
3054 4400 3442 4471 prmdicuntur,
3502 4413 3578 4462 at-

1973 4498 2075 4552 que
2103 4482 2157 4535 in
2187 4473 2331 4554 regis
2360 4499 2523 4553 opere
2553 4484 2807 4556 ponendi.
2842 4486 2945 4556 Qui
2962 4490 3574 4562 suntservicarnalium,

1969 4570 2073 4623 nisi
2105 4570 2217 4641 qui,
2251 4570 2510 4626 malorum
2555 4574 2831 4644 exemplo,
2874 4576 3129 4633 diuturna
3184 4582 3574 4639 consuetudine

1966 4657 2044 4714 sic
2073 4658 2353 4729 depravati
2382 4667 2524 4730 sunt,
2554 4669 2611 4715 ut
2638 4662 2778 4717 colla
2809 4664 3003 4720 mentis
3033 4667 3131 4721 sub
3155 4668 3291 4741 jugo
3342 4671 3569 4743 nequis-

1967 4746 2120 4803 simze
2166 4747 2475 4804 imitationis
2539 4757 2803 4822 perpetuo
2858 4753 3167 4812 subdidisse
3217 4758 3572 4818 videantur?

1969 4835 2125 4891 Servi
2146 4851 2281 4909 ergo
2309 4836 2531 4893 illorum
2564 4838 2841 4912 tolluntur,
2872 4843 3090 4914 quando
3111 4843 3403 4903 electorum
3435 4866 3570 4922 pra:-

1967 4924 2272 4980 dicatorum
2299 4926 2476 4983 studio
2505 4925 2585 4982 illi
2614 4929 2775 4984 etiam
2803 4939 3029 5001 peccata
3057 4932 3331 5004 deserunt,
3370 4939 3463 5011 qui
3493 4955 3574 5001 re-

1970 5012 2155 5085 probm
2174 5012 2459 5071 imitationi
2489 5016 2784 5072 carnalium
2815 5021 3167 5078 vehementer
3187 5024 3345 5081 subdi
3404 5027 3567 5084 vide-

1969 5100 2187 5158 bantur.
2220 5102 2322 5171 Qui
2343 5104 2504 5158 etiam
2528 5105 2761 5176 juvenes
2789 5106 2979 5178 optimi
3012 5108 3279 5166 dicuntur.
3336 5114 3573 5173 Iuvenes

1971 5191 2190 5261 quidem
2217 5199 2357 5258 sunt,
2390 5192 2516 5263 quia
2544 5193 2597 5247 in
2622 5194 2767 5251 malo
2798 5195 2967 5252 fortes
2999 5215 3013 5264 ;
3044 5198 3239 5269 optimi
3269 5199 3431 5256 etiam
3494 5204 3576 5259 di-

1971 5287 2188 5348 cuntur,
2214 5280 2340 5351 quia
2386 5282 2597 5337 casteria
2660 5284 3039 5355 peccatoribus
3077 5286 3366 5356 nequiores
3423 5301 3570 5349 sunt.

1971 5365 2181 5437 Quibus
2210 5368 2462 5425 nimirum
2484 5387 2581 5442 per
2606 5374 2930 5445 prophetam
2963 5372 3193 5432 dicitur:
3226 5376 3308 5433 Vw
3335 5381 3433 5451 qui
3475 5396 3575 5455 po-

1974 5459 2160 5513 tentes
2180 5458 2315 5514 estis
2343 5458 2418 5515 ad
2432 5459 2729 5516 bibendum
2766 5461 2985 5531 vinum,
3027 5467 3086 5520 et
3122 5463 3234 5521 viri
3285 5467 3469 5540 fortes
3505 5471 3579 5528 ad

1970 5546 2326 5603 miscendam
2355 5547 2857 5620 ebrietatemUsai.
2881 5565 2937 5619 v,
2956 5553 3072 5625 22).
3114 5552 3311 5612 Vinum
3342 5557 3580 5634 denique
