4034 6174
418 242 419 249 Ν
504 258 609 321 243

1706 260 1955 318 SANCTI
1985 256 2331 316 GREGORII
2378 262 2603 320 MAGNI

3668 272 3761 331 2H

500 387 712 457 bibunt,
744 387 835 461 qui
863 387 1254 446 deliberatione
1292 388 1504 456 mentis,
1563 389 1836 445 fervorem
1887 403 2091 445 concu-
2122 382 2181 447 A
2211 386 2300 440 ctu
2322 386 2655 444 tolerabant.
2695 390 2903 464 Greges
2919 392 3080 447 etiam
3097 408 3188 446 rex
3211 392 3542 449 addecimare
3563 395 3764 453 dicitur:

502 477 783 550 piscentia
838 477 1240 550 praecipitanter
1311 477 1604 550 excipiunt,
1674 486 1727 533 et
1781 478 2102 534 ebrietatem

506 566 781 637 miscent;
837 567 962 638 quia
1016 567 1147 623 dum
1200 566 1757 639 concupiscentiarum
1814 567 2104 622 ardoribus

509 654 932 727 inﬂammantur,
965 656 1035 711 ad
1063 656 1181 711 vias
1210 656 1564 725 rectitudinis,
1614 656 1827 728 perdita
1877 656 2105 723 ratione,

507 743 685 800 redire
714 743 982 800 nesciunt.
1016 745 1269 800 Potentes
1299 761 1426 801 vero
1457 748 1511 800 et
1542 744 1706 800 fortes
1739 752 1842 800 tam
1891 744 1958 799 ad
2018 743 2106 799 bi-

508 832 768 901 bendum,
803 848 964 903 quam
996 833 1063 888 ad
1094 832 1427 895 miscendam
1472 834 1789 889 ebrietatem
1846 842 1990 902 sunt,
2051 840 2110 887 ut

509 937 615 992 pro
645 921 873 977 ferventi
901 921 1180 993 proposito
1209 923 1338 976 mali
1369 920 1521 977 velut
1549 922 1737 994 Optimi
1792 923 1931 978 servi
1989 938 2107 976 esse

509 1010 821 1067 doceantur.
845 1011 956 1066 Hos
979 1012 1212 1082 optimos
1221 1012 1456 1082 juvenes
1484 1011 1611 1067 item
1636 1011 1891 1067 divinitus
1929 1026 2109 1066 sermo

512 1099 869 1166 demonstrat,
902 1114 1022 1154 cum
1055 1099 1257 1155 diaboli
1288 1100 1859 1171 aviditatemexponit,
1889 1099 2104 1155 dicens:

509 1189 649 1245 Esca
667 1189 787 1261 ejus
803 1189 984 1245 electa
1001 1187 1237 1259 (Habac.
1257 1204 1297 1258 ι,
1319 1188 1428 1256 16).
1453 1190 1594 1244 Nam
1633 1189 1886 1260 antiquus
1933 1187 2108 1244 hostis

510 1277 567 1332 in
604 1292 790 1333 eorum
819 1276 1066 1348 nequitia
1110 1276 1266 1334 valde
1314 1276 1571 1347 reﬁcitur,
1619 1277 1713 1349 qui
1767 1276 2110 1350 nequissimis

510 1368 803 1438 nequiores
831 1374 980 1422 sunt.

579 1468 667 1520 13.
696 1464 1029 1521 Ancillamm
1044 1480 1175 1521 vero
1205 1464 1427 1522 nomine
1456 1465 1549 1521 illa
1591 1463 1934 1537 nequissima
1974 1480 2108 1535 pec-

512 1560 752 1610 catorum
782 1553 1021 1610 conditio
1077 1554 1414 1627 designatur,
1472 1554 1563 1627 qui
1615 1571 1717 1626 per
1769 1554 2111 1626 iniquitatem

513 1642 672 1700 valde
701 1652 825 1699 sunt
852 1642 1094 1715 pessimi,
1127 1651 1181 1699 et
1213 1643 1332 1699 aliis
1361 1643 1603 1716 prabent
1628 1644 1881 1715 exempla
1919 1645 2110 1716 pravi-

2212 475 2337 546 quia
2368 476 2614 549 quisquis
2639 479 2991 552 omnipotenti
3022 481 3136 536 Deo
3168 479 3377 551 placere
3398 483 3607 553 appetit,
3628 501 3768 556 opor-

2214 571 2305 630 tet,
2339 570 2399 619 ut
2428 567 2660 622 mundus
2690 570 2733 623 si
2754 585 2852 640 per
2906 570 3290 638 innocentiam,
3343 577 3394 625 et
3446 573 3610 627 studio
3654 574 3768 629 boni

2213 654 2395 723 aperis
2423 655 2673 712 intentus.
2711 659 2807 713 Per
2835 657 2967 712 illud
3012 658 3230 729 quidem
3286 658 3444 715 arbor
3498 668 3572 715 est
3627 664 3770 730 bona,

2212 758 2315 812 per
2331 742 2473 798 istud
2502 746 2665 799 etiam
2696 747 2902 802 fructus
2931 746 3079 802 facit.
3113 746 3253 817 Quia
3291 763 3416 803 vero
3471 749 3637 803 multis
3686 751 3777 806 uti-

2214 846 2355 900 mur,
2389 839 2449 888 ut
2475 849 2691 890 servare
2722 835 3111 904 innocentiam,
3142 846 3192 892 et
3230 836 3373 891 bona
3427 852 3585 908 opera
3628 838 3774 893 exhi-

2215 925 2344 980 bere
2372 927 2667 998 valeamus,
2708 929 2840 999 ipsa
2882 930 3272 1001 cogitationum
3315 930 3664 986 innocentium
3683 938 3778 986 tur-

2214 1013 2302 1071 ba
2331 1032 2534 1089 greges
2562 1018 2729 1073 nostri
2761 1027 2905 1074 sunt.
2939 1018 3083 1088 Quid
3111 1035 3245 1091 ergo
3276 1026 3375 1087 est,
3408 1020 3546 1089 quod
3576 1019 3779 1075 addeci-

2216 1112 2446 1171 mantur,
2480 1107 2581 1160 nisi
2610 1108 2735 1177 quia
2776 1107 3170 1181 cogitationum
3206 1107 3468 1163 subtilitas
3501 1107 3650 1164 facile
3686 1124 3782 1163 non

2218 1192 2430 1248 videtur
2447 1195 2475 1248 ?
2503 1195 2642 1249 Nam
2671 1213 2814 1268 sape
2844 1197 2989 1252 bona
3018 1214 3118 1253 nos
3139 1197 3376 1270 cogitare
3393 1204 3649 1267 putamus,
3672 1213 3784 1267 qua

2216 1282 2483 1338 subtiliter
2510 1284 2774 1352 discussa,
2808 1285 2953 1341 bona
2980 1302 3090 1342 non
3118 1294 3268 1343 sunt.
3304 1285 3637 1341 Addecimari
3662 1301 3783 1357 ergo

2216 1386 2419 1444 greges
2448 1372 2668 1442 debent,
2701 1382 2758 1429 ut
2785 1373 2919 1429 illud
2963 1373 3137 1430 solum
3184 1374 3319 1446 regii
3361 1374 3497 1445 juris
3543 1374 3625 1440 sit,
3656 1373 3787 1443 quod

2218 1459 2440 1516 denario
2469 1478 2695 1518 numero
2725 1464 3051 1519 continetur.
3088 1463 3247 1532 Quod
3276 1463 3335 1518 in
3358 1463 3510 1518 nobis
3528 1470 3646 1517 tunc
3662 1461 3789 1517 bene

2219 1549 2422 1620 agitur,
2455 1566 2578 1606 cum
2608 1551 3021 1621 praedicatorum
3050 1561 3359 1607 nostrorum
3389 1550 3684 1624 magisterio
3708 1549 3788 1605 di-

2220 1637 2439 1705 scimus,
2473 1640 2694 1711 perfecti
2725 1658 2842 1696 esse
2871 1657 2980 1696 non
3010 1641 3190 1698 solum
3232 1640 3563 1697 exhibitione
3603 1638 3791 1709 operis,

512 1733 655 1789 tatis.
687 1734 847 1790 Velut
890 1733 1031 1789 enim
1061 1733 1271 1790 ancilla
1299 1749 1484 1789 servos
1495 1732 1728 1806 pariunt,
1751 1734 1880 1790 dum
1899 1750 2113 1807 magnae
2140 1740 2194 1800 Β
2222 1726 2317 1782 sed
2347 1728 2509 1782 etiam
2540 1729 2595 1783 in
2620 1730 2976 1802 exquisitione
3004 1730 3377 1803 cogitationis.
3403 1728 3484 1785 Ad
3511 1735 3794 1784 extremum

510 1823 811 1896 iniquitatis
851 1838 962 1879 non
981 1830 1115 1877 sunt,
1132 1823 1307 1878 solum
1337 1822 1619 1895 Operaria,
1652 1825 1749 1879 sed
1778 1823 1940 1879 etiam
1996 1842 2118 1881 ma-

514 1921 639 1969 tres.
692 1912 839 1982 Quia
876 1928 1004 1969 vero
1039 1921 1342 1970 sanctorum
1372 1914 1755 1984 praedicatione
1801 1898 1959 1966 198
1988 1916 2119 1973 tales

514 2001 679 2057 etiam
709 2008 1110 2072 convertuntur,
1142 2001 1231 2072 qui
1260 2019 1465 2076 magna
1493 2004 1844 2075 postmodum
1874 2006 2118 2077 omnipo-

514 2090 644 2147 tenti
665 2091 781 2147 Deo
810 2091 1030 2146 servitia
1048 2092 1382 2163 impendunt,
1418 2100 1544 2163 apte
1598 2094 1745 2151 servi
1798 2102 1853 2150 et
1907 2094 2118 2151 ancilla

515 2180 768 2238 dicuntur
795 2180 1019 2249 auferri,
1052 2189 1108 2235 et
1126 2181 1182 2235 in
1209 2197 1379 2252 opere
1408 2182 1553 2254 regis
1570 2182 1718 2254 poni.
1750 2184 1945 2239 Annon
1990 2191 2117 2239 tunc

512 2269 764 2325 ancillam
794 2285 891 2325 rex
918 2284 1109 2341 regum
1141 2269 1281 2340 tulit,
1316 2272 1534 2342 quando
1565 2273 1635 2327 de
1662 2271 1755 2326 illa
1786 2289 1986 2346 magna
1999 2289 2118 2344 pec-

511 2356 709 2414 catrice
737 2357 874 2413 dixit
888 2358 1281 2415 Remittuntur
1292 2357 1349 2414 ei
1364 2365 1599 2432 peccata
1616 2361 1822 2431 multa,
1848 2364 2115 2431 quoniam

512 2447 725 2504 dilexit
753 2448 1005 2503 multum
1021 2447 1175 2518 (Luc.
1195 2463 1288 2516 vn,
1321 2448 1409 2510 47)
1442 2447 1470 2501 ?
1499 2448 1567 2502 Et
1594 2450 1734 2515 hanc
1754 2450 1811 2503 in
1827 2464 1995 2520 Opere
2016 2467 2115 2506 suo

511 2535 693 2606 posuit
723 2534 936 2606 quando
966 2536 1023 2589 in
1055 2535 1338 2591 castellum
1367 2535 1606 2607 intravit,
1639 2546 1694 2593 et
1731 2554 1856 2593 eum
1912 2539 2005 2594 illa
2061 2540 2117 2594 in

515 2624 678 2679 domo
709 2639 809 2678 sua
838 2624 1215 2695 recepit(Lur.
1250 2642 1305 2694 x,
1330 2627 1441 2696 38).
1474 2627 1627 2682 Hanc
1647 2627 1811 2683 etiam
1837 2627 1893 2682 in
1949 2644 2116 2699 opere

512 2727 611 2768 suo
640 2711 848 2785 posuit;
872 2712 999 2783 quia
1028 2730 1357 2787 resurgensa
1385 2715 1635 2785 mortuis,
1668 2717 1718 2772 ei
1767 2704 2116 2788 praedicatio-

514 2817 640 2858 nem
665 2816 781 2857 sua
797 2802 1210 2858 resurrectionis
1239 2803 1683 2876 injunxit(b!arc.
1716 2821 1828 2872 xvi,
1861 2808 1937 2875 7).
1982 2807 2116 2863 Ser-

518 2908 643 2947 vum
675 2906 892 2964 quoque
919 2892 1057 2962 tulit,
1091 2892 1306 2964 quando
1337 2910 1369 2948 a
1400 2894 1596 2949 telonei
1625 2893 1775 2951 lucro
1806 2895 2117 2951 Matthaum

516 2979 588 3035 ad
617 2996 678 3036 se
707 2980 1041 3050 sequendum
1072 2981 1303 3039 vocavit.
1337 2984 1398 3037 In
1426 2998 1592 3055 opere
1621 3000 1718 3039 suo
1767 2984 1908 3038 hunc
1955 2985 2115 3040 etiam

519 3068 721 3140 posuit,
754 3069 881 3139 quia
919 3070 967 3125 ei
989 3069 1043 3123 in
1072 3069 1235 3126 domo
1264 3087 1359 3126 sua
1406 3072 1715 3128 convivium
1766 3073 2014 3143 prabuit,
2067 3082 2120 3129 et

521 3156 806 3228 IEthiopia
860 3158 1290 3230 pradicatorem,
1349 3162 1597 3217 conversi
1670 3162 1824 3218 orbis
1881 3164 2127 3235 Evange—

522 3244 705 3301 listam
735 3245 1101 3318 fecit(Matth.
1130 3264 1213 3315 Ix,
1238 3253 1269 3303 9
1296 3265 1309 3313 ;
1333 3250 1555 3317 Marc.1,
1581 3254 1645 3306 14
1671 3266 1685 3321 ;
1712 3250 1851 3308 Luc.
1899 3269 1953 3318 v,
2003 3255 2121 3323 27).

524 3333 664 3404 Quia
693 3350 824 3407 ergo
854 3334 1271 3406 pradicatorum
1303 3338 1601 3395 ministerio
1632 3341 1685 3395 hi
1716 3339 1882 3395 etiam
1912 3341 1981 3395 ad
2026 3343 2135 3398 Do-

526 3423 738 3480 minnm
765 3425 1013 3493 redeunt,
1045 3426 1118 3481 de
1148 3442 1374 3496 quorum
1396 3427 1568 3484 salute
1597 3430 1833 3484 humana
1878 3431 2134 3503 cogitatio

528 3510 825 3584 desperare
853 3522 1085 3585 poterat,
1116 3514 1256 3570 bene
1285 3517 1427 3572 servi
1476 3526 1530 3572 et
1584 3518 1794 3573 ancilla
1841 3527 1895 3574 et
1941 3520 2136 3590 optimi

525 3599 758 3671 juvenes
785 3602 842 3657 in
870 3603 1016 3676 regis
1043 3618 1208 3675 opere
1236 3606 1475 3676 ponendi
1505 3606 1902 3663 describuntur.

604 3703 699 3756 14.
732 3701 962 3757 Possunt
988 3716 1272 3759 servorum
1302 3711 1357 3759 et
1383 3704 1702 3760 ancillarum
1735 3707 1975 3776 nomine,
2025 3722 2140 3764 m0”

536 3799 623 3849 tus
652 3792 832 3848 cordis
879 3799 933 3847 et
959 3790 1274 3848 affectiones
1305 3791 1556 3867 intelligi.
1588 3796 1729 3850 Nam
1752 3797 1971 3868 quando
1989 3796 2142 3851 nobis

536 3881 767 3953 reproba
794 3888 1117 3953 suggerunt,
1147 3883 1294 3938 servi
1341 3891 1503 3937 sunt:
1567 3885 1783 3954 quando
1827 3884 2143 3941 affectiones

539 3970 734 4027 mentis
762 3985 1056 4042 pravorum
1092 3979 1339 4027 motuum
1368 3974 1812 4045 suggestionibus
1868 3974 2143 4030 substerni

539 4067 817 4133 appetunt,
840 4061 1071 4117 ancilla.
1101 4062 1250 4117 Tunc
1277 4062 1497 4133 quidem
1538 4079 1758 4119 necesse
1787 4071 1890 4131 est,
1942 4071 1999 4118 ut
2047 4080 2145 4134 per

542 4150 785 4223 rigorem
817 4150 1080 4222 propositi
1103 4151 1341 4223 utrisque
1371 4151 1737 4207 dominemur.
1801 4151 2001 4208 Servos
2048 4167 2141 4207 no-

543 4247 686 4295 stros
708 4248 762 4294 et
791 4239 1017 4296 ancillas
1064 4240 1451 4311 praedicatores
1516 4239 1728 4309 tollunt,
1788 4256 1910 4295 cum
1967 4248 2142 4295 motus

544 4326 788 4384 cordium
819 4335 1149 4394 nostrorum,
1174 4335 1228 4383 et
1252 4326 1563 4383 affectiones
1589 4327 1882 4393 instruunt,
1917 4327 2145 4399 qualiter

546 4416 618 4471 ad
640 4417 740 4472 Dei
771 4416 1050 4472 servitium
1071 4416 1389 4488 dirigantur.
1436 4417 1497 4469 In
1526 4431 1690 4486 opere
1715 4416 1861 4486 regis
1917 4425 2140 4488 ponunt,

547 4503 765 4574 quando
790 4504 905 4573 jam
935 4504 1081 4558 idem
1113 4504 1204 4560 Dei
1235 4504 1620 4577 omnipmentis
1648 4505 1950 4573 servitium,
2001 4506 2146 4577 quod

548 4607 738 4648 eorum
763 4592 1076 4664 magisterio
1107 4591 1417 4662 didicimus,
1449 4608 1791 4650 exercemus.
1858 4593 2039 4664 Quare
2098 4603 2149 4650 et

549 4680 607 4737 in
628 4680 792 4736 asinis
806 4681 936 4752 quid
947 4681 1147 4751 aptius,
1170 4697 1333 4754 quam
1363 4680 1550 4740 lascivi
1582 4690 1759 4738 motus
1788 4683 1980 4738 anima
2002 4682 2147 4757 ﬁgu-

550 4776 740 4826 rantur
766 4769 795 4823 ?
824 4769 884 4824 In
913 4785 1077 4841 opere
1105 4776 1297 4826 autem
1316 4770 1461 4843 regis
1490 4779 1777 4843 ponuntur,
1812 4772 2029 4845 quando
2055 4773 2150 4829 illa

552 4874 731 4927 mens,
763 4875 889 4930 quae
919 4858 1104 4931 pravis
1125 4860 1542 4932 cogitationibus
1562 4860 1766 4918 moveri
1786 4862 1857 4917 ad
1871 4861 2149 4919 lasciviam

554 4947 786 5014 solebat,
819 4946 1205 5020 praedicatione
1237 4950 1472 5004 doctoris
1523 4948 1756 5022 proﬁcit,
1817 4959 1871 5005 et
1925 4950 2151 5006 aﬂ‘ectus

553 5053 682 5095 suos
713 5037 765 5093 in
795 5038 1037 5110 appetitu
1068 5038 1342 5095 imitanda
1370 5039 1637 5095 castitatis
1688 5039 1861 5110 ponit.
1919 5040 2151 5095 Possunt

552 5142 837 5185 servorum
859 5134 913 5184 et
941 5127 1259 5183 ancillarum
1302 5135 1356 5183 et
1411 5127 1689 5183 asinorum
1730 5127 1948 5183 nomine
1995 5127 2147 5183 desi-

551 5218 730 5289 gnari,
761 5217 851 5288 qui
880 5213 1227 5272 sacularibns
1247 5215 1557 5271 hominibus
1568 5217 1868 5288 corporalia
1886 5216 2148 5287 obsequia

552 5305 770 5362 fortiter
798 5305 1139 5379 impendunt.
1173 5304 1282 5362 Sed
1325 5304 1381 5359 in
1435 5319 1599 5378 Opere
1654 5306 1798 5378 regis
1853 5314 2145 5376 ponuntur,

553 5394 681 5464 quia
709 5396 958 5452 conversi
986 5396 1054 5451 ad
1076 5394 1176 5451 Dei
1197 5393 1584 5466 omnipotentis
1630 5394 1929 5462 servitium,
1981 5394 2145 5466 spiri-

553 5481 724 5539 tualia
750 5490 899 5541 tanto
928 5484 1176 5543 devotius
1194 5500 1296 5558 pro
1342 5489 1546 5540 aeterna
1596 5483 1955 5539 retributione
2012 5484 2145 5540 tole-

550 5579 689 5643 rant,
722 5579 920 5645 quanto
948 5571 1147 5645 claius
1174 5572 1500 5646 agnoscunt,
1531 5573 1657 5647 quia
1676 5587 1875 5646 magna
1904 5572 2018 5630 sine
2036 5573 2145 5629 fru-

2225 1832 2355 1872 vero
2384 1817 2580 1873 dicitur
2612 1838 2625 1875 :

2307 1909 2479 1977 (Vers.
2515 1911 2627 1979 17.)
2667 1911 2866 1982 Vosque
2897 1909 3062 1965 eritis
3093 1909 3146 1965 ei
3170 1910 3341 1965 servi.

2299 2002 2385 2056 15.
2418 2002 2486 2056 Ut
2516 1999 2764 2054 videlicet
2792 1998 2873 2055 sic
2903 1998 3023 2067 ejus
3046 1998 3161 2068 juri
3190 2014 3250 2054 se
3278 1996 3526 2053 subditos
3553 1994 3730 2062 sciant,
3749 1999 3799 2047 ut

2225 2089 2345 2161 ejus
2375 2088 2630 2144 mandata
2659 2086 2934 2159 praeterire
2964 2103 3075 2142 non
3103 2086 3356 2142 audeant.
3400 2087 3549 2141 Hanc
3577 2083 3802 2155 profecto

2224 2179 2437 2251 regiam
2506 2176 2929 2232 dominationem
2983 2175 3203 2232 volebat
3249 2175 3513 2230 Dominus
3564 2179 3802 2235 statuere,

2225 2284 2349 2325 cum
2386 2267 2633 2323 dicebat:
2661 2266 3036 2339 Quodcunque
3071 2267 3332 2337 ligaveris
3376 2281 3543 2337 super
3588 2266 3803 2326 terram,

2224 2358 2335 2414 erit
2359 2358 2602 2427 ligatum
2642 2358 2703 2410 in
2739 2357 2935 2423 cretis;
2967 2355 3340 2427 quodcunque
3383 2354 3610 2410 solveris
3651 2363 3804 2421 super

2228 2451 2459 2514 terram,
2483 2446 2593 2502 erit
2608 2446 2856 2501 solutum
2876 2445 2937 2500 in
2954 2443 3110 2499 catis
3131 2443 3356 2515 (Matth.
3392 2457 3498 2513 χνι,
3524 2441 3634 2511 19).
3670 2439 3810 2492 Hanc

2225 2536 2385 2590 etiam
2416 2541 2736 2605 potestatem
2769 2532 3025 2605 exigebat
3058 2549 3091 2586 a
3119 2531 3378 2598 subditis,
3430 2531 3520 2602 qui
3562 2527 3765 2584 dicebat
3793 2541 3804 2580 :

2224 2624 2418 2694 Siquis
2432 2620 2760 2693 evangeliea
2770 2622 2915 2677 verit
2932 2621 3077 2677 vobis
3095 2621 3275 2685 aliud,
3292 2638 3465 2693 quam
3483 2636 3575 2691 ego
3592 2630 3806 2686 evange-

2228 2713 2399 2768 limvi
2419 2712 2586 2781 vobis,
2605 2710 3172 2779 anathemasit(Gat.
3197 2726 3235 2779 ι,
3257 2712 3338 2779 8).
3361 2711 3496 2765 Hinc
3512 2709 3634 2762 item
3647 2702 3812 2760 Domi-

2225 2818 2326 2856 nus
2347 2800 2642 2870 discipulos
2658 2800 2879 2855 mittens
2910 2787 2945 2849 1
2960 2783 3009 2850 9
3025 2788 3067 2850 9
3099 2800 3154 2852 in
3188 2798 3643 2869 praedicationem,
3662 2792 3810 2849 dicit:

2231 2890 2341 2955 Qui
2359 2906 2450 2945 vos
2471 2889 2653 2957 audit,
2673 2905 2763 2944 me
2785 2888 2946 2944 audit
2969 2907 2987 2954 ;
3009 2888 3170 2960 etqui
3193 2903 3281 2943 vos
3303 2886 3546 2960 spernit,
3568 2899 3654 2938 me
3669 2896 3813 2953 sper—

2225 2981 2317 3035 m‘t
2337 2980 2492 3048 (Luc.
2516 2993 2573 3046 χ,
2596 2979 2703 3047 16).
2729 2977 2865 3032 Hine
2898 2977 2964 3030 de
2987 2976 3193 3031 Judaa
3224 2973 3665 3046 pradicatoribus
3715 2968 3816 3025 eis-

2155 3096 2204 3159 C
2233 3067 2359 3123 dem
2392 3065 2671 3136 discipulis
2703 3066 2967 3121 Dominus
2997 3065 3131 3119 dicit
3164 3064 3551 3136 :Quwcuuquc
3579 3058 3816 3116 dixerint

2237 3158 2596 3227 vobis,facite
2627 3156 2846 3225 (Matth.
2868 3171 3021 3220 xxul,
3053 3157 3129 3224 3).
3158 3153 3307 3209 Servi
3343 3169 3476 3226 ergo
3510 3164 3699 3223 regum
3735 3161 3821 3201 no-

2238 3254 2468 3301 strorum
2499 3261 2706 3310 sumus,
2742 3244 2961 3316 quando
2990 3243 3069 3298 sic
3124 3243 3479 3314 pralatorum
3537 3245 3822 3294 nostrorum

2240 3334 2466 3406 imperio
2514 3333 2809 3401 subdimur,
2861 3340 2919 3387 ut
2957 3335 3153 3402 prater
3208 3347 3404 3386 eorum
3463 3327 3821 3385 auctoritatem

2241 3439 2404 3497 agere
2446 3422 2592 3476 nulla
2629 3436 3058 3493 praesumamus.
3106 3419 3242 3487 Quia
3283 3435 3419 3492 ergo
3460 3419 3539 3473 eis
3578 3420 3825 3487 prasunt,

2246 3512 2409 3583 quiin
2430 3512 2627 3566 virtute
2667 3509 2994 3564 obedientia
3033 3525 3159 3563 suas
3197 3508 3432 3564 virtutes
3471 3505 3741 3568 roborant,
3778 3499 3827 3554 in

2247 3600 2353 3656 fine
2373 3599 2512 3671 regii
2537 3598 2673 3670 juris
2693 3597 2885 3653 dicitur
2909 3616 2921 3653 :
2950 3599 3149 3669 Vosque
3167 3597 3331 3652 eritis
3352 3599 3408 3653 ei
3440 3596 3587 3651 servi
3623 3611 3636 3647 :
3676 3599 3730 3645 ut
3765 3586 3827 3641 ﬁ-

2212 3740 2215 3743 .
2247 3689 2397 3745 delos
2417 3688 2641 3755 subditi,
2683 3695 2807 3742 tunc
2844 3686 3007 3742 etiam
3049 3702 3109 3740 se
3152 3685 3401 3740 subditos
3439 3682 3830 3756 pradicatorum

2247 3782 2526 3850 pracepto
2547 3776 2745 3832 debere
2766 3792 2886 3831 esse
2908 3780 3261 3847 cognoscant,
3295 3772 3519 3845 quando
3542 3787 3640 3843 per
3677 3767 3827 3823 virtu-

2249 3875 2361 3922 tum
2402 3865 2728 3938 profectum,
2769 3863 2835 3917 ad
2875 3863 3221 3934 perfectionis
3261 3861 3507 3917 culmina
3543 3856 3834 3931 perducun-

2249 3965 2352 4012 tur.
2388 3954 2546 4024 Quod
2569 3955 2730 4010 etiam
2752 3953 2967 4008 eisdem
2992 3951 3170 4007 verbis
3190 3951 3309 4021 ipsa
3349 3951 3563 4006 Veritas
3603 3945 3834 4015 discipu-

2250 4046 2331 4100 los
2352 4044 2613 4112 edocens,
2638 4043 2712 4097 ait
2736 4062 2747 4097 :
2770 4042 2904 4098 t‘um
2928 4041 3183 4112 feceritis
3205 4039 3322 4095 haec
3338 4040 3560 4105 omnia,
3621 4035 3785 4091 dicite
3820 4047 3835 4086 ε

2248 4135 2401 4189 Servi
2419 4133 2657 4188 inutiles
2688 4145 2882 4186 sumus
2911 4131 3061 4197 (Luc.
3086 4143 3222 4194 xvu,
3267 4130 3377 4197 10).
3425 4127 3836 4187 Verumtamem,

2251 4221 2379 4294 quia
2399 4220 2707 4275 carnalibus
2728 4220 2827 4274 ista
2850 4217 3193 4289 loquebatur,
3216 4215 3488 4285 adjunxit,
3513 4214 3702 4269 dicens
3725 4228 3737 4263 :

2326 4320 2519 4391 (Vers.
2552 4321 2667 4391 18.)
2689 4322 2757 4376 Et
2787 4317 3111 4375 clamabitis
3145 4314 3207 4371 iu
3232 4316 3322 4371 die
3353 4315 3461 4371 illa
3479 4308 3840 4384 a/acicregis,

2253 4410 2309 4465 et
2338 4424 2451 4465 non
2480 4408 2859 4465 exaudictvos
2882 4405 3162 4462 Dominus
3208 4405 3273 4459 iu
3309 4403 3398 4461 die
3438 4402 3569 4472 illa,
3602 4404 3730 4475 quia
3751 4412 3842 4471 pc—

2258 4500 2409 4555 tistis
2438 4500 2582 4555 vobis
2612 4513 2816 4570 regem.

2328 4602 2415 4653 16.
2459 4596 2563 4667 Qui
2601 4613 2787 4669 regem
2829 4595 3113 4666 petierant,
3161 4608 3193 4646 a
3234 4591 3372 4647 facie
3410 4591 3561 4663 regis
3597 4588 3842 4651 clamant,

2257 4686 2470 4758 quando
2491 4686 2548 4754 ii,
2575 4686 2666 4757 qui
2688 4699 2852 4757 agere
2873 4682 3202 4754 spiritualeni
3226 4682 3395 4736 vitam
3435 4679 3540 4735 sub
3579 4678 3724 4733 bono
3759 4686 3847 4728 re-

2259 4784 2409 4830 ctore
2431 4781 2711 4842 voverant,
2736 4772 2981 4842 ejusdem
3005 4771 3129 4826 vita
3152 4770 3466 4841 relinquere
3488 4768 3713 4823 labores
3735 4772 3849 4817 ten-

2259 4871 2389 4919 tant.
2416 4862 2575 4918 Facie
2596 4860 2812 4934 quidem
2838 4876 3030 4915 omnes
3054 4866 3446 4931 agnoscuntur.
3492 4856 3683 4911 Facies
3722 4864 3848 4922 ergo

2257 4952 2403 5025 regis
2425 4960 2508 5007 est
2527 4950 2746 5022 cognita
2766 4948 3127 5014 conversatio,
3154 4955 3207 5002 et
3227 4947 3457 5003 eruditio
3480 4945 3609 5001 boni
3650 4938 3849 5013 pradi-

2257 5041 2477 5096 catoris.
2503 5039 2606 5108 Qui
2629 5038 2905 5101 nimirum,
2931 5038 3057 5109 quia
3079 5036 3210 5091 dura
3240 5044 3291 5092 et
3314 5051 3510 5107 aspera
3535 5048 3635 5106 pro
3659 5036 3854 5087 aterna

2256 5130 2363 5185 vita
2385 5136 2571 5201 agunt,
2605 5135 2659 5183 et
2698 5126 2831 5181 dura
2870 5125 3214 5195 praeipiunt,
3258 5140 3450 5179 eorum
3494 5121 3662 5176 vitam
3702 5126 3856 5187 atque

2259 5218 2557 5274 doctrinam
2588 5214 2833 5271 carnales
2871 5214 3069 5269 subditi
3122 5229 3230 5267 non
3272 5212 3498 5274 imitari,
3533 5210 3631 5265 sed
3674 5207 3857 5278 fugere

2257 5313 2541 5362 conantur.
2570 5305 2782 5359 Faciem
2805 5303 3005 5374 quippe
3027 5302 3176 5371 regis
3202 5310 3328 5357 tunc
3352 5300 3537 5356 vident
3558 5297 3654 5368 qui
3675 5307 3856 5366 regem

2255 5397 2536 5468 petierant,
2560 5395 2711 5462 cujus
2731 5400 3005 5463 aspectum
3040 5389 3401 5463 ignorabant;
3451 5387 3581 5458 quia
3629 5386 3686 5439 in
3724 5397 3856 5455 pia-

2254 5486 2363 5541 lato
2403 5500 2499 5540 suo
2540 5481 2776 5540 calestis
2813 5479 3017 5536 itineris
3053 5478 3340 5546 districtio,
3389 5490 3554 5549 quam
3596 5474 3665 5530 sit
3714 5470 3858 5527 lato-

2250 5573 2417 5643 riosa,
2450 5569 2814 5640 considerant,
2864 5585 3030 5642 quam
3072 5568 3220 5626 velut
3258 5583 3374 5625 rem
3424 5563 3671 5633 facilem,
3714 5566 3835 5616 ante
