4034 6174
299 250 392 304 245
425 287 435 294 -

298 385 444 440 quam
469 379 864 440 cogitescerent,
897 367 1242 440 appetebant.
1293 370 1442 425 Tunc
1482 386 1515 425 a
1561 370 1700 427 facie
1728 371 1872 444 regis
1899 367 1956 428 Α

297 458 534 525 clamant,
579 457 671 528 qui
719 475 904 530 regem
955 459 1260 530 petierunt;
1313 460 1438 530 quia
1463 459 1590 515 dum
1643 459 1875 515 carnalis

297 547 410 600 vitae
434 546 676 602 deserere
701 547 780 617 (ιι)
804 563 1008 604 morem
1025 549 1253 618 nollunt,
1281 550 1400 620 ejus
1423 567 1583 621 quem
1606 549 1708 604 sibi
1733 565 1874 620 prae-

293 649 400 689 esse
423 634 718 703 voluerunt,
751 637 940 706 optimi
988 637 1221 708 pastoris
1267 639 1345 692 sui
1382 638 1712 694 laudabilem
1744 639 1874 693 imi—

293 723 528 777 tationem
566 721 804 794 effugcre
849 727 1102 780 nituntur.
1150 727 1216 781 Et
1248 727 1376 798 quia
1419 744 1567 783 ech
1593 728 1756 784 corde
1780 729 1872 783 lu-

289 825 394 864 cem
433 811 614 866 videre
649 827 752 866 non
797 822 1044 883 possunt,
1090 815 1161 870 ad
1201 816 1490 871 Dominum
1517 817 1772 884 clamant,
1807 818 1862 872 id

287 905 373 964 est,
401 906 454 952 ut
477 899 706 955 evadere
749 902 1027 970 spirituale
1069 903 1264 975 jugum
1308 905 1405 960 Dei
1435 907 1665 976 possint,
1692 906 1876 961 Domi-

287 1001 403 1040 num
432 986 736 1043 obsecrant.
769 989 878 1045 Sed
906 1005 1011 1044 non
1035 992 1255 1046 exaudit
1279 1009 1374 1048 eos
1396 995 1660 1050 Dominus
1704 995 1756 1048 in
1783 995 1872 1050 die

283 1074 385 1128 illa.
413 1073 546 1144 Quae
571 1085 654 1131 est
683 1077 801 1133 dies
829 1079 943 1147 illa,
959 1096 1064 1150 qua
1085 1082 1300 1152 reprobi
1326 1083 1552 1155 subjecti
1576 1082 1872 1138 Dominum

283 1161 569 1232 obsecrant,
635 1166 739 1221 nisi
805 1167 1028 1224 intentio
1073 1187 1232 1225 vanae
1284 1171 1706 1243 prosperitatis?
1755 1171 1877 1227 Non

281 1253 662 1324 exaudiuntur;
719 1255 845 1326 quia
895 1259 1140 1327 profecto
1195 1277 1296 1330 per
1352 1261 1594 1316 divinam
1645 1261 1876 1332 gratiam

281 1356 539 1411 nunquam
591 1343 670 1410 tit,
700 1354 756 1400 ut
819 1345 978 1402 bonis
1031 1349 1332 1404 rectoribus
1393 1349 1559 1405 semel
1605 1349 1878 1420 promissa

279 1427 550 1500 subjectio,
581 1432 754 1490 libera
782 1437 971 1508 egredi
997 1437 1065 1492 ad
1093 1438 1278 1492 mundi
1307 1439 1696 1495 delectationes
1739 1453 1876 1509 pos-

278 1517 357 1572 sit.
383 1518 560 1587 Quare
585 1530 641 1577 et
663 1538 886 1578 causam
912 1525 1208 1597 subjunxit,
1239 1528 1427 1583 dicens
1461 1547 1472 1584 :

339 1607 519 1678 (νει-ε.
556 1612 673 1681 18.)
705 1613 844 1682 Quia
872 1616 1096 1687 petistis
1126 1618 1270 1674 vobis
1290 1634 1494 1690 regem.

1116 237 1189 296 IN
1229 238 1494 297 PRIMUM
1531 243 1776 302 REGUM
1813 239 2346 301 EXPOSITIONES.
2377 275 2448 286 —
2476 246 2604 303 LIB.
2641 247 2733 304 IV.

3481 249 3586 306 246

2055 368 2237 436 (Vers.
2271 370 2385 440 21.)
2401 371 2471 426 Et
2487 368 2954 429 audivitSamuef
2973 373 3165 431 omnia
3181 372 3343 432 verba
3363 375 3582 449 populi,

1983 461 2042 514 et
2072 457 2298 514 locutus
2323 463 2410 515 est
2429 475 2497 516 ea
2527 461 2588 515 in
2616 460 2852 517 auribus
2871 462 3114 519 Domini.

2058 550 2144 602 18.
2177 547 2381 602 Audire
2412 561 2603 604 vocem
2633 549 2844 621 pepuli,
2873 558 2956 605 est
2983 567 3106 622 quae
3125 559 3328 608 sanctae
3361 567 3587 610 conver-

1986 635 2212 691 sationis
2239 635 2480 692 habitum
2511 639 2761 707 petentes
2789 639 3026 694 exterius
3055 639 3237 696 dicant
3265 655 3586 713 agnoscere.

1983 723 2126 779 Nam
2151 723 2300 780 velut
2319 723 2490 780 solam
2517 725 2891 782 accedentium
2924 742 3111 783 vocem
3151 728 3424 796 audimus,
3445 745 3570 786 cum
3639 745 3642 750 '

1984 813 2188 869 scimus
2234 829 2356 885 quae
2403 815 2642 870 exterius
2679 823 2925 870 asserunt
2976 833 2990 870 :
3039 815 3136 872 sed
3206 816 3396 888 quales
3442 817 3584 874 inter

1985 901 2298 972 sponsionis
2326 902 2660 959 assertiones
2688 902 2850 959 futuri
2878 903 3000 974 sint,
3031 921 3142 960 non
3169 904 3434 962 videmus.
3469 907 3582 962 Lo-

1985 990 2076 1062 qui
2106 1005 2240 1062 ergo
2269 991 2416 1046 eain
2455 991 2678 1046 auribus
2735 991 2952 1047 Domini
3007 993 3296 1063 debemus,
3355 1001 3412 1050 ut
3467 993 3586 1067 ipse

1986 1079 2299 1150 sponsionis
2330 1079 2497 1136 verba
2523 1081 2783 1153 suscipiat
2813 1099 2826 1136 :
2861 1081 2954 1152 qui
3011 1083 3139 1137 dum
3195 1082 3363 1140 verba
3415 1082 3590 1152 audit,

1986 1168 2154 1225 corda
2182 1167 2417 1238 discutit,
2451 1177 2502 1225 et
2530 1183 2595 1225 ex
2641 1177 2788 1225 textu
2834 1169 3207 1240 profectionis,
3239 1186 3440 1228 usuras
3481 1181 3584 1228 ex-

1987 1255 2147 1327 quirit
2177 1256 2386 1312 robusti
2417 1257 2618 1328 Operis.
2650 1259 2768 1314 Hoc
2822 1273 3057 1330 namque
3101 1260 3434 1316 novitiorum
3485 1273 3590 1316 no-

1985 1353 2215 1400 strorum
2243 1353 2451 1402 mentes
2480 1346 2724 1417 audiant,
2757 1355 2809 1404 et
2837 1356 3201 1420 expavescunt
3235 1369 3247 1406 :
3282 1349 3412 1422 quia
3439 1347 3588 1406 vide-

1985 1433 2111 1490 licet
2139 1434 2285 1507 quod
2314 1434 2472 1491 nobis
2501 1435 2702 1506 dicunt,
2724 1436 2778 1492 in
2807 1436 3030 1492 auribus
3056 1439 3274 1494 Domini
3289 1437 3587 1509 loquimur.

1985 1523 2126 1577 Nam
2158 1523 2304 1594 quod
2333 1539 2521 1580 coram
2550 1525 2712 1580 nobis
2742 1525 3080 1597 promittunt,
3124 1528 3244 1584 Deo
3289 1526 3586 1594 offerimus,

1983 1620 2041 1666 ut
2068 1612 2187 1682 ipse
2215 1613 2332 1683 jam
2363 1611 2433 1668 de
2462 1614 2716 1669 manibus
2746 1615 2942 1670 nostris
2971 1624 3169 1684 teneat,
3217 1615 3363 1686 quod
3392 1615 3590 1688 exqui-

342 1698 422 1750 17.
455 1697 626 1766 Quasi
655 1700 799 1756 dicat
825 1719 838 1756 :
867 1704 1176 1760 Pastoribus
1221 1707 1554 1777 spiritalibus
1605 1709 1877 1780 promissa
1906 1713 1960 1782 Β
1991 1707 2093 1754 rat.
2126 1700 2262 1770 Quae
2291 1701 2536 1772 profecto
2566 1701 2790 1760 libertas
2809 1705 3051 1774 rectoris,
3075 1712 3161 1760 est
3178 1703 3439 1777 obligatio
3459 1703 3590 1761 sub-

275 1783 524 1855 subjectio
549 1789 944 1847 indissolubilis
974 1801 1074 1849 est.
1106 1795 1292 1852 Facile
1322 1795 1542 1867 quidem
1577 1797 1732 1852 vobis
1779 1813 1872 1853 re-

273 1887 388 1944 gem
415 1875 604 1945 petitis
637 1896 650 1932 :
681 1880 775 1934 sed
807 1881 934 1952 quia
958 1881 1196 1956 dignitas
1223 1885 1375 1956 regia
1399 1887 1587 1958 gravis
1628 1893 1732 1956 est,
1782 1903 1884 1942 eo-

287 1977 394 2016 rum
443 1973 777 2034 potestatem
821 1969 1061 2042 effugere
1112 1973 1272 2029 facile
1320 1990 1426 2030 non
1476 1975 1720 2046 potestis.
1772 1976 1888 2032 Hoc

288 2053 402 2122 quia
429 2055 500 2108 ad
534 2055 820 2112 historiam
847 2059 1094 2130 dicimus,
1116 2063 1414 2118 notandum
1445 2080 1564 2120 esse
1577 2081 1884 2132 censemus,

286 2141 398 2211 quia
423 2143 778 2215 omnipotens
803 2147 970 2219 Deus,
1011 2150 1140 2204 dum
1183 2152 1275 2222 jus
1306 2153 1451 2226 regis
1475 2154 1738 2224 prmdicit,
1766 2155 1888 2210 reli-

281 2233 442 2302 giosis
505 2237 830 2306 praepositis
894 2238 1126 2294 formam
1187 2239 1538 2298 institutionis
1597 2243 1884 2314 impendit.

280 2319 492 2391 Quare?
515 2325 596 2382 Ut
627 2326 715 2396 qui
745 2326 1103 2382 arctissimam
1131 2330 1563 2386 conversationis
1604 2331 1747 2386 viam
1776 2332 1887 2387 im-

280 2422 460 2482 perant
492 2413 578 2484 (ὑ)
609 2415 823 2470 noviter
847 2417 1230 2472 accedentibus
1258 2417 1419 2474 facile
1439 2419 1640 2474 aditum
1661 2436 1768 2476 non
1790 2421 1889 2476 im-

276 2503 528 2572 pendant.
569 2503 750 2572 Quare
775 2507 828 2561 et
858 2505 1108 2577 ejusdem
1135 2507 1455 2564 arctissimm
1483 2508 1606 2563 vitae
1632 2509 1890 2582 magister

278 2591 512 2660 Optimus
543 2610 782 2649 summae
822 2595 1061 2650 veritatis
1094 2595 1394 2667 discipulus
1419 2597 1662 2652 eruditus
1685 2599 1886 2669 przeci-

279 2679 370 2748 pit,
404 2681 602 2736 dicens
631 2701 644 2735 :
674 2683 918 2740 Probale
940 2686 1195 2756 spiritus,
1220 2687 1272 2742 si
1301 2703 1376 2742 ea:
1389 2688 1496 2744 Deo
1517 2688 1637 2743 sint
1660 2688 1883 2759 (IJoan.

275 2783 343 2834 tv,
361 2770 432 2840 Ξ).
452 2771 516 2824 Et
535 2771 668 2825 item
686 2790 698 2824 :
719 2773 1078 2830 Nuntimtur
1093 2776 1144 2830 ei
1163 2775 1308 2830 dum
1333 2779 1390 2831 et
1405 2792 1628 2848 aspera,
1647 2793 1751 2847 per
1765 2793 1889 2851 qua:

277 2855 382 2910 itur
405 2859 480 2913 ad
509 2860 720 2928 Deum,
741 2865 806 2915 ut
824 2862 968 2918 sciat
991 2864 1063 2917 ad
1083 2865 1224 2936 quod
1245 2865 1450 2920 intrat.
1480 2864 1739 2920 Praedicat
1755 2881 1887 2938 ergo

275 2943 529 3001 Dominus
563 2947 658 3017 jus
686 2948 850 3020 regis,
879 2951 1041 3017 dicat,
1065 2953 1199 3006 sciat
1227 2953 1430 3022 omnia,
1459 2954 1646 3024 quales
1692 2970 1884 3010 carna-

1991 1788 2087 1843 diti
2114 1806 2126 1843 :
2153 1789 2274 1859 quia
2299 1798 2444 1846 tanto
2465 1789 2776 1849 districtiori
2797 1792 3078 1849 sententiae
3092 1792 3364 1862 subditur,
3389 1800 3591 1864 quanto

1993 1880 2237 1948 apertius
2267 1878 2409 1936 scire
2438 1887 2617 1951 potest
2649 1897 2662 1934 :
2697 1880 2824 1952 quia
2851 1881 2919 1938 de
2949 1897 3036 1951 eo,
3086 1881 3235 1953 quod
3277 1880 3591 1954 respondet,

1993 1965 2359 2039 omnipotenti
2388 1968 2504 2023 Deo
2530 1968 2758 2025 reddere
2785 1969 3049 2026 rationem
3079 1971 3260 2027 debet.
3295 1971 3427 2027 Cum
3457 1985 3592 2043 ergo

1994 2070 2057 2110 ea
2087 2071 2210 2129 quae
2238 2056 2427 2112 novitii
2456 2057 2794 2127 promittunt,
2829 2058 2944 2114 Deo
2965 2057 3263 2130 oderimus,
3295 2059 3452 2132 quasi
3467 2057 3594 2116 chi-

1995 2145 2347 2217 rograpbum,
2383 2145 2527 2218 quod
2562 2145 2719 2202 nobis
2750 2146 2969 2214 faciunt,
3002 2145 3078 2202 illi
3107 2145 3318 2204 damus.
3351 2149 3420 2205 Et
3467 2147 3594 2221 quia

1996 2232 2226 2289 latenter
2251 2231 2360 2289 hoc
2402 2233 2600 2306 agitur,
2643 2234 2696 2289 in
2743 2234 2968 2290 auribus
2997 2235 3212 2293 Domini
3259 2232 3481 2294 Samuel
3509 2253 3599 2304 ea,

1994 2337 2115 2393 quae
2143 2322 2381 2393 populus
2409 2321 2639 2388 dixerat,
2688 2323 2897 2380 locutus
2946 2324 3112 2380 fuisse
3154 2314 3492 2397 perhibetur.
3535 2327 3598 2381 In

1995 2411 2219 2466 auribus
2253 2410 2458 2484 quippe
2486 2412 2789 2468 amicorum
2819 2413 3110 2488 loquimur,
3136 2413 3354 2484 quando
3383 2429 3450 2470 ea
3478 2429 3600 2486 qua:

1993 2498 2251 2566 dicimus,
2286 2499 2565 2556 extraneis
2594 2500 2855 2558 celamus.
2890 2501 3147 2573 Sequitur
3177 2520 3192 2558 :

2065 2589 2243 2660 (Vers.
2275 2589 2391 2660 21.)
2411 2590 2573 2646 Dixit
2601 2595 2798 2647 autem
2827 2591 3100 2648 Dominus
3129 2591 3200 2648 ad
3235 2591 3556 2649 Samuetem
3575 2608 3596 2648 :

1993 2677 2138 2734 Audi
2167 2691 2353 2734 vocem
2382 2693 2597 2748 eorum,
2629 2682 2686 2735 et
2715 2681 3002 2736 constitue
3029 2696 3200 2754 super
3244 2696 3336 2738 eos
3375 2696 3586 2754 regem.

2067 2769 2155 2820 19.
2189 2765 2457 2836 Superius
2493 2767 2764 2838 propheta
2822 2769 3002 2824 futura
3056 2768 3414 2840 prospiciens,
3472 2768 3594 2824 ait:

1998 2855 2330 2913 Clamabitis
2341 2855 2415 2910 ad
2430 2857 2755 2923 Dominum,
2771 2860 2827 2912 et
2847 2875 2958 2912 non
2975 2857 3403 2931 exaudiet.quia
3419 2859 3598 2931 petis-

1995 2945 2070 2999 tis
2087 2945 2234 3000 vobis
2255 2959 2461 3014 regem.
2477 2944 2634 3000 Nunc
2645 2961 2772 3000 vero
2789 2945 3052 3001 Dominus
3063 2945 3192 3001 dicit
3212 2965 3224 3001 :
3241 2946 3388 3002 Audi
3405 2962 3593 3004 vocem

274 3031 344 3086 les
370 3034 538 3090 futuri
573 3046 697 3091 sunt
725 3037 780 3091 in
805 3041 924 3107 ejus
952 3039 1330 3096 observatione
1359 3059 1370 3096 :
1419 3051 1472 3098 et
1508 3047 1563 3096 ut
1605 3042 1673 3097 ad
1719 3043 1884 3098 vitam
1913 3076 1964 3140 .C
1995 3049 2188 3140 ﬂorum
2219 3037 2278 3089 et
2291 3034 2591 3140 faustitate
2620 3049 3103 3140 supeqeosrepept
3125 3033 3590 3140 (Ilieg.vnt,18).

273 3120 473 3178 virtutis
540 3126 711 3195 200
762 3127 974 3183 debiles
1017 3129 1178 3185 facile
1228 3146 1335 3185 non
1388 3131 1668 3198 accedant,
1713 3131 1880 3187 fortes

268 3213 540 3282 przepositi
577 3213 737 3270 facile
765 3216 974 3272 debiles
1003 3233 1340 3290 nequaquam
1394 3221 1681 3291 accipiant.
1727 3221 1876 3277 Cele-

270 3297 387 3354 ritas
414 3301 652 3372 quidem
679 3305 1050 3360 conversionis
1074 3308 1392 3379 plerumque
1419 3309 1588 3365 oritur
1615 3326 1682 3364 ex
1730 3327 1872 3380 prm-

267 3388 584 3458 cipitatione
630 3393 864 3460 con<ilii,
899 3411 1005 3450 non
1052 3411 1118 3452 ex
1159 3397 1490 3454 incremento
1541 3399 1868 3455 devotionis.

267 3475 394 3530 Nam
427 3496 564 3534 cum
598 3479 794 3535 infirmi
827 3481 986 3538 fortia
1035 3485 1374 3556 promittunt,
1429 3505 1534 3543 non
1583 3499 1866 3560 expertum

266 3565 424 3621 robur
447 3569 652 3636 animi,
681 3571 776 3625 sed
806 3572 1050 3628 confusio
1080 3571 1441 3630 discretionis.
1494 3577 1640 3647 Quos
1687 3596 1876 3637 omnes

267 3655 360 3708 sub
406 3657 582 3712 unius
625 3657 970 3716 denotatione
1021 3663 1238 3732 sapiens
1265 3665 1540 3733 admonet,
1573 3668 1662 3738 qui
1692 3668 1821 3724 dicit
1855 3688 1869 3725 :

265 3741 334 3811 (ε)
356 3745 544 3818 Super
583 3750 636 3801 te
665 3764 807 3804 onus
837 3751 1215 3808 uetevawris.
1241 3751 1342 3822 Qui
1361 3769 1492 3826 ergo
1516 3755 1572 3810 in
1599 3757 1862 3828 regularis

266 3831 383 3886 vitae
416 3834 550 3890 forti
601 3838 884 3906 proposito
933 3838 1058 3894 aliis
1096 3846 1361 3912 praesunt,
1390 3851 1542 3898 tanto
1593 3843 1874 3902 discretius

265 3920 455 3976 debent
487 3924 564 3979 ad
596 3925 844 3980 eamdem
873 3927 1038 3982 vitam
1065 3945 1356 3986 conversos
1387 3931 1633 4002 recipere
1671 3943 1871 4004 quanto

262 4016 309 4063 et
335 4013 520 4068 utilius
539 4016 1007 4084 prmnoscendum
1039 4027 1141 4087 est,
1174 4020 1550 4075 accedentium
1589 4022 1776 4092 petitio
1806 4039 1870 4078 ex

261 4099 447 4157 virtute
471 4103 548 4158 sit
579 4103 767 4172 animi,
826 4120 896 4158 an
947 4121 1014 4160 ex
1063 4108 1501 4178 prmeipitalione
1553 4110 1864 4167 voluntatis.

261 4187 390 4243 Nam
420 4191 518 4263 qui
553 4191 611 4244 in
641 4191 753 4246 suis
784 4193 996 4248 actibus
1029 4195 1216 4252 faciles
1232 4205 1374 4263 sunt,
1397 4199 1574 4254 solent
1597 4199 1872 4255 instanter

267 4277 380 4334 vita:
427 4279 708 4351 spiritalis
756 4282 1100 4353 asperitatem
1145 4293 1423 4356 appetere,
1477 4295 1535 4342 ut
1582 4286 1871 4344 videantur

267 4382 454 4439 magna
487 4369 662 4422 animi
698 4371 911 4439 virtute,
933 4371 1082 4443 quod
1112 4383 1395 4446 echluut,
1427 4375 1763 4433 desiderare.

327 4456 506 4523 (Vers.
547 4459 638 4523 10,
672 4461 786 4528 20.)
813 4459 1021 4517 Noluit
1052 4467 1247 4518 autem
1275 4465 1516 4536 populus
1537 4465 1734 4522 audire
1765 4481 1861 4522 vo-

262 4557 370 4597 cem
405 4547 722 4617 Samuelis,
756 4552 816 4605 et
845 4549 1122 4606 dixerunt
1152 4570 1171 4602 :
1203 4551 1584 4625 Nequaquam,
1627 4555 1724 4610 sed
1763 4572 1869 4612 rea:

264 4633 365 4686 erit
393 4651 579 4708 super
607 4653 732 4705 nos,
767 4641 825 4693 ct
853 4640 1068 4695 erimus
1097 4657 1198 4696 nos
1237 4657 1450 4715 quoque
1477 4643 1627 4700 sicut
1676 4660 1869 4701 omnes

261 4727 470 4791 gentes,
505 4732 568 4780 et
590 4725 882 4795 judicabit
911 4745 1018 4784 nos
1056 4745 1162 4786 rex
1190 4735 1402 4798 uoster,
1452 4737 1508 4786 et
1551 4732 1870 4803 egredietur

264 4816 390 4868 ante
423 4831 552 4882 nos,
587 4819 646 4870 et
673 4815 950 4888 pugnabit
979 4817 1119 4875 bella
1151 4825 1348 4876 nostra
1373 4837 1475 4892 pro
1504 4821 1682 4877 nobis.

325 4901 442 4958 Hoc
473 4903 605 4974 quia
635 4904 896 4975 superius
923 4905 1030 4962 late
1059 4910 1374 4978 espositum
1423 4918 1526 4979 est,
1578 4909 1631 4964 in
1679 4925 1870 4966 eorum

264 4992 628 5060 exquisitionc
658 4993 837 5050 otiose
869 4993 1180 5052 retinemur.
1215 4998 1470 5069 Sequitur
1501 5017 1513 5053 :

325 5121 402 5188 (a)
433 5122 496 5197 In
531 5121 709 5178 Vatia.
741 5131 795 5178 et
837 5122 1040 5197 Guss.,
1091 5127 1307 5193 uolunt,
1359 5125 1506 5197 quod
1545 5125 1808 5180 intentum
1837 5141 1871 5180 a

265 5187 536 5263 Gregorio
557 5209 780 5248 sensum
811 5195 1022 5248 evertit.

329 5263 394 5326 (bl
423 5263 560 5317 Haec
603 5280 674 5318 ex
723 5263 920 5337 regula
965 5265 1022 5322 S.
1077 5269 1134 5322 P.
1181 5266 1476 5334 Benedicti,
1511 5283 1632 5337 cap.
1667 5270 1734 5322 58
1763 5267 1868 5322 de-

265 5340 510 5407 prompta
540 5342 669 5407 sunt
701 5350 811 5407 non
841 5335 1018 5391 solum
1052 5337 1229 5407 quoad
1279 5353 1528 5403 sensum,
1577 5335 1671 5394 sed
1705 5337 1867 5394 etiam

267 5403 445 5480 quoad
465 5405 641 5480 verba
660 5423 674 5459 :
698 5405 930 5480 Nouiter
943 5403 1321 5480 quis—ueniens
1341 5410 1411 5466 ad
1427 5413 1867 5478 conversionem,

267 5488 373 5554 non
393 5477 448 5530 ei
465 5475 668 5554 facilis
685 5475 976 5554 tribuatur
990 5479 1277 5554 ingressus
1291 5499 1310 5535 :
1327 5480 1426 5536 sed
1441 5481 1687 5554 sicutait
1708 5475 1872 5554 Apes?

273 5545 428 5612 totus,
459 5547 697 5618 probate
724 5548 953 5621 spiritus
983 5549 1029 5606 si
1054 5545 1123 5608 ex
1145 5552 1262 5609 Deo
1277 5559 1427 5621 sunt,
1449 5559 1555 5608 etc.
1575 5545 1871 5609 Multa'alia

1995 3119 2135 3190 Quid
2165 3135 2264 3191 per
2291 3121 2393 3176 hoc
2420 3119 2580 3176 nobis
2611 3121 2924 3192 ostenditur,
2952 3122 3057 3178 nisi
3083 3123 3226 3194 quod
3255 3139 3401 3195 saepe
3431 3121 3593 3178 bonis

1989 3209 2292 3264 rectoribus
2349 3217 2554 3265 sanctae
2596 3207 2856 3268 Ecclesia:
2888 3211 3146 3267 divinitus
3193 3213 3504 3284 inspiratur,
3535 3220 3592 3268 ut

1988 3297 2222 3353 caelestis
2251 3299 2378 3354 vita:
2397 3297 2588 3353 studiis
2620 3315 2716 3354 eos
2747 3299 3008 3368 subdant,
3041 3300 3131 3371 qui
3161 3301 3262 3356 sub
3305 3301 3592 3373 disciplina

1989 3387 2239 3456 ejusdem
2291 3387 2656 3458 professionis
2699 3395 2891 3458 postea
2921 3387 3100 3444 devoti
3131 3404 3240 3445 non
3273 3395 3396 3444 sunt
3425 3390 3454 3442 εἰ
3485 3388 3592 3458 Qui

1986 3475 2230 3546 profecto
2262 3483 2451 3546 postea
2472 3490 2506 3532 ε,
2531 3477 2671 3532 facie
2692 3477 2840 3550 regis
2855 3477 3141 3533 clamaturi
3161 3485 3302 3546 sunt,
3331 3485 3384 3533 et
3404 3485 3587 3534 tamen

1984 3563 2170 3620 divino
2201 3573 2472 3637 praecepto
2503 3581 2692 3638 regem
2723 3566 2990 3636 recipiunt
3021 3584 3034 3621 :
3068 3567 3188 3639 quia
3217 3565 3477 3623 divinitus
3507 3565 3584 3620 in-

1983 3654 2261 3724 spirantur
2288 3653 2356 3709 ad
2385 3654 2699 3710 servitutem
2728 3655 2828 3712 Dei
2858 3655 3051 3712 devote
3073 3654 3352 3720 accedere.
3373 3671 3509 3726 quos
3527 3654 3586 3710 in

1983 3751 2276 3814 augmento
2334 3742 2600 3800 mercedis
2653 3752 2875 3800 arternae
2937 3751 3217 3816 pastorum
3273 3743 3584 3800 sollicitudo

1981 3831 2170 3904 magni
2201 3831 2424 3900 laboris,
2458 3833 2558 3887 sub
2589 3831 2833 3904 ejusdem
2863 3833 3136 3889 servitutis
3166 3832 3382 3890 vinculo
3415 3833 3581 3904 2οι

1980 3919 2182 3974 debeat
2208 3919 2485 3976 cohibere.
2517 3920 2598 3975 Ad
2628 3922 2920 3977 Dominum
2950 3935 3146 3993 nempe
3203 3921 3443 3979 clamare
3492 3921 3583 3976 di-

1979 4016 2192 4077 cuntur,
2224 4023 2256 4064 a
2287 4007 2428 4064 facie
2459 4009 2606 4082 regis
2635 4009 2718 4064 sui
2750 4027 2765 4064 :
2797 4009 2895 4066 sed
2917 4009 3045 4082 quid
3065 4010 3351 4066 aDomino
3381 4011 3583 4066 missus

1978 4097 2249 4169 propheta
2293 4097 2643 4168 respondeat,
2693 4097 2801 4169 ipsi
2847 4113 3010 4169 reges
3053 4097 3294 4168 audiant,
3340 4105 3398 4154 ut
3453 4097 3582 4170 quid

1980 4201 2149 4257 agere
2179 4185 2433 4254 debeant,
2467 4185 2609 4241 inter
2627 4185 2776 4257 ipsos
2805 4185 3069 4242 clamores
3095 4186 3286 4242 sciant.
3319 4186 3458 4254 Non,
3491 4187 3580 4241 in-

1978 4273 2114 4343 quit,
2159 4274 2433 4332 exaudiet
2467 4291 2577 4332 vos.
2611 4276 2760 4348 Ergo
2791 4292 2892 4332 nec
2921 4274 3027 4346 ipsi
3057 4273 3314 4331 exaudire
3357 4275 3576 4330 debent.

1979 4361 2079 4429 Qui
2101 4364 2247 4418 enim
2278 4363 2332 4418 in
2363 4367 2564 4420 sanctis
2595 4365 2938 4421 monasteriis
2967 4373 3091 4420 sunt
3111 4361 3303 4434 tepidi,
3327 4363 3578 4420 medendi

1895 4435 1950 4500 Ο
1977 4459 2120 4519 sunt,
2152 4453 2307 4523 quasi
2337 4453 2506 4524 aegri;
2534 4467 2642 4508 non
2665 4462 2791 4510 sunt
2817 4453 3090 4525 ejiciendi,
3123 4458 3179 4508 ut
3207 4451 3579 4508 mortui.Nam

1977 4539 2024 4593 si
2055 4556 2086 4594 a
2115 4540 2350 4597 Domino
2372 4541 2522 4597 missi
2553 4551 2692 4606 sunt,
2725 4543 2866 4597 inter
2895 4541 3255 4612 spiritualium
3281 4547 3580 4614 unguento-

1977 4644 2096 4682 rum
2127 4628 2370 4686 fomenta
2389 4629 2728 4702 resipiscent.
2755 4631 2910 4688 Dicat
2938 4647 3070 4703 ergo
3085 4630 3352 4688 Dominus
3381 4651 3399 4686 :
3431 4631 3576 4688 Con-

1978 4719 2156 4774 stitue
2178 4734 2346 4791 super
2375 4735 2464 4776 eos
2499 4735 2687 4792 regem
2729 4739 2745 4774 :
2774 4720 2903 4792 quia
2937 4718 3180 4791 profecto
3232 4719 3478 4776 nonnulli
3509 4719 3577 4776 ad

1977 4806 2292 4862 servitutem
2341 4807 2440 4863 Dei
2490 4807 2713 4864 veniunt
2753 4807 2956 4878 devoti,
3001 4809 3093 4883 qui
3141 4816 3196 4865 et
3223 4809 3575 4882 refrigescere

1979 4895 2385 4965 permittuntur,
2415 4896 2512 4952 sed
2540 4904 2820 4968 pastorum
2851 4897 3052 4964 studio,
3087 4913 3314 4969 quorum
3343 4913 3404 4953 se
3430 4905 3575 4967 pra:-

1979 4989 2138 5056 cepto
2181 4983 2540 5040 subdiderant
2581 4985 2771 5042 divina
2815 4985 3188 5058 inspiratione.
3219 4986 3288 5041 ad
3334 4999 3576 5041 amorem

1980 5125 2051 5191 ex
2082 5111 2276 5166 eadem
2307 5109 2494 5183 regula
2523 5110 2808 5184 desumpta
2837 5111 3252 5168 observavimus
3279 5107 3332 5164 in
3363 5108 3576 5164 Prefa-

1982 5189 2410 5321 tlo?c(;.l“orlasse
2442 5247 2638 5308 Ecclis.
2673 5267 2794 5324 cap.
2829 5267 2911 5324 Ill,
2931 5249 3120 5324 22,qu
3143 5249 3340 5324 legitur
3359 5250 3574 5310 altiora

1983 5319 2070 5394 te,
2089 5319 2174 5379 vel
2203 5323 2524 5394 diﬁciliora
2555 5327 2610 5378 te
2636 5340 2712 5394 ne
2741 5319 3045 5392 ilum-teris.
3079 5319 3144 5375 Et
3171 5319 3222 5374 in
3253 5319 3414 5394 Vers.
3437 5323 3576 5380 Ara-

1979 5393 2225 5468 bica,_ne
2253 5392 2472 5468 autem:
2501 5393 2645 5466 quod
2676 5397 2818 5468 vires
2851 5397 2978 5450 tuas
3006 5395 3256 5468 superet.
3289 5392 3426 5451 Vide
3482 5412 3576 5452 su-

1980 5481 2083 5536 pra
2111 5465 2207 5522 lib.
2241 5465 2279 5535 i,
2307 5482 2438 5537 cap.
2477 5465 2528 5536 2,
2561 5479 2709 5520 num.
2738 5465 2832 5519 i7.
