4034 6174
490 213 597 272 247

1694 207 1940 266 ΞΛΝΟΤΙ
1970 207 2081 265 GR]

2190 206 2315 265 )RII
2344 208 2570 266 MAGNI
3655 224 3746 277 248

490 337 728 395 ccclesiis
755 337 947 410 patrie
975 337 1330 395 recalescunt.
1354 335 1459 395 Sed
1476 337 1590 409 jam
1615 337 1787 411 qualis
1806 344 1996 410 pastor
2014 335 2084 392 ad
2110 308 2556 409 Algradiebatur
2583 337 2671 394 ille
2700 338 2767 394 de
2798 353 2906 410 quo
2936 338 3197 409 scriptum
3227 344 3339 394 est:
3379 342 3653 413 Regressus
3680 351 3753 403 est

491 426 613 483 haec
641 428 712 483 sit
742 427 985 497 idoneus,
1012 429 1255 500 exponit,
1286 427 1474 483 dicens
1508 445 1523 482 :

562 517 606 586 (Ι
635 517 775 590 Reg.
806 533 884 585 1v,
921 522 970 585 1,
998 517 1078 587 2.)
1107 518 1246 574 Erat
1272 517 1359 574 vir
1388 517 1453 573 de
1497 518 1814 588 Benjamin,
1855 517 2085 573 nomine

496 605 605 669 Cis,
629 605 787 675 ﬁlius
810 606 983 675 Abiel,
1006 607 1085 678 ta)
1116 605 1228 674 ﬁlii
1259 607 1443 672 Soror,
1472 604 1587 674 ﬁlii
1617 606 1946 672 Bechoralh,
1978 605 2089 674 ﬁlii

490 694 693 768 Aphia,
734 692 845 765 ﬁlii
886 695 995 750 viri
1036 695 1245 751 Jemini
1275 695 1445 765 fortis
1472 693 1685 751 robore.
1735 696 1803 750 Et
1841 698 1965 751 erat
1994 694 2087 751 illi

488 782 647 853 ﬁlius
674 782 938 841 vocabulo
968 783 1125 853 Saul,
1150 785 1367 840 electus
1396 787 1452 840 et
1484 784 1679 851 bonus,
1711 787 1769 840 et
1816 798 1931 839 non
1962 788 2087 839 erat

489 871 575 929 vir
603 871 669 929 de
701 871 883 929 Israel
911 873 1113 929 melior
1142 874 1243 929 illo
1273 872 1341 928 ab
1373 873 1605 928 humero
1620 876 1678 929 et
1701 888 1926 929 sursum
1952 875 2088 930 emi-

490 960 659 1017 nebat
688 977 861 1034 super
889 977 1110 1019 omnem
1137 960 1439 1035 populum.

560 1052 653 1106 20.
693 1049 836 1120 Quid
865 1058 967 1119 est,
999 1050 1142 1121 quod
1172 1066 1296 1107 cum
1327 1067 1421 1106 rex
1457 1051 1869 1108 constituendus
1897 1058 2086 1108 osten-

490 1137 652 1208 ditur,
679 1145 894 1210 patrum
923 1138 1142 1195 nomina
1159 1140 1521 1211 praedicantur
1546 1158 1557 1194 :
1580 1140 1681 1196 nisi
1709 1142 1835 1212 quia
1862 1141 2087 1213 indigne

488 1226 778 1285 assumitur
806 1226 874 1284 ad
904 1227 1263 1299 principatum
1292 1236 1493 1285 sancta:
1523 1229 1802 1299 Ecclesiae,
1836 1229 1926 1302 qui
1956 1246 2087 1285 san-

492 1323 701 1372 ctorum
754 1317 973 1373 Patrum
1000 1317 1055 1372 in
1087 1316 1330 1374 moribus
1358 1318 1689 1375 nobilitatem
1734 1335 1843 1376 non
1892 1320 2089 1375 tenet?

491 1404 597 1461 Sex
630 1412 810 1461 autem
842 1413 1056 1477 patrum
1086 1408 1312 1464 nomina
1365 1406 1725 1480 assignantur,
1775 1415 1834 1463 ut
1887 1416 2088 1465 sanctae

488 1493 926 1551 conversationis
956 1510 1140 1550 eorum
1174 1495 1227 1551 in
1257 1495 1404 1551 bona
1429 1495 1640 1552 actione
1657 1496 1917 1568 perfectio
1936 1497 2085 1553 desi—

485 1589 699 1655 gnetur.
735 1583 846 1639 Sex
875 1583 1020 1639 enim
1069 1582 1263 1639 diebus
1312 1583 1545 1639 mundus
1574 1585 1831 1641 conditus
1858 1594 1955 1656 est,
1989 1602 2086 1643 sex

2192 428 2352 485 Jesus
2370 429 2433 483 in
2465 429 2676 484 virtute
2692 428 2931 501 spiritus
2948 429 3010 483 in
3032 428 3325 484 Galilaeam
3351 428 3507 500 (Luc.
3537 447 3609 501 ιγ,
3640 435 3743 504 14).

2193 515 2296 585 Qui
2327 533 2460 590 ergo
2484 517 2652 571 durus
2664 516 2882 586 dicitur,
2906 516 3057 571 fortis
3072 515 3270 572 robore
3290 518 3623 588 perhibetur:
3641 522 3752 593 quia

2193 605 2348 661 electi
2379 606 2497 674 viri,
2532 605 2658 660 dum
2686 621 2899 661 summa
2924 604 3247 676 praedicant,
3280 605 3517 678 ingentia
3539 607 3751 667 demon-

2194 701 2365 750 strant
2398 714 2409 750 ε
2442 702 2493 749 et
2524 710 2687 751 omne
2736 694 2885 766 quod
2937 693 3104 749 altum
3137 694 3466 767 praecipiunt,
3513 712 3756 771 omneque

2194 782 2340 855 quod
2372 798 2631 856 magnum
2664 790 2851 856 agunt,
2880 782 2935 838 in
2962 783 3155 839 virtute
3183 784 3351 839 sancti
3390 784 3607 855 Spiritus
3634 804 3758 857 ope-

2192 876 2401 928 rantur.
2443 873 2522 928 De
2549 888 2655 944 quo
2688 872 2851 944 digne
2892 873 3257 943 subjungitur.
3292 875 3368 929 Et
3395 878 3516 929 erat
3542 877 3591 932 ei
3616 876 3755 946 ﬁlius

2195 961 2344 1018 Saul
2371 962 2619 1027 nomine,
2635 963 2849 1017 electus
2878 966 2934 1017 et
2949 962 3149 1019 bonus.
3178 962 3316 1017 Nam
3338 962 3425 1033 qui
3452 963 3628 1018 talium
3654 965 3759 1020 imi-

2192 1057 2334 1105 tator
2361 1058 2461 1117 est,
2490 1050 2633 1105 utilis
2659 1065 2765 1105 non
2796 1050 2971 1105 solum
3002 1056 3083 1105 est
3109 1049 3179 1104 ad
3206 1049 3445 1106 laborem
3476 1051 3755 1120 ministerii,

2193 1138 2289 1195 sed
2343 1147 2501 1208 aptus
2546 1138 2613 1193 ad
2669 1138 2900 1193 fructum
2955 1137 3301 1194 hereditatis.
3345 1139 3554 1194 Electus
3582 1142 3762 1213 quippe

2192 1228 2354 1283 etiam
2372 1228 2538 1282 ludas
2567 1227 2636 1282 ad
2666 1227 3026 1282 ministerium
3048 1227 3144 1282 fuit
3173 1228 3303 1283 :sed
3335 1229 3458 1299 quia
3476 1228 3652 1285 bonus
3667 1247 3764 1288 non

2194 1315 2313 1385 fuit,
2340 1317 2430 1387 jus
2460 1316 2644 1371 amisit
2667 1315 3052 1372 successionis.
3077 1314 3180 1385 Qui
3210 1331 3341 1388 ergo
3372 1315 3425 1371 in
3454 1317 3574 1373 Saul
3603 1319 3765 1376 adhuc

2192 1404 2371 1461 electo
2402 1413 2454 1460 et
2484 1405 2626 1462 bono
2655 1404 3044 1478 significantur,
3081 1404 3180 1459 nisi
3231 1414 3531 1461 sanctorum
3570 1408 3766 1464 Palmm

2192 1493 2351 1550 electi
2382 1493 2697 1562 imitatores,
2726 1494 2814 1566 qui
2840 1509 2937 1564 per
2966 1493 3269 1549 doctrinam
3312 1494 3434 1550 aliis
3461 1495 3611 1551 utiles
3635 1505 3764 1562 sunt,

2190 1589 2247 1638 et
2275 1599 2373 1654 per
2395 1582 2855 1639 conversationem
2886 1582 2990 1636 sibi
3023 1597 3037 1635 :
3071 1582 3160 1652 qui
3183 1583 3266 1637 sic
3284 1582 3423 1639 alios
3451 1592 3665 1655 possunt
3682 1602 3766 1640 re-

482 1671 730 1726 aetatibus
761 1679 1191 1728 consummatur.
1232 1672 1341 1727 Sex
1368 1689 1499 1746 ergo
1526 1681 1648 1729 sunt
1675 1681 1883 1744 patres,
1917 1676 2006 1745 qui
2028 1674 2082 1729 in
2110 1691 2166 1751 Β
2194 1688 2344 1744 gere,
2378 1680 2435 1726 ut
2458 1670 2811 1743 sibimetipsis
2831 1687 3173 1743 nequaquam
3194 1670 3446 1727 desinant
3468 1674 3770 1742 providere?

480 1759 824 1832 genealogia:
841 1760 1035 1817 ordine
1064 1761 1355 1816 electorum
1380 1766 1663 1831 pastorum
1686 1770 1883 1818 sancta-
1896 1763 2082 1819 Eccle-

479 1848 577 1903 sia:
606 1848 953 1904 nominantur
977 1867 990 1903 :
1024 1849 1149 1921 quia
1177 1849 1432 1904 nimirum
1453 1849 1665 1905 illorum
1686 1852 2077 1923 suntrperimi-

480 1936 738 1993 tationem
770 1936 885 2005 filii,
918 1937 1008 2009 qui
1037 1937 1093 1992 in
1141 1937 1315 1993 forma
1362 1938 1699 2008 sequentium
1730 1940 1943 1996 culmen
1973 1942 2078 1998 ob-

477 2024 651 2079 tinent
675 2025 1042 2097 perfectionis.
1078 2027 1235 2081 Pater
1265 2041 1398 2082 vero
1416 2027 1583 2098 regis,
1604 2027 1713 2097 Cis,
1728 2028 1783 2084 id
1805 2038 1886 2085 est
1905 2030 2078 2085 durus

479 2112 680 2169 dicitur
706 2131 718 2167 :
753 2113 878 2184 quia
905 2113 1157 2184 profecto
1179 2113 1236 2183 ii,
1259 2131 1486 2186 quorum
1500 2116 1672 2172 sancti
1692 2116 2078 2187 praedicatores

480 2199 786 2257 imitatores
814 2209 963 2271 sunt,
994 2202 1105 2259 vita
1151 2211 1205 2259 et
1256 2202 1370 2260 zelo
1400 2204 1607 2259 remissi
1637 2220 1745 2261 non
1775 2214 1916 2261 sunt.
1944 2207 2078 2263 Duri

480 2306 719 2363 namque
738 2299 879 2360 sunt,
900 2291 1028 2363 quia
1043 2292 1419 2363 peccatoribus
1430 2293 1615 2349 mollia
1631 2310 1741 2353 non
1756 2294 2073 2366 loquuntur:

476 2377 601 2432 duri
622 2379 788 2435 etiam
806 2387 948 2448 sunt,
969 2379 1094 2451 quia
1109 2388 1166 2435 ut
1186 2380 1323 2436 alios
1336 2380 1472 2437 bene
1493 2382 1790 2454 corrigunt,
1805 2383 1937 2438 dura
1954 2402 2077 2457 qum

477 2466 589 2522 illis
616 2467 964 2538 prmeipiunt,
1015 2468 1070 2522 in
1119 2484 1218 2523 sua
1248 2469 1656 2526 conversatione
1682 2470 2073 2530 demonstrant.

477 2554 658 2610 Durus
686 2571 924 2628 namque
953 2556 1262 2627 videbatur,
1299 2558 1388 2630 qui
1418 2557 1636 2614 Iudaeos
1665 2560 1954 2633 arguebat,
1987 2562 2075 2617 di-

473 2657 632 2701 cens:
652 2642 961 2701 Genimina
987 2648 1332 2719 viperarum,
1360 2649 1484 2720 quis
1501 2648 1753 2705 ostendit
1774 2651 1922 2707 vobis
1941 2653 2078 2723 ellu-

472 2747 603 2803 gere
614 2750 648 2788 a
662 2736 906 2790 ventura
923 2734 1013 2789 ira
1027 2734 1258 2791 ?Facite
1275 2736 1471 2806 dignos
1484 2739 1755 2811 fructusp
1766 2742 1880 2795 teni
1886 2744 1976 2796 ten
1986 2742 2079 2797 tiae

478 2821 705 2891 (Matth.
729 2838 811 2891 ιιι,
833 2823 910 2894 7).
933 2822 1041 2879 Sed
1073 2824 1167 2894 qui
1195 2824 1317 2879 aliis
1352 2824 1517 2880 durus
1541 2835 1676 2893 erat,
1699 2827 1805 2883 sibi
1823 2829 2077 2885 remissus

478 2924 589 2965 non
605 2917 739 2966 erat.
755 2912 894 2967 Nam
912 2921 969 2966 ut
988 2912 1326 2982 paenitentia:
1346 2914 1616 2983 duritiam,
1636 2932 1795 2986 quam
1809 2919 2075 2988 praedica—

478 2997 957 3070 bat,Evangelista
979 3016 1107 3056 eum
1146 3010 1329 3058 tenere
1352 3003 1772 3069 ostenderet,ait
1801 3024 1811 3060 :
1840 3007 2076 3064 Habebat

478 3087 878 3144 vestimentum
895 3089 961 3145 de
969 3090 1105 3162 pilis
1117 3092 1549 3160 camelorum,et
1560 3109 1701 3151 zona
1712 3093 1810 3165 pel
1817 3094 1957 3152 licea
1969 3098 2086 3151 cin-

487 3178 617 3231 ctus
637 3176 751 3231 lum
760 3177 840 3231 bis
852 3194 872 3230 :
893 3194 1017 3234 esra
1032 3183 1225 3235 autem
1239 3181 1361 3252 ejus
1374 3181 1605 3237 locusta:
1616 3187 1671 3238 et
1686 3183 1798 3239 mel
1810 3184 2084 3256 sylveslre

485 3264 733 3333 (Marc.1,
758 3265 833 3337 6).
854 3266 935 3322 Ad
965 3266 1213 3321 Ezechiel
1257 3283 1472 3340 quoque
1502 3269 1701 3325 dicitur
1732 3288 1744 3325 :
1774 3274 1912 3328 Ecce
1957 3274 2086 3329 dedi

484 3354 751 3423 frontem
782 3361 939 3410 tuam
972 3355 1258 3412 duriorem
1290 3357 1576 3428 frontibus
1605 3375 1819 3427 eorum,
1846 3365 1912 3417 ut
1940 3362 2083 3418 ada-

482 3445 741 3498 mantem
759 3444 1047 3499 etsilieem
1063 3442 1191 3500 dedi
1202 3445 1408 3516 faciem
1423 3450 1582 3501 tuam
1601 3448 1778 3517 (Ezec.
1794 3464 1875 3517 ιιι,
1891 3452 1962 3518 8).
1979 3450 2085 3505 Sed

484 3528 577 3599 qui
601 3537 712 3584 tam
742 3531 906 3585 durus
925 3540 1108 3587 contra
1132 3531 1297 3587 duros
1320 3533 1371 3588 in
1395 3534 1537 3590 malo
1561 3536 1827 3603 veniebat,
1849 3545 1907 3593 ut
1925 3538 2081 3608 dura,

484 3632 605 3686 qua
626 3625 852 3673 ventura
863 3619 1318 3689 erant,locuturus
1335 3623 1658 3693 ostenderet,
1674 3624 1865 3680 diebus
1877 3634 2085 3696 septem

483 3703 538 3758 in
558 3705 741 3761 medio
761 3722 971 3776 eorum,
992 3716 1281 3779 antequam
1300 3709 1633 3782 loqueretur,
1649 3712 1927 3771 ﬂebat.Sic
1939 3717 2084 3771 enim

489 3791 735 3849 dicit:Et
761 3795 881 3852 sedi
902 3797 999 3852 ubi
1023 3797 1115 3853 illi
1135 3797 1419 3870 sedebant,
1446 3805 1501 3857 et
1527 3803 1717 3858 mansi
1736 3809 1950 3877 septem
1970 3804 2086 3861 dies

492 3897 735 3939 mwrens
752 3886 814 3941 in
836 3886 1017 3943 medio
1045 3902 1260 3944 eorum.
1293 3889 1432 3952 Quia
1461 3904 1591 3963 ergo
1620 3893 1787 3948 sancti
1820 3892 2086 3964 pradica-

493 3976 654 4040 tores,
689 3972 975 4030 obstinatis
1003 3976 1398 4047 peccatoribus,
1431 3977 1578 4034 lenes
1606 3989 1656 4035 et
1686 3981 1954 4038 mansueti
1980 3997 2086 4037 non

490 4066 636 4127 sunt,
687 4064 743 4116 et
793 4062 939 4131 quod
988 4079 1239 4134 asperum
1288 4066 1587 4137 praedicant
1614 4078 1923 4139 Operantur,
1968 4070 2084 4125 duri

487 4143 630 4203 ﬁlius
660 4148 789 4205 Saul
819 4158 962 4207 recte
983 4153 1323 4223 perhibetur.
1350 4155 1479 4211 Illos
1499 4157 1645 4212 enim
1662 4157 1859 4212 imitari
1882 4158 2084 4214 electus

484 4237 813 4307 prmdicator
842 4239 1026 4311 debet,
1061 4244 1151 4314 qui
1192 4251 1241 4298 et
1266 4252 1418 4299 acuta
1447 4245 1768 4319 praedicant,
1790 4254 1841 4301 et
1856 4263 1978 4317 qua:
2009 4247 2085 4302 lo-

487 4333 747 4397 quuntur,
785 4328 1096 4385 observant.
1131 4332 1285 4387 Unde
1329 4340 1382 4388 et
1423 4332 1491 4387 de
1537 4333 1728 4389 eodem
1759 4335 1904 4406 regis
1936 4343 2083 4405 patre

2191 1761 2363 1816 Electi
2395 1777 2629 1833 namque
2658 1764 2712 1816 et
2742 1760 2867 1815 boni
2908 1767 3047 1827 sunt,
3099 1760 3225 1831 quia
3267 1760 3349 1816 sic
3394 1760 3535 1816 lucra
3560 1761 3768 1817 aliorum

2189 1858 2469 1920 expetunt,
2500 1857 2556 1904 ut
2588 1849 2668 1904 sui
2700 1849 2848 1903 nulla
2878 1849 3076 1905 damna
3106 1848 3397 1921 patiantur.
3423 1850 3566 1905 Pleni
3585 1852 3773 1921 quippe

2188 1939 2243 1993 in
2272 1938 2467 2009 seipsis
2492 1948 2632 2005 sunt,
2666 1938 2953 1994 eﬂluentes
3004 1938 3142 2006 aliis,
3175 1947 3223 1995 et
3254 1938 3321 1994 de
3351 1938 3672 1995 abundantia
3698 1939 3773 1994 sui

2188 2028 2269 2083 sic
2316 2027 2435 2082 aliis
2484 2027 2740 2095 tribuunt,
2773 2035 2831 2082 ut
2887 2043 2999 2082 sua:
3055 2026 3407 2097 plenitudinis
3437 2028 3634 2098 aliquid
3673 2043 3771 2084 non

2188 2116 2459 2172 amittant.
2501 2116 2854 2187 Habentqua)
2886 2116 3006 2170 aliis
3026 2115 3322 2186 praebeant,
3383 2116 3476 2171 sed
3528 2116 3773 2173 habentes

2186 2221 2308 2277 quae
2337 2204 2437 2259 sibi
2463 2205 2669 2277 possint
2719 2203 2983 2272 sufficere,
3038 2203 3169 2258 nulli
3220 2204 3488 2275 praebent.
3548 2205 3632 2261 Sic
3661 2204 3776 2261 aliis

2184 2293 2428 2364 praebere
2455 2294 2632 2348 oleum
2659 2293 2921 2361 nituntur,
2954 2301 3013 2347 ut
3040 2308 3072 2348 a
3102 2309 3159 2347 se
3183 2292 3424 2348 fomenta
3450 2292 3662 2349 luminis
3678 2308 3778 2349 non

2186 2389 2439 2437 tonantur
2473 2400 2485 2435 :
2518 2389 2573 2435 ut
2602 2384 2728 2436 dum
2759 2380 3215 2437 illuminantalios
3230 2397 3289 2436 se
3318 2397 3429 2437 non
3452 2382 3774 2455 extinguant.

2186 2470 2329 2526 Bene
2358 2486 2489 2542 ergo
2513 2471 2719 2526 electus
2749 2479 2801 2525 et
2832 2470 3009 2525 bonus
3035 2470 3267 2525 dicitur:
3302 2470 3433 2542 quia
3478 2479 3639 2539 certe,
3688 2470 3772 2543 qui

2185 2566 2387 2613 sanctae
2412 2558 2671 2615 Ecclesia:
2701 2558 2949 2631 regimen
2991 2557 3232 2630 suscipit,
3263 2559 3420 2614 dives
3446 2575 3565 2614 esse
3595 2559 3770 2629 debet,

2187 2656 2239 2701 et
2269 2655 2492 2702 ornatus
2522 2648 2790 2703 donorum
2821 2646 3141 2718 spiritalium
3172 2655 3225 2702 et
3250 2647 3587 2717 plenitudine
3618 2648 3781 2702 meri-

2186 2742 2387 2791 torum.
2428 2737 2491 2791 Et
2522 2738 2647 2806 quia
2680 2736 2745 2790 de
2776 2735 3051 2789 communi
3078 2735 3289 2803 ordine,
3336 2736 3431 2806 qui
3463 2735 3781 2807 pra‘cellant,

2188 2824 2425 2897 eligendi
2459 2832 2603 2891 sunt,
2646 2825 3007 2897 sequiturzEt
3038 2840 3152 2879 non
3184 2829 3308 2879 erat
3350 2824 3418 2881 de
3447 2826 3585 2893 ﬁliis
3613 2825 3785 2882 Israel

2184 2916 2388 2970 melior
2406 2914 2526 2969 illo.
2563 2913 2731 2985 Cujus
2752 2913 3001 2983 profecto
3024 2913 3341 2968 excellentia
3356 2914 3780 2979 commendatur,

2191 3016 2314 3057 cum
2338 3001 2614 3056 subditur:
2642 3002 2716 3057 Ab
2740 3002 2990 3069 humero,
3006 3005 3060 3057 et
3079 3018 3305 3057 sursum
3321 3004 3609 3058 eminebat
3630 3018 3790 3073 super

2196 3106 2421 3147 omnem
2443 3092 2735 3166 papulum.
2769 3091 2883 3145 Hac
2908 3090 3111 3161 quippe
3143 3090 3322 3160 specie
3345 3091 3658 3160 corporisin
3679 3106 3789 3162 per-

2192 3194 2325 3233 sona
2355 3178 2640 3233 ordinandi
2674 3178 2946 3241 antistitis,
2972 3178 3371 3249 prtesignantur
3397 3188 3520 3235 acta
3567 3179 3791 3234 virtutis.

2191 3266 2334 3337 Quid
2366 3267 2510 3321 enim
2545 3269 2598 3321 in
2630 3268 2857 3322 humero
2881 3268 2986 3321 nisi
3016 3266 3275 3321 fortitudo
3301 3267 3672 3341 designatur?
3694 3266 3793 3323 Sed

2193 3356 2279 3427 qui
2310 3354 2381 3409 ab
2411 3357 2655 3423 humero,
2689 3364 2742 3410 et
2792 3372 3003 3410 sursum
3050 3372 3210 3427 super
3258 3371 3480 3412 omnem
3530 3357 3791 3428 populum

2192 3444 2479 3509 eminebat,
2515 3454 2624 3499 tam
2650 3444 2895 3499 sublimis
2923 3452 3141 3499 staturae
3185 3453 3318 3512 erat,
3375 3452 3437 3500 ut
3495 3445 3587 3516 qui
3641 3445 3793 3500 altior

2193 3537 2333 3588 esset
2367 3533 2419 3587 in
2445 3533 2668 3605 populo,
2702 3532 2877 3603 capite
2908 3549 3076 3605 usque
3106 3533 3175 3589 ad
3204 3533 3491 3589 humerum
3516 3533 3664 3606 regis
3685 3549 3801 3605 per-

2193 3621 2420 3694 tingere!
2454 3640 2466 3676 :
2497 3626 2706 3676 futurus
2737 3637 2866 3677 vero
2888 3637 2987 3676 rex
3012 3621 3151 3677 collo
3165 3630 3213 3676 et
3245 3622 3426 3692 capite
3458 3622 3795 3677 altitudinem

2191 3711 2433 3766 omnium
2465 3717 2759 3781 superaret.
2787 3708 2978 3781 Capita
3007 3726 3135 3765 vero
3162 3726 3282 3780 quae
3316 3719 3461 3781 sunt,
3512 3711 3619 3766 nisi
3676 3709 3799 3765 sub-

2186 3799 2345 3869 jectae
2374 3800 2551 3870 plebis
2579 3800 2833 3855 mentes?
2864 3797 2999 3867 Quae
3025 3815 3146 3853 cum
3178 3798 3337 3853 valde
3364 3799 3680 3866 tenduntur,
3713 3812 3801 3853 us-

2193 3905 2297 3961 que
2323 3889 2393 3944 ad
2419 3891 2702 3944 humerum
2732 3887 3016 3943 ordinandi
3047 3887 3196 3959 regis
3228 3887 3543 3961 pertingunt
3561 3887 3731 3959 ?quia
3751 3887 3793 3941 is

2193 3977 2283 4050 qui
2316 3979 2385 4033 ad
2418 3977 2717 4051 regendum
2748 3976 2960 4032 culmen
2989 3984 3188 4031 sancta:
3213 3975 3476 4032 Ecclesiae
3519 3977 3799 4049 quaeritur,

2194 4075 2353 4122 tantae
2382 4066 2544 4122 debet
2573 4082 2690 4121 esse
2720 4064 3086 4137 perfectionis,
3145 4072 3202 4119 ut
3244 4065 3517 4137 quidquid
3571 4064 3803 4137 populus

2192 4154 2261 4209 de
2288 4155 2429 4210 bono
2462 4171 2627 4225 opere
2660 4154 2761 4208 sibi
2792 4155 2907 4209 vult
2937 4168 3258 4225 pr0ponere,
3292 4153 3346 4207 in
3373 4169 3476 4208 sua
3507 4168 3804 4211 conversa-

2191 4243 2335 4298 tione
2364 4243 2563 4299 debeat
2593 4244 2989 4299 demonstrare.
3023 4240 3189 4310 Quasi
3220 4242 3363 4296 enim
3395 4243 3550 4315 regis
3605 4244 3799 4297 hume-

2191 4349 2308 4387 rum
2360 4333 2543 4403 capita
2599 4332 2773 4403 plebis
2804 4339 3050 4404 tangunt,
3085 4330 3302 4401 quando
3354 4346 3551 4385 eorum
3611 4331 3799 4393 corda,

485 4412 835 4487 subjungitur
867 4431 879 4471 :
913 4419 1098 4473 Fortis
1118 4421 1330 4476 robore.
1365 4420 1499 4477 Sunt
1527 4421 1773 4477 nonnulli
1804 4402 2082 4478 intrasan—
2110 4402 2163 4463 D
2193 4402 2453 4492 quidquid
2486 4421 2694 4475 virtutis
2725 4419 2777 4473 in
2806 4402 3140 4490 suoﬁpastore
3171 4426 3437 4490 quaerunt,
3497 4417 3799 4475 inveniunt.

487 4509 629 4556 ctam
687 4502 1009 4574 Ecclesiam,
1068 4507 1157 4578 qui
1215 4508 1444 4566 elatione
1500 4518 1638 4580 sunt,
1692 4520 1743 4566 et
1771 4504 2083 4584 arrogantia

489 4589 672 4644 fortes.
704 4592 843 4647 Nam
873 4608 1078 4667 magna
1108 4606 1309 4668 agunt:
1334 4598 1431 4652 sed
1448 4612 1570 4654 cum
1591 4598 1812 4655 laudare
1838 4601 2083 4657 homines

489 4691 554 4731 ea
580 4694 699 4746 quae
730 4688 916 4752 agunt,
949 4682 1223 4753 desinunt,
1283 4687 1474 4742 eadem
1523 4704 1725 4759 magna
1774 4688 1873 4759 ipsi
1918 4705 2081 4763 agere

486 4768 928 4835 praetermittunt.
961 4770 1135 4827 Fortis
1164 4788 1295 4846 ergo
1326 4775 1524 4831 robore
1552 4784 1654 4844 est,
1685 4776 1778 4848 qui
1806 4777 2077 4847 virtutem,

491 4869 653 4925 quam
676 4860 943 4913 monstrat
970 4859 1026 4913 in
1056 4876 1221 4932 Opere
1248 4862 1415 4931 bono,
1442 4864 1604 4920 habet
1644 4880 1675 4919 a
1713 4866 1917 4936 Spiritu
1948 4883 2079 4921 san-

483 4949 592 4999 cto.
643 4945 725 5001 De
767 4963 876 5018 quo
930 4948 1181 5004 nimirum
1212 4952 1409 5008 robore
1438 4954 1685 5026 superius
1729 4955 1851 5025 (Ad.
1903 4971 1979 5021 vr,
2026 4958 2079 5023 2)

476 5034 631 5090 Anna
661 5033 714 5089 in
744 5036 960 5092 cantico
984 5038 1271 5094 vaticinata
1300 5048 1401 5109 est,
1424 5042 1870 5112 dicenszlnﬁrmi
1887 5045 2077 5098 accin-

477 5121 559 5176 cti
585 5125 725 5177 sunt
750 5122 969 5181 robore.
1016 5128 1123 5195 20
1138 5129 1177 5189 2
1194 5127 1275 5181 De
1299 5128 1406 5184 hoc
1422 5129 1978 5199 Dominusdiscipulis
1996 5145 2078 5183 re-

476 5210 759 5280 promittit,
773 5212 962 5269 dicens
977 5232 990 5269 :
1005 5214 1200 5271 Sedete
1216 5217 1279 5271 in
1301 5218 1551 5285 civitate,
1564 5218 1736 5274 donec
1752 5218 2081 5275 induamini

477 5299 694 5359 virtute
715 5317 790 5359 ea:
810 5304 1093 5375 alto(Lue.
1109 5319 1272 5373 XXIV,
1302 5306 1413 5372 49).
1445 5306 1505 5361 In
1531 5306 1635 5362 hoc
1655 5306 1852 5363 robore
1871 5308 2079 5364 fortiter

546 5496 629 5569 (α)
652 5497 779 5556 Haec
801 5498 857 5555 in
885 5500 1054 5571 Gilot,
1086 5509 1139 5559 et
1168 5502 1324 5561 Vatic
1352 5504 1697 5562 omittuntur.

2192 4507 2298 4563 Sed
2330 4525 2424 4563 rex
2455 4507 2719 4579 praecellit
2764 4507 2928 4577 collo,
2987 4507 3248 4578 praecellit
3294 4516 3346 4562 et
3395 4507 3605 4577 capite.
3659 4503 3800 4576 Quid

2192 4597 2334 4651 enim
2363 4597 2416 4651 in
2448 4597 2609 4663 collo,
2644 4598 2739 4650 nisi
2770 4596 2966 4651 locutio
2989 4615 3005 4647 :
3027 4595 3156 4666 quid
3188 4597 3241 4648 in
3268 4596 3467 4667 capite,
3505 4595 3611 4649 nisi
3642 4611 3802 4649 men-

2190 4686 2259 4741 tis
2304 4686 2693 4757 contemplatio
2736 4684 3095 4755 designatur?
3140 4684 3324 4754 Capite
3362 4700 3501 4755 ergo
3557 4693 3613 4740 et
3662 4683 3805 4740 collo

2192 4776 2536 4830 subditorum
2569 4774 2809 4829 omnium
2868 4774 3045 4843 capita
3092 4773 3327 4837 excellit,
3361 4772 3407 4827 si
3449 4774 3804 4844 contempla-

2192 4863 2353 4918 tionis
2383 4863 2667 4917 altitudine
2689 4861 2953 4916 mirabilis
2970 4870 3070 4927 est,
3097 4870 3149 4916 et
3166 4860 3497 4915 sublimitate
3516 4861 3805 4917 doctrinae.

2192 4952 2358 5020 Quasi
2385 4953 2527 5007 enim
2560 4952 2735 5022 capite
2767 4949 3014 5005 sublimis
3038 4958 3141 5016 est,
3175 4966 3297 5004 cum
3346 4950 3437 5004 illa
3483 4951 3555 5006 de
3581 4950 3809 5005 secretis

2187 5041 2505 5096 coelestibus
2530 5041 2952 5109 contemplatur,
2982 5056 3101 5108 qua}
3151 5038 3239 5093 alii
3292 5039 3663 5108 contemplari
3694 5052 3807 5092 non

2189 5137 2437 5201 possunt.
2472 5130 2684 5185 Collum
2716 5144 2933 5201 quoque
2962 5142 3124 5196 super
3143 5126 3281 5181 alios
3299 5127 3480 5193 habet,
3501 5127 3601 5197 qui
3619 5126 3807 5182 altitu-

2191 5220 2317 5276 dine
2339 5219 2632 5275 locutionis
2653 5235 2765 5273 suae
2782 5216 3063 5279 mirabilis,
3102 5215 3407 5286 aequandus
3435 5215 3510 5269 ab
3541 5216 3667 5270 aliis
3695 5230 3806 5270 non

2186 5316 2288 5367 est.
2315 5307 2478 5379 Quasi
2510 5309 2653 5365 enim
2684 5316 2847 5379 caput
2876 5306 2929 5361 in
2950 5303 3184 5360 sublime
3204 5304 3493 5374 extulerat,
3535 5305 3632 5378 qui
3657 5304 3808 5361 dice-
