4034 6174
327 279 435 333 249

1187 280 1262 335 IN
1301 278 1569 338 PRIMUM
1609 280 1858 339 REGUM
1896 282 2439 343 EXPOSITIONES.
2472 316 2536 328 --
2579 287 2706 343 LIB.
2741 286 2831 342 IV.

3544 287 3645 340 250

335 400 451 455 bat.
492 402 735 457 Veniant
755 403 832 459 ad
848 404 927 473 (a)
944 404 1181 462 uisiones
1202 408 1258 461 et
1280 407 1653 463 relevationes
1680 407 1938 464 Domini.
1976 408 2036 471 Α
2065 424 2225 465 omne
2280 409 2423 480 quod
2475 410 2590 483 agit
2636 409 2926 481 spiritualis
2953 414 3053 464 est.
3086 409 3262 464 Unum
3308 421 3541 476 namque
3591 404 3662 460 de

325 490 453 545 Scio
471 490 799 561 hujusmadi
817 494 1103 550 hominem
1132 494 1245 550 sive
1266 496 1330 550 in
1355 509 1604 567 corpore,
1640 498 1756 552 sive
1777 504 1949 553 extra

328 594 552 651 corpus,
575 581 789 648 nescia,
830 584 977 639 Deus
993 582 1198 651 scit(ll
1222 584 1342 639 Cor.
1368 599 1471 649 xu,
1502 588 1549 652 t,
1572 586 1646 653 2).
1669 584 1776 640 Sed
1805 584 1949 641 velut

337 667 550 723 electus
592 671 647 723 et
693 668 878 725 bonus
917 687 1031 742 rex,
1066 679 1122 726 ut
1150 672 1353 727 collum
1385 673 1546 727 etiam
1573 689 1741 746 super
1768 674 1948 746 capita

334 757 525 812 omnia
553 773 615 813 se
642 764 825 814 tenere
845 760 1177 826 ostenderet,
1204 760 1280 816 ait
1300 778 1315 817 :
1336 762 1569 818 Audicit
1587 780 1800 819 arcana
1819 779 1944 820 ver-

325 846 418 912 ba,
446 863 573 919 qua
602 863 716 905 non
753 848 887 904 licet
913 848 1128 906 homini
1146 851 1297 923 loqui
1324 850 1511 919 (Ιὺίἁ.,
1554 852 1629 922 4).
1656 850 1798 920 Quid
1820 868 1947 908 vero

325 935 485 1005 quasi
508 934 757 990 eminens
775 937 976 992 collum
1011 939 1129 1009 ejus
1145 938 1584 1007 miramuriuiis,
1612 943 1773 1010 203
1825 958 1948 1014 qua:

324 1024 524 1079 tacuit?
552 1024 929 1098 Adaequemus
943 1027 1141 1093 eum,si
1161 1043 1470 1099 possumus,
1485 1030 1541 1083 in
1564 1029 1631 1085 iis
1654 1046 1777 1099 quae
1789 1030 1943 1085 dixit.

320 1113 404 1169 De
436 1112 583 1169 collo
610 1115 846 1185 apostoli
875 1115 1035 1171 Pauli
1050 1119 1698 1189 processeruntepistolae
1722 1120 1862 1189 ejus,
1895 1127 1948 1173 et

320 1217 446 1257 cum
478 1202 550 1257 ab
580 1202 677 1259 illo
698 1212 947 1276 tempore
981 1206 1251 1276 coeperint
1278 1222 1374 1262 eas
1406 1208 1509 1262 viri
1542 1208 1820 1278 sapientes
1843 1223 1947 1264 ex—

322 1306 555 1362 ponere,
587 1291 765 1347 adhuc
793 1302 1059 1349 conantur
1086 1309 1153 1349 ea
1181 1312 1306 1365 quae
1359 1296 1497 1350 dixit
1539 1296 1738 1351 melius
1780 1296 1943 1353 scire.

326 1381 576 1452 Cumque
605 1381 848 1453 quotidie
871 1381 927 1436 in
957 1383 1075 1454 ejus
1102 1383 1416 1441 eruditione
1451 1383 1757 1455 proﬁciunt,
1792 1386 1948 1456 quasi

325 1468 399 1523 ad
430 1470 801 1525 summitatem
834 1470 960 1526 colli
1009 1472 1319 1540 innitentes,
1379 1473 1695 1545 pertingere
1732 1490 1944 1545 nequa-

327 1573 499 1627 quam
529 1567 783 1628 possunt.
820 1560 1076 1616 Emineat
1105 1576 1242 1634 ergo
1266 1578 1360 1617 rex
1391 1563 1555 1629 collo,
1590 1562 1823 1618 emineat
1848 1578 1946 1620 oa-

322 1646 464 1717 pite,
496 1647 565 1701 sit
592 1648 821 1703 humero
856 1647 1107 1704 sublimis
1131 1669 1143 1712 ;
1163 1657 1219 1705 ut
1240 1652 1653 1707 conversatione
1675 1652 1947 1722 perfectus

2058 499 2240 570 pueris
2270 498 2408 565 tulit,
2451 500 2651 569 dequo
2683 499 3001 570 praedictum
3027 505 3110 552 est
3156 515 3169 551 :
3224 496 3343 567 Ipse
3378 495 3658 566 praeedet

2056 591 2192 643 ante
2208 588 2451 643 illumin
2462 588 2675 659 spiritu
2686 591 2741 643 et
2756 589 2968 643 virtute
2979 586 3137 652 Ειὶιε(
3148 585 3281 640 Luc.
3307 602 3346 652 ι,
3374 584 3649 653 t7)Unum

2054 692 2281 747 puerum
2299 692 2485 732 secum
2497 676 2704 743 tulerat,
2725 677 2815 747 qui
2840 676 2913 729 ait
2932 692 2944 730 :
2962 675 3081 731 Non
3102 673 3367 729 habemus
3385 672 3654 743 spiritum

2057 766 2458 834 huiusmundi,
2478 766 2574 821 sed
2589 767 2860 837 spiritum
2892 765 2988 836 qui
3021 779 3096 818 ea:
3130 763 3237 817 Dea
3266 764 3351 816 est
3387 760 3433 829 (ι
3455 760 3647 824 Car.n,

2057 854 2167 927 19).
2200 855 2338 910 Hinc
2365 855 2563 909 iterum
2600 853 2729 910 dicit
2750 872 2763 908 :
2783 855 2890 910 nos
2903 869 3133 909 sensum
3157 849 3363 906 Christi
3386 848 3652 904 habemus

2058 944 2235 1014 (lbid.,
2270 944 2380 1016 16).
2409 944 2545 998 Hinc
2572 960 2672 1014 per
2718 943 3059 998 Ezechielem
3089 941 3155 996 de
3202 938 3399 994 sanctis
3435 937 3649 993 anima-

2056 1033 2199 1087 libus
2219 1033 2413 1088 dicitur
2439 1050 2451 1088 :
2471 1034 2568 1091 Ubi
2597 1036 2721 1089 erat
2752 1034 2997 1106 impetus
3020 1030 3255 1102 spiritus
3270 1029 3410 1083 illuc
3424 1027 3652 1099 gradie-

2055 1122 2461 1192 banturthec.
2494 1122 2680 1192 1,12).
2725 1121 2991 1189 Quaerens
3045 1133 3177 1190 ergo
3228 1116 3431 1180 asinus,
3485 1129 3649 1169 unum

2053 1210 2123 1266 de
2153 1210 2337 1282 pueris
2362 1210 2500 1266 tollit
2529 1229 2543 1265 :
2579 1211 2790 1281 quando
2820 1210 2885 1276 is,
2939 1209 3033 1280 qui
3082 1206 3296 1263 naviter
3349 1203 3652 1259 animarum

2054 1299 2203 1355 lucra
2230 1315 2470 1372 quaerere
2500 1300 2705 1370 incipit,
2737 1316 2859 1371 qua)
2889 1313 3053 1371 agere
3081 1304 3251 1368 putat,
3279 1293 3461 1350 omnia
3484 1291 3650 1362 spiri-

2056 1388 2234 1444 taliter
2257 1405 2418 1460 agere
2448 1388 2703 1459 disponit.
2736 1387 2982 1443 Invenire
3008 1394 3185 1442 autem
3206 1384 3653 1451 asinas,cstpec-

2054 1482 2269 1533 ratores
2298 1478 2351 1532 in
2382 1478 2501 1533 luce
2528 1477 2825 1533 sanctitatis
2870 1491 3170 1532 conversos
3208 1472 3451 1545 aspicere
3512 1471 3651 1524 Nam

2052 1566 2202 1620 velut
2232 1565 2455 1637 perditae
2481 1566 2647 1621 asinae
2677 1582 2787 1621 non
2815 1565 3174 1629 invenientur,
3196 1560 3410 1632 quando
3438 1558 3494 1614 in
3524 1572 3656 1629 pec-

2053 1662 2295 1710 catorum
2328 1654 2578 1722 tenebris,
2611 1654 2840 1726 reproba
2863 1653 3029 1710 corda
3057 1668 3118 1707 se
3141 1652 3392 1708 obruunt.

318 1734 416 1803 sit,
477 1734 699 1807 eloquio
756 1737 1040 1807 mirabilis,
1094 1754 1207 1809 prae
1263 1739 1476 1795 caeteris
1509 1740 1709 1795 arduus
1736 1740 1793 1795 in
1821 1756 1944 1797 arce
1970 1775 2024 1835 B
2124 1744 2214 1799 22.
2248 1745 2312 1799 Et
2341 1744 2467 1816 quia
2493 1760 2591 1815 per
2619 1744 2857 1816 quinque
2910 1758 3103 1799 sensus
3133 1739 3377 1812 corporis
3422 1737 3490 1793 ad
3519 1751 3649 1835 eas-

318 1824 827 1896 contemplationis.
858 1827 988 1896 Sed,
1010 1828 1103 1899 qui
1132 1828 1542 1885 conversatione
1571 1846 1803 1901 magnus
1832 1838 1934 1896 est,

316 1913 547 1985 eloquio
576 1914 907 1987 praecipuus,
931 1933 1049 1987 prae
1064 1917 1321 1973 omnibus
1341 1918 1802 1990 contemplatione
1823 1934 1945 1973 sus-

323 2018 557 2073 pensus,
611 2005 931 2074 priusquam
978 2006 1259 2076 perveniat
1292 2006 1361 2062 ad
1392 2008 1606 2063 culmen
1632 2007 1941 2079 regiminis,

312 2090 485 2162 signa
512 2092 752 2148 exterius
799 2092 1002 2149 habere
1040 2093 1202 2150 debet
1231 2094 1485 2150 fraternae
1529 2096 1806 2151 charitatis
1838 2113 1852 2150 :
1886 2105 1941 2150 ut

308 2181 587 2236 videlicet
616 2181 698 2237 sic
722 2183 1096 2251 proximorum
1132 2183 1549 2239 sollicitudinem
1608 2184 1825 2253 habeat,
1884 2192 1942 2238 ut

301 2269 384 2324 ad
410 2277 680 2325 aeternam
708 2270 869 2325 vitam
902 2270 1050 2327 lucra
1079 2273 1378 2329 animarum
1401 2282 1623 2344 quaerat.
1643 2274 1784 2329 Bene
1809 2288 1941 2345 ergo

306 2359 377 2413 in
408 2374 606 2414 eorum
640 2368 766 2432 typo
795 2360 1146 2434 subjungitur
1176 2380 1188 2417 :

387 2447 584 2516 (Vers.
614 2451 665 2515 3,
700 2449 778 2520 ι.)
823 2451 1126 2507 Perierunt
1158 2455 1350 2508 autem
1401 2453 1579 2506 asina:
1615 2451 1724 2520 Cis,
1755 2451 1941 2524 patris

289 2537 453 2593 Saul
477 2556 500 2589 :
523 2542 579 2594 et
607 2538 758 2594 dixit
781 2540 870 2595 σε.
891 2538 965 2595 ad
978 2538 1122 2595 Saul
1142 2540 1328 2609 ﬁlium
1344 2556 1508 2597 suum
1530 2559 1547 2592 :
1576 2540 1726 2598 Tolle
1750 2543 1933 2595 tecum

287 2643 508 2683 unum
538 2627 604 2683 de
622 2630 915 2699 pueris,et
942 2646 1179 2701 surgens
1225 2631 1379 2696 vade,
1414 2635 1470 2686 et
1500 2646 1686 2702 qurere
1714 2631 1929 2685 asinos.

288 2715 416 2783 Qui
443 2730 584 2770 cum
610 2718 957 2773 transissent
1000 2734 1102 2789 per
1130 2723 1389 2775 montem
1422 2720 1712 2792 Ephraim,
1746 2722 1805 2773 et
1830 2733 1933 2791 per

285 2808 535 2860 terram
551 2804 754 2872 Salisa,
768 2810 955 2862 etnon
970 2807 1347 2875 invenissent,
1375 2809 1743 2864 transierunt
1754 2807 1931 2862 etiam

277 2909 403 2965 per
417 2897 643 2949 terram
658 2894 858 2963 Salim,
878 2899 935 2951 et
950 2912 1064 2953 non
1081 2899 1268 2964 erant,
1288 2899 1344 2953 et
1353 2912 1457 2968 per
1470 2903 1685 2953 terram
1695 2894 1931 2964 Jemini,

280 2987 356 3039 et
388 2982 637 3038 minime
666 2998 943 3054 reperere.

384 3073 478 3124 21.
516 3070 629 3139 Cis,
661 3072 754 3143 qui
780 3071 949 3127 durus
976 3072 1193 3143 dicitur,
1223 3089 1333 3131 non
1346 3074 1518 3130 solum
1552 3076 1761 3131 electos
1787 3076 1921 3145 ejus,

2053 1832 2177 1888 dem
2208 1841 2556 1904 peccatorum
2586 1832 2833 1888 tenebras
2878 1832 3152 1901 decidunt,
3183 1830 3419 1902 quinque
3462 1825 3650 1897 regio-

2053 1920 2211 1975 nibus
2248 1924 2408 1991 204
2439 1938 2545 1977 non
2575 1922 2914 1977 invenienda:
2945 1921 3344 1993 perquiruntur,
3403 1914 3653 1971 videlicet

2053 2019 2235 2067 monte
2263 2010 2549 2080 prraim,
2566 2019 2706 2066 terra
2738 2010 2929 2078 Salisa,
2945 2019 2996 2066 et
3012 2010 3201 2079 Salim,
3217 2015 3270 2064 et
3297 2006 3395 2063 viri
3411 2002 3646 2069 Gemini,

2052 2109 2104 2155 et
2133 2101 2303 2169 Zuph.
2332 2098 2709 2170 Unusquisque
2727 2100 2925 2155 etenim
2952 2099 3046 2153 ubi
3088 2114 3185 2169 per
3212 2102 3493 2166 peccatum
3518 2107 3653 2163 pro-

2046 2187 2259 2257 jicitur,
2289 2187 2364 2242 ibi
2390 2188 2721 2251 occultatur;
2756 2191 2806 2244 et
2843 2187 2998 2259 quasi
3027 2186 3289 2256 perditus,
3314 2182 3405 2237 ubi
3427 2183 3497 2237 sit
3519 2196 3648 2236 nes-

2049 2276 2212 2345 citur,
2241 2276 2457 2348 quando
2472 2275 2692 2347 justitiae
2713 2277 2909 2344 lucem,
2928 2276 2981 2330 in
3004 2276 3130 2347 quia
3151 2290 3277 2329 eum
3290 2273 3434 2327 Deus
3448 2269 3648 2340 posuit,

2050 2365 2393 2435 derelinquit.
2426 2366 2563 2420 Hinc
2584 2374 2682 2434 est,
2714 2365 2858 2438 quod
2884 2364 2937 2419 in
2969 2363 3220 2436 paradiso
3276 2366 3399 2433 post
3449 2373 3646 2430 pecca-

2049 2462 2182 2522 tum,
2205 2455 2440 2525 primum
2472 2455 2745 2510 hominem
2778 2455 2986 2525 qurerit,
3013 2453 3231 2509 dicens:
3253 2448 3558 2514 Adam,ubi
3588 2461 3645 2503 es

2048 2544 2210 2615 (Gen.
2241 2560 2322 2610 tu,
2353 2544 2405 2615 9)
2428 2545 2455 2597 εἰ
2486 2543 2656 2612 Quasi
2686 2544 2827 2598 dicat
2860 2561 2871 2597 :
2901 2542 3039 2612 Quia
3065 2550 3116 2597 te
3146 2543 3200 2594 in
3230 2541 3349 2596 luce
3371 2553 3473 2611 qua
3485 2535 3640 2607 posui

2048 2648 2156 2687 non
2184 2632 2420 2701 invenio,
2454 2621 2765 2688 demonstra
2796 2640 2846 2687 te
2868 2631 2957 2686 ubi
2984 2630 3230 2702 posuisti.
3265 2629 3399 2683 Hinc
3413 2627 3481 2681 de
3494 2640 3644 2679 mor-

2049 2728 2138 2775 tuo
2152 2721 2347 2776 Lazaro
2370 2721 2623 2791 exquirit,
2643 2721 2854 2776 dicens:
2875 2720 2969 2778 Ubi
2983 2719 3249 2791 posuistis
3279 2734 3408 2773 eum
3443 2716 3633 2786 (toan.

2044 2824 2119 2878 χι,
2142 2810 2275 2875 35)?
2295 2808 2401 2865 Sed
2432 2826 2596 2881 quem
2630 2808 2780 2881 quasi
2812 2807 3077 2879 perditum
3109 2804 3402 2876 quaerebat,
3447 2812 3505 2857 ut
3552 2801 3640 2856 in-

2040 2898 2246 2953 veniret
2259 2896 2509 2970 progredi
2532 2896 3069 2968 imperabat,dicens:
3086 2891 3453 2961 Lamre,vcni
3467 2893 3639 2961 foras.

2040 2986 2298 3041 Perditur
2325 3002 2460 3060 ergo
2504 2987 2688 3053 homo,
2735 3001 2857 3040 cum
2904 2991 3090 3056 peccat
3137 2998 3149 3037 :
3206 2980 3490 3049 invenitur,
3518 2994 3637 3034 cum

2038 3084 2323 3145 peccatum
2357 3075 2649 3131 adversum
2677 3090 2754 3141 se,
2783 3075 2893 3144 jam
2944 3072 3257 3145 ptrnitendo
3309 3067 3637 3141 pronuntiat.

276 3159 401 3216 sed
434 3159 621 3230 ipsum
648 3140 809 3216 etiam
830 3140 1248 3233 Redemptorem
1280 3162 1569 3236 signiﬁcat.
1588 3166 1763 3221 Nemo
1784 3140 1927 3220 enim
1958 3140 2007 3204 Ο
2036 3140 2174 3232 Quia
2203 3165 2345 3219 enim
2393 3180 2491 3234 per
2515 3178 2668 3219 sacra
2720 3140 3235 3233 eloquia—peccatori
3278 3140 3589 3229 praecipitur
3620 3172 3632 3209 :

277 3248 410 3310 sibi
441 3263 515 3304 eo
546 3248 732 3305 durior
754 3249 971 3305 exstitit.
1004 3250 1177 3320 Hujus
1201 3268 1435 3323 namque
1465 3252 1682 3310 duritia:
1712 3252 1927 3323 asperi-

277 3347 471 3395 tatem
498 3338 1083 3408 prophetainsinuans,
1102 3340 1216 3395 ait:
1248 3343 1376 3397 Vere
1398 3343 1695 3414 languores
1708 3346 1926 3398 nostres

272 3430 423 3501 ipse
437 3428 691 3495 tullit,et
706 3427 925 3485 dolores
936 3431 1159 3485 nostros
1173 3431 1287 3502 ipse
1301 3432 1552 3503 portavit
1566 3431 1703 3502 (Isa.
1719 3446 1832 3495 Lm,
1847 3430 1921 3499 4).

276 3515 446 3571 Mori
480 3514 634 3570 enim
666 3517 990 3572 mortalibus
1013 3533 1121 3572 non
1152 3524 1236 3573 est
1266 3519 1401 3588 pati.
1458 3519 1741 3589 passibiles
1765 3519 1927 3575 dam-

270 3614 445 3662 natae
474 3612 712 3659 naturae.
741 3605 837 3661 Ille
861 3621 999 3678 ergo
1028 3606 1133 3660 sibi
1164 3606 1331 3661 durus
1360 3607 1709 3664 vehementer
1753 3608 1922 3663 exsti—

268 3698 377 3761 tit,
416 3693 515 3765 qui
547 3692 604 3747 in
631 3709 690 3748 se
718 3693 862 3750 unde
887 3702 1188 3766 pateretur,
1220 3711 1328 3751 non
1363 3695 1554 3751 habuit
1588 3712 1601 3751 :
1629 3697 1727 3753 sed
1752 3706 1807 3752 ut
1826 3713 1924 3753 nos

270 3783 575 3856 patiendo
606 3781 887 3851 liberaret,
915 3784 975 3838 in-
1002 3800 1111 3856 quo
1141 3784 1244 3840 sibi
1269 3785 1438 3840 durus
1494 3794 1657 3853 esset,
1712 3794 1765 3842 et
1811 3787 1921 3856 pati

274 3889 401 3945 pos
430 3879 491 3928 et
516 3871 813 3945 dignanter
840 3874 1156 3945 assumpsit.
1184 3874 1367 3930 Asina:
1421 3874 1515 3931 Cis
1560 3883 1683 3930 sunt
1728 3875 1922 3932 animm

264 3959 641 4034 peccauices
671 3960 724 4029 (Ι
749 3964 872 4033 Reg.
903 3964 986 4033 ι).
1033 3961 1176 4031 Quia
1208 3963 1373 4019 etiam
1423 3964 1478 4017 in
1524 3963 1631 4020 ﬁde
1677 3964 1918 4020 Redem-

265 4050 476 4125 ptoris
503 4059 850 4122 regeneratae
878 4060 1020 4118 sunt;
1048 4051 1195 4108 duras
1220 4069 1338 4108 esse
1365 4054 1619 4109 dicuntur
1650 4073 1661 4109 :
1694 4053 1920 4124 perdita:

264 4149 484 4197 autem
520 4138 716 4205 asinaa,
742 4140 868 4210 quia
897 4156 997 4211 per
1016 4140 1414 4196 immunditiam
1435 4141 1505 4195 ab
1525 4141 1648 4211 ejus
1668 4150 1794 4197 sunt
1811 4158 1921 4197 ser-

260 4231 426 4285 vitio
456 4235 752 4299 separatae.
782 4228 917 4284 Hinc
968 4236 1048 4284 est
1097 4228 1265 4296 enim,
1298 4229 1443 4299 quod
1499 4231 1568 4285 ad
1613 4230 1919 4301 passionem

278 4318 576 4381 tendens,
631 4316 896 4372 absolutae
952 4318 1141 4382 asinae.
1194 4327 1246 4373 et
1274 4319 1426 4388 pullo
1453 4318 1654 4374 insedit
1697 4320 1915 4386 (Matth.

258 4424 401 4476 xx],
440 4409 502 4476 7)
530 4423 546 4459 :
574 4412 631 4459 ut
650 4413 898 4474 patenter
921 4407 1255 4474 ostenderet,
1291 4406 1417 4476 quia
1447 4407 1515 4461 ad
1546 4408 1649 4463 hoc
1672 4410 1788 4478 pati
1818 4424 1922 4464 ve-

2036 3253 2137 3308 Dic
2152 3257 2214 3308 tu
2229 3254 2386 3325 prior
2398 3254 2732 3325 iniquitates
2754 3255 2903 3320 tuas,
2918 3255 2984 3307 ut
2993 3248 3632 3322 justiﬁceris(lsa.x1.m,

2037 3345 2125 3410 26,
2174 3358 2282 3397 sec.
2337 3340 2494 3410 LXX)
2540 3358 2551 3393 :
2600 3340 2729 3395 dum
2775 3341 2887 3406 ille,
2922 3339 3008 3410 qui
3039 3338 3303 3409 peccavit,
3335 3334 3642 3391 conﬁtendo

2029 3429 2306 3501 justiﬁcari
2339 3429 2546 3499 incipit,
2576 3430 2631 3483 in
2660 3429 2777 3484 luce
2804 3430 2918 3499 jam
2949 3428 3197 3491 cernitur,
3252 3425 3343 3479 ubi
3391 3425 3499 3492 jam
3548 3435 3639 3492 po-

2032 3519 2166 3573 situs
2195 3517 2489 3573 invenitur.
2523 3517 2649 3573 Saul
2680 3526 2880 3581 autem,
2912 3517 3001 3587 qui
3029 3516 3216 3570 asinae
3241 3527 3511 3584 quaerens,
3529 3525 3637 3566 non

2035 3605 2258 3673 invenit,
2292 3606 2482 3661 eruditi
2512 3607 2731 3676 quidem
2761 3603 3130 3677 praedicatoris
3179 3616 3468 3674 personam
3500 3599 3638 3654 desi-

2030 3704 2180 3768 gnat,
2212 3695 2310 3749 sed
2337 3695 2555 3750 noviter
2586 3694 2913 3765 incipientis.
2960 3693 3139 3762 Quem
3179 3691 3422 3762 profecto
3453 3687 3635 3744 omni—

2035 3793 2228 3856 potens
2256 3785 2401 3839 Deus
2430 3784 2831 3854 praedirationis
2861 3784 3090 3837 fructum
3123 3779 3315 3835 afferre
3343 3794 3451 3833 non
3505 3777 3639 3849 pati-

2031 3889 2133 3943 tur,
2183 3888 2251 3927 ne
2314 3871 2478 3927 vilem
2533 3880 2880 3943 peccatorum
2931 3870 3342 3926 conversionem
3385 3867 3637 3934 aestimet,

2029 3961 2155 4015 dum
2213 3959 2404 4015 leviter
2459 3969 2770 4016 convertere
2826 3976 2919 4015 eos
2975 3958 3045 4013 ad
3103 3959 3395 4014 Dominum
3426 3962 3626 4028 potest.

2030 4048 2283 4105 Diﬁertur
2310 4066 2441 4122 ergo
2473 4049 2774 4117 conversio,
2835 4056 2893 4103 ut
2943 4049 3185 4104 conversi
3217 4047 3511 4117 diligantur
3542 4048 3562 4099 ε’
3586 4052 3639 4098 et

2029 4154 2124 4195 eos
2148 4138 2470 4209 praedicator
2497 4146 2648 4194 tanto
2679 4138 2915 4208 amplius
2964 4145 3131 4202 amet,
3188 4144 3385 4207 quanto
3434 4132 3636 4188 clarius

2029 4228 2195 4296 videt,
2228 4228 2353 4299 quia
2381 4243 2475 4283 eos
2500 4227 2696 4283 lucrari
2727 4228 2834 4284 cito
2862 4242 2970 4283 non
3000 4225 3281 4298 prazvalet.
3340 4223 3448 4279 Sed
3504 4223 3633 4276 dum

2029 4317 2199 4373 sancti
2232 4317 2328 4373 viri
2358 4316 2427 4373 de
2456 4316 2841 4388 praedicatione
2870 4331 2967 4371 sua
2995 4315 3130 4370 alios
3158 4320 3472 4369 convertere
3524 4325 3635 4365 non

2028 4414 2270 4476 possunt,
2305 4407 2373 4461 de
2399 4422 2458 4461 se
2485 4406 2836 4461 vehementer
2865 4405 3052 4460 timere
3083 4402 3384 4475 incipiunt:
3409 4416 3475 4456 ne
3504 4400 3632 4454 inde

260 4503 479 4561 uerat,
513 4502 579 4548 ut
606 4494 980 4564 peccatoribus
1007 4494 1338 4550 subveniret.
1378 4497 1669 4552 Pen-antes
1693 4513 1926 4567 namque
1951 4505 2002 4564 D
2031 4495 2383 4564 omnipotenti
2414 4496 2526 4549 Deo
2552 4494 2894 4565 displiceant,
2925 4494 3069 4549 unde
3100 4510 3157 4548 se
3191 4492 3240 4548 ei
3288 4492 3635 4546 vehementer

263 4588 494 4644 asinas
520 4598 587 4637 se
615 4599 857 4655 quaerere
872 4583 1160 4649 fatebatur,
1176 4598 1297 4639 cum
1329 4584 1571 4640 dicebat:
1596 4588 1753 4642 Venit
1770 4587 1927 4655 ﬁlius

265 4675 567 4733 hominis
580 4676 913 4742 (ιπηιγενεβί
923 4673 1144 4729 salvum
1156 4677 1345 4743 [acere
1358 4674 1502 4746 quod
1508 4675 1922 4745 perierat(Luc.

268 4781 424 4829 XIX,
460 4765 583 4829 {0).
613 4760 725 4815 Has
755 4760 938 4815 asinas
965 4768 1020 4816 et
1043 4777 1144 4832 per
1167 4762 1520 4833 semetipsum
1551 4763 1817 4834 quaesivit,
1870 4770 1924 4820 et

260 4855 487 4911 adhuc
508 4848 897 4920 praedicatores
924 4849 993 4904 ad
1020 4850 1374 4921 quaerendum
1406 4850 1588 4905 mittit.
1624 4852 1759 4907 Dicit
1791 4868 1921 4925 ergo

256 4945 371 4999 Cis
398 4939 529 4995 ﬁlio
559 4954 680 5001 suo,
712 4946 771 4993 ut
800 4939 980 4994 asinas
1000 4949 1224 5009 (uixerat,
1238 4939 1456 5011 quando
1487 4940 1781 4996 electorum
1796 4957 1920 4998 cor-

265 5033 476 5088 dibus
506 5026 775 5096 spirituali
808 5027 1161 5098 inspiratione
1212 5027 1551 5099 Redemptor
1589 5028 1842 5100 imperat,
1872 5037 1928 5084 ut

255 5124 321 5176 in
373 5115 803 5190 praedicationis
832 5115 1191 5171 ministerium
1220 5118 1548 5189 perganLIn
1577 5118 1927 5189 prcedicatio-

270 5211 377 5265 eis
414 5214 610 5261 autem
637 5203 818 5260 ofﬁcio
848 5213 1165 5276 pergentes,
1224 5206 1353 5276 quia
1409 5205 1583 5260 solum
1624 5207 1924 5276 spiritalem

258 5310 528 5356 sensum
559 5308 745 5349 secum
770 5293 973 5350 debent
998 5294 1216 5363 ducere,
1250 5311 1413 5350 unum
1468 5295 1565 5350 de‘
1590 5296 1772 5365 pueris
1818 5297 1923 5352 tol-

258 5390 407 5445 lere
438 5383 525 5453 (b)
545 5383 825 5454 jubentnr.
860 5384 1038 5440 Unum
1088 5400 1327 5456 namque
1371 5399 1600 5455 puerum
1631 5385 1790 5454 tollit,
1829 5385 1922 5459 qui

256 5480 425 5535 dum
468 5473 541 5528 ad
570 5471 924 5544 prehendam
953 5471 1075 5528 aliis
1106 5473 1340 5529 formam
1371 5472 1588 5529 vivendi
1635 5473 1838 5547 pergit,
1865 5474 1921 5532 in

343 5602 456 5673 (α)
495 5598 611 5654 Alii
632 5596 758 5655 editi
787 5606 1058 5671 corrupte,
1086 5598 1161 5656 ad
1188 5597 1491 5656 divisiones
1513 5599 1835 5671 gratiarum
1859 5605 1918 5659 et

256 5691 473 5755 repel.

2033 4584 2247 4653 placere
2276 4583 2593 4655 cogitabant
2625 4601 2639 4637 :
2672 4586 2726 4637 et
2754 4584 3073 4655 plerumque
3103 4582 3301 4655 agitur,
3334 4589 3392 4635 ut
3419 4580 3499 4635 sic
3527 4593 3631 4634 no-

2033 4687 2223 4727 vorum
2252 4672 2668 4742 praedicatorum
2701 4672 2868 4728 corda
2890 4679 3204 4737 terreantur,
3237 4679 3295 4725 ut
3334 4671 3447 4740 jam
3499 4683 3632 4740 pro-

2029 4768 2232 4829 ponant
2266 4760 2513 4832 ejusdem
2548 4760 2952 4830 praedicationis
2982 4760 3215 4815 ofﬁcium
3261 4759 3527 4823 deserere,
3579 4766 3633 4814 et

2028 4848 2143 4904 Deo
2171 4866 2265 4919 per
2281 4849 2553 4904 silentium
2583 4866 2798 4906 vacare.
2839 4849 3017 4919 Quare
3048 4857 3101 4905 et
3126 4848 3372 4903 subditur
3400 4865 3415 4902 :

2099 4939 2280 5009 (Vers.
2315 4938 2541 5007 5.)Cum
2570 4943 2764 4997 autem
2782 4940 3024 4997 venisset
3052 4940 3115 4994 in
3135 4942 3348 4994 terram
3369 4936 3554 5008 Zuph,
3574 4939 3631 4991 et

2028 5042 2145 5082 non
2168 5028 2494 5097 invenisset,
2518 5028 2677 5084 dixit
2709 5029 2843 5085 Saul
2872 5030 2945 5085 ad
2965 5044 3206 5101 puerum
3236 5042 3404 5081 suum
3438 5044 3456 5079 :
3503 5024 3632 5078 Veni

2025 5120 2398 5183 revertamur,
2430 5132 2501 5172 ne
2516 5119 2670 5188 forte
2690 5117 2970 5173 dimiserit
3007 5120 3176 5188 pater
3198 5129 3355 5169 meus
3408 5114 3624 5177 asinus,

2026 5209 2083 5260 et
2114 5206 2398 5261 sollicitus
2430 5207 2505 5261 sit
2532 5222 2632 5277 pro
2663 5205 2839 5260 nobis.

2096 5294 2183 5347 23.
2220 5293 2306 5348 Ad
2353 5301 2562 5365 patrem
2619 5293 2816 5349 reverti
2872 5292 3155 5354 deliberat,
3210 5288 3299 5360 qui
3330 5288 3627 5360 postposita

2023 5382 2316 5438 intentione
2333 5380 2750 5454 pra-.dicationis,
2769 5382 2883 5435 Deo
2902 5394 3097 5434 vacare
3111 5378 3317 5450 appetit
3337 5381 3394 5432 in
3416 5387 3625 5435 secreto

2019 5471 2236 5527 silentii.
2288 5471 2501 5528 Reverti
2556 5469 2771 5541 quidem
2828 5466 3043 5536 dicitur,
3096 5468 3187 5540 qui
3246 5467 3447 5524 missus
3503 5475 3625 5525 ante

2091 5595 2168 5668 (b)
2199 5595 2346 5654 Gilot
2368 5604 2422 5653 et
2452 5593 2649 5663 Vatic.,
2677 5592 2929 5662 iubetur.
