4034 6174
433 280 530 336 251
1642 273 1888 332 SANC'I'I
1928 275 2272 334 GREGORII
2309 277 2536 334 MAGNI

3645 273 3755 331 252

435 403 770 474 perhibetur.
804 401 972 472 Quasi
1003 403 1148 458 enim
1179 384 1365 459 coram
1389 410 1548 473 patre
1567 409 1690 456 sunt
1719 399 1834 468 lilii,
1869 417 2034 472 quan-
2061 401 2116 462 A
2147 402 2416 472 spirituali
2449 403 3006 475 sensuipert‘cctorum
3037 399 3460 472 praedicatorum
3491 402 3758 473 magiste-

439 492 510 548 do
539 493 695 548 electi
725 491 826 546 viri
856 491 1210 547 immorantur
1256 491 1313 547 in
1359 499 1561 548 secreta
1590 489 2048 561 contemplatione

440 579 846 652 Redemptoris.
880 582 1238 636 Revertantur
1285 581 1466 651 itaque
1511 580 1728 650 quando
1762 594 1796 634 a
1821 579 2046 649 publico

439 677 642 724 sanctae
698 669 1100 740 praedicationis
1154 669 1373 724 veniunt
1429 669 1500 724 ad
1555 668 1803 723 rimanda
1848 666 2049 739 gaudia

439 766 657 814 aitet-nae
687 757 964 814 claritatis.
997 758 1104 812 Sed
1135 759 1262 830 quia
1291 758 1456 812 sancti
1488 757 1586 813 viri
1612 757 1743 811 nihil
1764 764 1932 828 agunt
1961 756 2047 809 in-

442 847 690 915 consulti,
725 848 853 903 Saul
885 847 952 902 de
979 847 1291 902 reversione
1321 846 1390 901 ad
1419 855 1628 918 patrem
1657 862 1887 916 puerum
1911 860 2048 900 con-

441 935 622 990 suluit.
675 937 822 992 Tunc
869 951 1100 1006 namque
1146 952 1372 1006 puerum
1421 935 1772 1001 consulimus,
1832 934 2049 1004 quando

442 1024 648 1079 intenta
675 1032 856 1080 mente
886 1025 1266 1094 providemus,
1326 1033 1383 1079 ut
1438 1025 1582 1095 quod
1626 1032 1902 1079 tentamus
1931 1022 2047 1077 dis-

441 1128 668 1185 ponere,
721 1128 754 1169 a
799 1113 1063 1184 spirituali
1107 1130 1268 1168 sensu
1310 1129 1416 1168 non
1472 1113 1669 1168 debeat
1725 1111 1936 1166 didere.
1967 1112 2048 1165 Ad

441 1210 651 1272 patrem
679 1201 878 1272 quippe
907 1203 1104 1256 reverti
1137 1203 1493 1272 disposuerat,
1515 1201 1602 1272 qui
1629 1200 1874 1262 dicebat;
1895 1201 2047 1266 Dixi,

443 1291 758 1346 custodiam
777 1293 895 1346 vias
912 1296 1155 1358 meas,ut
1173 1307 1288 1348 non
1308 1289 1635 1364 delinquam
1651 1291 1712 1345 in
1729 1291 1886 1360 linga
1899 1305 2050 1344 mea:

442 1381 612 1435 Posui
633 1381 721 1436 ori
737 1395 857 1436 meo
879 1380 1353 1446 custodiam,cum
1365 1382 1702 1437 consisteret
1720 1382 1776 1434 et
1791 1381 2052 1450 peccator

445 1471 646 1524 contra
661 1469 936 1539 me(Psal.
964 1485 1200 1538 xxxvm,
1217 1471 1268 1538 1,
1292 1471 1365 1539 2).
1381 1470 1651 1524 Adversus
1662 1466 2051 1538 przedicatores

442 1565 698 1626 peccatos
725 1557 984 1626 consistit,
1026 1558 1238 1628 quando
1269 1557 1336 1612 ad
1361 1557 1806 1628 prmdicationem
1835 1571 2046 1624 eorum,

443 1651 644 1700 statum
672 1662 786 1702 suae
813 1646 1111 1718 iniquitatis
1140 1663 1248 1703 non
1279 1647 1502 1702 deserit.
1534 1647 1599 1700 Et
1619 1645 1746 1716 quia
1767 1653 1893 1700 tunc
1915 1660 2049 1714 pra:-

2157 492 2241 547 rio
2275 492 2474 562 subjici
2505 502 2808 549 monentur.
2841 493 2924 548 Ab
2953 493 3056 546 hoc
3083 506 3256 561 puero
3285 505 3384 546 nos
3415 490 3538 545 duci
3567 491 3763 545 admo-

2157 589 2266 650 net,
2291 581 2380 654 qui
2407 582 2568 637 dicit:
2594 583 2663 639 Si
2685 584 2894 654 spiritu
2913 581 3194 637 ducimini
3213 595 3326 636 non
3353 582 3490 635 estis
3522 579 3623 635 sub
3646 579 3762 650 lege

2160 669 2314 726 (Gal.
2364 687 2419 738 v,
2465 672 2573 741 ts).
2627 669 2988 739 Quaerendum
3021 684 3152 725 vero
3183 675 3280 736 est,
3311 685 3408 723 cur
3463 667 3762 722 dubitativa

2159 760 2372 814 dicatur
2397 777 2410 814 :
2438 760 2506 816 Si
2527 763 2673 830 forte
2691 759 2900 815 indicet
2921 759 3074 814 nobis
3095 758 3161 814 de
3182 759 3271 813 via
3293 760 3510 824 nostra,
3533 760 3764 828 propter

2155 865 2328 920 quam
2349 849 2628 904 venimus.
2682 848 2789 902 Sed
2815 847 2936 918 quia
2967 845 3270 918 spiritualia
3300 846 3507 900 discere
3533 845 3758 915 appetit,

2157 937 2283 1006 quia
2339 937 2580 1009 ingentia
2633 938 2774 992 dona
2824 937 2984 1008 gestit
3025 936 3314 1006 accipere:
3349 943 3524 989 utrum
3554 933 3760 988 eisdem

2159 1026 2316 1080 donis
2339 1026 2406 1080 sit
2436 1027 2656 1098 dignus,
2687 1027 2826 1082 scire
2855 1041 2961 1080 non
2990 1031 3192 1096 potest.
3223 1023 3480 1078 Dubitare
3510 1037 3641 1095 ergo
3669 1021 3761 1074 in-

2157 1115 2307 1185 cipit,
2340 1115 2429 1186 qui
2463 1123 2572 1170 tam
2605 1131 2804 1187 magna
2843 1113 3143 1184 promereri
3173 1129 3233 1168 se
3283 1111 3394 1166 suis
3423 1111 3626 1166 meritis
3655 1124 3764 1165 non

2156 1204 2455 1273 prmsumit.
2488 1203 2620 1272 Quae
2650 1204 2900 1257 nimirum
2948 1201 3210 1257 dubitatio
3265 1200 3448 1256 electis
3499 1200 3670 1256 oritur
3695 1213 3765 1254 ex

2159 1293 2350 1347 virtute
2380 1292 2718 1347 humilitatis.
2751 1290 2932 1362 Quare
2989 1298 3043 1346 et
3094 1289 3362 1346 comitatis
3418 1289 3570 1358 pueri
3629 1303 3768 1343 voce

2158 1381 2308 1436 Sauli
2338 1382 2534 1436 dicitur
2565 1399 2578 1436 :
2605 1382 2676 1436 Si
2694 1385 2842 1452 forte
2872 1381 3085 1436 indicet
3116 1379 3274 1435 nobis
3310 1377 3378 1434 de
3411 1377 3503 1434 via
3538 1381 3763 1433 nostra.

2158 1468 2296 1539 Quia
2324 1470 2577 1524 nimirum
2609 1469 2905 1540 spiritualis
2929 1484 3118 1523 sensus
3137 1483 3245 1523 non
3268 1467 3375 1522 alta
3396 1465 3554 1521 nobis
3577 1480 3772 1535 sapere

2156 1559 2423 1632 suggerit,
2456 1575 2565 1614 non
2594 1560 2854 1613 audacter
2881 1559 2951 1613 de
2975 1556 3331 1626 omnipotenti
3389 1556 3506 1611 Deo
3557 1569 3771 1626 praesu—

2156 1663 2322 1714 mere,
2349 1649 2444 1702 sed
2463 1649 2584 1718 ejus
2609 1649 2756 1703 dona
2778 1664 2902 1702 cum
2923 1662 3137 1702 summa
3177 1645 3345 1700 sancti
3371 1643 3578 1700 timoris
3606 1657 3769 1699 reve-

451 1733 658 1790 dicator
685 1733 733 1790 ei
753 1734 933 1805 silere,
960 1743 1012 1791 et
1031 1736 1148 1791 Deo
1169 1752 1362 1790 vacare
1380 1734 1654 1805 proponit,
1677 1733 1822 1788 utad
1842 1739 2049 1804 patrem
2077 1757 2130 1817 Β
2161 1736 2338 1791 rentia
2365 1737 2656 1806 postulare.
2689 1735 2880 1792 Merito
2910 1751 3042 1808 ergo
3074 1751 3208 1806 puer
3237 1733 3450 1802 dicitur,
3511 1731 3604 1803 qui
3658 1731 3766 1786 hu-

454 1823 661 1892 redeat,
693 1824 1040 1880 obmutescit.
1073 1824 1180 1880 Sed
1211 1825 1339 1895 quia
1367 1840 1464 1894 per
1491 1823 1765 1878 silentium
1795 1822 2049 1877 volunta-

448 1917 554 1965 tem
585 1912 684 1967 Dei
716 1913 912 1967 melius
942 1913 1152 1979 didicit,
1184 1929 1279 1968 cor
1305 1913 1422 1983 ejus
1452 1911 1740 1980 concaluit,
1774 1919 1826 1966 et
1880 1926 2050 1964 exar-

445 1999 706 2056 descente
733 2001 861 2073 igne
889 2000 1112 2056 internae
1143 2001 1526 2070 meditationis,
1559 1999 1764 2056 locutus
1784 1999 2052 2072 est.Quod

446 2087 501 2142 in
533 2089 636 2145 hoc
665 2089 827 2145 etiam
858 2089 979 2146 loco
1019 2091 1342 2158 ostenditur,
1397 2089 1524 2160 quia
1579 2088 1858 2145 consultus
1893 2103 2048 2159 puer,

443 2177 744 2234 consulenti
773 2195 834 2234 se
865 2179 1149 2234 consilium
1176 2180 1463 2250 impendit,
1497 2178 1682 2234 dicens
1714 2195 1726 2234 :

515 2294 689 2365 (Vers.
723 2295 802 2366 6.)
832 2296 969 2352 Ecce
989 2300 1072 2352 est
1102 2298 1190 2352 vir
1219 2296 1318 2352 Dei
1339 2298 1401 2352 in
1431 2295 1662 2352 civitate
1681 2295 1804 2362 hac,
1838 2295 1924 2350 vir
1945 2311 2050 2352 no-

451 2380 600 2450 bilis,
637 2399 802 2440 omne
831 2383 976 2454 quod
1007 2385 1261 2456 loquitur
1275 2385 1476 2456 absque
1493 2386 2050 2456 ambiguitatevenil:

449 2488 606 2527 nunc
636 2488 762 2544 ergo
794 2488 988 2528 eamus
1018 2474 1180 2539 illuc,
1228 2474 1278 2528 si
1318 2475 1466 2546 forte
1504 2473 1718 2530 indicet
1773 2473 1928 2529 nobis
1985 2472 2050 2528 de

447 2559 537 2615 via
559 2564 760 2616 nostra
786 2565 1022 2633 propter
1049 2578 1218 2634 quam
1243 2577 1342 2618 ven
1355 2561 1525 2618 imus.

521 2679 682 2746 205
717 2679 812 2732 24.
852 2677 1044 2734 Virum
1079 2677 1175 2732 Dei
1196 2679 1508 2734 Samuelem
1525 2678 1676 2745 dicit,
1699 2678 1753 2732 in
1781 2693 1886 2748 quo
1907 2693 2046 2748 prae-

448 2767 716 2822 dicatores
749 2776 950 2824 sancta:
978 2767 1240 2824 Ecclesia}
1303 2769 1574 2840 designari
1627 2769 1739 2838 jam
1785 2767 2041 2822 diximus.

446 2854 550 2924 Qui
581 2856 664 2911 vir
692 2856 914 2928 quidem
945 2857 1162 2926 dicitur,
1195 2875 1292 2929 pro
1325 2859 1630 2914 reverentia
1685 2865 1884 2912 sanctae
1912 2871 2050 2912 con-

447 2946 790 3014 versationis,
813 2955 868 3001 et
887 2959 1049 3003 omne
1068 2948 1211 3018 quod
1231 2949 1486 3018 loquitur,
1510 2948 1712 3020 absque
1732 2945 2051 3018 ambiguita-

448 3040 498 3088 te
517 3034 703 3090 venire
725 3035 1068 3105 perhibetur:
1091 3037 1216 3106 quia
1229 3037 1494 3108 quidquid
1509 3035 1818 3092 minaturde
1837 3033 2052 3090 mtcrnis

445 3209 520 3265 ita
552 3219 608 3267 ut
637 3212 936 3282 denuntiat,
969 3223 1021 3268 et
1048 3214 1202 3284 impii
1232 3215 1456 3270 abibunt
1475 3213 1544 3269 ad
1565 3214 2046 3284 ptenam,etelecti

449 3303 518 3358 ad
546 3302 804 3374 gloriam.
838 3299 944 3370 Qui
973 3302 1136 3357 etiam
1166 3303 1222 3356 in
1259 3303 1474 3358 civitate
1522 3319 1641 3358 esse
1689 3302 2000 3374 perhibetur
2030 3321 2042 3356 :

449 3392 574 3464 quia
594 3391 796 3447 electus
822 3399 1009 3461 pastor
1035 3391 1092 3445 in
1125 3391 1399 3447 communi
1431 3391 1688 3462 subjectae
1747 3392 1918 3462 plebis
1946 3406 2048 3448 cu-

447 3480 640 3547 stodia,
671 3496 890 3550 semper
919 3480 1146 3552 vigilare
1177 3481 1542 3551 cognoscitur.
1592 3482 1652 3534 In
1697 3480 1918 3536 civitate
1973 3489 2051 3536 est

446 3577 650 3640 pastor,
682 3569 808 3640 quia
836 3585 960 3624 cum
992 3568 1223 3624 custodit
1252 3569 1410 3638 alios,
1441 3569 1497 3622 in
1552 3585 1610 3624 se
1663 3569 1900 3624 munitus
1945 3579 2046 3626 est.

447 3659 603 3715 Unde
632 3664 684 3712 et
711 3673 810 3727 per
835 3657 1155 3726 prophetam
1181 3656 1235 3710 in
1261 3657 1500 3712 omnium
1531 3657 1768 3713 virorum
1801 3658 1899 3712 Dei
1921 3659 2048 3712 lau-

451 3746 630 3813 dibus,
661 3745 760 3800 sub
791 3745 946 3800 unius
977 3746 1338 3816 descriptione
1351 3746 1573 3801 dicitur:
1599 3747 1662 3801 In
1679 3747 1921 3803 excelsis
1944 3747 2049 3802 ha—

451 3835 617 3901 bitat,
649 3836 1015 3890 munimenta
1055 3850 1327 3890 saxorum
1371 3835 1689 3890 sublimitas
1757 3837 1876 3906 ejus
1920 3835 2047 3907 (lsa.

449 3940 644 3992 xxxx",
679 3925 791 3995 16.)
823 3925 960 3979 Nam
993 3939 1098 3994 quo
1129 3923 1286 3978 altius
1315 3923 1366 3977 in
1400 3932 1724 3979 aeternorum
1746 3924 1942 3980 civium
1964 3925 2052 3980 vi-

447 4013 604 4069 sione
633 4013 996 4084 suspenditur,
1029 4028 1093 4068 eo
1123 4020 1175 4068 et
1203 4012 1306 4068 sibi
1337 4013 1552 4082 fortior,
1586 4021 1639 4069 et
1661 4013 1922 4084 proximis
1945 4013 2054 4070 uti-

449 4102 555 4158 lior
583 4101 871 4157 invenitur.

517 4235 614 4292 25.
651 4237 864 4292 Nobilis
890 4236 1051 4292 etiam
1084 4235 1309 4291 dicitur:
1349 4237 1472 4307 quia
1503 4251 1737 4306 superna
1765 4250 2054 4290 conversa-

449 4326 596 4382 tione
626 4327 950 4396 conspicuus
975 4333 1081 4392 est,
1113 4332 1166 4380 et
1195 4325 1262 4378 de
1293 4325 1588 4378 mundanae
1613 4323 1739 4377 vita:
1761 4323 2054 4378 rusticitate

450 4413 588 4470 nihil
615 4415 801 4469 habet.
833 4415 968 4468 Inde
997 4414 1143 4467 enim
1172 4412 1371 4466 nobilis
1397 4412 1650 4477 cernitur,
1682 4412 1826 4465 unde
1881 4410 2044 4466 civis.

2160 1826 2309 1880 milia
2351 1841 2569 1895 semper
2610 1825 2810 1881 docere
2857 1825 3202 1895 praedicatur.
3247 1824 3388 1877 Dum
3419 1837 3553 1894 ergo
3583 1819 3713 1875 dicit
3749 1839 3764 1876 :

2157 1917 2366 1970 Eamus
2385 1916 2545 1982 illuc,
2570 1921 2622 1970 et
2639 1922 2858 1984 repente
2881 1913 3190 1984 subjungit:
3208 1911 3274 1966 Si
3294 1913 3445 1983 forte
3463 1906 3676 1965 indicet
3689 1907 3761 1965 de

2155 2007 2249 2061 via
2267 2009 2482 2070 nostra,
2516 2010 2705 2076 aperte
2733 2003 2954 2070 indicat,
3011 2001 3134 2073 quia
3189 1999 3409 2055 insensu
3464 1998 3759 2053 electorum

2157 2093 2257 2148 Dei
2288 2093 2514 2162 spiritus
2542 2103 2810 2161 operetur,
2843 2091 2972 2145 dum
3003 2090 3073 2144 ad
3100 2087 3402 2160 spiritualia
3421 2086 3566 2142 dona
3593 2099 3761 2156 expe-

2116 2193 2122 2201 ’
2157 2176 2338 2248 tenda,
2369 2190 2421 2236 et
2447 2181 2642 2238 devote
2670 2197 2764 2236 eos
2791 2180 2919 2234 facit
2949 2179 3232 2246 accedere,
3289 2185 3342 2232 et
3395 2177 3465 2231 de
3492 2172 3764 2246 largitoris

2157 2271 2543 2342 omnipotentia
2575 2285 2776 2341 magna
2805 2285 2925 2324 cum
2947 2268 3253 2323 reverentia
3276 2264 3592 2320 formidare.
3607 2261 3764 2319 Unde

2158 2369 2209 2416 et
2239 2361 2328 2431 qui
2359 2378 2390 2416 a
2419 2361 2606 2432 spiritu
2637 2359 2866 2426 ducitur,
2898 2357 3131 2428 inopiam
3177 2355 3490 2411 meritorum
3539 2365 3764 2408 suorum

2156 2451 2423 2520 respicere
2451 2447 2786 2519 perhibetur,
2821 2463 2942 2500 cum
2975 2445 3220 2500 subditur
3251 2462 3264 2500 :

2230 2539 2402 2610 (Vers.
2423 2539 2502 2608 7.)
2537 2539 2809 2609 Dixitque
2839 2537 2978 2592 Saul
3005 2535 3077 2590 ad
3107 2548 3343 2608 puerum
3374 2547 3543 2588 suum
3572 2549 3590 2586 :
3623 2530 3763 2586 Ecce

2157 2629 2387 2694 ibimus,
2413 2627 2544 2700 quid
2565 2635 2816 2698 [eramus
2837 2627 2909 2680 (ιιι
2929 2625 3158 2681 virum?
3178 2625 3352 2679 Panis
3373 2619 3576 2691 defecit
3596 2620 3660 2674 in
3677 2619 3763 2673 si-

2163 2719 2364 2774 tarciis
2385 2717 2620 2785 nostris,
2641 2715 3155 2787 etsportutamnon
3180 2711 3466 2776 habemus,
3483 2713 3550 2764 ut
3565 2708 3764 2764 demus

2159 2807 2376 2863 homini
2407 2807 2526 2872 Dei,
2545 2820 2648 2862 nec
2679 2805 2810 2876 quid
2842 2819 3010 2875 quam
3041 2802 3222 2858 aliud.

2230 2899 2318 2950 26.
2353 2895 2564 2949 Habent
2591 2893 2869 2965 proprium
2901 2900 3110 2948 mentes
3139 2888 3444 2956 humilium,
3489 2895 3546 2942 ut
3590 2886 3762 2957 spiri-

2160 2984 2324 3038 tualia
2355 2985 2500 3039 dona
2530 2983 2785 3050 habeant,
2817 2981 2912 3037 sed
2943 2981 2998 3034 in
3029 2981 3094 3034 iis
3125 2995 3250 3050 quae
3279 2979 3496 3045 habent,
3546 2993 3602 3031 se
3651 2991 3767 3030 non

450 3064 497 3088 ιυ
523 3064 703 3090 VUUIIC
725 3064 1068 3105 pcnuuutur;
1091 3064 1494 3108 ιμιιῑιιμιιιιιίυιυ
1509 3064 1818 3092 ιιιιιηιιιιΐυυ
1837 3064 2052 3090 ωιυιιιιδ
2843 3087 2874 3125 a

447 3123 750 3194 suppliciis,
775 3125 1037 3196 quidquid
1059 3126 1128 3180 de
1147 3135 1353 3182 aeterna
1383 3126 1571 3181 laetitia
1591 3125 1859 3196 promittit
1869 3126 2048 3196 justis,
2082 3114 2132 3177 C
2161 3112 2465 3196 Μνηςηεηηξ
2521 3162 2647 3196 Mm
2678 3167 2894 3196 mm,“
2924 3119 3143 3196 c'nmhm
3219 3157 3310 3196 ηηί
3373 3156 3510 3196 ΑΜ,
3561 3151 3759 3196 nam”

2161 3161 2488 3232 percipiunt,
2521 3162 2648 3216 ideo
2677 3167 2894 3214 sanctus
2924 3159 3166 3228 spiritus,
3219 3157 3314 3228 qui
3373 3156 3512 3211 dona
3561 3151 3764 3218 tribuit,

2157 3265 2220 3310 ea
2251 3252 2328 3306 eis
2359 3251 2425 3305 ab
2456 3249 2812 3304 aestimatione
2838 3247 2995 3312 tollit,
3027 3255 3084 3300 ut
3115 3246 3166 3300 in
3211 3246 3410 3299 virtute
3463 3256 3767 3298 conversa-

2157 3341 2320 3396 tionis
2371 3341 2488 3394 haec
2535 3339 2785 3407 habeant,
2838 3338 2892 3390 in
2935 3339 3148 3390 tumore.
3177 3333 3426 3390 elationis
3460 3332 3622 3401 206
3653 3345 3766 3385 non

2158 3429 2422 3484 habeant.
2465 3429 2604 3482 Bene
2633 3441 2768 3498 ergo
2801 3427 2869 3480 de
2900 3425 3064 3482 Saule
3097 3423 3332 3479 dicitur:
3360 3423 3433 3478 Ab
3455 3420 3685 3476 humero
3701 3423 3763 3474 et

2157 3535 2385 3575 sursum
2411 3516 2692 3572 eminebat
2724 3531 2896 3586 super
2925 3531 3151 3572 omnem
3185 3514 3475 3586 paptstum.
3515 3510 3580 3564 Et
3609 3508 3767 3564 dixit

2159 3607 2230 3662 ad
2243 3621 2480 3678 puerum
2502 3621 2669 3660 suum
2695 3605 2902 3658 :Panis
2925 3603 3130 3674 defecit
3151 3605 3213 3656 in
3238 3601 3492 3657 sitarciis
3523 3598 3761 3663 nostris,

2159 3702 2213 3753 et
2237 3696 2552 3767 sportulam
2569 3710 2684 3750 non
2705 3693 2968 3748 habemus
2988 3712 3005 3743 :
3019 3691 3143 3762 quia
3167 3689 3320 3744 electi
3340 3688 3462 3755 viri,
3485 3695 3539 3744 et
3558 3686 3625 3740 ad
3643 3685 3766 3741 dis-

2159 3785 2472 3856 ponendum
2488 3790 2686 3838 sancta:
2705 3781 2962 3836 Ecclesiae
2977 3778 3408 3843 culmenidonei,
3429 3777 3485 3830 in
3509 3791 3574 3832 eo
3601 3775 3768 3830 etiam

2063 3915 2069 3923 .
2161 3890 2218 3929 se
2248 3888 2343 3944 per
2370 3871 2731 3926 humilitatem
2761 3883 2959 3941 parvos
2989 3868 3273 3940 aspiciunt,
3304 3868 3361 3922 in
3389 3881 3496 3937 quo
3523 3880 3622 3935 per
3651 3863 3769 3918 vir-

2161 3971 2324 4018 tutem
2359 3961 2540 4033 magni
2569 3968 2708 4014 sunt.
2742 3960 2810 4014 Et
2838 3973 3038 4029 panem
3070 3957 3286 4028 quidem
3315 3956 3386 4010 ad
3416 3953 3768 4010 refectionem

2161 4051 2400 4106 ﬁdelium
2433 4049 2731 4105 animarum
2765 4047 2959 4103 habent
2990 4045 3045 4100 in
3073 4045 3338 4116 sapientia
3366 4042 3540 4111 verbi,
3589 4055 3768 4112 spor-

2162 4141 2327 4196 tulam
2359 4155 2490 4194 vero
2519 4139 2573 4192 in
2606 4137 2866 4192 memoria
2901 4137 3128 4190 internae
3185 4133 3571 4189 meditationis.
3631 4131 3768 4184 Cum

2161 4230 2306 4284 enim
2337 4244 2401 4284 ea
2430 4243 2550 4298 quae
2579 4227 2633 4280 in
2661 4234 2877 4282 secreta
2907 4222 3257 4280 meditatione
3313 4222 3594 4293 colligunt,
3641 4234 3769 4274 ser-

2165 4325 2298 4372 vant
2325 4316 2380 4370 in
2411 4315 2672 4370 memoria
2703 4315 2773 4369 ad
2802 4313 3166 4369 eruditionem
3195 4310 3457 4376 ﬁdelium,
3489 4308 3633 4365 velut
3659 4322 3767 4377 pa-

2162 4422 2286 4460 nem
2335 4405 2392 4458 in
2438 4405 2678 4475 sportula
2721 4409 3010 4472 reponunt.
3061 4403 3140 4456 De
3187 4401 3272 4454 his
3313 4399 3456 4455 enim
3484 4396 3682 4468 sportis
3709 4395 3769 4450 in

449 4501 809 4558 Saecularium
839 4503 1039 4570 quippe
1066 4500 1364 4566 hominum,
1401 4500 1526 4569 quia
1557 4469 1706 4555 nulla
1735 4507 1814 4554 est.
1842 4515 2052 4555 morum
2083 4469 2134 4530 D
2169 4469 2692 4566 Evangelio-dicitur
2728 4509 2740 4546 :
2776 4469 3158 4564 impleverunt
3195 4493 3408 4557 septem
3438 4491 3658 4560 spartes
3697 4485 3769 4541 de

450 4589 795 4658 compositio,
828 4589 977 4659 quasi
1009 4587 1064 4642 in
1107 4587 1467 4642 exterioribus
1523 4587 1655 4642 locis
1711 4589 1913 4656 nutriti,
1965 4606 2052 4643 ru-

450 4677 569 4732 stici
593 4685 737 4731 sunt.
772 4678 853 4730 Ex
881 4684 1141 4732 consueta
1169 4693 1404 4746 namque
1465 4677 1632 4731 animi
1694 4677 2051 4745 inhonestam,

452 4774 634 4836 turpes
664 4765 940 4835 proferunt
968 4773 1144 4820 motus
1173 4765 1416 4834 corporis
1442 4783 1454 4827 ;
1489 4774 1540 4820 et
1569 4766 1714 4821 velut
1755 4767 1912 4820 valde
1964 4767 2056 4822 de—

450 4870 696 4928 generes,
729 4853 950 4908 urbanae
975 4854 1377 4909 consuetudinis
1395 4863 1614 4926 gestum
1637 4855 1899 4923 nesciunt,
1926 4855 2054 4908 dum

450 4960 554 5016 per
581 4959 742 4999 omne
772 4943 918 5013 quod
947 4951 1134 5015 agunt,
1163 4943 1292 4997 vitm
1320 4959 1432 4998 suae
1461 4943 1701 5013 speciem
1729 4943 1930 4997 vilitate
1951 4951 2052 4998 ter-

452 5050 600 5090 rena:
627 5031 974 5089 obscuritatis
1003 5030 1270 5101 operiunt.
1304 5032 1425 5099 Quo
1455 5039 1643 5089 contra
1677 5032 1771 5086 viri
1820 5033 1916 5086 Dei
1950 5048 2052 5088 no-

451 5123 590 5178 biles
619 5129 762 5191 sunt,
797 5121 887 5192 qui
916 5120 1045 5176 dum
1106 5119 1315 5175 fortiter
1369 5135 1456 5186 ea,
1513 5137 1635 5190 qua:
1666 5121 1852 5176 divina
1907 5127 2050 5190 sunt,

453 5211 712 5285 agunt,in
745 5209 891 5265 omni
922 5225 1022 5264 suo
1049 5224 1234 5279 Opere,
1269 5224 1505 5279 superna
1521 5209 1640 5264 luce
1669 5209 2050 5279 resplendent:
2086 5207 2093 5218 '

451 5308 504 5356 et
532 5299 664 5356 nihil
691 5297 1140 5371 degenerositatis
1171 5297 1390 5365 habent,
1423 5297 1512 5367 qui
1571 5297 1620 5351 in
1679 5313 1880 5370 magna
1937 5298 2058 5353 luce

451 5388 628 5443 omnis
673 5403 788 5442 suae
815 5386 1240 5443 conversationis
1291 5386 1473 5441 radios
1510 5387 1793 5456 proferunt
1823 5386 2058 5442 caelestis

450 5475 696 5548 originis.
731 5477 810 5530 Ad
833 5477 936 5532 hoc
965 5490 1098 5548 ergo
1128 5490 1160 5530 a
1187 5489 1360 5546 puero
1391 5474 1522 5530 Saul
1577 5473 1814 5541 ducitur,
1865 5483 1925 5530 ut
1977 5475 2058 5530 in-

449 5571 682 5624 struatur
714 5581 726 5617 :
761 5563 887 5636 quia
915 5563 1006 5636 qui
1037 5564 1091 5618 in
1115 5579 1238 5620 arce
1265 5562 1600 5643 praelationis
1636 5563 1872 5637 ponendi
1913 5572 2055 5634 sunt,

2161 4583 2500 4656 fragmentis
2525 4583 2747 4652 (Matth.
2790 4597 2886 4644 xv,
2940 4582 3047 4641 37;
3087 4579 3261 4635 Marc.
3298 4593 3415 4639 vm,
3441 4577 3516 4638 8).
3541 4576 3675 4630 Cum
3705 4573 3766 4630 in

2162 4689 2349 4728 mensa
2371 4671 2586 4726 Domini
2607 4685 2776 4740 panes
2798 4670 3098 4736 abundant,
3120 4676 3316 4738 spartae
3339 4663 3547 4736 impleri
3563 4663 3769 4734 praeci-

2163 4763 2406 4834 piuntur:
2425 4760 2546 4830 quia
2569 4775 2691 4814 cum
2714 4757 2867 4813 electi
2885 4757 3064 4812 anima
3081 4756 3134 4810 in
3153 4771 3380 4826 superna
3393 4753 3773 4824 Redemptoris

2163 4849 2620 4919 contemplatione
2669 4847 2927 4915 reﬁcitur,
2972 4846 3026 4900 in
3073 4846 3263 4901 eadem
3312 4841 3775 4912 contemplatione

2165 4939 2403 4995 veritatis
2430 4937 2693 5004 eniditur,
2725 4943 2781 4991 ut
2811 4935 2963 4992 verbi
2993 4934 3272 5002 alimonia,
3305 4949 3426 5004 qua:
3480 4932 3535 4986 in
3575 4945 3636 4985 se
3665 4945 3770 4984 ex-

2165 5043 2408 5084 crescere
2438 5026 2697 5090 cernitur,
2732 5024 2787 5078 in
2819 5023 3086 5080 memoria
3117 5023 3185 5079 ad
3217 5021 3568 5078 eruditionem
3625 5018 3772 5074 ﬁde-

2165 5118 2295 5173 lium
2327 5123 2645 5186 reponatur.
2685 5113 2844 5168 Aliud
2874 5113 3038 5169 etiam
3067 5118 3266 5182 praeter
3297 5125 3490 5180 panem
3522 5116 3577 5164 et
3605 5123 3776 5178 spor-

2167 5208 2333 5262 tulam
2363 5204 2701 5260 abundanter
2729 5203 2948 5270 habent,
2981 5201 3075 5271 qui
3107 5215 3228 5256 cum
3279 5197 3473 5254 virtute
3520 5201 3774 5252 contem-

2166 5296 2442 5368 plationis,
2475 5301 2530 5348 et
2557 5291 2805 5348 doctrina
2832 5291 3004 5359 verbi,
3037 5288 3306 5344 abundant
3362 5287 3523 5357 copia
3570 5293 3774 5340 sanctae

2167 5383 2516 5455 Operationis.
2558 5383 2631 5438 Ut
2679 5396 2811 5452 ergo
2853 5379 3126 5434 humilitas
3172 5385 3482 5433 sanctorum
3531 5375 3587 5428 in
3617 5373 3774 5428 ordi-

2165 5473 2330 5529 nandi
2349 5472 2495 5544 regis
2533 5469 2806 5527 locutione
2834 5476 3071 5535 resonet,
3097 5465 3442 5522 dicit:Panis
3474 5463 3681 5536 deficit
3708 5463 3778 5518 iss

2165 5564 2417 5635 sitarciis
2433 5561 2728 5633 nostris,et
2740 5558 3056 5633 sportulam
3069 5573 3182 5615 non
3196 5557 3484 5624 habemus,
3497 5557 3562 5612 ut
3575 5552 3778 5610 demus
