4034 6174
272 307 376 361 253

1109 304 1185 361 IN
1214 305 1486 362 PRIMUM
1517 305 1763 361 REGUM
1800 302 2335 362 EXPOSITIONES.
2373 338 2443 348 —
2482 306 2612 362 LIB.
2652 304 2742 361 IV.

3471 304 3575 362 254

277 429 495 485 homini
514 431 635 498 Dei,
655 446 760 487 nec
777 431 1081 504 quidquam
1102 431 1292 487 aliud:
1309 431 1437 501 quia
1470 439 1688 486 sanctus
1715 429 1870 501 spiri-
1897 428 1955 490 A
1984 428 2183 497 clesiae,
2203 430 2433 485 verbum
2466 430 2591 486 fidei
2616 448 2787 503 usque
2819 431 2887 486 ad
2928 429 3115 486 mundi
3168 428 3331 484 ﬁnem
3389 428 3576 485 electis

278 526 362 574 tus
389 534 503 584 eos,
523 517 652 590 quid
678 520 748 574 ad
770 519 1119 575 ecclesiastici
1159 519 1416 575 culminis
1449 521 1698 592 regimen
1727 535 1872 591 prae-

278 615 549 679 parantur,
583 624 814 681 magnos
861 608 990 664 facit
1019 608 1073 663 in
1116 608 1310 664 virtute
1367 609 1564 664 interni
1610 609 1870 677 muneris,

280 698 376 752 sed
398 697 620 752 omnino
641 712 837 768 parvos
859 698 910 751 in
929 706 1173 770 respectu
1213 699 1445 770 propriae
1482 698 1870 753 aestimationis.

278 785 433 841 Dicat
463 800 596 858 ergo
624 801 759 855 puer
790 805 802 841 :
838 788 1045 842 Eamus
1070 788 1234 853 illuc,
1256 789 1302 842 si
1332 787 1875 858 forteindicetnobis

276 873 342 930 de
373 875 463 930 via
480 879 697 931 nostra.
720 874 851 930 Saul
869 883 1046 930 autem
1078 891 1312 932 vacuum
1350 893 1408 931 se
1440 876 1693 948 inspiciat
1717 896 1728 930 :
1748 876 1875 946 quia

277 962 506 1034 Spiritus
534 973 751 1019 sanctus
780 963 910 1019 dum
942 980 1135 1019 sensus
1160 967 1385 1020 honeste
1437 964 1731 1021 viventium
1791 968 1870 1018 in-

278 1053 452 1122 struit,
484 1053 720 1108 audaces
749 1053 935 1120 modo,
968 1054 1132 1108 modo
1155 1053 1373 1108 timidos
1402 1054 1603 1109 reddit.
1629 1054 1875 1109 Audaces

278 1141 517 1213 quidem,
550 1150 607 1196 ut
635 1149 997 1212 prmsumant:
1035 1141 1273 1207 timidos,
1306 1158 1373 1197 ne
1406 1141 1740 1212 superbiant.
1769 1144 1870 1195 Im-

276 1230 445 1302 pellit,
501 1239 558 1285 ut
610 1230 920 1285 necessaria
971 1231 1290 1302 postulent:
1323 1230 1562 1299 retrahit,
1596 1247 1664 1286 ne
1712 1231 1875 1284 nimis

276 1320 679 1390 praesumendo,
712 1319 901 1374 vitium
942 1319 1215 1374 incurrant
1261 1319 1602 1374 temeritatis.
1653 1320 1718 1374 Et
1748 1320 1873 1391 quia

276 1424 412 1480 quos
438 1407 668 1479 pavidos
697 1407 845 1476 facit,
876 1424 973 1479 per
998 1408 1165 1463 robur
1197 1408 1417 1464 ﬁducia)
1445 1408 1512 1462 ad
1534 1424 1865 1479 praesumen-

278 1496 405 1552 dum
434 1496 615 1569 erigit,
638 1503 859 1567 repente
876 1496 1213 1553 subinfertur
1236 1516 1248 1551 :
1268 1499 1473 1552 Rursus
1530 1497 1707 1568 itaque
1742 1513 1874 1569 puer

277 1584 422 1641 Sauli
451 1585 750 1657 respondit,
784 1594 838 1641 et
866 1587 940 1641 ait
972 1605 985 1642 :

346 1672 524 1746 (Vers.
559 1675 651 1745 8.)
685 1677 819 1731 Ecce
837 1678 1074 1731 inventa
1106 1680 1192 1731 est
1207 1676 1269 1732 in
1295 1692 1474 1732 manu
1506 1692 1635 1732 mea
1667 1681 1873 1747 quarta

1983 518 2235 574 ﬁdelibus
2264 520 2571 575 exhibetur.
2611 519 2720 575 Sed
2747 520 2814 574 ab
2845 519 2930 574 his
2987 520 3215 574 verbum
3248 516 3377 573 ﬁdei
3431 517 3575 574 bene

1982 608 2322 682 praedicatur,
2356 608 2550 678 quibus
2591 625 2688 679 per
2711 624 2902 663 manus
2938 608 3093 679 pueri
3118 605 3574 676 subministratur,

1984 697 2108 769 quia
2131 696 2386 751 nimirum
2417 696 2491 750 iUi
2525 696 2727 751 debent
2757 712 2995 768 superna
3034 695 3349 767 praedicare,
3409 692 3573 763 quiin

1984 786 2184 841 mentis
2215 802 2329 840 suae
2360 785 2649 840 dulcedine
2674 794 2991 840 meruerunt.
3025 800 3210 840 eorum
3255 784 3575 837 suavitatem

1983 890 2337 947 cognoscere.
2395 875 2523 929 Hzec
2572 890 2808 946 namque
2859 891 2983 947 pars
3034 873 3243 928 stateris
3291 872 3464 939 datur,
3517 877 3578 925 ut.

1983 965 2127 1020 viam
2159 964 2277 1034 quis
2314 972 2474 1019 recta)
2486 964 2889 1035 praedicationis
2903 963 3115 1035 plenius
3135 968 3399 1017 mereatur
3415 974 3579 1031 agno-

1983 1070 2133 1108 scere
2159 1070 2170 1106 :
2196 1052 2321 1125 quia
2342 1053 2536 1107 summi
2567 1052 2824 1107 doctores
2854 1060 3063 1106 sanctae
3094 1049 3351 1106 Ecclesiae
3383 1054 3577 1103 aucto-

1984 1141 2606 1214 ritatemprzcdicationis
2636 1141 2759 1196 aliis
2789 1141 3148 1205 committunt,
3180 1138 3285 1193 nisi
3312 1137 3411 1203 eis,
3443 1150 3576 1207 quos

1981 1232 2153 1288 sciunt
2186 1231 2435 1287 cmlestia
2466 1230 2712 1303 diligere,
2747 1246 2867 1300 qua:
2896 1231 3208 1300 loquuntur.
3246 1226 3578 1296 Quibusver—

1982 1322 2067 1376 bis
2105 1320 2461 1391 simpliciores
2491 1321 2559 1375 ad
2582 1320 2815 1375 litteram
2869 1318 3201 1374 admonendi
3259 1319 3404 1384 sunt,
3437 1322 3494 1370 ut
3522 1314 3578 1368 in

1980 1411 2100 1467 viro
2124 1411 2219 1466 Dei
2242 1409 2561 1480 pravitatem
2589 1408 2827 1465 avaritiae
2857 1408 3122 1478 suspicari
3155 1423 3262 1461 non
3319 1405 3573 1471 audeant,

1979 1516 2078 1570 per
2106 1501 2209 1556 hoc
2227 1498 2369 1570 quod
2399 1499 2595 1555 dicitur
2615 1516 2628 1552 :
2649 1501 2713 1556 Ut
2727 1498 2922 1554 demus
2937 1496 3153 1554 homini
3187 1496 3298 1561 Dei,
3332 1499 3389 1551 et
3418 1493 3573 1550 indi-

1980 1594 2069 1647 cet
2097 1592 2253 1646 nobis
2274 1590 2339 1645 de
2370 1589 2459 1645 via
2479 1589 2855 1645 nostra.Nam
2903 1587 2948 1641 si
3002 1586 3271 1657 prOpheta
3328 1583 3577 1639 venalem

1980 1695 2286 1734 sermonem
2313 1678 2561 1745 haberet,
2609 1678 2774 1733 homo
2806 1676 2909 1731 Dei
2955 1691 3065 1731 non
3122 1680 3289 1740 esset,
3324 1679 3376 1727 et
3406 1671 3577 1743 ipsius

272 1780 407 1848 pars
420 1764 656 1820 stateris
669 1766 915 1835 argenti,
947 1765 1147 1821 demus
1177 1766 1398 1821 homini
1426 1766 1546 1833 Dei,
1567 1770 1623 1823 et
1654 1767 1869 1823 indicet
1895 1788 1949 1849 Β
1980 1767 2281 1840 prOphetise
2304 1767 2550 1838 spiritum
2573 1766 2772 1821 habere
2819 1780 3165 1837 nequaquam
3195 1769 3400 1833 posset.
3459 1762 3577 1815 Iloc

273 1843 432 1909 nobis
462 1852 531 1908 de
559 1854 652 1908 via
671 1855 891 1910 nostra.

342 1944 432 1996 2'1.
465 1939 634 2009 Quasi
666 1957 802 2013 puer
828 1942 972 1998 bona
997 1942 1239 2014 loquitur
1266 1959 1455 1999 sensus
1499 1943 1659 2000 electi
1691 1945 1875 2000 homi-

272 2030 376 2097 nis,
412 2030 636 2102 quando
667 2030 735 2085 ad
767 2030 1095 2101 loquendum
1122 2031 1436 2103 impellitur,
1475 2041 1608 2088 nutu
1643 2032 1877 2104 Spiritus

269 2118 458 2175 sancti.
474 2118 622 2187 Quid
637 2127 721 2174 est
734 2136 886 2193 ergo,
905 2122 1051 2193 quod
1068 2120 1195 2175 dicit
1216 2139 1229 2174 :
1249 2123 1310 2177 In
1320 2126 1485 2178 vcnta
1499 2127 1584 2178 est
1608 2125 1671 2178 in
1693 2140 1874 2179 manu

271 2224 401 2264 mea
424 2213 628 2281 quarta
643 2225 783 2279 pars
807 2210 1321 2281 staterisargenti?
1337 2210 1469 2279 Quae
1499 2219 1583 2265 est
1614 2212 1719 2266 ista
1750 2227 1879 2283 pars

274 2297 488 2351 stateris
516 2297 776 2369 argenti?
806 2297 915 2353 Sed
953 2299 1081 2370 quia
1138 2300 1355 2372 argenti
1414 2300 1633 2356 nomine
1691 2299 1878 2356 divina

274 2386 490 2458 eloquia
518 2386 888 2459 designantur,
920 2396 1203 2461 argentum
1252 2389 1309 2441 in
1366 2404 1524 2443 manu
1580 2390 1761 2461 pueri,
1795 2396 1876 2444 est

274 2490 455 2532 sermo
469 2475 690 2530 divinus
704 2475 759 2530 in
781 2476 974 2532 virtute
995 2477 1224 2532 sciendi.
1259 2477 1583 2533 Sermonem
1639 2478 1865 2549 quidem

275 2563 427 2619 aliud
454 2571 543 2620 est
569 2580 731 2634 posse
758 2565 958 2635 dicere,
986 2566 1130 2620 aliud
1162 2573 1242 2621 est
1270 2581 1431 2638 posse
1462 2565 1694 2621 sentire.
1736 2567 1875 2621 Nam

275 2653 465 2709 divina
484 2654 703 2723 eloquia
732 2653 894 2709 etiam
917 2654 1133 2726 reprobi
1163 2654 1506 2726 eloquuntur,
1532 2657 1739 2710 sentire
1771 2671 1875 2710 au-

272 2750 382 2798 tem
406 2741 511 2797 nisi
534 2743 690 2797 electi
709 2743 785 2814 (a)
806 2759 914 2798 non
927 2751 1172 2815 possunt.
1198 2745 1440 2801 Sentitur
1461 2743 1660 2799 etenim
1685 2759 1748 2799 ea
1765 2760 1872 2813 res,

270 2832 437 2901 cujus
465 2832 636 2887 virtus
664 2833 1006 2904 agnoscitur.
1044 2834 1186 2888 Nam
1217 2841 1266 2888 et
1293 2834 1426 2906 aegri
1454 2834 1630 2905 pisces
1685 2849 1873 2889 come-

272 2921 441 2986 dunt,
471 2920 571 2976 sed
633 2920 713 2977 vis
741 2921 1078 2994 aegritudinis
1126 2921 1265 2977 tollit
1321 2923 1398 2977 eis
1452 2922 1877 2993 experimentum

268 3010 488 3080 saporis
521 3026 535 3062 :
568 3016 626 3064 ut
647 3011 792 3080 quod
823 3010 1391 3076 videnturcomedere,
1417 3011 1807 3082 prohibeantur
1825 3018 1878 3066 et

268 3096 506 3153 sentire.
547 3098 635 3152 Sic
650 3098 731 3154 sic
761 3098 1016 3154 nimirum
1049 3100 1290 3155 carnales
1313 3101 1512 3171 quique
1545 3101 1673 3154 dum
1705 3101 1875 3155 cccle-

267 3187 370 3241 stia
399 3182 712 3259 loquuntur,
746 3203 869 3259 quae
897 3203 1005 3242 non
1034 3187 1287 3261 diligunt,
1337 3189 1492 3244 velut
1522 3187 1657 3261 aegri
1711 3188 1877 3242 rebus

269 3283 517 3343 utuntur,
564 3290 704 3348 quas
749 3276 949 3331 sentire
980 3278 1361 3348 prohibentur.
1400 3279 1462 3331 In
1523 3293 1692 3332 manu
1743 3293 1880 3349 ergo

271 3365 435 3437 pueri
462 3373 751 3438 argentum
794 3365 1086 3433 invenitur,
1135 3366 1351 3436 quando
1407 3382 1505 3436 per
1561 3366 1874 3421 humilitatis

273 3453 532 3508 meritum
561 3453 731 3508 sancti
760 3453 882 3520 viri,
919 3455 1162 3510 cmlestia
1193 3471 1313 3527 quae
1334 3454 1644 3525 loquuntur,
1671 3455 1726 3509 in
1759 3471 1869 3509 ma-

271 3557 387 3616 gno
417 3542 614 3598 aﬁ'ectu
644 3542 913 3598 charitatis
943 3543 1214 3614 excipiunt
1249 3561 1261 3597 :
1294 3551 1349 3598 ut
1362 3544 1522 3599 valde
1539 3544 1695 3600 dulce
1717 3545 1783 3599 sit
1802 3543 1879 3599 eis

272 3648 508 3705 superna
538 3631 740 3700 dicere,
773 3647 839 3687 eo
862 3632 1006 3702 quod
1034 3632 1284 3702 dulciter,
1330 3648 1395 3688 ac
1449 3632 1609 3688 valde
1667 3633 1875 3688 dulcius

270 3737 374 3793 per
400 3736 646 3776 amorem
677 3729 995 3777 saturantur.
1055 3720 1208 3777 Unde
1239 3721 1400 3777 etiam
1458 3722 1716 3793 scriptum
1743 3731 1825 3777 est
1858 3740 1871 3776 :

275 3810 458 3867 Edent
464 3825 773 3883 pauperes,
792 3814 850 3865 et
869 3811 1609 3882 suturabuntur(Psal.xx1,
1628 3814 1715 3881 27)
1729 3810 1885 3880 .Quia

272 3900 423 3953 enim
442 3899 596 3953 cibus
630 3898 827 3954 anima:
844 3905 1189 3954 estsermone
1203 3899 1327 3955 Dei:
1349 3914 1613 3971 pauperes
1630 3901 1795 3955 edunt
1828 3907 1881 3954 et

269 3992 611 4053 saturantur,
656 3987 853 4042 divites
872 3987 1105 4042 saturari
1126 4004 1236 4043 non
1253 3996 1478 4060 possunt
1510 4006 1523 4044 :
1554 3989 1677 4060 quia
1711 3988 1879 4041 nimi-

267 4092 393 4131 rum
422 4075 581 4132 electi
612 4075 737 4147 viri,
772 4078 932 4147 207
969 4077 1056 4147 qui
1088 4093 1321 4148 superna
1365 4077 1616 4147 diligunt,
1675 4077 1887 4149 quoties

267 4167 391 4222 haec
412 4166 663 4233 audiunt,
694 4166 765 4220 ad
795 4165 1570 4222 haecferventiusincalescunt
1603 4185 1618 4234 ;
1655 4167 1879 4237 reprobi

270 4271 515 4327 superna
544 4254 862 4325 loquuntur,
895 4262 948 4310 et
976 4255 1219 4322 audiunt,
1262 4271 1384 4326 quia
1412 4255 1466 4309 in
1498 4254 1642 4311 nulla
1691 4256 1885 4312 dulce-

272 4343 431 4410 dine,
465 4344 536 4399 ad
564 4345 762 4399 ment's
789 4360 899 4399 suae
927 4344 1273 4399 refectionem
1315 4344 1633 4415 suscipiunt.
1667 4343 1877 4413 Quarta

270 4448 410 4488 vero
436 4449 565 4505 pars
588 4433 800 4487 steteris
831 4433 1044 4505 argenti
1067 4433 1286 4501 dicitur,
1311 4450 1407 4503 pro
1440 4433 1700 4503 qualitate
1733 4442 1877 4489 tem—

274 4503 458 4592 poris.
478 4522 621 4578 Nam
654 4529 711 4576 ut
741 4522 877 4576 alias
903 4503 1095 4593 partes
1122 4521 1282 4592 hujus
1312 4521 1531 4578 stateris
1578 4522 1881 4592 videamus,
1912 4503 1965 4563 D

274 4612 594 4683 prophetae,
646 4610 897 4683 apostoli,
952 4619 1212 4682 martyres
1254 4610 1496 4666 intuendi
1543 4620 1686 4666 sunt.
1745 4612 1889 4681 Quia

278 4700 435 4757 enim
467 4715 567 4771 pro
595 4698 858 4773 qualitate
890 4699 1171 4771 temporis,
1203 4699 1437 4771 singulis
1466 4701 1748 4756 ordinibus
1798 4701 1887 4755 di-

276 4788 518 4844 stributa
564 4796 647 4844 est
703 4787 969 4843 sonoritas
1009 4782 1426 4859 praedicationis,
1486 4788 1640 4845 velut
1690 4789 1889 4861 singuli

280 4887 546 4950 quartam
572 4883 783 4948 partem
807 4876 1016 4932 stateris
1033 4876 1565 4948 habuere.Quartam
1597 4894 1728 4951 ergo
1758 4894 1890 4949 par-

272 4975 396 5025 tem
429 4966 643 5022 steteris
670 4965 746 5020 illi
770 4966 1148 5035 exhibuerunt,
1181 4982 1305 5023 cum
1334 4968 1646 5039 Synagogae
1677 4967 1886 5023 adven-

273 5066 406 5112 tum
436 5054 815 5127 Redemptoris
835 5055 1477 5127 promitterent.Apostoli
1511 5060 1720 5126 partem
1737 5072 1890 5110 suam

271 5146 572 5212 dederunt,
603 5159 726 5200 cum
754 5143 1205 5214 Judzeiseum,qui
1236 5143 1533 5215 promissus
1553 5144 1749 5214 fuerat,
1777 5144 1891 5227 jam

272 5235 502 5291 venisse
520 5232 895 5305 praedicarent.
955 5233 1211 5303 Martyres
1258 5232 1419 5287 etiam
1472 5241 1679 5303 partem
1738 5249 1891 5287 suam

278 5323 608 5389 tribuerunt,
641 5336 764 5376 cum
794 5319 1039 5377 inﬁdeles
1067 5322 1134 5376 ad
1156 5319 1321 5377 finem
1352 5320 1735 5391 Redemptoris
1789 5322 1893 5377 ad-

279 5414 570 5469 ducerent.
587 5409 791 5480 Quarta
808 5425 939 5481 ergo
951 5425 1077 5481 pars
1097 5411 1317 5466 steteris
1347 5410 1669 5466 remansisse
1685 5425 1893 5484 cogno-

281 5501 464 5558 scitur
491 5518 505 5555 :
533 5500 661 5573 quia
691 5514 791 5571 per
821 5499 1104 5571 episcopos
1135 5507 1189 5556 et
1219 5501 1469 5555 doctores
1524 5507 1724 5557 sancta:
1783 5500 1893 5557 Ec-

363 5627 451 5695 (a)
483 5625 639 5683 Deest
668 5624 889 5698 negatio
920 5625 975 5680 in
1004 5625 1168 5683 Gilot.
1203 5634 1254 5684 et
1285 5625 1463 5685 Vatic.

1984 1873 2116 1929 ergo
2147 1874 2266 1913 cum
2300 1856 2517 1923 dicitur,
2560 1871 2666 1909 non
2726 1862 3068 1926 exponuntur
3122 1867 3300 1907 mores
3340 1849 3578 1905 hominis

1984 1948 2110 2014 Dei,
2143 1945 2237 2000 sed
2266 1944 2482 2002 devotio
2520 1943 2827 2000 accedentis
2860 1961 2874 1997 :
2904 1941 3028 2015 quia
3085 1941 3139 1997 in
3198 1955 3399 2012 magna
3453 1954 3577 1993 eum

1987 2036 2114 2091 Saul
2146 2033 2380 2089 habebat
2409 2033 2775 2099 veneratione,
2805 2032 2859 2086 in
2891 2033 3043 2102 cujus
3064 2037 3356 2100 conspectu
3398 2041 3577 2099 appa—

1986 2141 2102 2179 rere
2133 2140 2343 2178 vacuus
2374 2121 2746 2177 erubescebat.
2775 2122 2838 2177 Et
2869 2121 2995 2191 quia
3010 2120 3078 2175 ad
3105 2118 3348 2190 ejusdem
3368 2116 3466 2172 viri
3481 2114 3579 2171 Dei

1986 2212 2393 2269 venerationem
2412 2227 2505 2267 eos
2534 2211 2682 2266 fama
2712 2209 2944 2265 celebris
2976 2208 3270 2273 invitabat,
3292 2204 3573 2277 adjungit:

2056 2303 2229 2374 (Vers.
2263 2302 2340 2373 9.)
2377 2301 2691 2358 Vocabatur
2719 2299 2869 2356 enim
2907 2298 3122 2354 Videor.

2059 2392 2147 2445 28.
2183 2389 2373 2447 Vocari
2403 2390 2625 2458 etenim,
2659 2396 2738 2445 est
2769 2387 2986 2459 publica
3016 2385 3277 2441 relatione
3308 2382 3439 2438 dici.
3477 2383 3579 2436 Vi-

1985 2480 2121 2535 dens
2142 2490 2322 2535 autem
2370 2487 2452 2534 est
2480 2481 2567 2549 qui
2601 2478 2810 2532 interna
2835 2476 3001 2532 etiam
3017 2474 3254 2545 respicit,
3275 2486 3564 2544 quzemens

1985 2570 2292 2625 carnalium
2322 2584 2429 2623 non
2448 2567 2693 2623 attendit.
2727 2567 2882 2622 Unde
2913 2572 2967 2620 et
3021 2562 3090 2619 de
3117 2563 3313 2617 sanctis
3365 2559 3577 2616 anima-

1983 2659 2126 2713 libus
2157 2658 2378 2713 dicitur:
2403 2657 2467 2713 In
2482 2657 2731 2713 circuitu
2762 2660 2815 2711 et
2834 2654 3176 2727 inlusplcna
3192 2654 3359 2707 erant
3379 2649 3578 2706 oculis.

1985 2747 2086 2817 Qui
2120 2747 2174 2802 in
2205 2745 2559 2801 exterioribus
2577 2743 2979 2812 circumspecti,
3015 2750 3067 2796 et.
3095 2740 3419 2794 intrinsecus
3448 2753 3580 2808 pro-

1985 2837 2095 2892 vidi
2128 2843 2271 2891 sunt.
2307 2833 2428 2903 Quo
2458 2841 2642 2889 contra
2670 2830 2971 2888 carnalium
3000 2830 3281 2884 doctorum
3310 2841 3578 2897 praesum-

1984 2931 2223 3002 ptionem
2255 2930 2310 2984 in
2323 2927 2622 2999 Evangelio
2651 2925 2914 2982 Dominus
2935 2939 3187 2996 arguens,
3202 2921 3279 2975 ait
3299 2922 3387 2976 :Si
3398 2934 3579 2975 carcus

1983 3037 2125 3078 ctrco
2165 3021 2439 3075 ducatum
2493 3018 2749 3089 praestat,
2782 3015 2941 3070 ambo
2994 3014 3057 3067 in
3097 3014 3313 3083 foveam
3354 3008 3574 3065 cadunt

1982 3109 2209 3182 (Matth.
2229 3124 2326 3176 xv,
2348 3107 2458 3177 14).
2478 3105 2683 3161 Videns
2695 3103 2853 3160 etiam
2871 3101 3086 3169 dicitur,
3101 3100 3187 3156 cui
3203 3106 3409 3154 remota
3421 3105 3472 3153 et
3487 3095 3580 3151 ab-

1989 3198 2178 3265 sentia,
2203 3195 2493 3268 prmsentia
2521 3203 2659 3249 sunt.
2695 3193 2852 3262 Quod
2883 3190 3080 3247 sanctis
3135 3186 3581 3261 praedicatoribus

1990 3288 2133 3344 bene
2162 3285 2434 3353 convenit,
2469 3283 2560 3356 qui
2592 3299 2689 3355 per
2716 3281 3084 3354 cognitionem
3104 3285 3255 3334 tanto
3283 3284 3405 3332 sunt
3429 3291 3580 3346 pra:-

1988 3385 2169 3432 sentes
2198 3373 2552 3445 spiritalibus,
2585 3379 2781 3444 quanto
2802 3371 2856 3424 in
2912 3366 3279 3425 exterioribus
3332 3362 3581 3419 intentio-

1991 3482 2114 3520 nem
2129 3465 2298 3536 ﬁgere
2326 3463 2713 3534 dedignantur.
2736 3460 2892 3515 Velut
2914 3458 3056 3513 enim
3081 3455 3299 3512 occulta
3317 3451 3578 3524 patentia,

1991 3562 2043 3610 et
2075 3561 2276 3608 remota
2324 3550 2614 3622 prmsentia
2640 3548 2856 3613 habent,
2891 3548 2986 3619 qui
3014 3562 3100 3613 ea,
3151 3560 3270 3615 qum
3330 3539 3583 3597 carnales

1991 3644 2129 3698 scire
2163 3637 3013 3713 nequeunt,semperintelligunt.
3033 3634 3175 3689 Talis
3204 3646 3439 3702 namque
3463 3644 3584 3684 esse

1991 3741 2176 3804 pastor
2205 3738 2406 3786 sanctae
2432 3727 2695 3784 Ecclesia;
2719 3726 2874 3781 debet
2910 3744 2922 3780 :
2957 3724 3081 3794 quia
3118 3724 3173 3776 in
3202 3721 3289 3777 via
3345 3719 3584 3775 caelestis

1993 3822 2182 3892 patriae
2211 3819 2283 3874 ad
2312 3816 2859 3889 prabendumlumcn
2874 3812 3101 3869 subditis
3135 3809 3455 3868 constitutus
3483 3815 3581 3863 est.

1992 3911 2224 3978 Semper
2254 3924 2386 3980 ergo
2417 3913 2637 3977 spargat
2656 3905 2835 3959 radios
2864 3902 3024 3968 lucis,
3059 3912 3116 3955 ut
3143 3900 3329 3954 ﬁdeles
3357 3896 3585 3968 subjecti

1995 4015 2062 4054 ex
2095 3995 2506 4051 illuminationis
2536 4011 2645 4049 sua:
2659 3990 3013 4064 experientia,
3048 3990 3184 4045 alios
3214 3987 3281 4043 ad
3310 3985 3586 4042 illumina-

1995 4086 2199 4142 tionem
2222 4086 2452 4140 trahant.
2486 4084 2756 4154 Sequitur,
2788 4089 2841 4136 et
2871 4080 3036 4136 dicit:

2047 4177 2223 4245 (Vers.
2238 4175 2316 4245 9.)
2333 4174 2479 4229 Olim
2493 4173 2571 4228 sic
2593 4170 2923 4243 loquebatur
2937 4172 3000 4224 in
3013 4168 3187 4223 Israel
3206 4168 3587 4238 unusquisque

1994 4265 2204 4321 vadens
2222 4263 2512 4319 consulere
2524 4263 2722 4317 Deum:
2747 4259 2956 4325 Venite,
2971 4271 3165 4313 eamus
3176 4256 3247 4311 ad
3272 4254 3581 4311 Videntem.

2066 4358 2163 4411 29.
2201 4351 2489 4407 Dominum
2505 4351 2647 4405 imus
2686 4347 2987 4415 consulere,
3020 4345 3238 4417 quando
3269 4343 3337 4399 ad
3353 4343 3591 4398 eruditos

1996 4443 2378 4516 praedicatores
2410 4439 2707 4513 pergimus,
2740 4447 2796 4493 ut
2826 4437 3014 4493 salutis
3054 4442 3251 4490 nostra:
3298 4432 3589 4489 consilium

1994 4532 2352 4587 inveniamus.
2377 4530 2488 4584 Sed
2502 4529 2631 4601 quia
2662 4527 2821 4583 modo
2842 4534 2947 4581 tam
2966 4524 3333 4597 perfecturum
3346 4522 3587 4576 virorum

1998 4620 2193 4677 raritas
2224 4627 2328 4687 est,
2358 4618 2490 4672 dum
2520 4618 2863 4688 antiquorum
2895 4624 3198 4685 temporum
3242 4612 3432 4668 ﬂorem
3461 4611 3593 4667 reli-

1998 4710 2177 4783 gionis
2199 4708 2546 4775 attendimus,
2581 4705 2851 4762 defectum
2897 4705 3013 4775 ejus
3054 4705 3221 4772 208
3256 4704 3309 4758 in
3338 4702 3594 4775 presenti

2000 4807 2248 4868 tempore
2277 4796 2591 4852 defleamus.
2626 4796 2703 4850 De
2734 4794 2946 4849 miseria
3004 4795 3289 4865 praesentis
3334 4793 3596 4865 temporis

1999 4896 2051 4943 et
2082 4885 2392 4941 calamitate
2420 4884 2755 4955 compuncti,
2774 4884 2959 4939 ﬂorem
2990 4883 3158 4955 elapsi
3188 4883 3448 4954 temporis
3468 4897 3594 4939 cum

1998 4975 2404 5048 pulchritudine
2417 4973 2716 5031 sanctitatis
2738 4972 3068 5029 emarcuisse
3089 4973 3436 5044 suspiremus.
3452 4972 3597 5025 Dum

2001 5082 2131 5139 ergo
2166 5073 2416 5137 pastores
2448 5063 2817 5119 Ecclesiarum
2837 5063 3110 5118 cernimus
3142 5061 3370 5117 terrenis
3420 5059 3595 5113 inhae—

2000 5172 2144 5220 rere,
2177 5153 2409 5209 labentia
2441 5168 2706 5225 quaerere,
2730 5151 2881 5206 nulla
2925 5150 3179 5222 spiritalis
3206 5149 3330 5205 vitae
3360 5146 3597 5219 insignia

2003 5243 2266 5314 proferre,
2296 5243 2425 5297 dum
2456 5241 2605 5296 nulla
2637 5241 2795 5296 nobis
2808 5240 3149 5311 praelatorum
3180 5244 3485 5292 nostrorum
3504 5235 3597 5288 lux

2002 5332 2325 5401 infunditur,
2347 5331 2415 5387 ad
2434 5331 2674 5386 laborem
2706 5327 3145 5399 compunctionis
3174 5326 3285 5393 illa,
3318 5340 3436 5397 qua).
3466 5340 3599 5397 prat-

2001 5419 2862 5492 ierunt,memorantes,dicamus
2884 5435 2897 5471 :
2919 5416 3066 5471 Olim
3081 5418 3162 5472 sic
3178 5414 3509 5489 loquebatur
3535 5416 3601 5470 in

2005 5513 2177 5570 Israel
2214 5510 2600 5583 unusquisque
2658 5508 2869 5564 vadens
2928 5507 3222 5567 consulere
3264 5506 3603 5583 Dominum:
