4034 6174
458 217 560 271 255

1694 221 1940 280 SANCTI
1978 215 2321 274 GREGOBlI
2358 216 2580 275 MAGNI

3651 224 3745 280 256

472 343 682 414 Venite,
740 360 932 403 eamus
974 348 1047 404 ad
1093 348 1397 406 Videntem.
1429 348 1593 407 Israel
1637 348 1831 404 dicitur
1869 345 2062 401 videns
2091 341 2146 403 A
2176 344 2338 400 etiam
2369 360 2490 401 cum
2522 346 2778 419 pulchros
2804 345 3034 413 colores,
3067 352 3159 402 aut
3182 361 3371 401 aurum
3402 344 3752 417 superducere

463 432 656 501 Deum,
676 433 858 489 sivein
882 452 989 508 quo
1014 445 1095 492 est
1116 438 1279 493 Deus.
1311 436 1469 508 Quod
1484 446 1624 494 certe
1639 453 1837 493 nomen
1852 443 2054 490 sanctae

464 521 722 578 Ecclesia
756 526 1146 581 convenienter
1171 528 1570 597 ap'atur,cujus
1590 528 1822 598 populus
1838 525 2056 580 dicitur.

468 611 606 666 Nam
622 611 736 666 etin
754 614 1055 687 Evangt-lio
1085 614 1460 673 diciturzEcce
1498 632 1595 687 ego
1629 617 1906 672 vobiscum
1934 630 2062 669 sum

470 714 645 772 usque
661 700 734 757 ad
746 704 1287 761 consummationem
1306 707 1502 761 saeculi
1516 704 2059 772 (Matth.xxvm,20).

469 787 604 857 Quae
620 788 896 853 nimirum,
914 791 1039 861 quia
1078 794 1132 846 in
1152 793 1314 862 priori
1338 802 1579 864 tempore
1609 801 1851 865 pastores
1868 790 2061 846 habuit

464 877 688 947 spiritali
703 880 1117 937 conversatione
1138 881 1378 948 ﬂoridos,
1396 898 1597 953 magna
1614 881 1839 937 scientia
1855 879 2007 935 crudi
2020 905 2045 918 -

469 973 571 1031 tos,
605 966 695 1039 qui
726 984 925 1040 magno
947 969 1202 1040 despectu
1232 978 1443 1026 terrena
1489 971 1903 1041 vilipendcrent,
1937 984 2056 1025 cm-

469 1054 623 1109 lestia
656 1056 960 1129 c0gitarcnt
992 1076 1005 1111 :
1038 1058 1102 1112 ad
1147 1059 1349 1128 lumen,
1408 1059 1553 1131 quod
1605 1060 1660 1113 in
1716 1059 1793 1114 eis
1846 1057 2065 1114 videbat

434 1182 439 1185 -
469 1143 727 1214 populus,
761 1161 822 1200 se
852 1145 1083 1202 invicem
1116 1148 1384 1203 exhortari
1413 1156 1680 1220 poterant,
1743 1147 1989 1202 dicentes
2046 1164 2059 1201 :

468 1232 678 1288 Eamus
694 1233 768 1289 ad
797 1235 1098 1291 Videntem.
1118 1237 1325 1310 Siergo
1339 1238 1577 1293 eundum
1601 1237 1763 1293 estad
1785 1236 2061 1303 videntes,

468 1321 671 1392 pariter
699 1330 778 1377 est
798 1323 1170 1380 divertendum
1212 1342 1243 1382 a
1285 1327 1444 1381 czecis
1480 1344 1491 1379 :
1521 1326 1648 1398 quia
1703 1327 2061 1397 reproborum

470 1409 810 1481 praelatorum
838 1413 1088 1486 exempla
1108 1431 1218 1470 non
1265 1415 1526 1471 debemus
1573 1415 1791 1479 imitari,
1825 1413 1923 1470 sed
1982 1414 2060 1468 fu-

469 1512 603 1568 gere
636 1513 649 1552 :
684 1499 753 1554 ab
784 1499 862 1554 eis
883 1505 1085 1569 autem,
1113 1502 1646 1575 quiconversationis
1674 1502 1864 1557 merito
1902 1501 2065 1571 spiri-

474 1585 637 1641 tualia
663 1595 1019 1659 cognoscunt,
1044 1607 1267 1662 semper
1286 1590 1665 1647 aediﬁcationis
1703 1598 1905 1645 nostra:
1933 1606 2061 1645 eru-

2168 435 2390 506 appetit,
2424 435 2571 504 prius
2588 435 2832 491 viliorem
2862 435 3103 493 colorem
3136 435 3345 490 sternit.
3368 432 3472 503 Qui
3504 450 3632 504 ergo
3661 436 3753 506 ju-

2167 522 2349 578 dicare
2378 524 2445 579 de
2476 524 2669 595 peritia
2698 523 2961 579 artificum
2981 524 3117 589 vult,
3154 539 3262 578 non
3293 523 3535 578 inchoata
3567 539 3752 580 eorum

2170 630 2352 684 Opera,
2387 616 2481 669 sed
2514 614 2755 685 perfecta
2801 613 3077 684 respiciat.
3110 612 3317 667 Clivum
3347 627 3475 683 ergo
3532 611 3753 668 civitatis

2171 704 2450 771 ascendat,
2485 711 2541 757 ut
2572 703 2660 774 qui
2694 703 2931 758 invenire
2955 702 3162 773 appetit
3192 701 3754 771 Videntem,reperiat.

2172 794 2353 850 Clivus
2385 792 2528 849 enim
2564 792 2779 846 intimus
2811 801 2861 846 et
2895 791 3145 847 defossus
3204 790 3356 846 locus
3407 797 3511 844 est.
3574 791 3631 844 In
3659 807 3755 858 qua

2173 882 2436 937 nimirum
2455 890 2610 953 parte
2637 881 2867 936 civitatis
2898 880 2971 934 illi
3011 881 3316 951 signantur,
3360 878 3448 948 qui
3500 877 3669 933 adhuc
3702 878 3755 933 in

2171 972 2420 1027 altiorem
2452 972 2921 1027 conversationem
2944 968 3166 1023 minime
3226 965 3525 1038 profecere.
3558 966 3754 1021 Clivum

2172 1077 2301 1133 ergo
2332 1060 2820 1126 ascendimus,cum
2854 1058 3138 1129 planitiem
3173 1055 3509 1112 infirmorum
3531 1054 3753 1109 audito-

2171 1167 2287 1205 rum
2319 1151 2388 1205 ad
2419 1149 2726 1219 exemplum
2768 1147 2925 1204 nobis
2956 1162 3263 1217 proponere
3291 1145 3401 1200 vita
3416 1160 3554 1198 mus.

2243 1244 2330 1295 32.
2360 1240 2426 1295 Et
2483 1247 2605 1294 tunc
2660 1237 2878 1308 quidem
2909 1235 3119 1306 puellas
3148 1234 3491 1306 egredientes
3529 1232 3595 1288 ad
3624 1232 3762 1297 haus

2173 1328 2418 1385 riendam
2472 1343 2668 1397 aquam
2741 1324 3091 1381 invenimus:
3132 1323 3262 1395 quia
3323 1320 3760 1393 pulchritudinem

2171 1426 2475 1474 sanctarum
2498 1416 2758 1472 mentium
2787 1414 2842 1469 in
2870 1411 3182 1484 perfectiori
3224 1411 3630 1468 conversatione
3684 1426 3763 1465 rc-

2171 1508 2448 1578 spicimus.
2484 1506 2683 1560 Puellae
2716 1503 2933 1577 quidem
2965 1509 3087 1557 sunt
3118 1509 3324 1555 mentes
3355 1500 3667 1566 electorum,
3689 1499 3765 1552 in-

2174 1603 2343 1669 tegra)
2372 1612 2469 1667 per
2498 1593 2885 1659 innocentiam,
2918 1591 3135 1648 decorae
3167 1606 3265 1662 per
3278 1590 3532 1644 virtutum
3568 1587 3769 1643 clarita-

469 1672 732 1730 ditionem
763 1678 1139 1748 postulare.Et
1161 1680 1285 1751 quia
1300 1681 1519 1736 hocnon
1548 1678 1650 1734 nisi
1668 1678 1772 1733 viri
1796 1678 2064 1749 spiritales
2097 1699 2151 1760 Β
2183 1696 2310 1743 [ειη.
2348 1686 2413 1740 Ει
2444 1685 2570 1755 quia
2601 1683 2654 1737 in
2686 1680 2968 1739 secretiori
3000 1680 3108 1736 vita
3138 1677 3593 1750 pulchritudinem
3621 1692 3763 1732 suam

477 1761 700 1829 faciunt,
726 1766 994 1836 sequitur:

546 1854 721 1919 (Vers.
752 1855 861 1926 lO.)
886 1857 1115 1913 Etdixit
1138 1859 1359 1915 Saulad
1382 1876 1623 1931 puerum
1660 1874 1868 1914 suum:
1896 1857 2060 1931 Opti-

477 1957 601 1996 mus
617 1958 800 1999 sermo
823 1949 954 2000 tuus
972 1968 993 2009 ,-
1012 1948 1154 2012 veni,
1172 1964 1383 2004 eamus.

545 2032 638 2083 30.
680 2030 935 2102 Optimus
966 2050 1147 2090 sermo
1176 2044 1275 2105 est,
1309 2053 1415 2107 quo
1439 2037 1635 2093 melior
1662 2038 1838 2093 audiri
1859 2055 2059 2110 nequa-

477 2134 639 2189 quam
662 2128 854 2191 potest.
890 2121 1114 2191 Quoties
1145 2124 1299 2179 nobis
1325 2142 1456 2199 ergo
1488 2125 1675 2182 salutis
1718 2136 1912 2183 nostrae
1942 2143 2072 2184 con—

476 2206 600 2261 silia
628 2208 938 2279 spiritaliter
966 2222 1349 2285 suggeruntur,
1385 2215 1525 2270 intus
1564 2216 1720 2272 nobis
1776 2233 1954 2272 sermo
1985 2216 2065 2283 ﬁt,

479 2310 589 2365 quo
618 2298 1053 2356 meliorinveniri
1083 2318 1190 2357 non
1220 2304 1411 2373 possit.
1447 2304 1601 2359 Pueri
1623 2321 1752 2377 ergo
1766 2322 2070 2360 sermonem

474 2380 773 2452 laudamus,
806 2389 1019 2458 quoties
1047 2390 1203 2445 nobis
1243 2391 1295 2444 in
1325 2392 1625 2462 spiritualis
1681 2410 1873 2447 sensus
1901 2393 2068 2449 nostri

479 2473 756 2543 preposito
786 2477 1215 2545 complacemus.
1255 2480 1323 2533 Et
1350 2494 1473 2535 cum
1506 2496 1570 2536 eo
1602 2481 2070 2551 irepromittimus,

481 2560 701 2629 quando
728 2562 1094 2633 spiritualibus
1117 2567 1537 2639 cogitationibus
1554 2569 1945 2624 consentimus.
1965 2569 2073 2625 Sed

481 2648 608 2717 quia
637 2656 763 2707 tunc
794 2651 1061 2709 fructuosa
1110 2664 1188 2710 est
1243 2656 1387 2710 bona
1444 2657 1722 2729 cogitatio,
1756 2659 1973 2731 quando
2007 2659 2061 2713 in

481 2738 794 2805 Operatione
822 2740 1115 2813 perficitur,
1148 2745 1390 2818 sequitur
1423 2764 1436 2800 :

555 2827 730 2895 (Vers.
767 2833 854 2896 10,
890 2833 999 2903 11.)
1031 2834 1469 2891 Etveneruntin
1504 2838 1815 2904 civitatem,
1861 2839 1921 2893 in
1964 2853 2072 2909 qua

482 2920 608 2970 erat
639 2919 723 2973 vir
737 2919 869 2975 Dei:
896 2921 1138 2995 Cumque
1155 2924 1753 2981 ascenderentclivum
1802 2928 1889 2981 ciu
1911 2927 2072 2981 italis

482 3004 826 3063 invenerunt
867 3012 1091 3082 puellas
1161 3014 1510 3083 egredientes
1569 3015 1642 3070 ad
1694 3015 2071 3070 hauriendam

479 3105 705 3161 aquam,
730 3096 785 3147 ei
802 3093 1297 3153 dixeruntadeas:
1316 3098 1578 3170 Nunquid
1596 3099 1685 3154 hic
1714 3103 1799 3154 est
1823 3099 2015 3154 l’idens
2051 3104 2072 3154 ?

550 3178 637 3233 31.
669 3179 773 3249 Qui
804 3181 977 3237 virum
1008 3183 1107 3240 Dei
1139 3195 1406 3255 quaerunt,
1427 3187 1478 3240 in
1506 3186 1777 3242 civitatem
1800 3187 2021 3242 veniunt
2055 3204 2068 3240 :

481 3267 611 3340 quia
643 3268 963 3342 plerumque
989 3272 1065 3341 ﬁt,
1099 3282 1155 3328 ut
1180 3275 1287 3328 vita
1316 3284 1476 3345 atque
1507 3275 1757 3331 dectrina
1786 3276 1995 3346 praelati
2017 3276 2071 3329 in

481 3356 819 3414 subditorum
850 3362 1258 3418 conversatione
1305 3363 1630 3433 requiratur.
1693 3365 1785 3419 Sic
1819 3364 2071 3418 nimirum

481 3453 535 3501 et
564 3448 787 3504 arbores
807 3466 952 3521 saepe
983 3451 1345 3523 requiruntur,
1382 3469 1606 3523 quarum
1639 3452 1847 3523 species
1881 3469 1985 3508 non
2016 3454 2071 3507 in

482 3534 643 3600 foliis,
674 3537 768 3591 sed
793 3538 846 3591 in
879 3537 1050 3594 fructu
1084 3540 1447 3595 inveniuntur.
1508 3541 1834 3611 Plerumque
1887 3550 2069 3597 autem

481 3623 699 3680 suborta
756 3625 948 3682 fruteta
989 3629 1203 3701 magnis
1239 3630 1530 3684 arboribus
1576 3629 1961 3699 admiscentur,
2021 3639 2074 3685 et

482 3712 688 3768 fructus
704 3730 832 3770 suos
861 3731 1044 3771 earum
1074 3718 1347 3788 arborum,
1370 3718 1563 3787 quibus
1579 3725 1700 3772 sunt
1718 3718 1919 3788 mixtae,
1954 3734 2071 3774 esse

481 3801 831 3857 mentiuntur.
872 3803 975 3874 Qui
1005 3820 1136 3878 ergo
1168 3806 1397 3861 fructum
1427 3806 1731 3862 discernere
1762 3806 1894 3875 vult,
1926 3809 2075 3877 prius

483 3890 756 3948 discernat
785 3902 839 3948 ct
866 3909 1081 3950 ramos:
1104 3903 1161 3950 ut
1188 3911 1256 3950 ex
1287 3911 1391 3967 qua
1420 3895 1611 3951 arbore
1646 3897 1848 3952 fructus
1878 3911 2071 3966 proce-

483 3979 597 4050 dat,
630 3991 914 4054 agnoscat.
945 3983 1035 4040 Sic
1062 3984 1141 4040 sic
1170 3983 1420 4039 nimirum
1451 3995 1533 4041 est
1562 3987 1614 4040 in
1655 3986 2067 4041 conversatione

484 4067 727 4125 ﬁdelium
764 4092 776 4127 :
810 4072 935 4142 quia
964 4072 1016 4127 in
1043 4072 1210 4129 electa
1238 4072 2073 4145 plebeboniprmdicatoris,dum

483 4158 665 4229 plures
686 4160 812 4215 mali
842 4162 1065 4217 admixti
1085 4170 1224 4228 sunt,
1262 4164 1407 4219 velut
1438 4164 1572 4219 intra
1620 4164 1790 4219 bonas
1847 4162 2074 4218 arbores

484 4249 655 4319 spinae
684 4250 945 4304 oriuntur.
972 4251 1316 4307 Conversatio
1345 4253 1524 4323 itaque
1540 4252 1694 4306 electi
1740 4251 2072 4322 praedicato-

482 4338 557 4393 ris
586 4355 693 4394 non
723 4348 806 4394 est
835 4340 1173 4409 exploranda
1203 4340 1257 4393 in
1287 4341 1537 4394 omnibus
1567 4339 1815 4403 subditis,
1868 4339 1961 4394 sed
2022 4340 2074 4393 in

2177 1782 2521 1838 conservant,
2547 1771 2715 1827 videri
2747 1778 3039 1841 nequeunt,
3058 1769 3157 1823 nisi
3177 1784 3297 1824 cum
3330 1766 3399 1822 ad
3420 1766 3762 1822 hauriendam

2179 1881 2373 1936 aquam
2392 1862 2762 1935 egrediuntur.
2796 1860 2996 1915 Puellae
3018 1874 3212 1928 aquam
3237 1857 3510 1924 hauriunt,
3559 1853 3769 1927 quando

2180 1954 2364 2010 electae
2394 1951 2591 2008 anima:
2612 1966 2679 2005 ex
2711 1947 2978 2021 profundo
3008 1947 3195 2003 dolore
3252 1945 3535 2017 praesentis
3598 1941 3762 1999 exsilii

2179 2043 2379 2097 ﬂuenta
2406 2041 2762 2110 lacrymarum
2796 2036 3044 2092 fundunt.
3080 2036 3310 2090 Haurire
3340 2034 3557 2105 quidem
3572 2047 3759 2103 aquam

2180 2132 2430 2188 dicuntur
2462 2147 2474 2182 :
2509 2128 2635 2199 quia
2664 2128 2790 2182 dum
2823 2142 2881 2179 se
2913 2124 3178 2196 projectas
3200 2124 3251 2176 in
3285 2124 3388 2179 hac
3420 2122 3560 2177 valle
3589 2121 3763 2191 lacry-

2180 2236 2388 2275 marum
2418 2219 2667 2291 lugentes
2698 2221 3017 2281 memorant,
3042 2213 3191 2284 quasi
3222 2212 3288 2266 ad
3320 2209 3670 2282 profundum,
3694 2206 3768 2263 fu-

2180 2326 2301 2366 ncm
2344 2306 2691 2381 cogitationis
2720 2304 2953 2369 mittunt,
2983 2319 3011 2356 a
3043 2318 3149 2373 quo
3204 2318 3326 2357 cum
3385 2299 3572 2355 labore
3601 2311 3762 2369 aquas

2181 2400 2547 2470 lacrymarum
2580 2397 2816 2450 trahunt.
2843 2394 2994 2448 Tunc
3019 2392 3178 2446 etiam
3211 2405 3447 2462 egressae.
3491 2387 3764 2444 videntur:

2182 2489 2306 2561 quia
2335 2504 2453 2558 quae
2485 2484 2670 2558 quales
2699 2492 2819 2538 sunt
2863 2481 3006 2536 intus
3039 2480 3224 2543 latent,
3275 2485 3542 2549 apparent
3597 2483 3770 2529 tamen

2182 2581 2236 2633 in
2263 2577 2433 2634 oculis
2464 2593 2476 2638 ;
2512 2582 2559 2629 et
2583 2571 3089 2643 quantumtliligant
3120 2567 3490 2631 Conditorem,
3522 2563 3772 2627 indicant,

2181 2684 2307 2738 quae
2337 2666 2389 2720 in
2420 2671 2567 2721 tanto
2580 2663 2769 2717 dolore
2786 2658 3065 2730 przesentis
3094 2655 3462 2712 smcu‘ivitam
3503 2652 3770 2709 sustinent.

2180 2757 2269 2811 Ab
2300 2755 2414 2810 istis
2445 2769 2575 2825 ergo
2597 2749 2949 2823 quaerendum
2983 2754 3098 2802 est:
3130 2746 3222 2805 Ubi
3243 2750 3299 2801 et
3344 2745 3541 2800 Videns
3572 2742 3602 2795 ?
3631 2740 3763 2810 Quia

2180 2840 2328 2902 locus
2359 2843 2717 2915 perfectorum
2751 2847 2877 2893 tunc
2896 2837 3031 2891 bene
3056 2833 3429 2907 cognoscitur,
3447 2848 3570 2887 cum
3589 2830 3656 2885 ab
3685 2828 3761 2884 eis

2180 2934 2336 2991 nobis
2361 2930 2676 2990 ostenditur,
2709 2926 2798 2997 qui
2831 2942 2926 2995 per
2946 2923 3247 2995 profectum
3264 2922 3388 2977 vitae
3421 2936 3608 2977 eorum
3636 2933 3767 2974 con-

2180 3020 2464 3079 versationi
2498 3017 2659 3074 vicini
2692 3024 2833 3072 sunt.
2856 3014 2960 3070 Sed
2991 3012 3193 3068 habent
3221 3009 3622 3079 praedicatores
3652 3008 3767 3062 loca

2180 3114 2418 3167 diversa.
2446 3107 2619 3162 Alium
2651 3104 2849 3177 quippe
2879 3102 3056 3158 locum
3088 3100 3286 3155 habent
3340 3114 3442 3168 pro
3473 3114 3552 3163 se,
3610 3096 3768 3150 alium

2182 3217 2277 3273 pro
2301 3197 2527 3254 subditis
2559 3211 2570 3250 :
2605 3196 2729 3265 quia
2751 3191 3005 3247 nimirum
3064 3188 3119 3244 in
3160 3188 3373 3258 ‘seipsis
3405 3186 3461 3241 in
3518 3184 3776 3240 altissima

2181 3287 2633 3359 contemplatione
2664 3288 2964 3338 morantur.
2997 3293 3094 3350 pro
3128 3277 3359 3332 subditis
3417 3276 3486 3331 ad
3520 3273 3768 3331 doctrinae

2182 3387 2417 3434 montem
2450 3373 2805 3430 descendunt.
2844 3371 2941 3424 Per
2968 3366 3486 3437 contemplationem
3545 3363 3695 3418 velut
3727 3360 3779 3414 in

2181 3468 2321 3525 cado
2347 3474 2470 3520 sunt
2503 3482 2515 3529 ;
2549 3471 2600 3519 et
2629 3461 2751 3531 quia
2782 3459 2890 3513 alta
2919 3465 3035 3512 sunt
3068 3471 3189 3525 qua:
3220 3455 3441 3521 docent,
3475 3461 3528 3509 et
3556 3451 3777 3507 descen-

2180 3557 2312 3612 dunt
2340 3570 2460 3611 cum
2492 3553 2704 3618 docent,
2731 3556 2781 3603 et
2838 3545 3068 3602 sublimn
3117 3545 3404 3615 loquentes
3463 3542 3516 3596 in
3546 3541 3658 3595 alto
3723 3553 3779 3591 se

2182 3647 2431 3702 retinent.
2481 3638 2840 3698 Perfectiorcs
2897 3635 3058 3708 igitur
3109 3633 3386 3688 auditores
3443 3628 3609 3687 vicini
3665 3640 3781 3681 suo

2180 3736 2370 3793 rectori
2403 3741 2544 3799 sunt,
2579 3744 2685 3783 non
2716 3742 2838 3782 cum
2870 3724 2922 3779 in
2954 3739 3165 3778 summa
3195 3720 3658 3792 contemplatione
3679 3724 3779 3778 est,

2182 3828 2281 3882 sed
2312 3825 2365 3878 in
2396 3819 2635 3877 inferiori
2665 3824 2848 3871 monte
2895 3812 3185 3869 doctrinm.
3248 3811 3430 3879 Quare
3475 3817 3531 3866 et
3590 3807 3781 3881 puellae

2181 3912 2571 3985 respondentes
2601 3908 2787 3962 dicunt
2822 3919 2834 3958 :

2256 4004 2439 4075 (Vers.
2480 3999 2594 4064 li.)
2625 3995 3194 4060 Hicest,ecceantete
3227 4011 3245 4045 .-
3278 3988 3442 4048 hodie
3458 3990 3618 4046 enim
3634 3987 3785 4044 venit

2183 4096 2246 4150 in
2277 4094 2590 4150 ciuitatem.

2257 4179 2323 4230 32
2351 4174 2514 4243 Quasi
2544 4171 2725 4227 dicant
2758 4188 2769 4223 :
2805 4170 2934 4225 ldeo
2965 4167 3141 4223 locum
3165 4166 3283 4235 ejus
3326 4164 3575 4221 indicare
3594 4180 3787 4236 possu—

2185 4283 2324 4335 mus,
2385 4262 2508 4335 quia
2548 4260 2677 4315 illuc
2735 4259 2905 4323 venit,
2935 4256 3025 4312 ubi
3048 4272 3171 4312 eum
3201 4255 3388 4311 videre
3437 4254 3774 4310 solebamus.

2183 4357 2322 4410 Nam
2355 4352 2396 4406 si
2431 4352 2484 4406 in
2512 4366 2623 4405 suae
2653 4346 2998 4402 sublimitatis
3028 4361 3154 4400 arce
3178 4344 3466 4408 resideret,
3521 4359 3652 4399 eum
3690 4340 3784 4397 tibi

489 4427 623 4481 solis
654 4426 867 4482 electis.
896 4430 1046 4482 Tunc
1076 4428 1296 4498 quidem
1329 4429 1663 4483 velutramos
1695 4428 1851 4483 bona:
1869 4428 2066 4482 arboris

2187 4459 2345 4500 nemo
2391 4439 2726 4497 ostenderet.
2790 4438 2845 4490 ln
2891 4434 3108 4490 civitate
3166 4432 3361 4488 etenim
3420 4432 3621 4489 doctor
3682 4438 3778 4497 est,

481 4530 606 4569 cum
628 4515 953 4571 discretione
974 4516 1552 4585 secernimus,quando
1575 4517 1625 4570 in
1653 4516 1811 4587 plebe
1833 4522 2071 4572 rectores

482 4601 605 4657 illos
628 4604 770 4658 velut
825 4605 997 4659 electa
1027 4620 1183 4675 poma
1223 4605 1516 4672 imitamur,
1550 4605 1638 4675 qui
1688 4606 1932 4677 magistri
1989 4604 2070 4659 sui

481 4691 735 4761 exemplo
792 4692 1079 4762 proficiunt
1114 4713 1125 4749 :
1159 4702 1210 4747 et
1239 4693 1363 4748 illos
1393 4693 1541 4747 velut
1588 4708 1784 4763 vepres
1813 4692 2067 4765 fugimus,

484 4780 573 4850 qui
606 4781 807 4851 antiqui
838 4782 1005 4836 hostis
1038 4782 1230 4837 fraude
1258 4782 1632 4853 reprobantur.
1667 4784 1809 4837 Bene
1843 4799 1975 4855 ergo
2003 4782 2070 4837 de

485 4870 635 4941 Saul,
663 4878 714 4925 et
741 4871 856 4940 ejus
886 4886 1056 4939 puero
1085 4870 1284 4925 dicitur
1315 4889 1328 4925 :
1363 4870 1489 4941 quia
1519 4880 1778 4926 venerunt
1807 4871 1861 4925 in
1892 4871 2071 4926 civita-

481 4966 610 5029 tem,
646 4966 699 5017 et
718 4959 916 5015 clivum
949 4958 1193 5028 ejusdem
1220 4959 1455 5014 civitatis
1498 4961 1859 5015 ascenderunt
1893 4980 1907 5025 ;
1941 4962 2069 5031 quia

481 5049 738 5104 nimirum
770 5049 1353 5120 perfectiosanctorum
1385 5048 1620 5103 virorum
1640 5065 1760 5103 cum
1782 5050 1831 5102 in
1845 5047 2070 5103 subditis

486 5139 757 5209 quaeritur,
792 5154 899 5193 non
922 5139 1236 5208 imperfecta
1258 5138 1524 5204 membra,
1558 5137 1651 5191 sed
1680 5138 1851 5191 electa
1907 5145 2068 5208 atque

480 5227 713 5298 perfecta
744 5227 1075 5299 requirenda
1105 5234 1247 5281 sunt.
1306 5227 1443 5281 Nam
1503 5233 1553 5280 et
1615 5224 1851 5279 artiﬁces
1903 5241 2069 5295 opera

480 5331 573 5370 sua
628 5317 777 5387 prius
821 5317 1095 5385 inchoaut,
1147 5315 1350 5371 deinde
1406 5322 1645 5369 comunt.
1698 5316 1857 5384 209
1893 5313 2071 5369 Pictor

550 5563 627 5631 (a)
659 5559 824 5616 Gilot.
857 5568 907 5617 et
940 5561 1133 5629 Vatic.,
1166 5576 1267 5632 per
1297 5575 1517 5616 eorum.

2184 4532 2399 4607 quando
2452 4546 2548 4602 per
2576 4525 2930 4582 ministerium
2961 4521 3362 4595 praedicationis
3421 4530 3674 4577 moratur
3734 4520 3786 4575 in

2181 4620 2484 4679 eruditione
2533 4616 2715 4689 populi
2766 4613 3012 4683 subjecti.
3075 4613 3134 4665 In
3191 4610 3409 4666 civitate
3468 4610 3783 4676 cstdoctor,

2181 4709 2398 4783 quando
2448 4706 2703 4777 relinquit
2750 4702 2986 4775 propria,
3047 4709 3101 4756 ut
3149 4699 3458 4756 communia
3507 4700 3784 4771 disponat.

2180 4800 2319 4870 Quia
2344 4797 2484 4854 enim
2502 4796 2627 4850 boni
2667 4790 3033 4865 praedicatoris
3056 4790 3243 4862 plebes
3257 4790 3333 4858 (a)
3352 4788 3508 4859 perej
3520 4807 3582 4843 us
3594 4789 3784 4843 exhor-

2169 4888 2437 4943 tationem
2470 4883 2686 4938 munitae
2713 4898 2775 4936 ac
2812 4880 2979 4935 fortes
3010 4886 3158 4946 sunt,
3190 4876 3408 4950 quando
3467 4876 3523 4931 in
3585 4892 3783 4933 eorum

2177 4968 2477 5027 ministerio
2505 4974 2765 5031 moratur,
2792 4965 2843 5019 in
2869 4963 3083 5020 civitate
3100 4978 3217 5018 esse
3248 4961 3775 5032 cognosciturJtem

2179 5056 2301 5128 quia
2322 5054 2373 5108 in
2404 5052 2659 5121 subjecta:
2691 5049 2866 5120 plebis
2895 5048 3235 5102 multitudine
3264 5037 3772 5116 aliisimplices,alii

2176 5143 2447 5214 sapientes
2477 5146 2619 5206 sunt,
2645 5137 2839 5208 puellae
2864 5137 3202 5208 subjungunt
3235 5150 3247 5189 :

2249 5227 2430 5295 (Vers.
2452 5224 2659 5293 12,13).
2686 5222 2913 5278 Festina
2927 5236 3101 5283 nunc,
3119 5220 3279 5276 hodie
3300 5219 3459 5275 venit
3490 5220 3551 5274 in
3568 5218 3783 5274 civita-

2180 5313 2293 5367 tem
2327 5331 2343 5363 :
2374 5310 2504 5384 quia
2534 5308 2879 5379 sacriﬁcium
2898 5310 2983 5362 est
3013 5304 3210 5379 populi
3238 5304 3298 5359 in
3321 5303 3570 5366 excelso,
3608 5301 3786 5375 Ingre-
