  <div class='ocr_page' id='page_1' title='image "/cluster/home/n/w/nwhite01/storage/ocr_20150623/79/hvd.32044054758834/134.png"; bbox 0 0 4034 6174; ppageno 0'>
   <div class='ocr_carea' id='block_1_1' title="bbox 330 372 436 439">
    <p class='ocr_par' dir='ltr' id='par_1_1' title="bbox 330 372 436 439">
     <span class='ocr_line' id='line_1_1' title="bbox 330 372 436 439; baseline 0.009 -1"><span class='ocrx_word' id='word_1_1' title='bbox 330 372 436 439; x_wconf 75' lang='lat'>251</span> 
     </span>
    </p>
   </div>
   <div class='ocr_carea' id='block_1_2' title="bbox 1183 367 2805 442">
    <p class='ocr_par' dir='ltr' id='par_1_2' title="bbox 1183 367 2805 442">
     <span class='ocr_line' id='line_1_2' title="bbox 1183 367 2805 442; baseline 0.004 -7"><span class='ocrx_word' id='word_1_2' title='bbox 1183 380 1257 435; x_wconf 86' lang='grc' dir='ltr'>ΙΝ</span> <span class='ocrx_word' id='word_1_3' title='bbox 1295 377 1563 436; x_wconf 82' lang='lat' dir='ltr'>PRIMUM</span> <span class='ocrx_word' id='word_1_4' title='bbox 1602 367 1843 434; x_wconf 81' lang='lat' dir='ltr'><strong>REGUM</strong></span> <span class='ocrx_word' id='word_1_5' title='bbox 1884 371 2420 439; x_wconf 84' lang='lat' dir='ltr'>EXPOSITIONES.</span> <span class='ocrx_word' id='word_1_6' title='bbox 2452 413 2523 424; x_wconf 91' lang='lat'>-—</span> <span class='ocrx_word' id='word_1_7' title='bbox 2553 383 2677 439; x_wconf 90' lang='lat' dir='ltr'><strong>LIB.</strong></span> <span class='ocrx_word' id='word_1_8' title='bbox 2719 384 2805 442; x_wconf 81' lang='lat' dir='ltr'>IV.</span> 
     </span>
    </p>
   </div>
   <div class='ocr_carea' id='block_1_3' title="bbox 3547 406 3649 461">
    <p class='ocr_par' dir='ltr' id='par_1_3' title="bbox 3547 406 3649 461">
     <span class='ocr_line' id='line_1_3' title="bbox 3547 406 3649 461; baseline -0.01 0"><span class='ocrx_word' id='word_1_9' title='bbox 3547 406 3649 461; x_wconf 71' lang='lat'>258</span> 
     </span>
    </p>
   </div>
   <div class='ocr_carea' id='block_1_4' title="bbox 335 499 3653 587">
    <p class='ocr_par' dir='ltr' id='par_1_4' title="bbox 335 499 3653 587">
     <span class='ocr_line' id='line_1_4' title="bbox 335 499 3653 587; baseline 0.007 -24"><span class='ocrx_word' id='word_1_10' title='bbox 335 509 556 564; x_wconf 82' lang='lat' dir='ltr'>dientes</span> <span class='ocrx_word' id='word_1_11' title='bbox 602 511 793 563; x_wconf 83' lang='lat' dir='ltr'>autem</span> <span class='ocrx_word' id='word_1_12' title='bbox 848 507 1035 564; x_wconf 85' lang='lat' dir='ltr'>statin</span> <span class='ocrx_word' id='word_1_13' title='bbox 1082 507 1390 564; x_wconf 82' lang='lat' dir='ltr'>invenietis</span> <span class='ocrx_word' id='word_1_14' title='bbox 1427 520 1576 570; x_wconf 91' lang='lat' dir='ltr'>eum,</span> <span class='ocrx_word' id='word_1_15' title='bbox 1620 506 1932 575; x_wconf 81' lang='lat' dir='ltr'>antequam</span> <span class='ocrx_word' id='word_1_16' title='bbox 1960 499 2015 561; x_wconf 85' lang='lat' dir='ltr'><strong>A</strong></span> <span class='ocrx_word' id='word_1_17' title='bbox 2048 519 2155 561; x_wconf 91' lang='lat' dir='ltr'>non</span> <span class='ocrx_word' id='word_1_18' title='bbox 2177 507 2284 562; x_wconf 86' lang='lat' dir='ltr'>alta</span> <span class='ocrx_word' id='word_1_19' title='bbox 2317 508 2619 565; x_wconf 70' lang='lat' dir='ltr'>eruditione</span> <span class='ocrx_word' id='word_1_20' title='bbox 2647 527 2743 566; x_wconf 90' lang='lat' dir='ltr'>eos</span> <span class='ocrx_word' id='word_1_21' title='bbox 2782 513 3029 587; x_wconf 83' lang='lat' dir='ltr'>indigere</span> <span class='ocrx_word' id='word_1_22' title='bbox 3063 519 3454 579; x_wconf 75' lang='lat' dir='ltr'>existimamus.</span> <span class='ocrx_word' id='word_1_23' title='bbox 3500 528 3653 586; x_wconf 91' lang='lat' dir='ltr'>Tunc</span> 
     </span>
    </p>
   </div>
   <div class='ocr_carea' id='block_1_5' title="bbox 333 593 1941 665">
    <p class='ocr_par' dir='ltr' id='par_1_5' title="bbox 333 593 1941 665">
     <span class='ocr_line' id='line_1_5' title="bbox 333 593 1941 665; baseline -0.004 -13"><span class='ocrx_word' id='word_1_24' title='bbox 333 597 607 653; x_wconf 74' lang='lat' dir='ltr'>ascendat</span> <span class='ocrx_word' id='word_1_25' title='bbox 633 597 697 651; x_wconf 85' lang='lat' dir='ltr'>in</span> <span class='ocrx_word' id='word_1_26' title='bbox 727 598 1041 665; x_wconf 75' lang='lat' dir='ltr'>excelsum,</span> <span class='ocrx_word' id='word_1_27' title='bbox 1073 597 1146 654; x_wconf 88' lang='lat' dir='ltr'>ad</span> <span class='ocrx_word' id='word_1_28' title='bbox 1175 595 1527 653; x_wconf 83' lang='lat' dir='ltr'>vescendum.</span> <span class='ocrx_word' id='word_1_29' title='bbox 1573 593 1755 665; x_wconf 83' lang='lat' dir='ltr'>Neque</span> <span class='ocrx_word' id='word_1_30' title='bbox 1786 593 1941 647; x_wconf 81' lang='lat' dir='ltr'>enim</span> 
     </span>
    </p>
   </div>
   <div class='ocr_carea' id='block_1_6' title="bbox 334 681 1942 758">
    <p class='ocr_par' dir='ltr' id='par_1_6' title="bbox 334 681 1942 758">
     <span class='ocr_line' id='line_1_6' title="bbox 334 681 1942 758; baseline -0.005 -16"><span class='ocrx_word' id='word_1_31' title='bbox 334 690 688 742; x_wconf 81' lang='lat' dir='ltr'>comesturus</span> <span class='ocrx_word' id='word_1_32' title='bbox 710 691 795 742; x_wconf 88' lang='lat' dir='ltr'>est</span> <span class='ocrx_word' id='word_1_33' title='bbox 812 687 1078 758; x_wconf 83' lang='lat' dir='ltr'>populus,</span> <span class='ocrx_word' id='word_1_34' title='bbox 1105 686 1281 742; x_wconf 83' lang='lat' dir='ltr'>donec</span> <span class='ocrx_word' id='word_1_35' title='bbox 1303 686 1400 741; x_wconf 80' lang='lat' dir='ltr'>illo</span> <span class='ocrx_word' id='word_1_36' title='bbox 1421 684 1647 751; x_wconf 80' lang='lat' dir='ltr'>veniat;</span> <span class='ocrx_word' id='word_1_37' title='bbox 1672 682 1803 754; x_wconf 83' lang='lat' dir='ltr'><strong><em>quia</em></strong></span> <span class='ocrx_word' id='word_1_38' title='bbox 1821 681 1942 752; x_wconf 81' lang='lat' dir='ltr'>ipse</span> 
     </span>
    </p>
   </div>
   <div class='ocr_carea' id='block_1_7' title="bbox 333 770 1934 844">
    <p class='ocr_par' dir='ltr' id='par_1_7' title="bbox 333 770 1934 844">
     <span class='ocr_line' id='line_1_7' title="bbox 333 770 1934 844; baseline -0.006 -13"><span class='ocrx_word' id='word_1_39' title='bbox 333 774 620 831; x_wconf 73' lang='lat' dir='ltr'>benedicct</span> <span class='ocrx_word' id='word_1_40' title='bbox 634 775 853 839; x_wconf 68' lang='lat' dir='ltr'>hostias,</span> <span class='ocrx_word' id='word_1_41' title='bbox 868 780 926 830; x_wconf 86' lang='lat' dir='ltr'>et</span> <span class='ocrx_word' id='word_1_42' title='bbox 937 775 1134 831; x_wconf 85' lang='lat' dir='ltr'>deinde</span> <span class='ocrx_word' id='word_1_43' title='bbox 1147 774 1457 840; x_wconf 87' lang='lat' dir='ltr'>comedent,</span> <span class='ocrx_word' id='word_1_44' title='bbox 1475 773 1573 844; x_wconf 88' lang='lat' dir='ltr'>qui</span> <span class='ocrx_word' id='word_1_45' title='bbox 1586 770 1764 827; x_wconf 79' lang='lat' dir='ltr'>vocati</span> <span class='ocrx_word' id='word_1_46' title='bbox 1778 786 1841 825; x_wconf 81' lang='lat' dir='ltr'>su</span> <span class='ocrx_word' id='word_1_47' title='bbox 1850 786 1886 822; x_wconf 91' lang='grc' dir='ltr'><em>η</em></span> <span class='ocrx_word' id='word_1_48' title='bbox 1895 771 1934 822; x_wconf 84' lang='lat' dir='ltr'>t.</span> 
     </span>
    </p>
   </div>
   <div class='ocr_carea' id='block_1_8' title="bbox 408 859 1937 927">
    <p class='ocr_par' dir='ltr' id='par_1_8' title="bbox 408 859 1937 927">
     <span class='ocr_line' id='line_1_8' title="bbox 408 859 1937 927; baseline -0.004 -11"><span class='ocrx_word' id='word_1_49' title='bbox 408 866 494 917; x_wconf 69' lang='grc'>34.</span> <span class='ocrx_word' id='word_1_50' title='bbox 530 863 667 918; x_wconf 86' lang='lat' dir='ltr'>Cum</span> <span class='ocrx_word' id='word_1_51' title='bbox 696 864 752 917; x_wconf 92' lang='lat' dir='ltr'>in</span> <span class='ocrx_word' id='word_1_52' title='bbox 798 864 1075 920; x_wconf 86' lang='lat' dir='ltr'>civitatem</span> <span class='ocrx_word' id='word_1_53' title='bbox 1118 865 1262 919; x_wconf 87' lang='lat' dir='ltr'>venit</span> <span class='ocrx_word' id='word_1_54' title='bbox 1307 862 1544 927; x_wconf 90' lang='lat' dir='ltr'>Samuel,</span> <span class='ocrx_word' id='word_1_55' title='bbox 1578 861 1631 914; x_wconf 92' lang='lat' dir='ltr'>in</span> <span class='ocrx_word' id='word_1_56' title='bbox 1661 859 1937 915; x_wconf 81' lang='lat' dir='ltr'>excelsum</span> 
     </span>
    </p>
   </div>
   <div class='ocr_carea' id='block_1_9' title="bbox 335 946 1940 1023">
    <p class='ocr_par' dir='ltr' id='par_1_9' title="bbox 335 946 1940 1023">
     <span class='ocr_line' id='line_1_9' title="bbox 335 946 1940 1023; baseline -0.002 -18"><span class='ocrx_word' id='word_1_57' title='bbox 335 952 579 1007; x_wconf 75' lang='lat' dir='ltr'>ascendit</span> <span class='ocrx_word' id='word_1_58' title='bbox 611 971 624 1008; x_wconf 94' lang='lat'><strong>:</strong></span> <span class='ocrx_word' id='word_1_59' title='bbox 658 953 786 1023; x_wconf 85' lang='lat' dir='ltr'>quia</span> <span class='ocrx_word' id='word_1_60' title='bbox 815 953 1019 1008; x_wconf 89' lang='lat' dir='ltr'>electus</span> <span class='ocrx_word' id='word_1_61' title='bbox 1043 953 1370 1023; x_wconf 72' lang='lat' dir='ltr'>praedicator</span> <span class='ocrx_word' id='word_1_62' title='bbox 1397 952 1450 1004; x_wconf 91' lang='lat' dir='ltr'>in</span> <span class='ocrx_word' id='word_1_63' title='bbox 1479 949 1781 1006; x_wconf 70' lang='lat' dir='ltr'>eruditione</span> <span class='ocrx_word' id='word_1_64' title='bbox 1810 946 1940 1003; x_wconf 87' lang='lat' dir='ltr'>sub-</span> 
     </span>
    </p>
   </div>
   <div class='ocr_carea' id='block_1_10' title="bbox 331 1035 1940 1112">
    <p class='ocr_par' dir='ltr' id='par_1_10' title="bbox 331 1035 1940 1112">
     <span class='ocr_line' id='line_1_10' title="bbox 331 1035 1940 1112; baseline -0.005 -17"><span class='ocrx_word' id='word_1_65' title='bbox 331 1042 591 1111; x_wconf 88' lang='lat' dir='ltr'>ditorum,</span> <span class='ocrx_word' id='word_1_66' title='bbox 624 1042 793 1097; x_wconf 86' lang='lat' dir='ltr'>modo</span> <span class='ocrx_word' id='word_1_67' title='bbox 822 1042 989 1112; x_wconf 88' lang='lat' dir='ltr'>plana</span> <span class='ocrx_word' id='word_1_68' title='bbox 1027 1042 1215 1107; x_wconf 88' lang='lat' dir='ltr'>verba,</span> <span class='ocrx_word' id='word_1_69' title='bbox 1266 1041 1431 1096; x_wconf 89' lang='lat' dir='ltr'>modo</span> <span class='ocrx_word' id='word_1_70' title='bbox 1469 1040 1577 1094; x_wconf 91' lang='lat' dir='ltr'>alta</span> <span class='ocrx_word' id='word_1_71' title='bbox 1606 1035 1940 1112; x_wconf 79' lang='lat' dir='ltr'>pronuntiat.</span> 
     </span>
    </p>
   </div>
   <div class='ocr_carea' id='block_1_11' title="bbox 333 1110 1871 1198">
    <p class='ocr_par' dir='ltr' id='par_1_11' title="bbox 333 1110 1871 1198">
     <span class='ocr_line' id='line_1_11' title="bbox 333 1110 1871 1198; baseline -0.003 -18"><span class='ocrx_word' id='word_1_72' title='bbox 333 1110 765 1197; x_wconf 12' lang='lat' dir='ltr'>Quandoiigitur</span> <span class='ocrx_word' id='word_1_73' title='bbox 789 1110 953 1196; x_wconf 82' lang='lat' dir='ltr'>plena</span> <span class='ocrx_word' id='word_1_74' title='bbox 989 1133 1039 1181; x_wconf 89' lang='lat' dir='ltr'>et</span> <span class='ocrx_word' id='word_1_75' title='bbox 1068 1125 1429 1198; x_wconf 87' lang='lat' dir='ltr'>intelligibilia</span> <span class='ocrx_word' id='word_1_76' title='bbox 1470 1125 1737 1195; x_wconf 65' lang='lat' dir='ltr'>praecipit,</span> <span class='ocrx_word' id='word_1_77' title='bbox 1772 1110 1871 1176; x_wconf 75' lang='lat'>2‘1</span> 
     </span>
    </p>
   </div>
   <div class='ocr_carea' id='block_1_12' title="bbox 331 1213 1936 1287">
    <p class='ocr_par' dir='ltr' id='par_1_12' title="bbox 331 1213 1936 1287">
     <span class='ocr_line' id='line_1_12' title="bbox 331 1213 1936 1287; baseline -0.001 -17"><span class='ocrx_word' id='word_1_78' title='bbox 331 1217 388 1270; x_wconf 88' lang='lat' dir='ltr'>in</span> <span class='ocrx_word' id='word_1_79' title='bbox 416 1216 637 1273; x_wconf 72' lang='lat' dir='ltr'>civitate</span> <span class='ocrx_word' id='word_1_80' title='bbox 668 1223 767 1284; x_wconf 87' lang='lat' dir='ltr'>est,</span> <span class='ocrx_word' id='word_1_81' title='bbox 799 1215 1017 1287; x_wconf 83' lang='lat' dir='ltr'>quando</span> <span class='ocrx_word' id='word_1_82' title='bbox 1045 1215 1318 1285; x_wconf 85' lang='lat' dir='ltr'>sublimia,</span> <span class='ocrx_word' id='word_1_83' title='bbox 1361 1222 1414 1270; x_wconf 91' lang='lat' dir='ltr'>et</span> <span class='ocrx_word' id='word_1_84' title='bbox 1442 1232 1569 1286; x_wconf 58' lang='lat' dir='ltr'>quae</span> <span class='ocrx_word' id='word_1_85' title='bbox 1609 1215 1703 1269; x_wconf 86' lang='lat' dir='ltr'>vix</span> <span class='ocrx_word' id='word_1_86' title='bbox 1731 1213 1936 1269; x_wconf 79' lang='lat' dir='ltr'>intelli-</span> 
     </span>
    </p>
   </div>
   <div class='ocr_carea' id='block_1_13' title="bbox 335 1304 1940 1379">
    <p class='ocr_par' dir='ltr' id='par_1_13' title="bbox 335 1304 1940 1379">
     <span class='ocr_line' id='line_1_13' title="bbox 335 1304 1940 1379; baseline 0.002 -20"><span class='ocrx_word' id='word_1_87' title='bbox 335 1313 557 1379; x_wconf 83' lang='lat' dir='ltr'>guntur,</span> <span class='ocrx_word' id='word_1_88' title='bbox 582 1305 637 1359; x_wconf 90' lang='lat' dir='ltr'>in</span> <span class='ocrx_word' id='word_1_89' title='bbox 667 1305 910 1361; x_wconf 83' lang='lat' dir='ltr'>excelso.</span> <span class='ocrx_word' id='word_1_90' title='bbox 928 1305 987 1360; x_wconf 89' lang='lat' dir='ltr'>In</span> <span class='ocrx_word' id='word_1_91' title='bbox 1017 1304 1234 1360; x_wconf 82' lang='lat' dir='ltr'>civitate</span> <span class='ocrx_word' id='word_1_92' title='bbox 1255 1304 1593 1375; x_wconf 87' lang='lat' dir='ltr'>est,quando</span> <span class='ocrx_word' id='word_1_93' title='bbox 1607 1304 1940 1374; x_wconf 88' lang='lat' dir='ltr'>simplicibus</span> 
     </span>
    </p>
   </div>
   <div class='ocr_carea' id='block_1_14' title="bbox 332 1393 1939 1467">
    <p class='ocr_par' dir='ltr' id='par_1_14' title="bbox 332 1393 1939 1467">
     <span class='ocr_line' id='line_1_14' title="bbox 332 1393 1939 1467; baseline -0.001 -17"><span class='ocrx_word' id='word_1_94' title='bbox 332 1395 593 1467; x_wconf 85' lang='lat' dir='ltr'>proponit</span> <span class='ocrx_word' id='word_1_95' title='bbox 621 1394 875 1466; x_wconf 81' lang='lat' dir='ltr'>exempla</span> <span class='ocrx_word' id='word_1_96' title='bbox 907 1411 920 1449; x_wconf 88' lang='lat'><strong>:</strong></span> <span class='ocrx_word' id='word_1_97' title='bbox 954 1394 1009 1449; x_wconf 89' lang='lat' dir='ltr'>in</span> <span class='ocrx_word' id='word_1_98' title='bbox 1055 1394 1272 1450; x_wconf 84' lang='lat' dir='ltr'>excelso</span> <span class='ocrx_word' id='word_1_99' title='bbox 1304 1402 1506 1464; x_wconf 90' lang='lat' dir='ltr'>autem,</span> <span class='ocrx_word' id='word_1_100' title='bbox 1553 1393 1771 1464; x_wconf 86' lang='lat' dir='ltr'>quando</span> <span class='ocrx_word' id='word_1_101' title='bbox 1806 1408 1939 1464; x_wconf 90' lang='lat' dir='ltr'>per-</span> 
     </span>
    </p>
   </div>
   <div class='ocr_carea' id='block_1_15' title="bbox 333 1482 1943 1554">
    <p class='ocr_par' dir='ltr' id='par_1_15' title="bbox 333 1482 1943 1554">
     <span class='ocr_line' id='line_1_15' title="bbox 333 1482 1943 1554; baseline -0.001 -16"><span class='ocrx_word' id='word_1_102' title='bbox 333 1483 491 1541; x_wconf 84' lang='lat' dir='ltr'>tectis</span> <span class='ocrx_word' id='word_1_103' title='bbox 520 1483 811 1540; x_wconf 81' lang='lat' dir='ltr'>verborum</span> <span class='ocrx_word' id='word_1_104' title='bbox 863 1482 1223 1554; x_wconf 81' lang='lat' dir='ltr'>spiritualium</span> <span class='ocrx_word' id='word_1_105' title='bbox 1255 1482 1360 1539; x_wconf 83' lang='lat' dir='ltr'>alta</span> <span class='ocrx_word' id='word_1_106' title='bbox 1406 1482 1739 1553; x_wconf 71' lang='lat' dir='ltr'>pronuntiat.</span> <span class='ocrx_word' id='word_1_107' title='bbox 1773 1483 1943 1552; x_wconf 82' lang='lat' dir='ltr'>Quasi</span> 
     </span>
    </p>
   </div>
   <div class='ocr_carea' id='block_1_16' title="bbox 335 1572 1943 1643">
    <p class='ocr_par' dir='ltr' id='par_1_16' title="bbox 335 1572 1943 1643">
     <span class='ocr_line' id='line_1_16' title="bbox 335 1572 1943 1643; baseline -0.001 -13"><span class='ocrx_word' id='word_1_108' title='bbox 335 1573 485 1630; x_wconf 87' lang='lat' dir='ltr'>enim</span> <span class='ocrx_word' id='word_1_109' title='bbox 504 1572 562 1627; x_wconf 90' lang='lat' dir='ltr'>in</span> <span class='ocrx_word' id='word_1_110' title='bbox 592 1572 813 1628; x_wconf 84' lang='lat' dir='ltr'>civitate</span> <span class='ocrx_word' id='word_1_111' title='bbox 834 1581 970 1641; x_wconf 90' lang='lat' dir='ltr'>erat,</span> <span class='ocrx_word' id='word_1_112' title='bbox 1003 1572 1091 1643; x_wconf 88' lang='lat' dir='ltr'>qui</span> <span class='ocrx_word' id='word_1_113' title='bbox 1114 1572 1331 1629; x_wconf 81' lang='lat' dir='ltr'>dicebat</span> <span class='ocrx_word' id='word_1_114' title='bbox 1362 1589 1375 1626; x_wconf 88' lang='lat'><strong>:</strong></span> <span class='ocrx_word' id='word_1_115' title='bbox 1409 1572 1563 1628; x_wconf 82' lang='lat' dir='ltr'>Nihil</span> <span class='ocrx_word' id='word_1_116' title='bbox 1572 1572 1830 1642; x_wconf 82' lang='lat' dir='ltr'>judicavi</span> <span class='ocrx_word' id='word_1_117' title='bbox 1852 1587 1943 1628; x_wconf 87' lang='lat' dir='ltr'>me</span> 
     </span>
    </p>
   </div>
   <div class='ocr_carea' id='block_1_17' title="bbox 334 1660 1943 1731">
    <p class='ocr_par' dir='ltr' id='par_1_17' title="bbox 334 1660 1943 1731">
     <span class='ocr_line' id='line_1_17' title="bbox 334 1660 1943 1731; baseline -0.002 -13"><span class='ocrx_word' id='word_1_118' title='bbox 334 1663 485 1719; x_wconf 82' lang='lat' dir='ltr'>scire</span> <span class='ocrx_word' id='word_1_119' title='bbox 510 1663 671 1718; x_wconf 86' lang='lat' dir='ltr'>inter</span> <span class='ocrx_word' id='word_1_120' title='bbox 697 1678 814 1731; x_wconf 88' lang='lat' dir='ltr'>vos,</span> <span class='ocrx_word' id='word_1_121' title='bbox 843 1662 961 1717; x_wconf 83' lang='lat' dir='ltr'>nisi</span> <span class='ocrx_word' id='word_1_122' title='bbox 993 1660 1299 1731; x_wconf 72' lang='lat' dir='ltr'>Christum,</span> <span class='ocrx_word' id='word_1_123' title='bbox 1331 1666 1386 1718; x_wconf 87' lang='lat' dir='ltr'>et</span> <span class='ocrx_word' id='word_1_124' title='bbox 1420 1662 1573 1718; x_wconf 86' lang='lat' dir='ltr'>hunc</span> <span class='ocrx_word' id='word_1_125' title='bbox 1599 1661 1943 1730; x_wconf 75' lang='lat' dir='ltr'>cruciﬁxum</span> 
     </span>
    </p>
   </div>
   <div class='ocr_carea' id='block_1_18' title="bbox 334 1748 1946 1823">
    <p class='ocr_par' dir='ltr' id='par_1_18' title="bbox 334 1748 1946 1823">
     <span class='ocr_line' id='line_1_18' title="bbox 334 1748 1946 1823; baseline -0.002 -17"><span class='ocrx_word' id='word_1_126' title='bbox 334 1751 386 1823; x_wconf 85' lang='grc' dir='ltr'>(ι</span> <span class='ocrx_word' id='word_1_127' title='bbox 413 1751 542 1808; x_wconf 78' lang='lat' dir='ltr'>Cor.</span> <span class='ocrx_word' id='word_1_128' title='bbox 575 1765 635 1819; x_wconf 83' lang='grc' dir='ltr'>η,</span> <span class='ocrx_word' id='word_1_129' title='bbox 669 1752 743 1819; x_wconf 76' lang='grc'>2).</span> <span class='ocrx_word' id='word_1_130' title='bbox 776 1753 912 1805; x_wconf 83' lang='lat' dir='ltr'>Item</span> <span class='ocrx_word' id='word_1_131' title='bbox 960 1750 1015 1805; x_wconf 90' lang='lat' dir='ltr'>in</span> <span class='ocrx_word' id='word_1_132' title='bbox 1045 1751 1267 1807; x_wconf 84' lang='lat' dir='ltr'>civitate</span> <span class='ocrx_word' id='word_1_133' title='bbox 1296 1758 1430 1819; x_wconf 88' lang='lat' dir='ltr'>erat,</span> <span class='ocrx_word' id='word_1_134' title='bbox 1480 1749 1693 1820; x_wconf 87' lang='lat' dir='ltr'>quando</span> <span class='ocrx_word' id='word_1_135' title='bbox 1721 1748 1946 1804; x_wconf 88' lang='lat' dir='ltr'>inﬁrmis</span> 
     </span>
    </p>
   </div>
   <div class='ocr_carea' id='block_1_19' title="bbox 332 1839 2028 1926">
    <p class='ocr_par' dir='ltr' id='par_1_19' title="bbox 332 1839 2028 1926">
     <span class='ocr_line' id='line_1_19' title="bbox 332 1839 2028 1926; baseline -0.002 -30"><span class='ocrx_word' id='word_1_136' title='bbox 332 1839 577 1896; x_wconf 87' lang='lat' dir='ltr'>remedia</span> <span class='ocrx_word' id='word_1_137' title='bbox 588 1839 1209 1909; x_wconf 82' lang='lat' dir='ltr'>demonstrabat,dicens</span> <span class='ocrx_word' id='word_1_138' title='bbox 1230 1858 1243 1895; x_wconf 90' lang='lat'><strong>:</strong></span> <span class='ocrx_word' id='word_1_139' title='bbox 1262 1839 1943 1912; x_wconf 74' lang='lat' dir='ltr'>Pr0pterfornicationcm</span> <span class='ocrx_word' id='word_1_140' title='bbox 1972 1865 2028 1926; x_wconf 83' lang='lat' dir='ltr'>B</span> 
     </span>
    </p>
   </div>
   <div class='ocr_carea' id='block_1_20' title="bbox 338 1927 1946 1997">
    <p class='ocr_par' dir='ltr' id='par_1_20' title="bbox 338 1927 1946 1997">
     <span class='ocr_line' id='line_1_20' title="bbox 338 1927 1946 1997; baseline -0.002 -12"><span class='ocrx_word' id='word_1_141' title='bbox 338 1930 428 1985; x_wconf 76' lang='lat' dir='ltr'>vir</span> <span class='ocrx_word' id='word_1_142' title='bbox 445 1946 612 1986; x_wconf 88' lang='lat' dir='ltr'>suam</span> <span class='ocrx_word' id='word_1_143' title='bbox 633 1945 876 1986; x_wconf 75' lang='lat' dir='ltr'>uxorem</span> <span class='ocrx_word' id='word_1_144' title='bbox 897 1930 1116 1997; x_wconf 82' lang='lat' dir='ltr'>habent,</span> <span class='ocrx_word' id='word_1_145' title='bbox 1130 1934 1185 1985; x_wconf 88' lang='lat' dir='ltr'>et</span> <span class='ocrx_word' id='word_1_146' title='bbox 1206 1945 1534 1986; x_wconf 73' lang='lat' dir='ltr'>uxorsuum</span> <span class='ocrx_word' id='word_1_147' title='bbox 1545 1931 1731 1984; x_wconf 81' lang='lat' dir='ltr'>virum</span> <span class='ocrx_word' id='word_1_148' title='bbox 1745 1927 1946 1983; x_wconf 80' lang='lat' dir='ltr'>habeat</span> 
     </span>
    </p>
   </div>
   <div class='ocr_carea' id='block_1_21' title="bbox 339 2016 1943 2090">
    <p class='ocr_par' dir='ltr' id='par_1_21' title="bbox 339 2016 1943 2090">
     <span class='ocr_line' id='line_1_21' title="bbox 339 2016 1943 2090; baseline -0.001 -17"><span class='ocrx_word' id='word_1_149' title='bbox 339 2019 522 2089; x_wconf 63' lang='lat' dir='ltr'>(Ibid,</span> <span class='ocrx_word' id='word_1_150' title='bbox 547 2019 626 2090; x_wconf 72' lang='grc' dir='ltr'>ἲ).</span> <span class='ocrx_word' id='word_1_151' title='bbox 659 2018 768 2074; x_wconf 89' lang='lat' dir='ltr'>Sed</span> <span class='ocrx_word' id='word_1_152' title='bbox 798 2019 851 2072; x_wconf 91' lang='lat' dir='ltr'>in</span> <span class='ocrx_word' id='word_1_153' title='bbox 884 2017 1153 2074; x_wconf 83' lang='lat' dir='ltr'>excelsum</span> <span class='ocrx_word' id='word_1_154' title='bbox 1175 2017 1441 2087; x_wconf 85' lang='lat' dir='ltr'>ascendit,</span> <span class='ocrx_word' id='word_1_155' title='bbox 1475 2017 1600 2087; x_wconf 88' lang='lat' dir='ltr'>quia</span> <span class='ocrx_word' id='word_1_156' title='bbox 1636 2032 1744 2072; x_wconf 93' lang='lat' dir='ltr'>non</span> <span class='ocrx_word' id='word_1_157' title='bbox 1774 2016 1943 2071; x_wconf 91' lang='lat' dir='ltr'>multo</span> 
     </span>
    </p>
   </div>
   <div class='ocr_carea' id='block_1_22' title="bbox 336 2104 1945 2180">
    <p class='ocr_par' dir='ltr' id='par_1_22' title="bbox 336 2104 1945 2180">
     <span class='ocr_line' id='line_1_22' title="bbox 336 2104 1945 2180; baseline -0.002 -16"><span class='ocrx_word' id='word_1_158' title='bbox 336 2115 465 2180; x_wconf 85' lang='lat' dir='ltr'>post</span> <span class='ocrx_word' id='word_1_159' title='bbox 484 2107 668 2163; x_wconf 85' lang='lat' dir='ltr'>subdit</span> <span class='ocrx_word' id='word_1_160' title='bbox 691 2124 705 2162; x_wconf 85' lang='lat'><strong>:</strong></span> <span class='ocrx_word' id='word_1_161' title='bbox 728 2109 805 2165; x_wconf 88' lang='lat' dir='ltr'>De</span> <span class='ocrx_word' id='word_1_162' title='bbox 822 2108 1130 2180; x_wconf 80' lang='lat' dir='ltr'>virginibus</span> <span class='ocrx_word' id='word_1_163' title='bbox 1143 2111 1335 2163; x_wconf 87' lang='lat' dir='ltr'>autem</span> <span class='ocrx_word' id='word_1_164' title='bbox 1350 2110 1697 2180; x_wconf 68' lang='lat' dir='ltr'>praeceptum</span> <span class='ocrx_word' id='word_1_165' title='bbox 1713 2123 1828 2160; x_wconf 87' lang='lat' dir='ltr'>non</span> <span class='ocrx_word' id='word_1_166' title='bbox 1847 2104 1945 2161; x_wconf 83' lang='lat' dir='ltr'>ha-</span> 
     </span>
    </p>
   </div>
   <div class='ocr_carea' id='block_1_23' title="bbox 344 2194 1943 2266">
    <p class='ocr_par' dir='ltr' id='par_1_23' title="bbox 344 2194 1943 2266">
     <span class='ocr_line' id='line_1_23' title="bbox 344 2194 1943 2266; baseline -0.003 -12"><span class='ocrx_word' id='word_1_167' title='bbox 344 2198 457 2266; x_wconf 75' lang='lat' dir='ltr'>beo,</span> <span class='ocrx_word' id='word_1_168' title='bbox 481 2198 789 2254; x_wconf 74' lang='lat' dir='ltr'>consilium</span> <span class='ocrx_word' id='word_1_169' title='bbox 809 2201 1004 2253; x_wconf 83' lang='lat' dir='ltr'>autem</span> <span class='ocrx_word' id='word_1_170' title='bbox 1020 2196 1107 2254; x_wconf 90' lang='lat' dir='ltr'>do.</span> <span class='ocrx_word' id='word_1_171' title='bbox 1129 2198 1331 2253; x_wconf 82' lang='lat' dir='ltr'>Vellem</span> <span class='ocrx_word' id='word_1_172' title='bbox 1344 2210 1535 2252; x_wconf 89' lang='lat' dir='ltr'>omnes</span> <span class='ocrx_word' id='word_1_173' title='bbox 1558 2194 1809 2251; x_wconf 79' lang='lat' dir='ltr'>homines</span> <span class='ocrx_word' id='word_1_174' title='bbox 1826 2210 1943 2250; x_wconf 84' lang='lat' dir='ltr'>esse</span> 
     </span>
    </p>
   </div>
   <div class='ocr_carea' id='block_1_24' title="bbox 342 2284 1944 2358">
    <p class='ocr_par' dir='ltr' id='par_1_24' title="bbox 342 2284 1944 2358">
     <span class='ocr_line' id='line_1_24' title="bbox 342 2284 1944 2358; baseline -0.002 -17"><span class='ocrx_word' id='word_1_175' title='bbox 342 2287 496 2343; x_wconf 80' lang='lat' dir='ltr'>sicut</span> <span class='ocrx_word' id='word_1_176' title='bbox 512 2287 790 2358; x_wconf 82' lang='lat' dir='ltr'>meipsum</span> <span class='ocrx_word' id='word_1_177' title='bbox 813 2285 971 2356; x_wconf 79' lang='lat' dir='ltr'>(Ibid.</span> <span class='ocrx_word' id='word_1_178' title='bbox 982 2328 995 2354; x_wconf 92' lang='lat'>,</span> <span class='ocrx_word' id='word_1_179' title='bbox 1020 2288 1096 2353; x_wconf 92' lang='lat'>8).</span> <span class='ocrx_word' id='word_1_180' title='bbox 1118 2286 1176 2340; x_wconf 87' lang='lat' dir='ltr'>ln</span> <span class='ocrx_word' id='word_1_181' title='bbox 1190 2286 1463 2341; x_wconf 86' lang='lat' dir='ltr'>excelsum</span> <span class='ocrx_word' id='word_1_182' title='bbox 1481 2285 1641 2340; x_wconf 88' lang='lat' dir='ltr'>etiam</span> <span class='ocrx_word' id='word_1_183' title='bbox 1655 2284 1944 2339; x_wconf 90' lang='lat' dir='ltr'>verborum</span> 
     </span>
    </p>
   </div>
   <div class='ocr_carea' id='block_1_25' title="bbox 338 2372 1944 2446">
    <p class='ocr_par' dir='ltr' id='par_1_25' title="bbox 338 2372 1944 2446">
     <span class='ocr_line' id='line_1_25' title="bbox 338 2372 1944 2446; baseline -0.001 -16"><span class='ocrx_word' id='word_1_184' title='bbox 338 2391 570 2444; x_wconf 64' lang='lat' dir='ltr'>scsaape</span> <span class='ocrx_word' id='word_1_185' title='bbox 608 2374 911 2431; x_wconf 78' lang='lat' dir='ltr'>ascendere</span> <span class='ocrx_word' id='word_1_186' title='bbox 948 2374 1166 2440; x_wconf 84' lang='lat' dir='ltr'>fatetur,</span> <span class='ocrx_word' id='word_1_187' title='bbox 1210 2374 1338 2445; x_wconf 90' lang='lat' dir='ltr'>quia</span> <span class='ocrx_word' id='word_1_188' title='bbox 1382 2373 1557 2429; x_wconf 90' lang='lat' dir='ltr'>dicit:</span> <span class='ocrx_word' id='word_1_189' title='bbox 1590 2372 1944 2446; x_wconf 83' lang='lat' dir='ltr'>Sapientiam</span> 
     </span>
    </p>
   </div>
   <div class='ocr_carea' id='block_1_26' title="bbox 344 2464 1434 2536">
    <p class='ocr_par' dir='ltr' id='par_1_26' title="bbox 344 2464 1434 2536">
     <span class='ocr_line' id='line_1_26' title="bbox 344 2464 1434 2536; baseline -0.003 -17"><span class='ocrx_word' id='word_1_190' title='bbox 344 2465 635 2536; x_wconf 81' lang='lat' dir='ltr'>loquimur</span> <span class='ocrx_word' id='word_1_191' title='bbox 663 2464 818 2520; x_wconf 86' lang='lat' dir='ltr'>inter</span> <span class='ocrx_word' id='word_1_192' title='bbox 840 2466 1121 2536; x_wconf 81' lang='lat' dir='ltr'>perfectos</span> <span class='ocrx_word' id='word_1_193' title='bbox 1149 2464 1328 2533; x_wconf 70' lang='lat' dir='ltr'>(Ibid,</span> <span class='ocrx_word' id='word_1_194' title='bbox 1359 2464 1434 2533; x_wconf 88' lang='lat'><strong>6).</strong></span> 
     </span>
    </p>
   </div>
   <div class='ocr_carea' id='block_1_27' title="bbox 410 2551 1945 2625">
    <p class='ocr_par' dir='ltr' id='par_1_27' title="bbox 410 2551 1945 2625">
     <span class='ocr_line' id='line_1_27' title="bbox 410 2551 1945 2625; baseline 0.001 -20"><span class='ocrx_word' id='word_1_195' title='bbox 410 2556 500 2608; x_wconf 84' lang='lat'>35.</span> <span class='ocrx_word' id='word_1_196' title='bbox 532 2551 677 2622; x_wconf 83' lang='lat' dir='ltr'>Quid</span> <span class='ocrx_word' id='word_1_197' title='bbox 706 2560 789 2607; x_wconf 87' lang='lat' dir='ltr'>est</span> <span class='ocrx_word' id='word_1_198' title='bbox 817 2568 972 2625; x_wconf 89' lang='lat' dir='ltr'>ergo,</span> <span class='ocrx_word' id='word_1_199' title='bbox 1019 2552 1166 2624; x_wconf 91' lang='lat' dir='ltr'>quod</span> <span class='ocrx_word' id='word_1_200' title='bbox 1212 2551 1396 2607; x_wconf 86' lang='lat' dir='ltr'>dicunt</span> <span class='ocrx_word' id='word_1_201' title='bbox 1436 2552 1632 2624; x_wconf 66' lang='lat' dir='ltr'>puellae</span> <span class='ocrx_word' id='word_1_202' title='bbox 1666 2571 1678 2607; x_wconf 88' lang='lat'>:</span> <span class='ocrx_word' id='word_1_203' title='bbox 1714 2552 1945 2608; x_wconf 83' lang='lat' dir='ltr'>Festina</span> 
     </span>
    </p>
   </div>
   <div class='ocr_carea' id='block_1_28' title="bbox 335 2640 1943 2712">
    <p class='ocr_par' dir='ltr' id='par_1_28' title="bbox 335 2640 1943 2712">
     <span class='ocr_line' id='line_1_28' title="bbox 335 2640 1943 2712; baseline -0.002 -15"><span class='ocrx_word' id='word_1_204' title='bbox 335 2658 515 2708; x_wconf 79' lang='lat' dir='ltr'>nunc,</span> <span class='ocrx_word' id='word_1_205' title='bbox 542 2641 707 2699; x_wconf 86' lang='lat' dir='ltr'>hodie</span> <span class='ocrx_word' id='word_1_206' title='bbox 729 2643 885 2699; x_wconf 84' lang='lat' dir='ltr'>venit</span> <span class='ocrx_word' id='word_1_207' title='bbox 904 2643 966 2697; x_wconf 89' lang='lat' dir='ltr'>in</span> <span class='ocrx_word' id='word_1_208' title='bbox 988 2642 1301 2711; x_wconf 87' lang='lat' dir='ltr'>civitatem,</span> <span class='ocrx_word' id='word_1_209' title='bbox 1324 2642 1433 2696; x_wconf 88' lang='lat' dir='ltr'>nisi</span> <span class='ocrx_word' id='word_1_210' title='bbox 1452 2641 1578 2712; x_wconf 86' lang='lat' dir='ltr'>quia</span> <span class='ocrx_word' id='word_1_211' title='bbox 1590 2655 1708 2697; x_wconf 89' lang='lat' dir='ltr'>raro</span> <span class='ocrx_word' id='word_1_212' title='bbox 1724 2640 1943 2696; x_wconf 88' lang='lat' dir='ltr'>videba-</span> 
     </span>
    </p>
   </div>
   <div class='ocr_carea' id='block_1_29' title="bbox 338 2729 1942 2802">
    <p class='ocr_par' dir='ltr' id='par_1_29' title="bbox 338 2729 1942 2802">
     <span class='ocr_line' id='line_1_29' title="bbox 338 2729 1942 2802; baseline -0.003 -16"><span class='ocrx_word' id='word_1_213' title='bbox 338 2736 427 2786; x_wconf 86' lang='lat' dir='ltr'>tur</span> <span class='ocrx_word' id='word_1_214' title='bbox 445 2730 503 2786; x_wconf 89' lang='lat' dir='ltr'>in</span> <span class='ocrx_word' id='word_1_215' title='bbox 529 2730 775 2799; x_wconf 86' lang='lat' dir='ltr'>civitate,</span> <span class='ocrx_word' id='word_1_216' title='bbox 806 2730 1061 2787; x_wconf 87' lang='lat' dir='ltr'>videlicet</span> <span class='ocrx_word' id='word_1_217' title='bbox 1080 2730 1234 2786; x_wconf 85' lang='lat' dir='ltr'>tarde</span> <span class='ocrx_word' id='word_1_218' title='bbox 1253 2731 1496 2802; x_wconf 90' lang='lat' dir='ltr'>veniens,</span> <span class='ocrx_word' id='word_1_219' title='bbox 1511 2731 1618 2787; x_wconf 90' lang='lat' dir='ltr'>cito</span> <span class='ocrx_word' id='word_1_220' title='bbox 1639 2729 1942 2786; x_wconf 81' lang='lat' dir='ltr'>recedens?</span> 
     </span>
    </p>
   </div>
   <div class='ocr_carea' id='block_1_30' title="bbox 342 2818 1940 2891">
    <p class='ocr_par' dir='ltr' id='par_1_30' title="bbox 342 2818 1940 2891">
     <span class='ocr_line' id='line_1_30' title="bbox 342 2818 1940 2891; baseline -0.001 -18"><span class='ocrx_word' id='word_1_221' title='bbox 342 2818 467 2888; x_wconf 91' lang='lat' dir='ltr'>Quo</span> <span class='ocrx_word' id='word_1_222' title='bbox 496 2819 755 2874; x_wconf 86' lang='lat' dir='ltr'>nimirum</span> <span class='ocrx_word' id='word_1_223' title='bbox 785 2818 1106 2891; x_wconf 87' lang='lat' dir='ltr'>magisterio</span> <span class='ocrx_word' id='word_1_224' title='bbox 1135 2828 1335 2876; x_wconf 69' lang='lat' dir='ltr'>sanctae</span> <span class='ocrx_word' id='word_1_225' title='bbox 1363 2819 1627 2877; x_wconf 65' lang='lat' dir='ltr'>Ecclesia}</span> <span class='ocrx_word' id='word_1_226' title='bbox 1649 2819 1940 2875; x_wconf 88' lang='lat' dir='ltr'>doctorin-</span> 
     </span>
    </p>
   </div>
   <div class='ocr_carea' id='block_1_31' title="bbox 342 2907 1940 2980">
    <p class='ocr_par' dir='ltr' id='par_1_31' title="bbox 342 2907 1940 2980">
     <span class='ocr_line' id='line_1_31' title="bbox 342 2907 1940 2980; baseline -0.001 -17"><span class='ocrx_word' id='word_1_227' title='bbox 342 2908 588 2977; x_wconf 82' lang='lat' dir='ltr'>struitur,</span> <span class='ocrx_word' id='word_1_228' title='bbox 618 2916 676 2963; x_wconf 92' lang='lat' dir='ltr'>ut</span> <span class='ocrx_word' id='word_1_229' title='bbox 704 2907 954 2964; x_wconf 87' lang='lat' dir='ltr'>videlicet</span> <span class='ocrx_word' id='word_1_230' title='bbox 984 2924 1108 2964; x_wconf 87' lang='lat' dir='ltr'>raro</span> <span class='ocrx_word' id='word_1_231' title='bbox 1138 2908 1208 2963; x_wconf 88' lang='lat' dir='ltr'>sit</span> <span class='ocrx_word' id='word_1_232' title='bbox 1245 2908 1299 2963; x_wconf 91' lang='lat' dir='ltr'>in</span> <span class='ocrx_word' id='word_1_233' title='bbox 1328 2908 1569 2979; x_wconf 88' lang='lat' dir='ltr'>publico,</span> <span class='ocrx_word' id='word_1_234' title='bbox 1603 2908 1857 2980; x_wconf 84' lang='lat' dir='ltr'>frequens</span> <span class='ocrx_word' id='word_1_235' title='bbox 1886 2908 1940 2963; x_wconf 89' lang='lat' dir='ltr'>in</span> 
     </span>
    </p>
   </div>
   <div class='ocr_carea' id='block_1_32' title="bbox 342 2996 1938 3068">
    <p class='ocr_par' dir='ltr' id='par_1_32' title="bbox 342 2996 1938 3068">
     <span class='ocr_line' id='line_1_32' title="bbox 342 2996 1938 3068; baseline -0.001 -16"><span class='ocrx_word' id='word_1_236' title='bbox 342 3005 547 3053; x_wconf 85' lang='lat' dir='ltr'>secreto</span> <span class='ocrx_word' id='word_1_237' title='bbox 582 3015 595 3052; x_wconf 89' lang='lat'><strong>:</strong></span> <span class='ocrx_word' id='word_1_238' title='bbox 627 3000 689 3051; x_wconf 83' lang='lat' dir='ltr'>ut</span> <span class='ocrx_word' id='word_1_239' title='bbox 716 3012 824 3068; x_wconf 91' lang='lat' dir='ltr'>quo</span> <span class='ocrx_word' id='word_1_240' title='bbox 847 2996 1053 3051; x_wconf 88' lang='lat' dir='ltr'>tardius</span> <span class='ocrx_word' id='word_1_241' title='bbox 1073 2997 1351 3067; x_wconf 88' lang='lat' dir='ltr'>aspicitur,</span> <span class='ocrx_word' id='word_1_242' title='bbox 1367 2997 1616 3053; x_wconf 81' lang='lat' dir='ltr'>devotius</span> <span class='ocrx_word' id='word_1_243' title='bbox 1636 3005 1938 3053; x_wconf 84' lang='lat' dir='ltr'>veneretur.</span> 
     </span>
    </p>
   </div>
   <div class='ocr_carea' id='block_1_33' title="bbox 339 3085 1943 3158">
    <p class='ocr_par' dir='ltr' id='par_1_33' title="bbox 339 3085 1943 3158">
     <span class='ocr_line' id='line_1_33' title="bbox 339 3085 1943 3158; baseline 0.001 -18"><span class='ocrx_word' id='word_1_244' title='bbox 339 3086 493 3140; x_wconf 87' lang='lat' dir='ltr'>Tunc</span> <span class='ocrx_word' id='word_1_245' title='bbox 524 3085 743 3156; x_wconf 89' lang='lat' dir='ltr'>quidem</span> <span class='ocrx_word' id='word_1_246' title='bbox 775 3086 932 3156; x_wconf 88' lang='lat' dir='ltr'>quasi</span> <span class='ocrx_word' id='word_1_247' title='bbox 954 3086 1187 3141; x_wconf 81' lang='lat' dir='ltr'>ecelestis</span> <span class='ocrx_word' id='word_1_248' title='bbox 1215 3086 1485 3156; x_wconf 78' lang='lat' dir='ltr'>excipitur</span> <span class='ocrx_word' id='word_1_249' title='bbox 1515 3106 1527 3142; x_wconf 92' lang='lat'>:</span> <span class='ocrx_word' id='word_1_250' title='bbox 1559 3087 1807 3158; x_wconf 90' lang='lat' dir='ltr'>quiaquo</span> <span class='ocrx_word' id='word_1_251' title='bbox 1829 3102 1943 3141; x_wconf 87' lang='lat' dir='ltr'>am-</span> 
     </span>
    </p>
   </div>
   <div class='ocr_carea' id='block_1_34' title="bbox 342 3173 1939 3246">
    <p class='ocr_par' dir='ltr' id='par_1_34' title="bbox 342 3173 1939 3246">
     <span class='ocr_line' id='line_1_34' title="bbox 342 3173 1939 3246; baseline 0.002 -19"><span class='ocrx_word' id='word_1_252' title='bbox 342 3173 489 3244; x_wconf 86' lang='lat' dir='ltr'>plius</span> <span class='ocrx_word' id='word_1_253' title='bbox 509 3174 564 3228; x_wconf 89' lang='lat' dir='ltr'>in</span> <span class='ocrx_word' id='word_1_254' title='bbox 584 3181 793 3230; x_wconf 84' lang='lat' dir='ltr'>secreto</span> <span class='ocrx_word' id='word_1_255' title='bbox 813 3174 1285 3246; x_wconf 87' lang='lat' dir='ltr'>contemplationis</span> <span class='ocrx_word' id='word_1_256' title='bbox 1312 3174 1486 3243; x_wconf 82' lang='lat' dir='ltr'>latuit,</span> <span class='ocrx_word' id='word_1_257' title='bbox 1516 3174 1667 3230; x_wconf 88' lang='lat' dir='ltr'>verbi</span> <span class='ocrx_word' id='word_1_258' title='bbox 1698 3175 1793 3231; x_wconf 91' lang='lat' dir='ltr'>Dei</span> <span class='ocrx_word' id='word_1_259' title='bbox 1818 3175 1939 3230; x_wconf 84' lang='lat' dir='ltr'>the-</span> 
     </span>
    </p>
   </div>
   <div class='ocr_carea' id='block_1_35' title="bbox 343 3226 2019 3336">
    <p class='ocr_par' dir='ltr' id='par_1_35' title="bbox 343 3226 2019 3336">
     <span class='ocr_line' id='line_1_35' title="bbox 343 3226 2019 3336; baseline 0.001 -19"><span class='ocrx_word' id='word_1_260' title='bbox 343 3226 536 3318; x_wconf 61' lang='lat' dir='ltr'>sauros</span> <span class='ocrx_word' id='word_1_261' title='bbox 558 3263 629 3318; x_wconf 89' lang='lat' dir='ltr'>ad</span> <span class='ocrx_word' id='word_1_262' title='bbox 658 3277 773 3332; x_wconf 86' lang='lat' dir='ltr'>eos,</span> <span class='ocrx_word' id='word_1_263' title='bbox 806 3262 898 3335; x_wconf 90' lang='lat' dir='ltr'>qui</span> <span class='ocrx_word' id='word_1_264' title='bbox 926 3278 986 3319; x_wconf 87' lang='lat' dir='ltr'>se</span> <span class='ocrx_word' id='word_1_265' title='bbox 1013 3226 1347 3336; x_wconf 56' lang='lat' dir='ltr'>exspectant,</span> <span class='ocrx_word' id='word_1_266' title='bbox 1383 3226 1606 3319; x_wconf 79' lang='lat' dir='ltr'>ditiores</span> <span class='ocrx_word' id='word_1_267' title='bbox 1636 3263 1812 3319; x_wconf 85' lang='lat' dir='ltr'>trahit.</span> <span class='ocrx_word' id='word_1_268' title='bbox 1845 3263 1943 3319; x_wconf 89' lang='lat' dir='ltr'>Ille</span> <span class='ocrx_word' id='word_1_269' title='bbox 1969 3226 2019 3293; x_wconf 62' lang='grc' dir='ltr'>ϐ</span> 
     </span>
    </p>
   </div>
   <div class='ocr_carea' id='block_1_36' title="bbox 341 3350 1945 3425">
    <p class='ocr_par' dir='ltr' id='par_1_36' title="bbox 341 3350 1945 3425">
     <span class='ocr_line' id='line_1_36' title="bbox 341 3350 1945 3425; baseline 0.001 -18"><span class='ocrx_word' id='word_1_270' title='bbox 341 3351 489 3407; x_wconf 85' lang='lat' dir='ltr'>enim</span> <span class='ocrx_word' id='word_1_271' title='bbox 518 3360 694 3423; x_wconf 87' lang='lat' dir='ltr'>potest</span> <span class='ocrx_word' id='word_1_272' title='bbox 723 3352 894 3406; x_wconf 89' lang='lat' dir='ltr'>multa</span> <span class='ocrx_word' id='word_1_273' title='bbox 923 3351 1063 3408; x_wconf 87' lang='lat' dir='ltr'>bona</span> <span class='ocrx_word' id='word_1_274' title='bbox 1082 3352 1138 3407; x_wconf 90' lang='lat' dir='ltr'>in</span> <span class='ocrx_word' id='word_1_275' title='bbox 1167 3350 1368 3407; x_wconf 88' lang='lat' dir='ltr'>inﬁmis</span> <span class='ocrx_word' id='word_1_276' title='bbox 1389 3353 1589 3421; x_wconf 88' lang='lat' dir='ltr'>dicere,</span> <span class='ocrx_word' id='word_1_277' title='bbox 1620 3352 1704 3409; x_wconf 90' lang='lat' dir='ltr'>cui</span> <span class='ocrx_word' id='word_1_278' title='bbox 1727 3368 1824 3425; x_wconf 85' lang='lat' dir='ltr'>per</span> <span class='ocrx_word' id='word_1_279' title='bbox 1853 3368 1945 3408; x_wconf 90' lang='lat' dir='ltr'>se-</span> 
     </span>
    </p>
   </div>
   <div class='ocr_carea' id='block_1_37' title="bbox 338 3442 1947 3501">
    <p class='ocr_par' dir='ltr' id='par_1_37' title="bbox 338 3442 1947 3501">
     <span class='ocr_line' id='line_1_37' title="bbox 338 3442 1947 3501; baseline -0.001 -2"><span class='ocrx_word' id='word_1_280' title='bbox 338 3454 547 3500; x_wconf 89' lang='lat' dir='ltr'>cretum</span> <span class='ocrx_word' id='word_1_281' title='bbox 577 3444 777 3501; x_wconf 87' lang='lat' dir='ltr'>mentis</span> <span class='ocrx_word' id='word_1_282' title='bbox 807 3444 1056 3499; x_wconf 88' lang='lat' dir='ltr'>intuitum</span> <span class='ocrx_word' id='word_1_283' title='bbox 1083 3442 1398 3500; x_wconf 88' lang='lat' dir='ltr'>conceditur</span> <span class='ocrx_word' id='word_1_284' title='bbox 1424 3459 1635 3498; x_wconf 90' lang='lat' dir='ltr'>summa</span> <span class='ocrx_word' id='word_1_285' title='bbox 1663 3443 1947 3499; x_wconf 88' lang='lat' dir='ltr'>videre.Et</span> 
     </span>
    </p>
   </div>
   <div class='ocr_carea' id='block_1_38' title="bbox 340 3532 1945 3603">
    <p class='ocr_par' dir='ltr' id='par_1_38' title="bbox 340 3532 1945 3603">
     <span class='ocr_line' id='line_1_38' title="bbox 340 3532 1945 3603; baseline 0 -16"><span class='ocrx_word' id='word_1_286' title='bbox 340 3534 469 3603; x_wconf 86' lang='lat' dir='ltr'>quia</span> <span class='ocrx_word' id='word_1_287' title='bbox 498 3533 710 3589; x_wconf 90' lang='lat' dir='ltr'>dulcius</span> <span class='ocrx_word' id='word_1_288' title='bbox 734 3532 991 3588; x_wconf 87' lang='lat' dir='ltr'>videntur</span> <span class='ocrx_word' id='word_1_289' title='bbox 1033 3532 1128 3588; x_wconf 88' lang='lat' dir='ltr'>illa</span> <span class='ocrx_word' id='word_1_290' title='bbox 1166 3548 1286 3603; x_wconf 72' lang='lat' dir='ltr'>qua:</span> <span class='ocrx_word' id='word_1_291' title='bbox 1317 3533 1585 3601; x_wconf 90' lang='lat' dir='ltr'>dicuntur,</span> <span class='ocrx_word' id='word_1_292' title='bbox 1614 3533 1815 3603; x_wconf 65' lang='lat' dir='ltr'>puellae</span> <span class='ocrx_word' id='word_1_293' title='bbox 1855 3532 1945 3587; x_wconf 92' lang='lat' dir='ltr'>di-</span> 
     </span>
    </p>
   </div>
   <div class='ocr_carea' id='block_1_39' title="bbox 340 3620 1945 3693">
    <p class='ocr_par' dir='ltr' id='par_1_39' title="bbox 340 3620 1945 3693">
     <span class='ocr_line' id='line_1_39' title="bbox 340 3620 1945 3693; baseline -0.001 -16"><span class='ocrx_word' id='word_1_294' title='bbox 340 3630 471 3677; x_wconf 86' lang='lat' dir='ltr'>cunt</span> <span class='ocrx_word' id='word_1_295' title='bbox 505 3641 518 3677; x_wconf 91' lang='lat'>:</span> <span class='ocrx_word' id='word_1_296' title='bbox 552 3624 805 3679; x_wconf 82' lang='lat' dir='ltr'>Festina.</span> <span class='ocrx_word' id='word_1_297' title='bbox 830 3620 998 3690; x_wconf 86' lang='lat' dir='ltr'>Quasi</span> <span class='ocrx_word' id='word_1_298' title='bbox 1026 3621 1248 3677; x_wconf 88' lang='lat' dir='ltr'>dicant:</span> <span class='ocrx_word' id='word_1_299' title='bbox 1281 3620 1329 3677; x_wconf 86' lang='lat' dir='ltr'>si</span> <span class='ocrx_word' id='word_1_300' title='bbox 1347 3622 1426 3689; x_wconf 89' lang='lat' dir='ltr'>id,</span> <span class='ocrx_word' id='word_1_301' title='bbox 1460 3637 1559 3693; x_wconf 88' lang='lat' dir='ltr'>pro</span> <span class='ocrx_word' id='word_1_302' title='bbox 1589 3636 1696 3692; x_wconf 91' lang='lat' dir='ltr'>quo</span> <span class='ocrx_word' id='word_1_303' title='bbox 1724 3621 1778 3675; x_wconf 91' lang='lat' dir='ltr'>in</span> <span class='ocrx_word' id='word_1_304' title='bbox 1808 3621 1945 3678; x_wconf 88' lang='lat' dir='ltr'>civi-</span> 
     </span>
    </p>
   </div>
   <div class='ocr_carea' id='block_1_40' title="bbox 350 3709 1948 3784">
    <p class='ocr_par' dir='ltr' id='par_1_40' title="bbox 350 3709 1948 3784">
     <span class='ocr_line' id='line_1_40' title="bbox 350 3709 1948 3784; baseline -0.001 -17"><span class='ocrx_word' id='word_1_305' title='bbox 350 3719 461 3767; x_wconf 80' lang='lat' dir='ltr'>tate</span> <span class='ocrx_word' id='word_1_306' title='bbox 490 3711 658 3781; x_wconf 87' lang='lat' dir='ltr'>venit,</span> <span class='ocrx_word' id='word_1_307' title='bbox 688 3710 1012 3782; x_wconf 83' lang='lat' dir='ltr'>expleverit,</span> <span class='ocrx_word' id='word_1_308' title='bbox 1055 3710 1240 3767; x_wconf 89' lang='lat' dir='ltr'>videre</span> <span class='ocrx_word' id='word_1_309' title='bbox 1270 3711 1325 3765; x_wconf 90' lang='lat' dir='ltr'>in</span> <span class='ocrx_word' id='word_1_310' title='bbox 1356 3718 1566 3768; x_wconf 88' lang='lat' dir='ltr'>secreto</span> <span class='ocrx_word' id='word_1_311' title='bbox 1595 3726 1694 3767; x_wconf 87' lang='lat' dir='ltr'>suo</span> <span class='ocrx_word' id='word_1_312' title='bbox 1732 3709 1948 3784; x_wconf 86' lang='lat' dir='ltr'>reposi-</span> 
     </span>
    </p>
   </div>
   <div class='ocr_carea' id='block_1_41' title="bbox 352 3801 885 3872">
    <p class='ocr_par' dir='ltr' id='par_1_41' title="bbox 352 3801 885 3872">
     <span class='ocr_line' id='line_1_41' title="bbox 352 3801 885 3872; baseline 0 -17"><span class='ocrx_word' id='word_1_313' title='bbox 352 3808 463 3855; x_wconf 87' lang='lat' dir='ltr'>tum</span> <span class='ocrx_word' id='word_1_314' title='bbox 494 3816 605 3857; x_wconf 89' lang='lat' dir='ltr'>non</span> <span class='ocrx_word' id='word_1_315' title='bbox 631 3801 885 3872; x_wconf 83' lang='lat' dir='ltr'>potestis.</span> 
     </span>
    </p>
   </div>
   <div class='ocr_carea' id='block_1_42' title="bbox 419 3888 1950 3961">
    <p class='ocr_par' dir='ltr' id='par_1_42' title="bbox 419 3888 1950 3961">
     <span class='ocr_line' id='line_1_42' title="bbox 419 3888 1950 3961; baseline 0.001 -18"><span class='ocrx_word' id='word_1_316' title='bbox 419 3894 528 3950; x_wconf 60' lang='lat'>36.,</span> <span class='ocrx_word' id='word_1_317' title='bbox 549 3888 707 3958; x_wconf 88' lang='lat' dir='ltr'>Quod</span> <span class='ocrx_word' id='word_1_318' title='bbox 739 3890 989 3961; x_wconf 88' lang='lat' dir='ltr'>profecto</span> <span class='ocrx_word' id='word_1_319' title='bbox 1019 3889 1243 3945; x_wconf 89' lang='lat' dir='ltr'>verbum</span> <span class='ocrx_word' id='word_1_320' title='bbox 1258 3889 1334 3961; x_wconf 92' lang='lat' dir='ltr'>(a)</span> <span class='ocrx_word' id='word_1_321' title='bbox 1361 3889 1477 3960; x_wconf 90' lang='lat' dir='ltr'>jam</span> <span class='ocrx_word' id='word_1_322' title='bbox 1494 3889 1726 3945; x_wconf 87' lang='lat' dir='ltr'>litteram</span> <span class='ocrx_word' id='word_1_323' title='bbox 1749 3906 1857 3946; x_wconf 89' lang='lat' dir='ltr'>non</span> <span class='ocrx_word' id='word_1_324' title='bbox 1877 3890 1950 3944; x_wconf 89' lang='lat' dir='ltr'>ad</span> 
     </span>
    </p>
   </div>
   <div class='ocr_carea' id='block_1_43' title="bbox 343 3977 1952 4050">
    <p class='ocr_par' dir='ltr' id='par_1_43' title="bbox 343 3977 1952 4050">
     <span class='ocr_line' id='line_1_43' title="bbox 343 3977 1952 4050; baseline -0.001 -15"><span class='ocrx_word' id='word_1_325' title='bbox 343 3978 594 4048; x_wconf 83' lang='lat' dir='ltr'>verbum,</span> <span class='ocrx_word' id='word_1_326' title='bbox 611 3979 711 4034; x_wconf 89' lang='lat' dir='ltr'>sed</span> <span class='ocrx_word' id='word_1_327' title='bbox 733 3977 1044 4050; x_wconf 84' lang='lat' dir='ltr'>exemplum</span> <span class='ocrx_word' id='word_1_328' title='bbox 1063 3978 1439 4050; x_wconf 80' lang='lat' dir='ltr'>religiosorum</span> <span class='ocrx_word' id='word_1_329' title='bbox 1458 3985 1557 4034; x_wconf 91' lang='lat' dir='ltr'>est.</span> <span class='ocrx_word' id='word_1_330' title='bbox 1576 3978 1715 4034; x_wconf 80' lang='lat' dir='ltr'>Nam</span> <span class='ocrx_word' id='word_1_331' title='bbox 1736 3987 1952 4033; x_wconf 88' lang='lat' dir='ltr'>sanctus</span> 
     </span>
    </p>
   </div>
   <div class='ocr_carea' id='block_1_44' title="bbox 342 4066 1952 4133">
    <p class='ocr_par' dir='ltr' id='par_1_44' title="bbox 342 4066 1952 4133">
     <span class='ocr_line' id='line_1_44' title="bbox 342 4066 1952 4133; baseline 0 -12"><span class='ocrx_word' id='word_1_332' title='bbox 342 4068 430 4122; x_wconf 86' lang='lat' dir='ltr'>vir</span> <span class='ocrx_word' id='word_1_333' title='bbox 460 4075 624 4123; x_wconf 70' lang='lat' dir='ltr'>tanta:</span> <span class='ocrx_word' id='word_1_334' title='bbox 656 4076 774 4123; x_wconf 88' lang='lat' dir='ltr'>erat</span> <span class='ocrx_word' id='word_1_335' title='bbox 804 4067 1176 4133; x_wconf 89' lang='lat' dir='ltr'>districtionis,</span> <span class='ocrx_word' id='word_1_336' title='bbox 1210 4075 1268 4123; x_wconf 90' lang='lat' dir='ltr'>ut</span> <span class='ocrx_word' id='word_1_337' title='bbox 1314 4074 1541 4122; x_wconf 87' lang='lat' dir='ltr'>statutas</span> <span class='ocrx_word' id='word_1_338' title='bbox 1581 4066 1697 4123; x_wconf 90' lang='lat' dir='ltr'>dies</span> <span class='ocrx_word' id='word_1_339' title='bbox 1718 4075 1768 4123; x_wconf 94' lang='lat' dir='ltr'>et</span> <span class='ocrx_word' id='word_1_340' title='bbox 1791 4070 1952 4122; x_wconf 87' lang='lat' dir='ltr'>horas</span> 
     </span>
    </p>
   </div>
   <div class='ocr_carea' id='block_1_45' title="bbox 343 4155 1950 4227">
    <p class='ocr_par' dir='ltr' id='par_1_45' title="bbox 343 4155 1950 4227">
     <span class='ocr_line' id='line_1_45' title="bbox 343 4155 1950 4227; baseline 0 -16"><span class='ocrx_word' id='word_1_341' title='bbox 343 4156 592 4224; x_wconf 84' lang='lat' dir='ltr'>haberet,</span> <span class='ocrx_word' id='word_1_342' title='bbox 624 4157 680 4211; x_wconf 91' lang='lat' dir='ltr'>in</span> <span class='ocrx_word' id='word_1_343' title='bbox 706 4156 906 4227; x_wconf 89' lang='lat' dir='ltr'>quibus</span> <span class='ocrx_word' id='word_1_344' title='bbox 935 4172 1078 4226; x_wconf 91' lang='lat' dir='ltr'>eum,</span> <span class='ocrx_word' id='word_1_345' title='bbox 1125 4156 1215 4227; x_wconf 89' lang='lat' dir='ltr'>qui</span> <span class='ocrx_word' id='word_1_346' title='bbox 1245 4164 1484 4226; x_wconf 88' lang='lat' dir='ltr'>cuperet,</span> <span class='ocrx_word' id='word_1_347' title='bbox 1525 4155 1710 4211; x_wconf 89' lang='lat' dir='ltr'>videre</span> <span class='ocrx_word' id='word_1_348' title='bbox 1736 4155 1950 4227; x_wconf 87' lang='lat' dir='ltr'>potuis-</span> 
     </span>
    </p>
   </div>
   <div class='ocr_carea' id='block_1_46' title="bbox 344 4244 1951 4317">
    <p class='ocr_par' dir='ltr' id='par_1_46' title="bbox 344 4244 1951 4317">
     <span class='ocr_line' id='line_1_46' title="bbox 344 4244 1951 4317; baseline 0 -17"><span class='ocrx_word' id='word_1_349' title='bbox 344 4253 451 4300; x_wconf 85' lang='lat' dir='ltr'>set.</span> <span class='ocrx_word' id='word_1_350' title='bbox 489 4246 687 4301; x_wconf 90' lang='lat' dir='ltr'>Dicunt</span> <span class='ocrx_word' id='word_1_351' title='bbox 717 4260 880 4317; x_wconf 82' lang='lat' dir='ltr'>ergo:</span> <span class='ocrx_word' id='word_1_352' title='bbox 903 4244 1162 4301; x_wconf 83' lang='lat' dir='ltr'>Festina.</span> <span class='ocrx_word' id='word_1_353' title='bbox 1185 4246 1261 4299; x_wconf 87' lang='lat' dir='ltr'>Ac</span> <span class='ocrx_word' id='word_1_354' title='bbox 1290 4245 1332 4299; x_wconf 91' lang='lat' dir='ltr'>si</span> <span class='ocrx_word' id='word_1_355' title='bbox 1362 4244 1547 4300; x_wconf 91' lang='lat' dir='ltr'>dicant</span> <span class='ocrx_word' id='word_1_356' title='bbox 1575 4263 1587 4300; x_wconf 90' lang='lat'><strong>:</strong></span> <span class='ocrx_word' id='word_1_357' title='bbox 1619 4244 1674 4300; x_wconf 91' lang='lat' dir='ltr'>Si</span> <span class='ocrx_word' id='word_1_358' title='bbox 1694 4253 1951 4300; x_wconf 85' lang='lat' dir='ltr'>statutum</span> 
     </span>
    </p>
   </div>
   <div class='ocr_carea' id='block_1_47' title="bbox 348 4333 1954 4407">
    <p class='ocr_par' dir='ltr' id='par_1_47' title="bbox 348 4333 1954 4407">
     <span class='ocr_line' id='line_1_47' title="bbox 348 4333 1954 4407; baseline 0 -18"><span class='ocrx_word' id='word_1_359' title='bbox 348 4342 561 4407; x_wconf 85' lang='lat' dir='ltr'>tempus</span> <span class='ocrx_word' id='word_1_360' title='bbox 588 4334 885 4401; x_wconf 86' lang='lat' dir='ltr'>transierit,</span> <span class='ocrx_word' id='word_1_361' title='bbox 926 4333 982 4388; x_wconf 91' lang='lat' dir='ltr'>in</span> <span class='ocrx_word' id='word_1_362' title='bbox 1024 4334 1173 4389; x_wconf 85' lang='lat' dir='ltr'>horis</span> <span class='ocrx_word' id='word_1_363' title='bbox 1210 4349 1325 4388; x_wconf 67' lang='lat' dir='ltr'>suae</span> <span class='ocrx_word' id='word_1_364' title='bbox 1364 4333 1577 4405; x_wconf 89' lang='lat' dir='ltr'>quietis,</span> <span class='ocrx_word' id='word_1_365' title='bbox 1622 4333 1819 4402; x_wconf 88' lang='lat' dir='ltr'>verbis,</span> <span class='ocrx_word' id='word_1_366' title='bbox 1863 4341 1954 4389; x_wconf 89' lang='lat' dir='ltr'>aut</span> 
     </span>
    </p>
   </div>
   <div class='ocr_carea' id='block_1_48' title="bbox 353 4422 1957 4495">
    <p class='ocr_par' dir='ltr' id='par_1_48' title="bbox 353 4422 1957 4495">
     <span class='ocr_line' id='line_1_48' title="bbox 353 4422 1957 4495; baseline -0.002 -16"><span class='ocrx_word' id='word_1_367' title='bbox 353 4422 659 4479; x_wconf 73' lang='lat' dir='ltr'>actionibus</span> <span class='ocrx_word' id='word_1_368' title='bbox 678 4438 789 4479; x_wconf 89' lang='lat' dir='ltr'>non</span> <span class='ocrx_word' id='word_1_369' title='bbox 826 4422 1076 4478; x_wconf 89' lang='lat' dir='ltr'>intendit.</span> <span class='ocrx_word' id='word_1_370' title='bbox 1111 4422 1212 4491; x_wconf 89' lang='lat' dir='ltr'>Qui</span> <span class='ocrx_word' id='word_1_371' title='bbox 1244 4436 1376 4495; x_wconf 88' lang='lat' dir='ltr'>ergo</span> <span class='ocrx_word' id='word_1_372' title='bbox 1405 4430 1630 4478; x_wconf 68' lang='lat' dir='ltr'>remotae</span> <span class='ocrx_word' id='word_1_373' title='bbox 1659 4422 1789 4477; x_wconf 64' lang='lat' dir='ltr'>vitae</span> <span class='ocrx_word' id='word_1_374' title='bbox 1819 4422 1957 4478; x_wconf 92' lang='lat' dir='ltr'>ordi-</span> 
     </span>
    </p>
   </div>
   <div class='ocr_carea' id='block_1_49' title="bbox 350 4510 1950 4582">
    <p class='ocr_par' dir='ltr' id='par_1_49' title="bbox 350 4510 1950 4582">
     <span class='ocr_line' id='line_1_49' title="bbox 350 4510 1950 4582; baseline -0.001 -15"><span class='ocrx_word' id='word_1_375' title='bbox 350 4528 481 4567; x_wconf 81' lang='lat' dir='ltr'>nem</span> <span class='ocrx_word' id='word_1_376' title='bbox 514 4511 863 4582; x_wconf 83' lang='lat' dir='ltr'>sumpsimus,</span> <span class='ocrx_word' id='word_1_377' title='bbox 898 4512 1005 4566; x_wconf 87' lang='lat' dir='ltr'>hoc</span> <span class='ocrx_word' id='word_1_378' title='bbox 1045 4510 1342 4567; x_wconf 82' lang='lat' dir='ltr'>observare</span> <span class='ocrx_word' id='word_1_379' title='bbox 1385 4510 1642 4566; x_wconf 86' lang='lat' dir='ltr'>attentius</span> <span class='ocrx_word' id='word_1_380' title='bbox 1670 4510 1950 4566; x_wconf 89' lang='lat' dir='ltr'>debemus.</span> 
     </span>
    </p>
   </div>
   <div class='ocr_carea' id='block_1_50' title="bbox 2053 596 3652 686">
    <p class='ocr_par' dir='ltr' id='par_1_50' title="bbox 2053 596 3652 686">
     <span class='ocr_line' id='line_1_50' title="bbox 2053 596 3652 686; baseline 0.016 -38"><span class='ocrx_word' id='word_1_381' title='bbox 2053 611 2189 686; x_wconf 79' lang='lat' dir='ltr'>ergo</span> <span class='ocrx_word' id='word_1_382' title='bbox 2246 596 2628 686; x_wconf 64' lang='lat' dir='ltr'>praedicatores</span> <span class='ocrx_word' id='word_1_383' title='bbox 2670 609 2885 657; x_wconf 90' lang='lat' dir='ltr'>sanctos</span> <span class='ocrx_word' id='word_1_384' title='bbox 2931 605 3116 662; x_wconf 89' lang='lat' dir='ltr'>audire</span> <span class='ocrx_word' id='word_1_385' title='bbox 3165 609 3383 679; x_wconf 89' lang='lat' dir='ltr'>debent,</span> <span class='ocrx_word' id='word_1_386' title='bbox 3434 619 3652 686; x_wconf 85' lang='lat' dir='ltr'>quando</span> 
     </span>
    </p>
   </div>
   <div class='ocr_carea' id='block_1_51' title="bbox 2061 684 3653 772">
    <p class='ocr_par' dir='ltr' id='par_1_51' title="bbox 2061 684 3653 772">
     <span class='ocr_line' id='line_1_51' title="bbox 2061 684 3653 772; baseline 0.016 -36"><span class='ocrx_word' id='word_1_387' title='bbox 2061 684 2220 753; x_wconf 88' lang='lat' dir='ltr'>plana</span> <span class='ocrx_word' id='word_1_388' title='bbox 2278 684 2615 755; x_wconf 89' lang='lat' dir='ltr'>simplicibus</span> <span class='ocrx_word' id='word_1_389' title='bbox 2653 688 2960 761; x_wconf 90' lang='lat' dir='ltr'>loquuntur,</span> <span class='ocrx_word' id='word_1_390' title='bbox 3003 710 3122 763; x_wconf 70' lang='lat' dir='ltr'>qua:</span> <span class='ocrx_word' id='word_1_391' title='bbox 3152 684 3463 772; x_wconf 87' lang='lat' dir='ltr'>intelligunt</span> <span class='ocrx_word' id='word_1_392' title='bbox 3495 722 3508 758; x_wconf 92' lang='lat'>:</span> <span class='ocrx_word' id='word_1_393' title='bbox 3542 722 3653 761; x_wconf 89' lang='lat' dir='ltr'>non</span> 
     </span>
    </p>
   </div>
   <div class='ocr_carea' id='block_1_52' title="bbox 2060 771 3653 865">
    <p class='ocr_par' dir='ltr' id='par_1_52' title="bbox 2060 771 3653 865">
     <span class='ocr_line' id='line_1_52' title="bbox 2060 771 3653 865; baseline 0.016 -41"><span class='ocrx_word' id='word_1_394' title='bbox 2060 771 2490 865; x_wconf 60' lang='lat' dir='ltr'>quand—edicunt</span> <span class='ocrx_word' id='word_1_395' title='bbox 2518 775 2645 844; x_wconf 87' lang='lat' dir='ltr'>alta,</span> <span class='ocrx_word' id='word_1_396' title='bbox 2680 794 2806 847; x_wconf 68' lang='lat' dir='ltr'>qua:</span> <span class='ocrx_word' id='word_1_397' title='bbox 2831 778 3131 853; x_wconf 82' lang='lat' dir='ltr'>intelligere</span> <span class='ocrx_word' id='word_1_398' title='bbox 3154 771 3491 858; x_wconf 81' lang='lat' dir='ltr'>nequaquam</span> <span class='ocrx_word' id='word_1_399' title='bbox 3521 810 3653 865; x_wconf 85' lang='lat' dir='ltr'>pos-</span> 
     </span>
    </p>
   </div>
   <div class='ocr_carea' id='block_1_53' title="bbox 2056 862 3653 939">
    <p class='ocr_par' dir='ltr' id='par_1_53' title="bbox 2056 862 3653 939">
     <span class='ocr_line' id='line_1_53' title="bbox 2056 862 3653 939; baseline 0.016 -26"><span class='ocrx_word' id='word_1_400' title='bbox 2056 869 2195 915; x_wconf 91' lang='lat' dir='ltr'>sunt.</span> <span class='ocrx_word' id='word_1_401' title='bbox 2232 862 2421 918; x_wconf 90' lang='lat' dir='ltr'>Dicunt</span> <span class='ocrx_word' id='word_1_402' title='bbox 2439 879 2571 934; x_wconf 89' lang='lat' dir='ltr'>ergo</span> <span class='ocrx_word' id='word_1_403' title='bbox 2605 882 2617 918; x_wconf 92' lang='lat'>:</span> <span class='ocrx_word' id='word_1_404' title='bbox 2653 866 2878 923; x_wconf 84' lang='lat' dir='ltr'>Festina</span> <span class='ocrx_word' id='word_1_405' title='bbox 2901 885 3074 937; x_wconf 85' lang='lat' dir='ltr'>nunc,</span> <span class='ocrx_word' id='word_1_406' title='bbox 3092 873 3252 930; x_wconf 85' lang='lat' dir='ltr'>hodie</span> <span class='ocrx_word' id='word_1_407' title='bbox 3272 880 3426 934; x_wconf 83' lang='lat' dir='ltr'>venit</span> <span class='ocrx_word' id='word_1_408' title='bbox 3438 881 3499 936; x_wconf 83' lang='lat' dir='ltr'>in</span> <span class='ocrx_word' id='word_1_409' title='bbox 3520 862 3653 939; x_wconf 81' lang='lat' dir='ltr'>civi-</span> 
     </span>
    </p>
   </div>
   <div class='ocr_carea' id='block_1_54' title="bbox 2063 953 3651 1037">
    <p class='ocr_par' dir='ltr' id='par_1_54' title="bbox 2063 953 3651 1037">
     <span class='ocr_line' id='line_1_54' title="bbox 2063 953 3651 1037; baseline 0.014 -33"><span class='ocrx_word' id='word_1_410' title='bbox 2063 954 2240 1006; x_wconf 85' lang='lat' dir='ltr'>tatem</span> <span class='ocrx_word' id='word_1_411' title='bbox 2271 970 2289 1006; x_wconf 92' lang='lat'><strong><em>:</em></strong></span> <span class='ocrx_word' id='word_1_412' title='bbox 2318 953 2449 1023; x_wconf 85' lang='lat' dir='ltr'>quia</span> <span class='ocrx_word' id='word_1_413' title='bbox 2465 954 2807 1023; x_wconf 68' lang='lat' dir='ltr'>sacriﬁcium</span> <span class='ocrx_word' id='word_1_414' title='bbox 2829 962 2914 1013; x_wconf 83' lang='lat' dir='ltr'>est</span> <span class='ocrx_word' id='word_1_415' title='bbox 2932 962 3132 1031; x_wconf 84' lang='lat' dir='ltr'>populi</span> <span class='ocrx_word' id='word_1_416' title='bbox 3158 963 3221 1018; x_wconf 85' lang='lat' dir='ltr'>in</span> <span class='ocrx_word' id='word_1_417' title='bbox 3233 968 3476 1024; x_wconf 77' lang='lat' dir='ltr'>excelso.</span> <span class='ocrx_word' id='word_1_418' title='bbox 3494 969 3651 1037; x_wconf 90' lang='lat' dir='ltr'>Quod</span> 
     </span>
    </p>
   </div>
   <div class='ocr_carea' id='block_1_55' title="bbox 2066 1039 3654 1127">
    <p class='ocr_par' dir='ltr' id='par_1_55' title="bbox 2066 1039 3654 1127">
     <span class='ocr_line' id='line_1_55' title="bbox 2066 1039 3654 1127; baseline 0.014 -34"><span class='ocrx_word' id='word_1_419' title='bbox 2066 1039 2170 1093; x_wconf 86' lang='lat' dir='ltr'>tale</span> <span class='ocrx_word' id='word_1_420' title='bbox 2200 1047 2299 1107; x_wconf 89' lang='lat' dir='ltr'>est,</span> <span class='ocrx_word' id='word_1_421' title='bbox 2340 1056 2403 1095; x_wconf 88' lang='lat' dir='ltr'>ac</span> <span class='ocrx_word' id='word_1_422' title='bbox 2440 1041 2484 1096; x_wconf 87' lang='lat' dir='ltr'>si</span> <span class='ocrx_word' id='word_1_423' title='bbox 2524 1041 2668 1097; x_wconf 86' lang='lat' dir='ltr'>dicat</span> <span class='ocrx_word' id='word_1_424' title='bbox 2715 1062 2728 1098; x_wconf 92' lang='lat'>:</span> <span class='ocrx_word' id='word_1_425' title='bbox 2769 1044 2909 1113; x_wconf 87' lang='lat' dir='ltr'>Quia</span> <span class='ocrx_word' id='word_1_426' title='bbox 2958 1049 3109 1104; x_wconf 90' lang='lat' dir='ltr'>multi</span> <span class='ocrx_word' id='word_1_427' title='bbox 3147 1061 3288 1121; x_wconf 90' lang='lat' dir='ltr'>sunt,</span> <span class='ocrx_word' id='word_1_428' title='bbox 3321 1056 3413 1127; x_wconf 87' lang='lat' dir='ltr'>qui</span> <span class='ocrx_word' id='word_1_429' title='bbox 3443 1074 3654 1115; x_wconf 89' lang='lat' dir='ltr'>summa</span> 
     </span>
    </p>
   </div>
   <div class='ocr_carea' id='block_1_56' title="bbox 2058 1128 3654 1216">
    <p class='ocr_par' dir='ltr' id='par_1_56' title="bbox 2058 1128 3654 1216">
     <span class='ocr_line' id='line_1_56' title="bbox 2058 1128 3654 1216; baseline 0.014 -34"><span class='ocrx_word' id='word_1_430' title='bbox 2058 1128 2245 1182; x_wconf 89' lang='lat' dir='ltr'>audire</span> <span class='ocrx_word' id='word_1_431' title='bbox 2274 1128 2598 1200; x_wconf 86' lang='lat' dir='ltr'>desiderant,</span> <span class='ocrx_word' id='word_1_432' title='bbox 2640 1150 2781 1188; x_wconf 90' lang='lat' dir='ltr'>nunc</span> <span class='ocrx_word' id='word_1_433' title='bbox 2824 1144 2877 1189; x_wconf 92' lang='lat' dir='ltr'>tu</span> <span class='ocrx_word' id='word_1_434' title='bbox 2917 1137 3083 1193; x_wconf 90' lang='lat' dir='ltr'>debes</span> <span class='ocrx_word' id='word_1_435' title='bbox 3122 1139 3394 1208; x_wconf 87' lang='lat' dir='ltr'>festinare,</span> <span class='ocrx_word' id='word_1_436' title='bbox 3436 1149 3654 1216; x_wconf 87' lang='lat' dir='ltr'>quando</span> 
     </span>
    </p>
   </div>
   <div class='ocr_carea' id='block_1_57' title="bbox 2058 1216 3656 1293">
    <p class='ocr_par' dir='ltr' id='par_1_57' title="bbox 2058 1216 3656 1293">
     <span class='ocr_line' id='line_1_57' title="bbox 2058 1216 3656 1293; baseline 0.014 -23"><span class='ocrx_word' id='word_1_437' title='bbox 2058 1216 2150 1271; x_wconf 90' lang='lat' dir='ltr'>ille</span> <span class='ocrx_word' id='word_1_438' title='bbox 2170 1216 2372 1273; x_wconf 87' lang='lat' dir='ltr'>similes</span> <span class='ocrx_word' id='word_1_439' title='bbox 2390 1219 2466 1273; x_wconf 90' lang='lat' dir='ltr'>tui</span> <span class='ocrx_word' id='word_1_440' title='bbox 2487 1220 2762 1290; x_wconf 84' lang='lat' dir='ltr'>simplices</span> <span class='ocrx_word' id='word_1_441' title='bbox 2790 1224 3292 1287; x_wconf 87' lang='lat' dir='ltr'>videturinstruere.</span> <span class='ocrx_word' id='word_1_442' title='bbox 3314 1232 3656 1293; x_wconf 88' lang='lat' dir='ltr'>Sacriﬁcium</span> 
     </span>
    </p>
   </div>
   <div class='ocr_carea' id='block_1_58' title="bbox 2055 1305 3652 1388">
    <p class='ocr_par' dir='ltr' id='par_1_58' title="bbox 2055 1305 3652 1388">
     <span class='ocr_line' id='line_1_58' title="bbox 2055 1305 3652 1388; baseline 0.014 -30"><span class='ocrx_word' id='word_1_443' title='bbox 2055 1305 2273 1376; x_wconf 88' lang='lat' dir='ltr'>quidem</span> <span class='ocrx_word' id='word_1_444' title='bbox 2302 1307 2491 1378; x_wconf 91' lang='lat' dir='ltr'>p0puli</span> <span class='ocrx_word' id='word_1_445' title='bbox 2511 1318 2589 1363; x_wconf 91' lang='lat' dir='ltr'>est</span> <span class='ocrx_word' id='word_1_446' title='bbox 2604 1310 2820 1367; x_wconf 82' lang='lat' dir='ltr'>devotio</span> <span class='ocrx_word' id='word_1_447' title='bbox 2836 1313 3020 1371; x_wconf 61' lang='lat' dir='ltr'>electa“:</span> <span class='ocrx_word' id='word_1_448' title='bbox 3038 1317 3232 1387; x_wconf 90' lang='lat' dir='ltr'>plebis.</span> <span class='ocrx_word' id='word_1_449' title='bbox 3250 1318 3382 1388; x_wconf 69' lang='lat' dir='ltr'>Quae</span> <span class='ocrx_word' id='word_1_450' title='bbox 3396 1323 3652 1381; x_wconf 84' lang='lat' dir='ltr'>nimirum</span> 
     </span>
    </p>
   </div>
   <div class='ocr_carea' id='block_1_59' title="bbox 2059 1393 3651 1471">
    <p class='ocr_par' dir='ltr' id='par_1_59' title="bbox 2059 1393 3651 1471">
     <span class='ocr_line' id='line_1_59' title="bbox 2059 1393 3651 1471; baseline 0.016 -24"><span class='ocrx_word' id='word_1_451' title='bbox 2059 1393 2297 1463; x_wconf 86' lang='lat' dir='ltr'>devotio,</span> <span class='ocrx_word' id='word_1_452' title='bbox 2331 1395 2456 1468; x_wconf 87' lang='lat' dir='ltr'>quia</span> <span class='ocrx_word' id='word_1_453' title='bbox 2485 1398 2654 1453; x_wconf 89' lang='lat' dir='ltr'>verbo</span> <span class='ocrx_word' id='word_1_454' title='bbox 2681 1401 3087 1469; x_wconf 81' lang='lat' dir='ltr'>praedicationis</span> <span class='ocrx_word' id='word_1_455' title='bbox 3115 1407 3173 1460; x_wconf 90' lang='lat' dir='ltr'>in</span> <span class='ocrx_word' id='word_1_456' title='bbox 3204 1409 3493 1467; x_wconf 88' lang='lat' dir='ltr'>electorum</span> <span class='ocrx_word' id='word_1_457' title='bbox 3524 1431 3651 1471; x_wconf 89' lang='lat' dir='ltr'>cor-</span> 
     </span>
    </p>
   </div>
   <div class='ocr_carea' id='block_1_60' title="bbox 2057 1482 3653 1564">
    <p class='ocr_par' dir='ltr' id='par_1_60' title="bbox 2057 1482 3653 1564">
     <span class='ocr_line' id='line_1_60' title="bbox 2057 1482 3653 1564; baseline 0.015 -29"><span class='ocrx_word' id='word_1_458' title='bbox 2057 1482 2216 1537; x_wconf 89' lang='lat' dir='ltr'>dibus</span> <span class='ocrx_word' id='word_1_459' title='bbox 2244 1484 2526 1554; x_wconf 83' lang='lat' dir='ltr'>excitatur,</span> <span class='ocrx_word' id='word_1_460' title='bbox 2560 1488 2711 1559; x_wconf 87' lang='lat' dir='ltr'>quasi</span> <span class='ocrx_word' id='word_1_461' title='bbox 2742 1505 2773 1543; x_wconf 90' lang='lat' dir='ltr'>a</span> <span class='ocrx_word' id='word_1_462' title='bbox 2803 1488 3053 1548; x_wconf 89' lang='lat' dir='ltr'>Samuele</span> <span class='ocrx_word' id='word_1_463' title='bbox 3096 1494 3389 1564; x_wconf 88' lang='lat' dir='ltr'>perﬁcitur.</span> <span class='ocrx_word' id='word_1_464' title='bbox 3442 1501 3504 1557; x_wconf 90' lang='lat' dir='ltr'>In</span> <span class='ocrx_word' id='word_1_465' title='bbox 3555 1520 3653 1560; x_wconf 85' lang='lat' dir='ltr'>ex-</span> 
     </span>
    </p>
   </div>
   <div class='ocr_carea' id='block_1_61' title="bbox 2055 1569 3656 1656">
    <p class='ocr_par' dir='ltr' id='par_1_61' title="bbox 2055 1569 3656 1656">
     <span class='ocr_line' id='line_1_61' title="bbox 2055 1569 3656 1656; baseline 0.015 -30"><span class='ocrx_word' id='word_1_466' title='bbox 2055 1569 2201 1626; x_wconf 88' lang='lat' dir='ltr'>celso</span> <span class='ocrx_word' id='word_1_467' title='bbox 2248 1580 2327 1627; x_wconf 89' lang='lat' dir='ltr'>est</span> <span class='ocrx_word' id='word_1_468' title='bbox 2373 1582 2550 1628; x_wconf 88' lang='lat' dir='ltr'>autem</span> <span class='ocrx_word' id='word_1_469' title='bbox 2605 1576 2928 1633; x_wconf 87' lang='lat' dir='ltr'>sacriﬁcium</span> <span class='ocrx_word' id='word_1_470' title='bbox 2972 1583 3180 1652; x_wconf 89' lang='lat' dir='ltr'>populi,</span> <span class='ocrx_word' id='word_1_471' title='bbox 3242 1589 3459 1656; x_wconf 82' lang='lat' dir='ltr'>quando</span> <span class='ocrx_word' id='word_1_472' title='bbox 3488 1593 3656 1650; x_wconf 90' lang='lat' dir='ltr'>corda</span> 
     </span>
    </p>
   </div>
   <div class='ocr_carea' id='block_1_62' title="bbox 2055 1658 3652 1744">
    <p class='ocr_par' dir='ltr' id='par_1_62' title="bbox 2055 1658 3652 1744">
     <span class='ocr_line' id='line_1_62' title="bbox 2055 1658 3652 1744; baseline 0.016 -31"><span class='ocrx_word' id='word_1_473' title='bbox 2055 1658 2294 1715; x_wconf 86' lang='lat' dir='ltr'>ﬁdelium</span> <span class='ocrx_word' id='word_1_474' title='bbox 2317 1663 2650 1719; x_wconf 90' lang='lat' dir='ltr'>subditorum</span> <span class='ocrx_word' id='word_1_475' title='bbox 2682 1664 2789 1720; x_wconf 88' lang='lat' dir='ltr'>alta</span> <span class='ocrx_word' id='word_1_476' title='bbox 2825 1668 2990 1724; x_wconf 84' lang='lat' dir='ltr'>verba</span> <span class='ocrx_word' id='word_1_477' title='bbox 3018 1680 3219 1728; x_wconf 77' lang='lat' dir='ltr'>sanctae</span> <span class='ocrx_word' id='word_1_478' title='bbox 3245 1677 3652 1744; x_wconf 59' lang='lat' dir='ltr'>praedicationis</span> 
     </span>
    </p>
   </div>
   <div class='ocr_carea' id='block_1_63' title="bbox 2055 1748 3646 1833">
    <p class='ocr_par' dir='ltr' id='par_1_63' title="bbox 2055 1748 3646 1833">
     <span class='ocr_line' id='line_1_63' title="bbox 2055 1748 3646 1833; baseline 0.016 -31"><span class='ocrx_word' id='word_1_479' title='bbox 2055 1748 2253 1804; x_wconf 87' lang='lat' dir='ltr'>devote</span> <span class='ocrx_word' id='word_1_480' title='bbox 2280 1751 2466 1805; x_wconf 87' lang='lat' dir='ltr'>audire</span> <span class='ocrx_word' id='word_1_481' title='bbox 2498 1755 2906 1824; x_wconf 89' lang='lat' dir='ltr'>concupiscunt.</span> <span class='ocrx_word' id='word_1_482' title='bbox 2954 1757 3107 1814; x_wconf 89' lang='lat' dir='ltr'>Unde</span> <span class='ocrx_word' id='word_1_483' title='bbox 3150 1768 3204 1816; x_wconf 89' lang='lat' dir='ltr'>et</span> <span class='ocrx_word' id='word_1_484' title='bbox 3239 1772 3366 1833; x_wconf 88' lang='lat' dir='ltr'>apte</span> <span class='ocrx_word' id='word_1_485' title='bbox 3406 1767 3601 1825; x_wconf 89' lang='lat' dir='ltr'>dicitur</span> <span class='ocrx_word' id='word_1_486' title='bbox 3632 1788 3646 1827; x_wconf 89' lang='lat'><strong>:</strong></span> 
     </span>
    </p>
   </div>
   <div class='ocr_carea' id='block_1_64' title="bbox 2060 1838 3651 1920">
    <p class='ocr_par' dir='ltr' id='par_1_64' title="bbox 2060 1838 3651 1920">
     <span class='ocr_line' id='line_1_64' title="bbox 2060 1838 3651 1920; baseline 0.016 -28"><span class='ocrx_word' id='word_1_487' title='bbox 2060 1838 2200 1905; x_wconf 86' lang='lat' dir='ltr'>Quia</span> <span class='ocrx_word' id='word_1_488' title='bbox 2223 1841 2463 1912; x_wconf 81' lang='lat' dir='ltr'>populus</span> <span class='ocrx_word' id='word_1_489' title='bbox 2482 1858 2599 1920; x_wconf 75' lang='lat' dir='ltr'>non</span> <span class='ocrx_word' id='word_1_490' title='bbox 2620 1844 2879 1920; x_wconf 85' lang='lat' dir='ltr'>comedit,</span> <span class='ocrx_word' id='word_1_491' title='bbox 2895 1846 3013 1901; x_wconf 86' lang='lat' dir='ltr'>nisi</span> <span class='ocrx_word' id='word_1_492' title='bbox 3019 1850 3184 1920; x_wconf 77' lang='lat' dir='ltr'>prius</span> <span class='ocrx_word' id='word_1_493' title='bbox 3207 1852 3435 1912; x_wconf 89' lang='lat' dir='ltr'>Samuel</span> <span class='ocrx_word' id='word_1_494' title='bbox 3452 1859 3651 1917; x_wconf 64' lang='lat' dir='ltr'>hostia</span> 
     </span>
    </p>
   </div>
   <div class='ocr_carea' id='block_1_65' title="bbox 2054 1915 3651 2016">
    <p class='ocr_par' dir='ltr' id='par_1_65' title="bbox 2054 1915 3651 2016">
     <span class='ocr_line' id='line_1_65' title="bbox 2054 1915 3651 2016; baseline 0.02 -43"><span class='ocrx_word' id='word_1_495' title='bbox 2054 1926 2410 1985; x_wconf 70' lang='lat' dir='ltr'>benedixerit</span> <span class='ocrx_word' id='word_1_496' title='bbox 2438 1953 2456 1987; x_wconf 68' lang='grc' dir='ltr'><em>ε</em></span> <span class='ocrx_word' id='word_1_497' title='bbox 2492 1915 2536 1979; x_wconf 82' lang='grc'><strong>2</strong></span> <span class='ocrx_word' id='word_1_498' title='bbox 2562 1922 2589 1981; x_wconf 89' lang='grc' dir='ltr'>ι</span> <span class='ocrx_word' id='word_1_499' title='bbox 2615 1918 2656 1980; x_wconf 71' lang='grc' dir='ltr'>1Γ</span> <span class='ocrx_word' id='word_1_500' title='bbox 2688 1933 2814 2002; x_wconf 89' lang='lat' dir='ltr'>quia</span> <span class='ocrx_word' id='word_1_501' title='bbox 2840 1915 3191 2004; x_wconf 73' lang='lat' dir='ltr'>perfectiores</span> <span class='ocrx_word' id='word_1_502' title='bbox 3220 1915 3651 2016; x_wconf 83' lang='lat' dir='ltr'>auditores,dum</span> 
     </span>
    </p>
   </div>
   <div class='ocr_carea' id='block_1_66' title="bbox 2060 2016 3656 2099">
    <p class='ocr_par' dir='ltr' id='par_1_66' title="bbox 2060 2016 3656 2099">
     <span class='ocr_line' id='line_1_66' title="bbox 2060 2016 3656 2099; baseline 0.008 -30"><span class='ocrx_word' id='word_1_503' title='bbox 2060 2016 2129 2069; x_wconf 85' lang='lat' dir='ltr'>ad</span> <span class='ocrx_word' id='word_1_504' title='bbox 2161 2034 2429 2071; x_wconf 84' lang='lat' dir='ltr'>summam</span> <span class='ocrx_word' id='word_1_505' title='bbox 2460 2019 2716 2073; x_wconf 85' lang='lat' dir='ltr'>virtutum</span> <span class='ocrx_word' id='word_1_506' title='bbox 2763 2023 3150 2092; x_wconf 83' lang='lat' dir='ltr'>perfectionem</span> <span class='ocrx_word' id='word_1_507' title='bbox 3193 2034 3475 2099; x_wconf 84' lang='lat' dir='ltr'>pervenire</span> <span class='ocrx_word' id='word_1_508' title='bbox 3505 2038 3656 2094; x_wconf 72' lang='grc' dir='ltr'>ἀθεί-</span> 
     </span>
    </p>
   </div>
   <div class='ocr_carea' id='block_1_67' title="bbox 2052 2105 3653 2185">
    <p class='ocr_par' dir='ltr' id='par_1_67' title="bbox 2052 2105 3653 2185">
     <span class='ocr_line' id='line_1_67' title="bbox 2052 2105 3653 2185; baseline 0.016 -27"><span class='ocrx_word' id='word_1_509' title='bbox 2052 2105 2259 2170; x_wconf 87' lang='lat' dir='ltr'>derant,</span> <span class='ocrx_word' id='word_1_510' title='bbox 2307 2106 2533 2161; x_wconf 89' lang='lat' dir='ltr'>verbum</span> <span class='ocrx_word' id='word_1_511' title='bbox 2566 2107 2824 2176; x_wconf 67' lang='lat' dir='ltr'>scientiae,</span> <span class='ocrx_word' id='word_1_512' title='bbox 2864 2128 2967 2181; x_wconf 87' lang='lat' dir='ltr'>per</span> <span class='ocrx_word' id='word_1_513' title='bbox 3022 2117 3167 2185; x_wconf 91' lang='lat' dir='ltr'>quod</span> <span class='ocrx_word' id='word_1_514' title='bbox 3226 2121 3294 2173; x_wconf 89' lang='lat' dir='ltr'>ad</span> <span class='ocrx_word' id='word_1_515' title='bbox 3348 2122 3653 2183; x_wconf 86' lang='lat' dir='ltr'>desiderata</span> 
     </span>
    </p>
   </div>
   <div class='ocr_carea' id='block_1_68' title="bbox 2048 2192 3653 2282">
    <p class='ocr_par' dir='ltr' id='par_1_68' title="bbox 2048 2192 3653 2282">
     <span class='ocr_line' id='line_1_68' title="bbox 2048 2192 3653 2282; baseline 0.016 -36"><span class='ocrx_word' id='word_1_516' title='bbox 2048 2192 2385 2282; x_wconf 87' lang='lat' dir='ltr'>perveniant,</span> <span class='ocrx_word' id='word_1_517' title='bbox 2432 2194 2487 2249; x_wconf 90' lang='lat' dir='ltr'>in</span> <span class='ocrx_word' id='word_1_518' title='bbox 2518 2212 2718 2269; x_wconf 89' lang='lat' dir='ltr'>magno</span> <span class='ocrx_word' id='word_1_519' title='bbox 2763 2199 3031 2257; x_wconf 89' lang='lat' dir='ltr'>desiderio</span> <span class='ocrx_word' id='word_1_520' title='bbox 3080 2215 3410 2276; x_wconf 74' lang='lat' dir='ltr'>exspectant.</span> <span class='ocrx_word' id='word_1_521' title='bbox 3445 2212 3563 2282; x_wconf 90' lang='lat' dir='ltr'>Quo</span> <span class='ocrx_word' id='word_1_522' title='bbox 3595 2218 3653 2272; x_wconf 91' lang='lat' dir='ltr'>in</span> 
     </span>
    </p>
   </div>
   <div class='ocr_carea' id='block_1_69' title="bbox 2052 2279 3653 2359">
    <p class='ocr_par' dir='ltr' id='par_1_69' title="bbox 2052 2279 3653 2359">
     <span class='ocr_line' id='line_1_69' title="bbox 2052 2279 3653 2359; baseline 0.017 -26"><span class='ocrx_word' id='word_1_523' title='bbox 2052 2279 2173 2337; x_wconf 91' lang='lat' dir='ltr'>loco</span> <span class='ocrx_word' id='word_1_524' title='bbox 2204 2284 2496 2338; x_wconf 88' lang='lat' dir='ltr'>notandum</span> <span class='ocrx_word' id='word_1_525' title='bbox 2529 2294 2626 2353; x_wconf 86' lang='lat' dir='ltr'>est,</span> <span class='ocrx_word' id='word_1_526' title='bbox 2648 2285 2777 2355; x_wconf 83' lang='lat' dir='ltr'>quia</span> <span class='ocrx_word' id='word_1_527' title='bbox 2798 2286 3035 2343; x_wconf 88' lang='lat' dir='ltr'>oblatum</span> <span class='ocrx_word' id='word_1_528' title='bbox 3059 2292 3379 2351; x_wconf 88' lang='lat' dir='ltr'>sacriﬁcium</span> <span class='ocrx_word' id='word_1_529' title='bbox 3410 2279 3653 2359; x_wconf 80' lang='lat' dir='ltr'>nondum</span> 
     </span>
    </p>
   </div>
   <div class='ocr_carea' id='block_1_70' title="bbox 2052 2372 3652 2455">
    <p class='ocr_par' dir='ltr' id='par_1_70' title="bbox 2052 2372 3652 2455">
     <span class='ocr_line' id='line_1_70' title="bbox 2052 2372 3652 2455; baseline 0.016 -31"><span class='ocrx_word' id='word_1_530' title='bbox 2052 2379 2182 2439; x_wconf 87' lang='lat' dir='ltr'>erat,</span> <span class='ocrx_word' id='word_1_531' title='bbox 2199 2379 2249 2425; x_wconf 90' lang='lat' dir='ltr'>et</span> <span class='ocrx_word' id='word_1_532' title='bbox 2281 2379 2455 2426; x_wconf 87' lang='lat' dir='ltr'>tamen</span> <span class='ocrx_word' id='word_1_533' title='bbox 2471 2372 2602 2429; x_wconf 91' lang='lat' dir='ltr'>dicit</span> <span class='ocrx_word' id='word_1_534' title='bbox 2619 2389 2630 2427; x_wconf 89' lang='lat'><strong>:</strong></span> <span class='ocrx_word' id='word_1_535' title='bbox 2650 2375 3003 2445; x_wconf 78' lang='lat' dir='ltr'>Sacriﬁcium</span> <span class='ocrx_word' id='word_1_536' title='bbox 3018 2385 3103 2435; x_wconf 83' lang='lat' dir='ltr'>est</span> <span class='ocrx_word' id='word_1_537' title='bbox 3122 2385 3313 2455; x_wconf 81' lang='lat' dir='ltr'>papuli</span> <span class='ocrx_word' id='word_1_538' title='bbox 3329 2387 3391 2442; x_wconf 86' lang='lat' dir='ltr'>in</span> <span class='ocrx_word' id='word_1_539' title='bbox 3407 2393 3652 2447; x_wconf 68' lang='lat' dir='ltr'>excelso.</span> 
     </span>
    </p>
   </div>
   <div class='ocr_carea' id='block_1_71' title="bbox 2052 2459 3656 2547">
    <p class='ocr_par' dir='ltr' id='par_1_71' title="bbox 2052 2459 3656 2547">
     <span class='ocr_line' id='line_1_71' title="bbox 2052 2459 3656 2547; baseline 0.012 -33"><span class='ocrx_word' id='word_1_540' title='bbox 2052 2459 2109 2514; x_wconf 92' lang='lat' dir='ltr'>Si</span> <span class='ocrx_word' id='word_1_541' title='bbox 2142 2459 2284 2513; x_wconf 91' lang='lat' dir='ltr'>enim</span> <span class='ocrx_word' id='word_1_542' title='bbox 2329 2460 2651 2516; x_wconf 85' lang='lat' dir='ltr'>sacriﬁcium</span> <span class='ocrx_word' id='word_1_543' title='bbox 2691 2472 2977 2535; x_wconf 89' lang='lat' dir='ltr'>antequam</span> <span class='ocrx_word' id='word_1_544' title='bbox 3021 2467 3198 2525; x_wconf 68' lang='lat' dir='ltr'>offerri</span> <span class='ocrx_word' id='word_1_545' title='bbox 3245 2472 3487 2547; x_wconf 88' lang='lat' dir='ltr'>incipiat,</span> <span class='ocrx_word' id='word_1_546' title='bbox 3545 2495 3656 2536; x_wconf 90' lang='lat' dir='ltr'>non</span> 
     </span>
    </p>
   </div>
   <div class='ocr_carea' id='block_1_72' title="bbox 2051 2550 3653 2629">
    <p class='ocr_par' dir='ltr' id='par_1_72' title="bbox 2051 2550 3653 2629">
     <span class='ocr_line' id='line_1_72' title="bbox 2051 2550 3653 2629; baseline 0.013 -26"><span class='ocrx_word' id='word_1_547' title='bbox 2051 2555 2149 2617; x_wconf 84' lang='lat' dir='ltr'>est,</span> <span class='ocrx_word' id='word_1_548' title='bbox 2174 2550 2448 2619; x_wconf 91' lang='lat' dir='ltr'>quomodo</span> <span class='ocrx_word' id='word_1_549' title='bbox 2490 2559 2604 2606; x_wconf 89' lang='lat' dir='ltr'>erat</span> <span class='ocrx_word' id='word_1_550' title='bbox 2642 2552 2986 2625; x_wconf 88' lang='lat' dir='ltr'>sacriﬁcium,</span> <span class='ocrx_word' id='word_1_551' title='bbox 3025 2559 3169 2629; x_wconf 91' lang='lat' dir='ltr'>quod</span> <span class='ocrx_word' id='word_1_552' title='bbox 3211 2577 3321 2617; x_wconf 91' lang='lat' dir='ltr'>non</span> <span class='ocrx_word' id='word_1_553' title='bbox 3363 2567 3515 2621; x_wconf 79' lang='lat' dir='ltr'>erat?</span> <span class='ocrx_word' id='word_1_554' title='bbox 3546 2567 3653 2624; x_wconf 90' lang='lat' dir='ltr'>Sed</span> 
     </span>
    </p>
   </div>
   <div class='ocr_carea' id='block_1_73' title="bbox 2058 2636 3656 2712">
    <p class='ocr_par' dir='ltr' id='par_1_73' title="bbox 2058 2636 3656 2712">
     <span class='ocr_line' id='line_1_73' title="bbox 2058 2636 3656 2712; baseline 0.014 -23"><span class='ocrx_word' id='word_1_555' title='bbox 2058 2636 2185 2708; x_wconf 90' lang='lat' dir='ltr'>quia</span> <span class='ocrx_word' id='word_1_556' title='bbox 2217 2653 2316 2692; x_wconf 92' lang='lat' dir='ltr'>nos</span> <span class='ocrx_word' id='word_1_557' title='bbox 2346 2638 2632 2709; x_wconf 87' lang='lat' dir='ltr'>spiratalia</span> <span class='ocrx_word' id='word_1_558' title='bbox 2672 2642 2969 2712; x_wconf 90' lang='lat' dir='ltr'>sequimur,</span> <span class='ocrx_word' id='word_1_559' title='bbox 3015 2648 3256 2703; x_wconf 90' lang='lat' dir='ltr'>nondum</span> <span class='ocrx_word' id='word_1_560' title='bbox 3293 2660 3407 2707; x_wconf 90' lang='lat' dir='ltr'>erat</span> <span class='ocrx_word' id='word_1_561' title='bbox 3445 2655 3656 2711; x_wconf 85' lang='lat' dir='ltr'>sacriﬁ—</span> 
     </span>
    </p>
   </div>
   <div class='ocr_carea' id='block_1_74' title="bbox 2052 2726 3657 2809">
    <p class='ocr_par' dir='ltr' id='par_1_74' title="bbox 2052 2726 3657 2809">
     <span class='ocr_line' id='line_1_74' title="bbox 2052 2726 3657 2809; baseline 0.012 -28"><span class='ocrx_word' id='word_1_562' title='bbox 2052 2726 2222 2794; x_wconf 88' lang='lat' dir='ltr'>cium,</span> <span class='ocrx_word' id='word_1_563' title='bbox 2254 2735 2306 2782; x_wconf 91' lang='lat' dir='ltr'>et</span> <span class='ocrx_word' id='word_1_564' title='bbox 2335 2736 2448 2784; x_wconf 88' lang='lat' dir='ltr'>erat</span> <span class='ocrx_word' id='word_1_565' title='bbox 2482 2746 2494 2782; x_wconf 92' lang='lat'><strong>:</strong></span> <span class='ocrx_word' id='word_1_566' title='bbox 2524 2729 2651 2800; x_wconf 87' lang='lat' dir='ltr'>quia</span> <span class='ocrx_word' id='word_1_567' title='bbox 2681 2747 2803 2809; x_wconf 83' lang='lat' dir='ltr'>eum</span> <span class='ocrx_word' id='word_1_568' title='bbox 2846 2733 3002 2788; x_wconf 89' lang='lat' dir='ltr'>electi</span> <span class='ocrx_word' id='word_1_569' title='bbox 3032 2734 3221 2792; x_wconf 86' lang='lat' dir='ltr'>ﬁdeles</span> <span class='ocrx_word' id='word_1_570' title='bbox 3266 2740 3424 2797; x_wconf 84' lang='lat' dir='ltr'>altius</span> <span class='ocrx_word' id='word_1_571' title='bbox 3453 2745 3657 2801; x_wconf 87' lang='lat' dir='ltr'>erudiri</span> 
     </span>
    </p>
   </div>
   <div class='ocr_carea' id='block_1_75' title="bbox 2052 2816 3658 2893">
    <p class='ocr_par' dir='ltr' id='par_1_75' title="bbox 2052 2816 3658 2893">
     <span class='ocr_line' id='line_1_75' title="bbox 2052 2816 3658 2893; baseline 0.012 -24"><span class='ocrx_word' id='word_1_572' title='bbox 2052 2816 2463 2888; x_wconf 84' lang='lat' dir='ltr'>appetunt,jam</span> <span class='ocrx_word' id='word_1_573' title='bbox 2488 2817 2704 2888; x_wconf 90' lang='lat' dir='ltr'>quidem</span> <span class='ocrx_word' id='word_1_574' title='bbox 2737 2837 2993 2893; x_wconf 88' lang='lat' dir='ltr'>magnam</span> <span class='ocrx_word' id='word_1_575' title='bbox 3026 2824 3368 2883; x_wconf 83' lang='lat' dir='ltr'>devotionem</span> <span class='ocrx_word' id='word_1_576' title='bbox 3398 2832 3658 2889; x_wconf 90' lang='lat' dir='ltr'>audiendi</span> 
     </span>
    </p>
   </div>
   <div class='ocr_carea' id='block_1_76' title="bbox 2051 2905 3652 2988">
    <p class='ocr_par' dir='ltr' id='par_1_76' title="bbox 2051 2905 3652 2988">
     <span class='ocr_line' id='line_1_76' title="bbox 2051 2905 3652 2988; baseline 0.013 -30"><span class='ocrx_word' id='word_1_577' title='bbox 2051 2905 2270 2974; x_wconf 85' lang='lat' dir='ltr'>habent,</span> <span class='ocrx_word' id='word_1_578' title='bbox 2304 2921 2488 2978; x_wconf 91' lang='lat' dir='ltr'>quam,</span> <span class='ocrx_word' id='word_1_579' title='bbox 2535 2915 2660 2976; x_wconf 91' lang='lat' dir='ltr'>post</span> <span class='ocrx_word' id='word_1_580' title='bbox 2700 2908 2937 2965; x_wconf 88' lang='lat' dir='ltr'>auditam</span> <span class='ocrx_word' id='word_1_581' title='bbox 2980 2913 3446 2988; x_wconf 70' lang='lat' dir='ltr'>praedicationem,</span> <span class='ocrx_word' id='word_1_582' title='bbox 3495 2921 3652 2979; x_wconf 87' lang='lat' dir='ltr'>valde</span> 
     </span>
    </p>
   </div>
   <div class='ocr_carea' id='block_1_77' title="bbox 2052 2994 3653 3071">
    <p class='ocr_par' dir='ltr' id='par_1_77' title="bbox 2052 2994 3653 3071">
     <span class='ocr_line' id='line_1_77' title="bbox 2052 2994 3653 3071; baseline 0.012 -24"><span class='ocrx_word' id='word_1_583' title='bbox 2052 2994 2315 3064; x_wconf 81' lang='lat' dir='ltr'>majorem</span> <span class='ocrx_word' id='word_1_584' title='bbox 2341 2994 2559 3050; x_wconf 88' lang='lat' dir='ltr'>habent.</span> <span class='ocrx_word' id='word_1_585' title='bbox 2591 2997 2713 3051; x_wconf 90' lang='lat' dir='ltr'>Non</span> <span class='ocrx_word' id='word_1_586' title='bbox 2742 3006 2821 3052; x_wconf 90' lang='lat' dir='ltr'>est</span> <span class='ocrx_word' id='word_1_587' title='bbox 2849 3014 2981 3071; x_wconf 89' lang='lat' dir='ltr'>ergo</span> <span class='ocrx_word' id='word_1_588' title='bbox 3012 3002 3187 3057; x_wconf 87' lang='lat' dir='ltr'>adhuc</span> <span class='ocrx_word' id='word_1_589' title='bbox 3217 3004 3457 3063; x_wconf 91' lang='lat' dir='ltr'>oblatum</span> <span class='ocrx_word' id='word_1_590' title='bbox 3486 3011 3653 3065; x_wconf 87' lang='lat' dir='ltr'>sacri-</span> 
     </span>
    </p>
   </div>
   <div class='ocr_carea' id='block_1_78' title="bbox 2052 3083 3660 3165">
    <p class='ocr_par' dir='ltr' id='par_1_78' title="bbox 2052 3083 3660 3165">
     <span class='ocr_line' id='line_1_78' title="bbox 2052 3083 3660 3165; baseline 0.011 -27"><span class='ocrx_word' id='word_1_591' title='bbox 2052 3083 2233 3138; x_wconf 85' lang='lat' dir='ltr'>ﬁcium</span> <span class='ocrx_word' id='word_1_592' title='bbox 2270 3102 2282 3139; x_wconf 89' lang='lat'><strong>:</strong></span> <span class='ocrx_word' id='word_1_593' title='bbox 2317 3084 2443 3156; x_wconf 90' lang='lat' dir='ltr'>quia</span> <span class='ocrx_word' id='word_1_594' title='bbox 2471 3084 2567 3139; x_wconf 90' lang='lat' dir='ltr'>illa</span> <span class='ocrx_word' id='word_1_595' title='bbox 2595 3086 2912 3157; x_wconf 76' lang='lat' dir='ltr'>magnitudo</span> <span class='ocrx_word' id='word_1_596' title='bbox 2930 3088 3253 3161; x_wconf 90' lang='lat' dir='ltr'>devotionis,</span> <span class='ocrx_word' id='word_1_597' title='bbox 3270 3111 3391 3165; x_wconf 76' lang='lat' dir='ltr'>quae</span> <span class='ocrx_word' id='word_1_598' title='bbox 3420 3098 3660 3155; x_wconf 89' lang='lat' dir='ltr'>noscitur</span> 
     </span>
    </p>
   </div>
   <div class='ocr_carea' id='block_1_79' title="bbox 2052 3173 3651 3255">
    <p class='ocr_par' dir='ltr' id='par_1_79' title="bbox 2052 3173 3651 3255">
     <span class='ocr_line' id='line_1_79' title="bbox 2052 3173 3651 3255; baseline 0.011 -28"><span class='ocrx_word' id='word_1_599' title='bbox 2052 3173 2105 3227; x_wconf 92' lang='lat' dir='ltr'>in</span> <span class='ocrx_word' id='word_1_600' title='bbox 2134 3173 2297 3228; x_wconf 86' lang='lat' dir='ltr'>corde</span> <span class='ocrx_word' id='word_1_601' title='bbox 2324 3173 2476 3228; x_wconf 90' lang='lat' dir='ltr'>electi</span> <span class='ocrx_word' id='word_1_602' title='bbox 2501 3174 2567 3227; x_wconf 89' lang='lat' dir='ltr'>de</span> <span class='ocrx_word' id='word_1_603' title='bbox 2591 3174 2761 3230; x_wconf 90' lang='lat' dir='ltr'>verbo</span> <span class='ocrx_word' id='word_1_604' title='bbox 2776 3176 3199 3249; x_wconf 85' lang='lat' dir='ltr'>praedicationis,</span> <span class='ocrx_word' id='word_1_605' title='bbox 3233 3192 3357 3239; x_wconf 89' lang='lat' dir='ltr'>ante</span> <span class='ocrx_word' id='word_1_606' title='bbox 3384 3188 3651 3255; x_wconf 73' lang='lat' dir='ltr'>praedica-</span> 
     </span>
    </p>
   </div>
   <div class='ocr_carea' id='block_1_80' title="bbox 2056 3262 3653 3341">
    <p class='ocr_par' dir='ltr' id='par_1_80' title="bbox 2056 3262 3653 3341">
     <span class='ocr_line' id='line_1_80' title="bbox 2056 3262 3653 3341; baseline 0.008 -23"><span class='ocrx_word' id='word_1_607' title='bbox 2056 3262 2184 3318; x_wconf 90' lang='lat' dir='ltr'>toris</span> <span class='ocrx_word' id='word_1_608' title='bbox 2210 3262 2437 3318; x_wconf 87' lang='lat' dir='ltr'>verbum</span> <span class='ocrx_word' id='word_1_609' title='bbox 2466 3262 2521 3317; x_wconf 89' lang='lat' dir='ltr'>in</span> <span class='ocrx_word' id='word_1_610' title='bbox 2544 3264 2708 3319; x_wconf 88' lang='lat' dir='ltr'>corde</span> <span class='ocrx_word' id='word_1_611' title='bbox 2736 3280 2845 3319; x_wconf 90' lang='lat' dir='ltr'>non</span> <span class='ocrx_word' id='word_1_612' title='bbox 2874 3274 2973 3321; x_wconf 89' lang='lat' dir='ltr'>est.</span> <span class='ocrx_word' id='word_1_613' title='bbox 3004 3268 3073 3323; x_wconf 88' lang='lat' dir='ltr'>Et</span> <span class='ocrx_word' id='word_1_614' title='bbox 3115 3277 3194 3324; x_wconf 88' lang='lat' dir='ltr'>est</span> <span class='ocrx_word' id='word_1_615' title='bbox 3224 3272 3441 3341; x_wconf 89' lang='lat' dir='ltr'>quidem</span> <span class='ocrx_word' id='word_1_616' title='bbox 3469 3276 3526 3329; x_wconf 90' lang='lat' dir='ltr'>in</span> <span class='ocrx_word' id='word_1_617' title='bbox 3552 3293 3653 3332; x_wconf 81' lang='lat' dir='ltr'>ex-</span> 
     </span>
    </p>
   </div>
   <div class='ocr_carea' id='block_1_81' title="bbox 2052 3350 3651 3436">
    <p class='ocr_par' dir='ltr' id='par_1_81' title="bbox 2052 3350 3651 3436">
     <span class='ocr_line' id='line_1_81' title="bbox 2052 3350 3651 3436; baseline 0.008 -29"><span class='ocrx_word' id='word_1_618' title='bbox 2052 3352 2196 3407; x_wconf 90' lang='lat' dir='ltr'>celso</span> <span class='ocrx_word' id='word_1_619' title='bbox 2253 3350 2577 3407; x_wconf 85' lang='lat' dir='ltr'>sacriﬁcium</span> <span class='ocrx_word' id='word_1_620' title='bbox 2638 3370 2651 3406; x_wconf 91' lang='lat'><strong>:</strong></span> <span class='ocrx_word' id='word_1_621' title='bbox 2707 3354 2831 3423; x_wconf 90' lang='lat' dir='ltr'>quia</span> <span class='ocrx_word' id='word_1_622' title='bbox 2889 3355 2956 3411; x_wconf 90' lang='lat' dir='ltr'>de</span> <span class='ocrx_word' id='word_1_623' title='bbox 3022 3360 3423 3428; x_wconf 84' lang='lat' dir='ltr'>exspectatione</span> <span class='ocrx_word' id='word_1_624' title='bbox 3479 3365 3651 3436; x_wconf 88' lang='lat' dir='ltr'>verbi,</span> 
     </span>
    </p>
   </div>
   <div class='ocr_carea' id='block_1_82' title="bbox 2053 3440 3650 3514">
    <p class='ocr_par' dir='ltr' id='par_1_82' title="bbox 2053 3440 3650 3514">
     <span class='ocr_line' id='line_1_82' title="bbox 2053 3440 3650 3514; baseline 0.01 -18"><span class='ocrx_word' id='word_1_625' title='bbox 2053 3457 2255 3514; x_wconf 87' lang='lat' dir='ltr'>magna</span> <span class='ocrx_word' id='word_1_626' title='bbox 2281 3445 2400 3508; x_wconf 87' lang='lat' dir='ltr'>jam</span> <span class='ocrx_word' id='word_1_627' title='bbox 2429 3448 2508 3495; x_wconf 85' lang='lat' dir='ltr'>est</span> <span class='ocrx_word' id='word_1_628' title='bbox 2537 3441 2591 3494; x_wconf 91' lang='lat' dir='ltr'>in</span> <span class='ocrx_word' id='word_1_629' title='bbox 2622 3440 2787 3497; x_wconf 87' lang='lat' dir='ltr'>corde</span> <span class='ocrx_word' id='word_1_630' title='bbox 2808 3443 2999 3500; x_wconf 89' lang='lat' dir='ltr'>audire</span> <span class='ocrx_word' id='word_1_631' title='bbox 3028 3446 3261 3503; x_wconf 91' lang='lat' dir='ltr'>volentis</span> <span class='ocrx_word' id='word_1_632' title='bbox 3297 3449 3378 3505; x_wconf 91' lang='lat' dir='ltr'>vis</span> <span class='ocrx_word' id='word_1_633' title='bbox 3397 3451 3650 3511; x_wconf 87' lang='lat' dir='ltr'>devotio-</span> 
     </span>
    </p>
   </div>
   <div class='ocr_carea' id='block_1_83' title="bbox 2054 3528 3652 3614">
    <p class='ocr_par' dir='ltr' id='par_1_83' title="bbox 2054 3528 3652 3614">
     <span class='ocr_line' id='line_1_83' title="bbox 2054 3528 3652 3614; baseline 0.01 -30"><span class='ocrx_word' id='word_1_634' title='bbox 2054 3530 2154 3585; x_wconf 91' lang='lat' dir='ltr'>nis.</span> <span class='ocrx_word' id='word_1_635' title='bbox 2179 3528 2356 3598; x_wconf 89' lang='lat' dir='ltr'>Quare</span> <span class='ocrx_word' id='word_1_636' title='bbox 2368 3537 2421 3585; x_wconf 87' lang='lat' dir='ltr'>et</span> <span class='ocrx_word' id='word_1_637' title='bbox 2441 3529 2579 3585; x_wconf 89' lang='lat' dir='ltr'>bene</span> <span class='ocrx_word' id='word_1_638' title='bbox 2592 3530 2788 3585; x_wconf 87' lang='lat' dir='ltr'>dicitur</span> <span class='ocrx_word' id='word_1_639' title='bbox 2806 3547 2818 3585; x_wconf 92' lang='lat'><strong>:</strong></span> <span class='ocrx_word' id='word_1_640' title='bbox 2842 3534 2981 3599; x_wconf 86' lang='lat' dir='ltr'>Quia</span> <span class='ocrx_word' id='word_1_641' title='bbox 3002 3536 3242 3608; x_wconf 86' lang='lat' dir='ltr'>populus</span> <span class='ocrx_word' id='word_1_642' title='bbox 3254 3554 3370 3595; x_wconf 85' lang='lat' dir='ltr'>non</span> <span class='ocrx_word' id='word_1_643' title='bbox 3389 3544 3652 3614; x_wconf 81' lang='lat' dir='ltr'>comedit,</span> 
     </span>
    </p>
   </div>
   <div class='ocr_carea' id='block_1_84' title="bbox 2055 3619 3653 3691">
    <p class='ocr_par' dir='ltr' id='par_1_84' title="bbox 2055 3619 3653 3691">
     <span class='ocr_line' id='line_1_84' title="bbox 2055 3619 3653 3691; baseline 0.008 -16"><span class='ocrx_word' id='word_1_644' title='bbox 2055 3620 2347 3675; x_wconf 85' lang='lat' dir='ltr'>donecilte</span> <span class='ocrx_word' id='word_1_645' title='bbox 2385 3619 2580 3676; x_wconf 77' lang='lat' dir='ltr'>hostiae</span> <span class='ocrx_word' id='word_1_646' title='bbox 2612 3620 2922 3676; x_wconf 84' lang='lat' dir='ltr'>benedicat.</span> <span class='ocrx_word' id='word_1_647' title='bbox 2961 3621 3095 3691; x_wconf 86' lang='lat' dir='ltr'>Quia</span> <span class='ocrx_word' id='word_1_648' title='bbox 3147 3626 3291 3680; x_wconf 89' lang='lat' dir='ltr'>enim</span> <span class='ocrx_word' id='word_1_649' title='bbox 3320 3643 3536 3687; x_wconf 87' lang='lat' dir='ltr'>summa</span> <span class='ocrx_word' id='word_1_650' title='bbox 3565 3633 3653 3687; x_wconf 93' lang='lat' dir='ltr'>in-</span> 
     </span>
    </p>
   </div>
   <div class='ocr_carea' id='block_1_85' title="bbox 2056 3707 3656 3791">
    <p class='ocr_par' dir='ltr' id='par_1_85' title="bbox 2056 3707 3656 3791">
     <span class='ocr_line' id='line_1_85' title="bbox 2056 3707 3656 3791; baseline 0.01 -30"><span class='ocrx_word' id='word_1_651' title='bbox 2056 3708 2267 3762; x_wconf 89' lang='lat' dir='ltr'>hianter</span> <span class='ocrx_word' id='word_1_652' title='bbox 2314 3707 2565 3779; x_wconf 88' lang='lat' dir='ltr'>diligunt,</span> <span class='ocrx_word' id='word_1_653' title='bbox 2624 3707 2797 3765; x_wconf 90' lang='lat' dir='ltr'>donec</span> <span class='ocrx_word' id='word_1_654' title='bbox 2852 3710 3041 3766; x_wconf 91' lang='lat' dir='ltr'>eadem</span> <span class='ocrx_word' id='word_1_655' title='bbox 3097 3730 3305 3770; x_wconf 89' lang='lat' dir='ltr'>summa</span> <span class='ocrx_word' id='word_1_656' title='bbox 3335 3720 3656 3791; x_wconf 89' lang='lat' dir='ltr'>percipiunt,</span> 
     </span>
    </p>
   </div>
   <div class='ocr_carea' id='block_1_86' title="bbox 2054 3794 3660 3875">
    <p class='ocr_par' dir='ltr' id='par_1_86' title="bbox 2054 3794 3660 3875">
     <span class='ocr_line' id='line_1_86' title="bbox 2054 3794 3660 3875; baseline 0.01 -24"><span class='ocrx_word' id='word_1_657' title='bbox 2054 3811 2165 3851; x_wconf 91' lang='lat' dir='ltr'>non</span> <span class='ocrx_word' id='word_1_658' title='bbox 2194 3794 2566 3866; x_wconf 89' lang='lat' dir='ltr'>quiescunt.Si</span> <span class='ocrx_word' id='word_1_659' title='bbox 2609 3796 2754 3851; x_wconf 91' lang='lat' dir='ltr'>enim</span> <span class='ocrx_word' id='word_1_660' title='bbox 2810 3799 2985 3854; x_wconf 88' lang='lat' dir='ltr'>hostia</span> <span class='ocrx_word' id='word_1_661' title='bbox 3023 3803 3234 3873; x_wconf 89' lang='lat' dir='ltr'>mentis,</span> <span class='ocrx_word' id='word_1_662' title='bbox 3279 3804 3399 3875; x_wconf 89' lang='lat' dir='ltr'>ejus</span> <span class='ocrx_word' id='word_1_663' title='bbox 3443 3809 3660 3867; x_wconf 89' lang='lat' dir='ltr'>devotio</span> 
     </span>
    </p>
   </div>
   <div class='ocr_carea' id='block_1_87' title="bbox 2058 3884 3660 3967">
    <p class='ocr_par' dir='ltr' id='par_1_87' title="bbox 2058 3884 3660 3967">
     <span class='ocr_line' id='line_1_87' title="bbox 2058 3884 3660 3967; baseline 0.008 -26"><span class='ocrx_word' id='word_1_664' title='bbox 2058 3894 2137 3941; x_wconf 91' lang='lat' dir='ltr'>est</span> <span class='ocrx_word' id='word_1_665' title='bbox 2169 3903 2184 3942; x_wconf 88' lang='lat'><strong>:</strong></span> <span class='ocrx_word' id='word_1_666' title='bbox 2219 3884 2406 3941; x_wconf 75' lang='lat' dir='ltr'>hostiae</span> <span class='ocrx_word' id='word_1_667' title='bbox 2438 3884 2793 3956; x_wconf 89' lang='lat' dir='ltr'>benedicitur,</span> <span class='ocrx_word' id='word_1_668' title='bbox 2809 3889 3025 3957; x_wconf 90' lang='lat' dir='ltr'>quando</span> <span class='ocrx_word' id='word_1_669' title='bbox 3074 3892 3142 3945; x_wconf 88' lang='lat' dir='ltr'>ad</span> <span class='ocrx_word' id='word_1_670' title='bbox 3173 3908 3361 3948; x_wconf 88' lang='lat' dir='ltr'>vocem</span> <span class='ocrx_word' id='word_1_671' title='bbox 3391 3897 3660 3967; x_wconf 64' lang='lat' dir='ltr'>praedica-</span> 
     </span>
    </p>
   </div>
   <div class='ocr_carea' id='block_1_88' title="bbox 2062 3973 3663 4052">
    <p class='ocr_par' dir='ltr' id='par_1_88' title="bbox 2062 3973 3663 4052">
     <span class='ocr_line' id='line_1_88' title="bbox 2062 3973 3663 4052; baseline 0.01 -25"><span class='ocrx_word' id='word_1_672' title='bbox 2062 3974 2225 4037; x_wconf 65' lang='lat' dir='ltr'>tionis</span> <span class='ocrx_word' id='word_1_673' title='bbox 2270 3973 2656 4041; x_wconf 85' lang='lat' dir='ltr'>sanctiﬁcatur,</span> <span class='ocrx_word' id='word_1_674' title='bbox 2695 3983 2751 4030; x_wconf 90' lang='lat' dir='ltr'>ut</span> <span class='ocrx_word' id='word_1_675' title='bbox 2790 3991 2896 4045; x_wconf 91' lang='lat' dir='ltr'>quo</span> <span class='ocrx_word' id='word_1_676' title='bbox 2948 3978 3138 4047; x_wconf 88' lang='lat' dir='ltr'>purior</span> <span class='ocrx_word' id='word_1_677' title='bbox 3172 3979 3415 4052; x_wconf 82' lang='lat' dir='ltr'>eﬁicitur,</span> <span class='ocrx_word' id='word_1_678' title='bbox 3477 3985 3663 4043; x_wconf 86' lang='lat' dir='ltr'>divina.</span> 
     </span>
    </p>
   </div>
   <div class='ocr_carea' id='block_1_89' title="bbox 2060 4062 3662 4134">
    <p class='ocr_par' dir='ltr' id='par_1_89' title="bbox 2060 4062 3662 4134">
     <span class='ocr_line' id='line_1_89' title="bbox 2060 4062 3662 4134; baseline 0.007 -16"><span class='ocrx_word' id='word_1_679' title='bbox 2060 4062 2402 4133; x_wconf 88' lang='lat' dir='ltr'>susceptione</span> <span class='ocrx_word' id='word_1_680' title='bbox 2430 4062 2705 4132; x_wconf 88' lang='lat' dir='ltr'>acceptior</span> <span class='ocrx_word' id='word_1_681' title='bbox 2742 4062 3024 4119; x_wconf 87' lang='lat' dir='ltr'>habeatur.</span> <span class='ocrx_word' id='word_1_682' title='bbox 3078 4065 3236 4134; x_wconf 91' lang='lat' dir='ltr'>Quod</span> <span class='ocrx_word' id='word_1_683' title='bbox 3279 4070 3427 4126; x_wconf 90' lang='lat' dir='ltr'>enim</span> <span class='ocrx_word' id='word_1_684' title='bbox 3473 4072 3526 4128; x_wconf 92' lang='lat' dir='ltr'>in</span> <span class='ocrx_word' id='word_1_685' title='bbox 3559 4075 3662 4130; x_wconf 88' lang='lat' dir='ltr'>Dei</span> 
     </span>
    </p>
   </div>
   <div class='ocr_carea' id='block_1_90' title="bbox 2059 4150 3659 4224">
    <p class='ocr_par' dir='ltr' id='par_1_90' title="bbox 2059 4150 3659 4224">
     <span class='ocr_line' id='line_1_90' title="bbox 2059 4150 3659 4224; baseline 0.008 -18"><span class='ocrx_word' id='word_1_686' title='bbox 2059 4150 2318 4207; x_wconf 88' lang='lat' dir='ltr'>sacriﬁcio</span> <span class='ocrx_word' id='word_1_687' title='bbox 2348 4150 2699 4218; x_wconf 90' lang='lat' dir='ltr'>benedicitur,</span> <span class='ocrx_word' id='word_1_688' title='bbox 2734 4152 2995 4206; x_wconf 90' lang='lat' dir='ltr'>mundum</span> <span class='ocrx_word' id='word_1_689' title='bbox 3040 4155 3259 4224; x_wconf 91' lang='lat' dir='ltr'>quidem</span> <span class='ocrx_word' id='word_1_690' title='bbox 3301 4167 3380 4214; x_wconf 89' lang='lat' dir='ltr'>est</span> <span class='ocrx_word' id='word_1_691' title='bbox 3415 4176 3537 4215; x_wconf 89' lang='lat' dir='ltr'>cum</span> <span class='ocrx_word' id='word_1_692' title='bbox 3569 4163 3659 4219; x_wconf 88' lang='lat' dir='ltr'>of-</span> 
     </span>
    </p>
   </div>
   <div class='ocr_carea' id='block_1_91' title="bbox 2060 4239 3661 4310">
    <p class='ocr_par' dir='ltr' id='par_1_91' title="bbox 2060 4239 3661 4310">
     <span class='ocr_line' id='line_1_91' title="bbox 2060 4239 3661 4310; baseline 0.006 -14"><span class='ocrx_word' id='word_1_693' title='bbox 2060 4242 2245 4310; x_wconf 85' lang='lat' dir='ltr'>fertur,</span> <span class='ocrx_word' id='word_1_694' title='bbox 2278 4248 2329 4296; x_wconf 91' lang='lat' dir='ltr'>et</span> <span class='ocrx_word' id='word_1_695' title='bbox 2374 4239 2655 4295; x_wconf 86' lang='lat' dir='ltr'>materiale</span> <span class='ocrx_word' id='word_1_696' title='bbox 2699 4258 2715 4296; x_wconf 86' lang='lat'><strong><em>:</em></strong></span> <span class='ocrx_word' id='word_1_697' title='bbox 2751 4239 2992 4296; x_wconf 89' lang='lat' dir='ltr'>oblatum</span> <span class='ocrx_word' id='word_1_698' title='bbox 3040 4258 3169 4299; x_wconf 88' lang='lat' dir='ltr'>vero</span> <span class='ocrx_word' id='word_1_699' title='bbox 3203 4251 3345 4302; x_wconf 86' lang='lat' dir='ltr'>tanto</span> <span class='ocrx_word' id='word_1_700' title='bbox 3386 4255 3466 4304; x_wconf 89' lang='lat' dir='ltr'>est</span> <span class='ocrx_word' id='word_1_701' title='bbox 3507 4266 3661 4306; x_wconf 88' lang='lat' dir='ltr'>mun-</span> 
     </span>
    </p>
   </div>
   <div class='ocr_carea' id='block_1_92' title="bbox 2063 4329 3657 4407">
    <p class='ocr_par' dir='ltr' id='par_1_92' title="bbox 2063 4329 3657 4407">
     <span class='ocr_line' id='line_1_92' title="bbox 2063 4329 3657 4407; baseline 0.006 -19"><span class='ocrx_word' id='word_1_702' title='bbox 2063 4331 2207 4401; x_wconf 90' lang='lat' dir='ltr'>dius,</span> <span class='ocrx_word' id='word_1_703' title='bbox 2240 4338 2438 4402; x_wconf 90' lang='lat' dir='ltr'>quanto</span> <span class='ocrx_word' id='word_1_704' title='bbox 2477 4346 2585 4384; x_wconf 91' lang='lat' dir='ltr'>non</span> <span class='ocrx_word' id='word_1_705' title='bbox 2621 4329 2798 4385; x_wconf 90' lang='lat' dir='ltr'>solum</span> <span class='ocrx_word' id='word_1_706' title='bbox 2846 4331 3146 4401; x_wconf 89' lang='lat' dir='ltr'>materiale,</span> <span class='ocrx_word' id='word_1_707' title='bbox 3192 4334 3288 4389; x_wconf 90' lang='lat' dir='ltr'>sed</span> <span class='ocrx_word' id='word_1_708' title='bbox 3334 4336 3657 4407; x_wconf 87' lang='lat' dir='ltr'>spirituale:</span> 
     </span>
    </p>
   </div>
   <div class='ocr_carea' id='block_1_93' title="bbox 2064 4418 3657 4492">
    <p class='ocr_par' dir='ltr' id='par_1_93' title="bbox 2064 4418 3657 4492">
     <span class='ocr_line' id='line_1_93' title="bbox 2064 4418 3657 4492; baseline 0.006 -18"><span class='ocrx_word' id='word_1_709' title='bbox 2064 4427 2262 4492; x_wconf 90' lang='lat' dir='ltr'>quanto</span> <span class='ocrx_word' id='word_1_710' title='bbox 2292 4434 2399 4474; x_wconf 92' lang='lat' dir='ltr'>non</span> <span class='ocrx_word' id='word_1_711' title='bbox 2428 4418 2602 4473; x_wconf 91' lang='lat' dir='ltr'>solum</span> <span class='ocrx_word' id='word_1_712' title='bbox 2633 4419 2918 4485; x_wconf 90' lang='lat' dir='ltr'>mundum,</span> <span class='ocrx_word' id='word_1_713' title='bbox 2949 4419 3044 4475; x_wconf 91' lang='lat' dir='ltr'>sed</span> <span class='ocrx_word' id='word_1_714' title='bbox 3073 4420 3234 4476; x_wconf 90' lang='lat' dir='ltr'>etiam</span> <span class='ocrx_word' id='word_1_715' title='bbox 3265 4426 3531 4482; x_wconf 79' lang='lat' dir='ltr'>mandans</span> <span class='ocrx_word' id='word_1_716' title='bbox 3558 4437 3657 4485; x_wconf 86' lang='lat' dir='ltr'>est.</span> 
     </span>
    </p>
   </div>
   <div class='ocr_carea' id='block_1_94' title="bbox 2061 4507 3664 4590">
    <p class='ocr_par' dir='ltr' id='par_1_94' title="bbox 2061 4507 3664 4590">
     <span class='ocr_line' id='line_1_94' title="bbox 2061 4507 3664 4590; baseline 0.007 -27"><span class='ocrx_word' id='word_1_717' title='bbox 2061 4508 2369 4565; x_wconf 84' lang='lat' dir='ltr'>Hostiarum</span> <span class='ocrx_word' id='word_1_718' title='bbox 2402 4507 2603 4578; x_wconf 90' lang='lat' dir='ltr'>quippe</span> <span class='ocrx_word' id='word_1_719' title='bbox 2631 4507 2996 4563; x_wconf 89' lang='lat' dir='ltr'>oblationibus</span> <span class='ocrx_word' id='word_1_720' title='bbox 3024 4510 3270 4566; x_wconf 88' lang='lat' dir='ltr'>mundari</span> <span class='ocrx_word' id='word_1_721' title='bbox 3290 4520 3515 4584; x_wconf 87' lang='lat' dir='ltr'>peccata</span> <span class='ocrx_word' id='word_1_722' title='bbox 3545 4518 3664 4590; x_wconf 90' lang='lat' dir='ltr'>quis</span> 
     </span>
    </p>
   </div>
   <div class='ocr_carea' id='block_1_95' title="bbox 347 4583 3659 4668">
    <p class='ocr_par' dir='ltr' id='par_1_95' title="bbox 347 4583 3659 4668">
     <span class='ocr_line' id='line_1_95' title="bbox 347 4583 3659 4668; baseline 0.002 -13"><span class='ocrx_word' id='word_1_723' title='bbox 347 4600 664 4656; x_wconf 81' lang='lat' dir='ltr'>Statuendae</span> <span class='ocrx_word' id='word_1_724' title='bbox 696 4608 824 4655; x_wconf 90' lang='lat' dir='ltr'>sunt</span> <span class='ocrx_word' id='word_1_725' title='bbox 866 4599 1026 4655; x_wconf 90' lang='lat' dir='ltr'>nobis</span> <span class='ocrx_word' id='word_1_726' title='bbox 1068 4599 1219 4655; x_wconf 65' lang='lat' dir='ltr'>horae</span> <span class='ocrx_word' id='word_1_727' title='bbox 1263 4598 1564 4668; x_wconf 89' lang='lat' dir='ltr'>ministerii,</span> <span class='ocrx_word' id='word_1_728' title='bbox 1611 4606 1669 4654; x_wconf 93' lang='lat' dir='ltr'>ut</span> <span class='ocrx_word' id='word_1_729' title='bbox 1711 4583 2031 4655; x_wconf 87' lang='lat' dir='ltr'>breviterD</span> <span class='ocrx_word' id='word_1_730' title='bbox 2063 4596 2429 4653; x_wconf 74' lang='lat' dir='ltr'>dubitet‘ISic</span> <span class='ocrx_word' id='word_1_731' title='bbox 2456 4611 2705 4668; x_wconf 88' lang='lat' dir='ltr'>namque,</span> <span class='ocrx_word' id='word_1_732' title='bbox 2747 4597 2829 4653; x_wconf 90' lang='lat' dir='ltr'>sic</span> <span class='ocrx_word' id='word_1_733' title='bbox 2866 4605 2946 4653; x_wconf 89' lang='lat' dir='ltr'>est</span> <span class='ocrx_word' id='word_1_734' title='bbox 2992 4600 3187 4655; x_wconf 88' lang='lat' dir='ltr'>mentis</span> <span class='ocrx_word' id='word_1_735' title='bbox 3235 4583 3451 4660; x_wconf 82' lang='lat' dir='ltr'>devotio</span> <span class='ocrx_word' id='word_1_736' title='bbox 3486 4622 3499 4659; x_wconf 91' lang='lat'><strong>:</strong></span> <span class='ocrx_word' id='word_1_737' title='bbox 3532 4583 3659 4662; x_wconf 72' lang='lat' dir='ltr'>nam</span> 
     </span>
    </p>
   </div>
   <div class='ocr_carea' id='block_1_96' title="bbox 348 4687 1956 4761">
    <p class='ocr_par' dir='ltr' id='par_1_96' title="bbox 348 4687 1956 4761">
     <span class='ocr_line' id='line_1_96' title="bbox 348 4687 1956 4761; baseline 0 -17"><span class='ocrx_word' id='word_1_738' title='bbox 348 4690 705 4761; x_wconf 86' lang='lat' dir='ltr'>persistamus</span> <span class='ocrx_word' id='word_1_739' title='bbox 736 4691 791 4743; x_wconf 89' lang='lat' dir='ltr'>in</span> <span class='ocrx_word' id='word_1_740' title='bbox 810 4705 996 4761; x_wconf 89' lang='lat' dir='ltr'>opere,</span> <span class='ocrx_word' id='word_1_741' title='bbox 1030 4687 1347 4744; x_wconf 89' lang='lat' dir='ltr'>festinanter</span> <span class='ocrx_word' id='word_1_742' title='bbox 1373 4687 1552 4744; x_wconf 85' lang='lat' dir='ltr'>redire</span> <span class='ocrx_word' id='word_1_743' title='bbox 1580 4688 1857 4744; x_wconf 88' lang='lat' dir='ltr'>valeamus</span> <span class='ocrx_word' id='word_1_744' title='bbox 1884 4689 1956 4744; x_wconf 90' lang='lat' dir='ltr'>ad</span> 
     </span>
    </p>
   </div>
   <div class='ocr_carea' id='block_1_97' title="bbox 348 4778 1956 4852">
    <p class='ocr_par' dir='ltr' id='par_1_97' title="bbox 348 4778 1956 4852">
     <span class='ocr_line' id='line_1_97' title="bbox 348 4778 1956 4852; baseline -0.002 -15"><span class='ocrx_word' id='word_1_745' title='bbox 348 4779 830 4852; x_wconf 84' lang='lat' dir='ltr'>contemplationis</span> <span class='ocrx_word' id='word_1_746' title='bbox 876 4793 1075 4833; x_wconf 85' lang='lat' dir='ltr'>arcem.</span> <span class='ocrx_word' id='word_1_747' title='bbox 1108 4779 1246 4848; x_wconf 77' lang='lat' dir='ltr'>Ipsae</span> <span class='ocrx_word' id='word_1_748' title='bbox 1301 4784 1481 4832; x_wconf 89' lang='lat' dir='ltr'>autem</span> <span class='ocrx_word' id='word_1_749' title='bbox 1533 4778 1724 4833; x_wconf 89' lang='lat' dir='ltr'>secreti</span> <span class='ocrx_word' id='word_1_750' title='bbox 1755 4778 1956 4834; x_wconf 90' lang='lat' dir='ltr'>silentii</span> 
     </span>
    </p>
   </div>
   <div class='ocr_carea' id='block_1_98' title="bbox 346 4865 1955 4938">
    <p class='ocr_par' dir='ltr' id='par_1_98' title="bbox 346 4865 1955 4938">
     <span class='ocr_line' id='line_1_98' title="bbox 346 4865 1955 4938; baseline -0.001 -14"><span class='ocrx_word' id='word_1_751' title='bbox 346 4868 521 4924; x_wconf 81' lang='lat' dir='ltr'>nostri</span> <span class='ocrx_word' id='word_1_752' title='bbox 570 4884 763 4935; x_wconf 71' lang='lat' dir='ltr'>morae,</span> <span class='ocrx_word' id='word_1_753' title='bbox 823 4874 969 4922; x_wconf 89' lang='lat' dir='ltr'>tanta</span> <span class='ocrx_word' id='word_1_754' title='bbox 1023 4868 1148 4938; x_wconf 79' lang='lat' dir='ltr'>lege</span> <span class='ocrx_word' id='word_1_755' title='bbox 1192 4865 1539 4921; x_wconf 89' lang='lat' dir='ltr'>districtionis</span> <span class='ocrx_word' id='word_1_756' title='bbox 1584 4866 1955 4923; x_wconf 68' lang='lat' dir='ltr'>custodiendae</span> 
     </span>
    </p>
   </div>
   <div class='ocr_carea' id='block_1_99' title="bbox 350 4953 1957 5030">
    <p class='ocr_par' dir='ltr' id='par_1_99' title="bbox 350 4953 1957 5030">
     <span class='ocr_line' id='line_1_99' title="bbox 350 4953 1957 5030; baseline -0.001 -17"><span class='ocrx_word' id='word_1_757' title='bbox 350 4966 497 5027; x_wconf 84' lang='lat' dir='ltr'>sunt,</span> <span class='ocrx_word' id='word_1_758' title='bbox 527 4965 584 5012; x_wconf 88' lang='lat' dir='ltr'>ut</span> <span class='ocrx_word' id='word_1_759' title='bbox 612 4958 715 5030; x_wconf 89' lang='lat' dir='ltr'>ipsi</span> <span class='ocrx_word' id='word_1_760' title='bbox 745 4957 931 5024; x_wconf 86' lang='lat' dir='ltr'>etiam,</span> <span class='ocrx_word' id='word_1_761' title='bbox 970 4955 1061 5027; x_wconf 91' lang='lat' dir='ltr'>qui</span> <span class='ocrx_word' id='word_1_762' title='bbox 1091 4954 1350 5012; x_wconf 87' lang='lat' dir='ltr'>accedere</span> <span class='ocrx_word' id='word_1_763' title='bbox 1379 4953 1572 5021; x_wconf 86' lang='lat' dir='ltr'>solent,</span> <span class='ocrx_word' id='word_1_764' title='bbox 1607 4955 1796 5022; x_wconf 87' lang='lat' dir='ltr'>sciant,</span> <span class='ocrx_word' id='word_1_765' title='bbox 1831 4956 1957 5027; x_wconf 86' lang='lat' dir='ltr'>quia</span> 
     </span>
    </p>
   </div>
   <div class='ocr_carea' id='block_1_100' title="bbox 352 5044 1957 5117">
    <p class='ocr_par' dir='ltr' id='par_1_100' title="bbox 352 5044 1957 5117">
     <span class='ocr_line' id='line_1_100' title="bbox 352 5044 1957 5117; baseline 0 -15"><span class='ocrx_word' id='word_1_766' title='bbox 352 5056 547 5102; x_wconf 86' lang='lat' dir='ltr'>contra</span> <span class='ocrx_word' id='word_1_767' title='bbox 574 5046 917 5117; x_wconf 87' lang='lat' dir='ltr'>propositum</span> <span class='ocrx_word' id='word_1_768' title='bbox 963 5052 1207 5100; x_wconf 88' lang='lat' dir='ltr'>nostrum</span> <span class='ocrx_word' id='word_1_769' title='bbox 1254 5044 1325 5098; x_wconf 87' lang='lat' dir='ltr'>ad</span> <span class='ocrx_word' id='word_1_770' title='bbox 1380 5058 1481 5099; x_wconf 83' lang='lat' dir='ltr'>nos</span> <span class='ocrx_word' id='word_1_771' title='bbox 1524 5056 1805 5100; x_wconf 86' lang='lat' dir='ltr'>accessum</span> <span class='ocrx_word' id='word_1_772' title='bbox 1845 5060 1957 5102; x_wconf 93' lang='lat' dir='ltr'>non</span> 
     </span>
    </p>
   </div>
   <div class='ocr_carea' id='block_1_101' title="bbox 353 5135 615 5190">
    <p class='ocr_par' dir='ltr' id='par_1_101' title="bbox 353 5135 615 5190">
     <span class='ocr_line' id='line_1_101' title="bbox 353 5135 615 5190; baseline -0.008 -1"><span class='ocrx_word' id='word_1_773' title='bbox 353 5135 615 5190; x_wconf 85' lang='lat' dir='ltr'>habeant.</span> 
     </span>
    </p>
   </div>
   <div class='ocr_carea' id='block_1_102' title="bbox 425 5221 1953 5296">
    <p class='ocr_par' dir='ltr' id='par_1_102' title="bbox 425 5221 1953 5296">
     <span class='ocr_line' id='line_1_102' title="bbox 425 5221 1953 5296; baseline 0 -19"><span class='ocrx_word' id='word_1_774' title='bbox 425 5225 515 5278; x_wconf 84' lang='lat'>37.</span> <span class='ocrx_word' id='word_1_775' title='bbox 543 5222 683 5291; x_wconf 89' lang='lat' dir='ltr'>Quia</span> <span class='ocrx_word' id='word_1_776' title='bbox 701 5237 832 5279; x_wconf 89' lang='lat' dir='ltr'>vero</span> <span class='ocrx_word' id='word_1_777' title='bbox 856 5223 978 5277; x_wconf 63' lang='lat' dir='ltr'>haec</span> <span class='ocrx_word' id='word_1_778' title='bbox 1003 5221 1348 5294; x_wconf 88' lang='lat' dir='ltr'>spiritualiter</span> <span class='ocrx_word' id='word_1_779' title='bbox 1364 5223 1656 5296; x_wconf 87' lang='lat' dir='ltr'>explanare</span> <span class='ocrx_word' id='word_1_780' title='bbox 1667 5223 1953 5294; x_wconf 65' lang='lat' dir='ltr'>coepimus,</span> 
     </span>
    </p>
   </div>
   <div class='ocr_carea' id='block_1_103' title="bbox 346 5310 1956 5385">
    <p class='ocr_par' dir='ltr' id='par_1_103' title="bbox 346 5310 1956 5385">
     <span class='ocr_line' id='line_1_103' title="bbox 346 5310 1956 5385; baseline -0.001 -16"><span class='ocrx_word' id='word_1_781' title='bbox 346 5320 542 5369; x_wconf 81' lang='lat' dir='ltr'>contra</span> <span class='ocrx_word' id='word_1_782' title='bbox 569 5311 852 5381; x_wconf 87' lang='lat' dir='ltr'>simplices</span> <span class='ocrx_word' id='word_1_783' title='bbox 879 5311 984 5366; x_wconf 86' lang='lat' dir='ltr'>hoc</span> <span class='ocrx_word' id='word_1_784' title='bbox 1012 5310 1119 5366; x_wconf 90' lang='lat' dir='ltr'>dici</span> <span class='ocrx_word' id='word_1_785' title='bbox 1162 5313 1548 5369; x_wconf 88' lang='lat' dir='ltr'>convenienter</span> <span class='ocrx_word' id='word_1_786' title='bbox 1590 5311 1821 5385; x_wconf 80' lang='lat' dir='ltr'>intelligi</span> <span class='ocrx_word' id='word_1_787' title='bbox 1852 5328 1956 5384; x_wconf 91' lang='lat' dir='ltr'>po-</span> 
     </span>
    </p>
   </div>
   <div class='ocr_carea' id='block_1_104' title="bbox 343 5399 1959 5472">
    <p class='ocr_par' dir='ltr' id='par_1_104' title="bbox 343 5399 1959 5472">
     <span class='ocr_line' id='line_1_104' title="bbox 343 5399 1959 5472; baseline 0 -15"><span class='ocrx_word' id='word_1_788' title='bbox 343 5409 472 5457; x_wconf 85' lang='lat' dir='ltr'>test.</span> <span class='ocrx_word' id='word_1_789' title='bbox 508 5400 568 5455; x_wconf 90' lang='lat' dir='ltr'>In</span> <span class='ocrx_word' id='word_1_790' title='bbox 595 5399 817 5456; x_wconf 87' lang='lat' dir='ltr'>civitate</span> <span class='ocrx_word' id='word_1_791' title='bbox 845 5400 1051 5472; x_wconf 86' lang='lat' dir='ltr'>quippe</span> <span class='ocrx_word' id='word_1_792' title='bbox 1079 5399 1144 5469; x_wconf 90' lang='lat' dir='ltr'>is,</span> <span class='ocrx_word' id='word_1_793' title='bbox 1178 5401 1269 5470; x_wconf 92' lang='lat' dir='ltr'>qui</span> <span class='ocrx_word' id='word_1_794' title='bbox 1290 5402 1507 5457; x_wconf 90' lang='lat' dir='ltr'>videtur</span> <span class='ocrx_word' id='word_1_795' title='bbox 1534 5410 1842 5471; x_wconf 85' lang='lat' dir='ltr'>extraneus,</span> <span class='ocrx_word' id='word_1_796' title='bbox 1863 5402 1959 5457; x_wconf 85' lang='lat' dir='ltr'>Sa-</span> 
     </span>
    </p>
   </div>
   <div class='ocr_carea' id='block_1_105' title="bbox 344 5487 1959 5560">
    <p class='ocr_par' dir='ltr' id='par_1_105' title="bbox 344 5487 1959 5560">
     <span class='ocr_line' id='line_1_105' title="bbox 344 5487 1959 5560; baseline 0.002 -17"><span class='ocrx_word' id='word_1_797' title='bbox 344 5489 588 5544; x_wconf 85' lang='lat' dir='ltr'>muelem</span> <span class='ocrx_word' id='word_1_798' title='bbox 616 5487 821 5559; x_wconf 82' lang='lat' dir='ltr'>alloqui</span> <span class='ocrx_word' id='word_1_799' title='bbox 849 5503 1011 5560; x_wconf 89' lang='lat' dir='ltr'>posse</span> <span class='ocrx_word' id='word_1_800' title='bbox 1037 5496 1274 5559; x_wconf 85' lang='lat' dir='ltr'>putatur,</span> <span class='ocrx_word' id='word_1_801' title='bbox 1305 5489 1362 5544; x_wconf 91' lang='lat' dir='ltr'>in</span> <span class='ocrx_word' id='word_1_802' title='bbox 1391 5491 1604 5546; x_wconf 86' lang='lat' dir='ltr'>excelso</span> <span class='ocrx_word' id='word_1_803' title='bbox 1636 5497 1816 5546; x_wconf 90' lang='lat' dir='ltr'>autem</span> <span class='ocrx_word' id='word_1_804' title='bbox 1846 5505 1959 5546; x_wconf 90' lang='lat' dir='ltr'>non</span> 
     </span>
    </p>
   </div>
   <div class='ocr_carea' id='block_1_106' title="bbox 338 5575 1947 5651">
    <p class='ocr_par' dir='ltr' id='par_1_106' title="bbox 338 5575 1947 5651">
     <span class='ocr_line' id='line_1_106' title="bbox 338 5575 1947 5651; baseline 0.001 -18"><span class='ocrx_word' id='word_1_805' title='bbox 338 5585 571 5650; x_wconf 80' lang='lat' dir='ltr'>putatur</span> <span class='ocrx_word' id='word_1_806' title='bbox 600 5593 614 5633; x_wconf 92' lang='lat'><strong>:</strong></span> <span class='ocrx_word' id='word_1_807' title='bbox 647 5578 776 5651; x_wconf 90' lang='lat' dir='ltr'>quia</span> <span class='ocrx_word' id='word_1_808' title='bbox 803 5591 946 5650; x_wconf 84' lang='lat' dir='ltr'>quos</span> <span class='ocrx_word' id='word_1_809' title='bbox 976 5575 1252 5650; x_wconf 87' lang='lat' dir='ltr'>simplices</span> <span class='ocrx_word' id='word_1_810' title='bbox 1279 5593 1399 5634; x_wconf 90' lang='lat' dir='ltr'>esse</span> <span class='ocrx_word' id='word_1_811' title='bbox 1440 5580 1733 5648; x_wconf 89' lang='lat' dir='ltr'>credimus,</span> <span class='ocrx_word' id='word_1_812' title='bbox 1763 5578 1947 5650; x_wconf 87' lang='lat' dir='ltr'>plana,</span> 
     </span>
    </p>
   </div>
   <div class='ocr_carea' id='block_1_107' title="bbox 422 5699 1939 5777">
    <p class='ocr_par' dir='ltr' id='par_1_107' title="bbox 422 5699 1939 5777">
     <span class='ocr_line' id='line_1_107' title="bbox 422 5699 1939 5777; baseline 0.001 -18"><span class='ocrx_word' id='word_1_813' title='bbox 422 5702 504 5776; x_wconf 89' lang='lat' dir='ltr'>(a)</span> <span class='ocrx_word' id='word_1_814' title='bbox 534 5699 693 5762; x_wconf 83' lang='lat' dir='ltr'>Forte</span> <span class='ocrx_word' id='word_1_815' title='bbox 719 5701 854 5777; x_wconf 77' lang='lat' dir='ltr'>teg.,</span> <span class='ocrx_word' id='word_1_816' title='bbox 873 5702 1004 5777; x_wconf 80' lang='lat' dir='ltr'>jam</span> <span class='ocrx_word' id='word_1_817' title='bbox 1030 5701 1106 5763; x_wconf 77' lang='lat' dir='ltr'>ad</span> <span class='ocrx_word' id='word_1_818' title='bbox 1134 5701 1391 5765; x_wconf 73' lang='lat' dir='ltr'>litteram</span> <span class='ocrx_word' id='word_1_819' title='bbox 1417 5719 1536 5766; x_wconf 81' lang='lat' dir='ltr'>non</span> <span class='ocrx_word' id='word_1_820' title='bbox 1562 5699 1813 5777; x_wconf 81' lang='lat' dir='ltr'>verbum,</span> <span class='ocrx_word' id='word_1_821' title='bbox 1833 5708 1939 5762; x_wconf 84' lang='lat' dir='ltr'>etc.</span> 
     </span>
    </p>
   </div>
   <div class='ocr_carea' id='block_1_108' title="bbox 2063 4684 3660 4756">
    <p class='ocr_par' dir='ltr' id='par_1_108' title="bbox 2063 4684 3660 4756">
     <span class='ocr_line' id='line_1_108' title="bbox 2063 4684 3660 4756; baseline 0.007 -15"><span class='ocrx_word' id='word_1_822' title='bbox 2063 4702 2187 4744; x_wconf 88' lang='lat' dir='ltr'>cum</span> <span class='ocrx_word' id='word_1_823' title='bbox 2220 4685 2366 4741; x_wconf 87' lang='lat' dir='ltr'>bona</span> <span class='ocrx_word' id='word_1_824' title='bbox 2394 4684 2580 4739; x_wconf 90' lang='lat' dir='ltr'>audire</span> <span class='ocrx_word' id='word_1_825' title='bbox 2610 4686 2788 4756; x_wconf 89' lang='lat' dir='ltr'>gestit,</span> <span class='ocrx_word' id='word_1_826' title='bbox 2812 4687 3011 4742; x_wconf 87' lang='lat' dir='ltr'>munda</span> <span class='ocrx_word' id='word_1_827' title='bbox 3044 4698 3153 4753; x_wconf 88' lang='lat' dir='ltr'>est;</span> <span class='ocrx_word' id='word_1_828' title='bbox 3188 4691 3284 4746; x_wconf 90' lang='lat' dir='ltr'>sed</span> <span class='ocrx_word' id='word_1_829' title='bbox 3315 4708 3438 4746; x_wconf 89' lang='lat' dir='ltr'>cum</span> <span class='ocrx_word' id='word_1_830' title='bbox 3458 4703 3660 4752; x_wconf 60' lang='lat' dir='ltr'>sanctas</span> 
     </span>
    </p>
   </div>
   <div class='ocr_carea' id='block_1_109' title="bbox 2063 4773 3661 4855">
    <p class='ocr_par' dir='ltr' id='par_1_109' title="bbox 2063 4773 3661 4855">
     <span class='ocr_line' id='line_1_109' title="bbox 2063 4773 3661 4855; baseline 0.007 -25"><span class='ocrx_word' id='word_1_831' title='bbox 2063 4773 2467 4847; x_wconf 67' lang='lat' dir='ltr'>praedicationis</span> <span class='ocrx_word' id='word_1_832' title='bbox 2510 4782 2733 4844; x_wconf 89' lang='lat' dir='ltr'>accepta</span> <span class='ocrx_word' id='word_1_833' title='bbox 2775 4783 2827 4831; x_wconf 88' lang='lat' dir='ltr'>et</span> <span class='ocrx_word' id='word_1_834' title='bbox 2868 4775 3154 4834; x_wconf 89' lang='lat' dir='ltr'>benedicta</span> <span class='ocrx_word' id='word_1_835' title='bbox 3196 4780 3447 4836; x_wconf 88' lang='lat' dir='ltr'>manibus</span> <span class='ocrx_word' id='word_1_836' title='bbox 3483 4782 3661 4855; x_wconf 89' lang='lat' dir='ltr'>fuerit,</span> 
     </span>
    </p>
   </div>
   <div class='ocr_carea' id='block_1_110' title="bbox 2066 4862 3666 4939">
    <p class='ocr_par' dir='ltr' id='par_1_110' title="bbox 2066 4862 3666 4939">
     <span class='ocr_line' id='line_1_110' title="bbox 2066 4862 3666 4939; baseline 0.005 -18"><span class='ocrx_word' id='word_1_837' title='bbox 2066 4872 2208 4921; x_wconf 87' lang='lat' dir='ltr'>tanto</span> <span class='ocrx_word' id='word_1_838' title='bbox 2230 4862 2504 4919; x_wconf 88' lang='lat' dir='ltr'>ardentior</span> <span class='ocrx_word' id='word_1_839' title='bbox 2530 4871 2583 4918; x_wconf 91' lang='lat' dir='ltr'>et</span> <span class='ocrx_word' id='word_1_840' title='bbox 2628 4864 2884 4920; x_wconf 89' lang='lat' dir='ltr'>sacratior</span> <span class='ocrx_word' id='word_1_841' title='bbox 2923 4866 3185 4937; x_wconf 90' lang='lat' dir='ltr'>redditur,</span> <span class='ocrx_word' id='word_1_842' title='bbox 3220 4878 3419 4939; x_wconf 89' lang='lat' dir='ltr'>quanto</span> <span class='ocrx_word' id='word_1_843' title='bbox 3469 4872 3666 4929; x_wconf 86' lang='lat' dir='ltr'>clarius</span> 
     </span>
    </p>
   </div>
   <div class='ocr_carea' id='block_1_111' title="bbox 2064 4953 3664 5027">
    <p class='ocr_par' dir='ltr' id='par_1_111' title="bbox 2064 4953 3664 5027">
     <span class='ocr_line' id='line_1_111' title="bbox 2064 4953 3664 5027; baseline 0.005 -17"><span class='ocrx_word' id='word_1_844' title='bbox 2064 4954 2274 5021; x_wconf 90' lang='lat' dir='ltr'>didicit,</span> <span class='ocrx_word' id='word_1_845' title='bbox 2306 4968 2467 5025; x_wconf 90' lang='lat' dir='ltr'>quem</span> <span class='ocrx_word' id='word_1_846' title='bbox 2500 4968 2682 5008; x_wconf 89' lang='lat' dir='ltr'>amare</span> <span class='ocrx_word' id='word_1_847' title='bbox 2738 4953 2949 5009; x_wconf 91' lang='lat' dir='ltr'>dulcius</span> <span class='ocrx_word' id='word_1_848' title='bbox 2993 4964 3178 5011; x_wconf 90' lang='lat' dir='ltr'>notum</span> <span class='ocrx_word' id='word_1_849' title='bbox 3226 4960 3417 5027; x_wconf 90' lang='lat' dir='ltr'>possit.</span> <span class='ocrx_word' id='word_1_850' title='bbox 3462 4961 3664 5018; x_wconf 86' lang='lat' dir='ltr'>Munda</span> 
     </span>
    </p>
   </div>
   <div class='ocr_carea' id='block_1_112' title="bbox 2065 5042 3660 5121">
    <p class='ocr_par' dir='ltr' id='par_1_112' title="bbox 2065 5042 3660 5121">
     <span class='ocr_line' id='line_1_112' title="bbox 2065 5042 3660 5121; baseline 0.005 -24"><span class='ocrx_word' id='word_1_851' title='bbox 2065 5042 2282 5114; x_wconf 88' lang='lat' dir='ltr'>quidem</span> <span class='ocrx_word' id='word_1_852' title='bbox 2314 5050 2461 5111; x_wconf 90' lang='lat' dir='ltr'>ante,</span> <span class='ocrx_word' id='word_1_853' title='bbox 2493 5042 2639 5097; x_wconf 87' lang='lat' dir='ltr'>velut</span> <span class='ocrx_word' id='word_1_854' title='bbox 2666 5043 2994 5114; x_wconf 62' lang='lat' dir='ltr'>praiparatio</span> <span class='ocrx_word' id='word_1_855' title='bbox 3042 5045 3290 5101; x_wconf 87' lang='lat' dir='ltr'>sacriﬁcii</span> <span class='ocrx_word' id='word_1_856' title='bbox 3320 5047 3515 5117; x_wconf 84' lang='lat' dir='ltr'>fuerat,</span> <span class='ocrx_word' id='word_1_857' title='bbox 3540 5064 3660 5121; x_wconf 81' lang='lat' dir='ltr'>quae</span> 
     </span>
    </p>
   </div>
   <div class='ocr_carea' id='block_1_113' title="bbox 2065 5130 3662 5206">
    <p class='ocr_par' dir='ltr' id='par_1_113' title="bbox 2065 5130 3662 5206">
     <span class='ocr_line' id='line_1_113' title="bbox 2065 5130 3662 5206; baseline 0.003 -19"><span class='ocrx_word' id='word_1_858' title='bbox 2065 5132 2267 5187; x_wconf 91' lang='lat' dir='ltr'>bonum</span> <span class='ocrx_word' id='word_1_859' title='bbox 2298 5146 2455 5186; x_wconf 90' lang='lat' dir='ltr'>nosse</span> <span class='ocrx_word' id='word_1_860' title='bbox 2483 5130 2749 5201; x_wconf 88' lang='lat' dir='ltr'>cupiebat,</span> <span class='ocrx_word' id='word_1_861' title='bbox 2765 5140 2818 5187; x_wconf 91' lang='lat' dir='ltr'>et</span> <span class='ocrx_word' id='word_1_862' title='bbox 2845 5140 3025 5188; x_wconf 90' lang='lat' dir='ltr'>tamen</span> <span class='ocrx_word' id='word_1_863' title='bbox 3055 5134 3347 5189; x_wconf 84' lang='lat' dir='ltr'>materialis</span> <span class='ocrx_word' id='word_1_864' title='bbox 3367 5143 3662 5206; x_wconf 85' lang='lat' dir='ltr'>eratappa-</span> 
     </span>
    </p>
   </div>
   <div class='ocr_carea' id='block_1_114' title="bbox 2064 5219 3662 5293">
    <p class='ocr_par' dir='ltr' id='par_1_114' title="bbox 2064 5219 3662 5293">
     <span class='ocr_line' id='line_1_114' title="bbox 2064 5219 3662 5293; baseline 0.004 -18"><span class='ocrx_word' id='word_1_865' title='bbox 2064 5228 2209 5275; x_wconf 86' lang='lat' dir='ltr'>ratus</span> <span class='ocrx_word' id='word_1_866' title='bbox 2242 5238 2256 5275; x_wconf 90' lang='lat'><strong>:</strong></span> <span class='ocrx_word' id='word_1_867' title='bbox 2286 5219 2413 5291; x_wconf 89' lang='lat' dir='ltr'>quia</span> <span class='ocrx_word' id='word_1_868' title='bbox 2442 5219 2683 5274; x_wconf 89' lang='lat' dir='ltr'>nondum</span> <span class='ocrx_word' id='word_1_869' title='bbox 2714 5221 2887 5287; x_wconf 85' lang='lat' dir='ltr'>novit,</span> <span class='ocrx_word' id='word_1_870' title='bbox 2921 5237 3040 5290; x_wconf 70' lang='lat' dir='ltr'>quin</span> <span class='ocrx_word' id='word_1_871' title='bbox 3078 5221 3288 5277; x_wconf 89' lang='lat' dir='ltr'>discere</span> <span class='ocrx_word' id='word_1_872' title='bbox 3317 5224 3541 5293; x_wconf 89' lang='lat' dir='ltr'>appetit,</span> <span class='ocrx_word' id='word_1_873' title='bbox 3565 5227 3662 5282; x_wconf 84' lang='lat' dir='ltr'>sed</span> 
     </span>
    </p>
   </div>
   <div class='ocr_carea' id='block_1_115' title="bbox 2060 5308 3664 5378">
    <p class='ocr_par' dir='ltr' id='par_1_115' title="bbox 2060 5308 3664 5378">
     <span class='ocr_line' id='line_1_115' title="bbox 2060 5308 3664 5378; baseline 0.004 -14"><span class='ocrx_word' id='word_1_874' title='bbox 2060 5308 2271 5365; x_wconf 87' lang='lat' dir='ltr'>munda</span> <span class='ocrx_word' id='word_1_875' title='bbox 2300 5308 2461 5364; x_wconf 87' lang='lat' dir='ltr'>valde</span> <span class='ocrx_word' id='word_1_876' title='bbox 2487 5315 2541 5363; x_wconf 91' lang='lat' dir='ltr'>et</span> <span class='ocrx_word' id='word_1_877' title='bbox 2565 5308 2841 5377; x_wconf 84' lang='lat' dir='ltr'>spiritalis,</span> <span class='ocrx_word' id='word_1_878' title='bbox 2874 5325 2996 5362; x_wconf 91' lang='lat' dir='ltr'>cum</span> <span class='ocrx_word' id='word_1_879' title='bbox 3021 5310 3134 5378; x_wconf 89' lang='lat' dir='ltr'>jam</span> <span class='ocrx_word' id='word_1_880' title='bbox 3164 5309 3423 5365; x_wconf 68' lang='lat' dir='ltr'>doctrinae</span> <span class='ocrx_word' id='word_1_881' title='bbox 3465 5315 3664 5370; x_wconf 85' lang='lat' dir='ltr'>sancti-</span> 
     </span>
    </p>
   </div>
   <div class='ocr_carea' id='block_1_116' title="bbox 2058 5396 3663 5472">
    <p class='ocr_par' dir='ltr' id='par_1_116' title="bbox 2058 5396 3663 5472">
     <span class='ocr_line' id='line_1_116' title="bbox 2058 5396 3663 5472; baseline 0.004 -20"><span class='ocrx_word' id='word_1_882' title='bbox 2058 5396 2216 5455; x_wconf 88' lang='lat' dir='ltr'>ﬁcata</span> <span class='ocrx_word' id='word_1_883' title='bbox 2243 5397 2613 5465; x_wconf 87' lang='lat' dir='ltr'>vocibus,non</span> <span class='ocrx_word' id='word_1_884' title='bbox 2629 5398 2742 5467; x_wconf 87' lang='lat' dir='ltr'>jam</span> <span class='ocrx_word' id='word_1_885' title='bbox 2765 5396 2969 5468; x_wconf 88' lang='lat' dir='ltr'>appetit</span> <span class='ocrx_word' id='word_1_886' title='bbox 2999 5396 3204 5467; x_wconf 90' lang='lat' dir='ltr'>audire,</span> <span class='ocrx_word' id='word_1_887' title='bbox 3231 5399 3378 5472; x_wconf 90' lang='lat' dir='ltr'>quod</span> <span class='ocrx_word' id='word_1_888' title='bbox 3398 5401 3551 5472; x_wconf 89' lang='lat' dir='ltr'>sciat,</span> <span class='ocrx_word' id='word_1_889' title='bbox 3565 5403 3663 5459; x_wconf 90' lang='lat' dir='ltr'>sed</span> 
     </span>
    </p>
   </div>
   <div class='ocr_carea' id='block_1_117' title="bbox 2059 5483 3663 5558">
    <p class='ocr_par' dir='ltr' id='par_1_117' title="bbox 2059 5483 3663 5558">
     <span class='ocr_line' id='line_1_117' title="bbox 2059 5483 3663 5558; baseline 0.003 -14"><span class='ocrx_word' id='word_1_890' title='bbox 2059 5488 2249 5545; x_wconf 88' lang='lat' dir='ltr'>audita</span> <span class='ocrx_word' id='word_1_891' title='bbox 2296 5486 2593 5542; x_wconf 86' lang='lat' dir='ltr'>delectatur</span> <span class='ocrx_word' id='word_1_892' title='bbox 2636 5483 2901 5555; x_wconf 83' lang='lat' dir='ltr'>experiri,</span> <span class='ocrx_word' id='word_1_893' title='bbox 2933 5500 3053 5558; x_wconf 76' lang='lat' dir='ltr'>qua:</span> <span class='ocrx_word' id='word_1_894' title='bbox 3102 5496 3269 5543; x_wconf 88' lang='lat' dir='ltr'>amat.</span> <span class='ocrx_word' id='word_1_895' title='bbox 3314 5489 3463 5547; x_wconf 90' lang='lat' dir='ltr'>Tunc</span> <span class='ocrx_word' id='word_1_896' title='bbox 3501 5492 3663 5549; x_wconf 87' lang='lat' dir='ltr'>etiam</span> 
     </span>
    </p>
   </div>
   <div class='ocr_carea' id='block_1_118' title="bbox 2070 5573 3664 5655">
    <p class='ocr_par' dir='ltr' id='par_1_118' title="bbox 2070 5573 3664 5655">
     <span class='ocr_line' id='line_1_118' title="bbox 2070 5573 3664 5655; baseline 0.004 -22"><span class='ocrx_word' id='word_1_897' title='bbox 2070 5592 2178 5635; x_wconf 91' lang='lat' dir='ltr'>non</span> <span class='ocrx_word' id='word_1_898' title='bbox 2205 5575 2381 5633; x_wconf 89' lang='lat' dir='ltr'>solum</span> <span class='ocrx_word' id='word_1_899' title='bbox 2423 5573 2626 5630; x_wconf 88' lang='lat' dir='ltr'>munda</span> <span class='ocrx_word' id='word_1_900' title='bbox 2665 5581 2745 5629; x_wconf 90' lang='lat' dir='ltr'>est</span> <span class='ocrx_word' id='word_1_901' title='bbox 2792 5574 2987 5645; x_wconf 86' lang='lat' dir='ltr'>hostia,</span> <span class='ocrx_word' id='word_1_902' title='bbox 3028 5575 3123 5633; x_wconf 87' lang='lat' dir='ltr'>sed</span> <span class='ocrx_word' id='word_1_903' title='bbox 3162 5576 3431 5637; x_wconf 84' lang='lat' dir='ltr'>inundans</span> <span class='ocrx_word' id='word_1_904' title='bbox 3479 5596 3493 5635; x_wconf 92' lang='lat'>:</span> <span class='ocrx_word' id='word_1_905' title='bbox 3536 5580 3664 5655; x_wconf 87' lang='lat' dir='ltr'>quia</span> 
     </span>
    </p>
   </div>
  </div>
