4034 6174
404 302 506 355 259

1600 283 1851 344 SANCTI
1881 285 2227 344 GREGORII
2257 288 2487 347 MAGNI

3602 295 3703 350 εσυ

411 437 517 492 quo
548 417 861 475 ferventiori
890 414 1191 472 caelestium
1222 429 1408 469 amore
1448 412 1808 479 succenditur,
1842 410 1911 465 ab
1942 425 2007 465 ea
2035 412 2091 474 A
2120 413 2552 472 conversationis
2581 414 2804 485 habent,
2827 416 3093 491 quidquid
3135 420 3374 478 lucidum
3420 419 3618 478 emicat
3644 420 3716 478 de

414 506 770 581 negligentiae
811 504 1048 562 carnalis
1097 502 1336 559 tenebrae
1374 501 1649 573 potentius
1686 499 2011 571 effugantur.

411 597 681 668 Scriptum
702 595 902 667 quippe
919 601 1033 649 est:
1058 591 1203 657 Quia
1228 592 1479 648 Charitas
1497 588 2017 661 operitmultitudi-

412 702 545 742 nem
572 690 933 757 peccatorum
961 683 1009 751 (Ι
1035 684 1190 737 Petr.
1220 695 1296 748 ιν,
1317 683 1369 751 8)
1408 698 1420 734 :
1456 680 1582 751 quia
1614 678 1862 732 nimirum
1887 693 2015 731 car-

416 774 560 829 nalia
587 782 775 829 nostra
804 771 1162 837 destruimus,
1198 784 1320 825 cum
1363 768 1571 824 ardenti
1615 767 1904 823 devotione
1948 765 2015 819 ad

413 863 656 919 cmlestia
686 862 1055 917 sublevamur.

485 956 573 1007 38.
599 952 667 1006 Et
684 950 806 1021 quia
826 951 1077 1006 subditur
1104 967 1117 1005 :
1152 952 1220 1005 Et
1242 947 1703 1013 tunccomedent,
1720 946 1818 1017 qui
1834 941 2018 1000 vocati

410 1046 567 1107 sunt.
598 1040 739 1109 Quid
771 1040 916 1094 aliud
946 1040 1213 1112 designat,
1246 1038 1345 1092 nisi
1377 1038 1503 1108 quia
1545 1034 1849 1091 devotionis
1878 1031 2016 1087 aﬂ'c-

415 1142 533 1189 ctus
561 1130 760 1185 mentis
809 1137 891 1184 est
928 1129 1125 1183 cibus?
1163 1130 1315 1184 Tunc
1362 1142 1601 1198 namque
1643 1124 2016 1190 comedemus,

414 1238 536 1277 cum
565 1219 760 1274 hostiae
792 1219 1133 1274 benedicitur
1166 1234 1177 1271 :
1214 1218 1343 1289 quia
1366 1232 1486 1271 cum
1513 1216 1582 1269 ad
1598 1213 2018 1285 prredicatorum

416 1326 602 1367 vocem
631 1307 850 1365 devotio
879 1316 1067 1363 nostra
1098 1308 1152 1362 in
1183 1322 1424 1362 amorem
1457 1302 1769 1359 Conditoris
1798 1300 2018 1356 extolli-

417 1409 517 1470 tur,
551 1401 750 1467 anima,
784 1414 905 1471 quae
935 1399 1006 1452 ad
1038 1395 1385 1452 dulcedinem
1408 1391 1716 1449 Conditoris
1747 1390 2017 1461 pervenit,

414 1490 575 1545 habet
600 1491 712 1561 jam
755 1488 937 1545 cibum
984 1503 1161 1540 suum.
1206 1485 1354 1539 Tunc
1393 1498 1530 1554 ergo
1562 1481 1878 1547 comedunt,
1926 1478 2020 1552 qui

415 1588 538 1635 ante
568 1578 1006 1634 benedictionem
1030 1574 1221 1630 hostia:
1241 1572 1529 1628 comedere
1559 1568 2019 1625 noluerunt.Nam

418 1670 510 1742 qui
541 1684 760 1724 summa
790 1665 1103 1721 intentionis
1134 1663 1542 1733 exspectatione
1567 1660 1635 1715 ad
1665 1658 1866 1714 divinae
1896 1656 2024 1711 dul-

2120 504 2199 558 eis
2227 520 2361 561 voce
2392 506 2589 562 laudis.
2630 507 2699 561 Et
2730 507 2859 579 quia
2897 507 3029 564 tanti
3075 508 3177 566 viri
3209 510 3401 567 festina
3427 509 3716 569 devotione

2124 594 2396 663 quaarendi
2430 603 2570 663 sunt,
2605 596 2851 667 sequitur
2882 613 2895 651 :

2197 702 2371 772 (Yers.
2406 703 2518 773 14.)
2536 706 2604 758 Et
2627 704 3006 761 ascenderunt
3039 706 3101 762 in
3128 707 3440 765 civitatem.
3468 709 3720 780 Cumque

2122 791 2215 846 illi
2244 791 2612 848 ambularent
2640 795 2702 849 in
2733 793 2916 850 medio
2945 794 3124 861 urbis,
3167 798 3437 870 apparuit
3469 798 3721 864 Samuel,

2114 882 2413 952 egrediens
2442 881 2660 938 obviam
2689 884 2792 949 eis,
2825 889 2889 938 ut
2919 884 3247 942 ascenderet
3285 887 3347 942 in
3373 885 3685 944 excelsum.

2118 1020 2129 1032 ,
2198 970 2284 1024 40.
2313 969 2447 1025 Cum
2480 979 2785 1026 sanctorum
2818 971 3057 1027 virorum
3086 974 3360 1043 praeconia
3383 974 3727 1040 audimus,“

2126 1058 2347 1114 civitate
2372 1059 2717 1115 ascendimus
2748 1079 2760 1115 :
2793 1060 2922 1131 quia
2952 1060 3064 1117 illic
3079 1077 3174 1117 eos
3193 1063 3506 1134 quaerimus,
3521 1064 3615 1119 ubi
3633 1063 3727 1119 de-

2126 1148 2410 1216 scendunt,
2440 1164 2547 1203 non
2578 1148 2667 1203 ubi
2691 1156 2831 1202 sunt.
2866 1148 2993 1218 Sed,
3028 1152 3089 1204 ut
3129 1151 3378 1221 superius
3414 1151 3548 1221 dixi,
3580 1167 3728 1223 pra:-

2127 1236 2426 1291 dicatorum
2456 1237 2629 1305 locus,
2661 1252 2819 1308 quem
2850 1253 2950 1307 pro
2980 1254 3041 1293 se
3078 1239 3301 1307 habent,
3346 1248 3553 1296 secreta
3580 1239 3728 1295 divi-

2128 1326 2315 1380 uitatis
2346 1326 2735 1397 contemplatio
2779 1335 2862 1381 est
2894 1345 2906 1380 :
2941 1327 3092 1382 locus
3130 1336 3309 1384 autem
3343 1344 3441 1400 pro
3478 1328 3729 1397 subditis,

2130 1413 2472 1485 praedicatio.
2505 1415 2813 1487 Aliquando
2829 1431 2959 1472 vero
2990 1416 3171 1487 plana,
3200 1416 3494 1487 aliquando
3519 1418 3628 1473 alta
3651 1416 3729 1475 lo-

2130 1510 2383 1571 quuntur.
2418 1504 2633 1559 Habent
2660 1519 2794 1575 ergo
2830 1519 3174 1561 communem
3204 1505 3384 1561 locum
3413 1521 3515 1577 pro
3542 1505 3729 1561 omni-

2127 1591 2251 1659 bus,
2288 1591 2494 1647 habent
2525 1592 2810 1649 sublimem
2830 1593 3235 1667 specialemque
3256 1610 3355 1664 pro
3378 1595 3731 1666 quibusdam,

2131 1680 2329 1735 habent
2357 1688 2624 1737 secretum
2655 1698 2760 1752 pro
2778 1698 2863 1737 se.
2885 1684 3011 1738 Haec
3030 1682 3280 1738 nimirum
3313 1683 3416 1738 tria
3436 1682 3736 1755 spiritualia

417 1757 628 1815 cedinis
657 1755 1063 1827 perceptionem
1094 1769 1151 1807 se
1182 1756 1510 1822 praeparant,
1543 1749 1672 1803 dum
1705 1747 1850 1800 mala
1881 1746 2021 1799 desi-

2131 1768 2251 1824 loca
2279 1770 2568 1841 signantur
2602 1788 2613 1824 :
2648 1746 2773 1842 quia
2803 1770 3030 1827 Samuel
3061 1771 3246 1843 egredi
3262 1746 3478 1837 dicitur,
3495 1780 3548 1827 et
3564 1787 3734 1842 appa-

417 1848 570 1904 deria
599 1862 696 1917 per
724 1844 1023 1915 appetitum
1078 1839 1224 1897 nulla
1284 1838 1571 1908 recipiunt,
1630 1836 1775 1891 velut
1826 1834 2016 1906 jejuni,

417 1936 714 1992 refectione
744 1931 1050 1989 devotionis
1079 1930 1292 1985 avidius
1344 1927 1644 1998 replentur.
1683 1924 1840 1979 Velut
1876 1923 2018 1978 enim

417 2023 852 2080 benedictionem
882 2020 1074 2075 hostiae
1105 2019 1171 2073 ad
1204 2016 1553 2073 refectionem
1576 2010 2021 2084 exspectant,qui

419 2121 607 2169 cuncta
638 2111 827 2166 illicita
870 2107 1140 2163 desideria
1191 2105 1424 2178 fugiunt,
1474 2112 1533 2158 ut
1576 2103 1644 2157 de
1692 2102 1902 2157 visione
1943 2101 2022 2154 in-

424 2211 593 2258 ternae
624 2201 815 2272 gloriae
871 2214 969 2269 per
1024 2196 1374 2251 devotionem
1423 2193 1702 2247 satientur.
1750 2190 2021 2259 Scriptum

425 2292 631 2363 quippe
662 2296 743 2345 est
775 2306 788 2342 :
821 2287 981 2343 Beati
1002 2285 1216 2341 mundo
1236 2278 1827 2354 corde,quoniamipsi
1845 2281 2023 2335 Deum

420 2378 691 2435 videbunt
720 2376 939 2446 (Matth.
975 2391 1030 2441 v,
1054 2374 1128 2444 8).
1149 2371 1253 2442 Qui
1273 2372 1414 2426 enim
1448 2371 1502 2424 in
1520 2370 1687 2425 ccide
1717 2370 1898 2438 inepta
1915 2383 2021 2423 non

417 2468 632 2538 recipit,
661 2467 788 2520 dum
818 2478 1051 2535 superna
1079 2461 1367 2527 desiderat,
1416 2459 1647 2514 mundus
1695 2458 1862 2513 corde
1891 2464 1970 2512 est
2004 2474 2019 2522 ;

419 2565 471 2611 et
500 2558 628 2609 dum
658 2570 759 2624 per
788 2554 989 2607 bonum
1019 2549 1420 2620 praedicationis
1450 2549 1519 2624 ad
1546 2548 1743 2603 divina)
1776 2555 2014 2601 contem-

420 2623 676 2715 plationis
706 2640 1046 2696 dulcedinem
1089 2628 1325 2707 ducitur,
1364 2623 1523 2689 212
1559 2638 1713 2707 quasi
1759 2635 2022 2690 benedic-

420 2734 620 2788 tionem
638 2730 829 2785 hostiaa
851 2728 1018 2783 habet
1034 2728 1086 2782 in
1108 2727 1302 2782 animae
1323 2726 1629 2781 saturitate.
1668 2725 1813 2779 Dicit
1842 2739 1979 2796 ergo
2005 2740 2019 2777 :

422 2821 632 2878 Deinde
654 2820 967 2886 comedent,
985 2818 1081 2888 qui
1110 2816 1460 2873 vocatisunt.
1491 2813 1668 2883 Jejuni
1701 2814 1903 2884 quippe
1926 2828 2022 2867 vo-

419 2919 611 2967 cantur
637 2908 706 2964 ad
735 2906 1146 2974 comestioncm,
1178 2905 1307 2960 dum
1337 2904 1665 2976 praedicator
1687 2903 1817 2957 foris
1846 2901 2022 2971 loqui-

423 3009 524 3068 tur,
557 2999 647 3069 qui
686 2996 727 3052 ‘a
772 2997 954 3067 pravis
998 2994 1285 3051 desideriis
1324 3001 1565 3049 mentem
1606 2991 1938 3059 custodiunt,
1971 2999 2025 3047 et

421 3105 520 3160 per
547 3086 785 3160 gratiam
811 3084 1042 3155 Spiritus
1072 3083 1241 3139 sancti
1260 3082 1328 3138 ad
1358 3082 1586 3138 interna:
1607 3080 1908 3137 dulcedinis
1924 3096 2023 3135 ex-

423 3175 741 3249 perientiam
771 3174 1071 3228 trahuntur.
1117 3171 1305 3227 Vocati
1346 3171 1489 3227 enim
1534 3178 1660 3225 tunc
1698 3177 1850 3225 erant
1879 3168 2024 3223 invi-

427 3265 541 3334 tati,
576 3264 668 3337 qui
695 3269 972 3319 venerant.
1005 3260 1193 3316 Vocati
1224 3276 1357 3333 ergo
1383 3259 1557 3330 jejuni
1571 3267 1691 3314 tunc
1713 3259 2023 3325 comedunt,

429 3354 644 3426 quando
673 3351 729 3407 hi
754 3349 1055 3423 spiritualis
1086 3349 1279 3422 gratiae
1300 3350 1590 3404 devotione
1618 3346 2026 3419 pascuntur,qui

423 3444 490 3498 ad
522 3460 641 3498 eam
671 3440 1097 3512 percipiendam
1128 3454 1185 3493 se
1214 3454 1414 3510 magna
1431 3437 1627 3492 mentis
1643 3452 1754 3491 suae
1782 3434 2028 3490 custodia

422 3540 773 3606 paraverunt.
803 3530 943 3599 Quid
975 3545 1104 3585 vero
1136 3535 1218 3584 est
1248 3528 1391 3597 quod
1424 3527 1611 3582 dicunt
1642 3544 1657 3580 :

497 3641 673 3701 (Vera.
708 3638 818 3708 13.)
849 3636 1168 3702 Ascendite,
1201 3635 1330 3707 quia
1356 3634 1517 3691 hodie
1533 3633 1829 3705 reperietis
1849 3648 1978 3689 eum
1996 3638 2027 3690 ?

533 3732 621 3783 39.
656 3726 765 3784 Sed
793 3727 921 3781 dum
964 3724 1122 3781 electi
1176 3724 1320 3781 bona
1368 3723 1781 3796 praedicatorum
1806 3722 2029 3777 laudant

425 3818 741 3876 auditorum
763 3814 926 3873 corda
948 3830 1147 3886 magna
1162 3813 1282 3869 luce
1302 3812 1579 3869 irradiant.
1615 3811 1858 3868 leestis
1874 3827 2027 3867 nam-

427 3924 534 3979 que
565 3907 665 3962 illa
695 3904 1031 3962 conversatio
1060 3902 1188 3958 boni
1228 3902 1483 3968 doctoris,
1516 3917 1677 3974 quam
1708 3900 2024 3971 praedicant,

422 3997 541 4053 dies
558 4003 660 4051 est.
687 3995 877 4050 Dicant
897 4007 1029 4065 ergo
1050 4007 1062 4046 :
1083 3992 1277 4049 [ladies
1296 3991 1592 4064 reperietis
1609 4006 1757 4048 eum.
1779 3991 1862 4046 Eo
1877 4006 2027 4045 nam-

427 4103 532 4157 que
562 4085 651 4141 die
681 4084 1005 4156 praedicator
1034 4081 1329 4150 invenitur,
1362 4080 1583 4152 quando
1614 4096 1722 4135 non
1751 4087 1831 4135 est
1852 4079 2029 4134 minor

420 4175 554 4244 vita,
588 4189 745 4247 quam
778 4173 923 4228 fama
956 4191 969 4227 :
1003 4171 1221 4241 quando
1255 4170 1551 4226 electorum
1582 4184 1719 4225 voce
1747 4168 2021 4236 laudatur,

428 4263 529 4321 sed
558 4264 649 4337 qui
671 4262 860 4318 laudes
888 4261 1133 4328 audiunt,
1165 4275 1326 4314 omne
1369 4259 1516 4331 quod
1544 4258 1791 4325 audiunt,
1823 4258 1880 4311 in
1909 4257 2026 4326 ejus

421 4352 683 4409 laudabili
714 4349 1121 4407 conversatione
1150 4348 1449 4415 inveniunt,
1479 4353 2021 4420 atque'cognoscunt.

422 4442 542 4510 Quo
569 4448 756 4498 contra
804 4436 1109 4493 Pharisaeos
1140 4435 1425 4508 increpans
1468 4434 1854 4504 Dominus,»ait
1884 4447 1897 4481 :
1938 4436 2020 4491 Va:

421 4530 593 4597 vobis,
620 4529 843 4593 Scribaz,
866 4530 922 4582 et
937 4526 1231 4593 Phariswi,
1250 4526 1345 4596 qui
1365 4525 1580 4580 similes
1596 4526 1729 4581 estis
1741 4526 2017 4598 sepulcris

420 4618 843 4688 dealbatis,quaz
861 4617 1004 4686 [oris
1022 4614 1285 4670 videntur
1300 4614 1619 4670 hominibus
1634 4615 1897 4687 pulchra,
1923 4616 2024 4671 in-

425 4712 518 4763 tus
543 4710 739 4762 autem
764 4705 939 4776 plena
976 4707 1112 4760 sunt
1158 4702 1369 4759 ossibus
1408 4707 1765 4761 mortuorum
1798 4704 2020 4775 (Matth.

426 4812 582 4863 χχιιι,
600 4797 710 4866 27).
735 4794 873 4850 Hinc
889 4794 1084 4849 iterum
1106 4808 1244 4847 vane
1258 4792 1529 4865 gloriosos
1540 4791 1853 4848 inﬁdelibus
1865 4809 2023 4850 com-

428 4892 601 4958 parat,
635 4884 821 4939 dicens
856 4900 869 4937 :
904 4882 1177 4950 Quomodo
1205 4885 1439 4955 potestis
1485 4882 1733 4949 credere,
1782 4884 2030 4954 gloriam

425 4974 495 5032 ab
543 4972 864 5032 hominibus
924 4973 1271 5044 accipientes
1310 4972 1492 5043 (Joan.
1544 4988 1599 5039 v,
1646 4972 1778 5042 44)?
1831 4974 1892 5026 In
1937 4972 2027 5027 die

429 5063 651 5138 quidem
675 5062 986 5129 laudantur,
1020 5061 1111 5134 qui
1141 5060 1410 5130 ejusmodi
1432 5069 1572 5128 sunt,
1599 5060 1695 5116 sed
1715 5076 1778 5116 eo
1809 5059 1895 5115 die
1918 5075 2026 5115 non

424 5152 806 5225 reperiuntur:
840 5152 968 5224 quia
1005 5150 1096 5222 qui
1126 5166 1314 5205 eorum
1352 5150 1545 5205 laudes
1589 5150 1837 5218 audiunt,
1871 5148 2025 5219 quasi

425 5242 714 5298 candorem
744 5239 981 5312 sepulcri
1000 5255 1032 5294 a
1047 5238 1180 5295 foris
1198 5238 1492 5309 aspiciunt;
1521 5238 1616 5294 sed
1637 5253 1762 5295 cum
1780 5238 2025 5293 laudatas

425 5331 651 5386 virtutes
707 5336 980 5402 quaerunt,
1028 5326 1176 5383 intus
1230 5335 1575 5399 peccatorum
1617 5334 1832 5383 noctem
1872 5326 2024 5397 quasi

424 5418 601 5475 tristia
652 5424 813 5490 atque
868 5416 1113 5488 putentia
1166 5422 1503 5472 mortuorum
1558 5432 1684 5471 ossa
1724 5415 2022 5472 inveniunt.

427 5508 621 5565 Dicant
650 5522 804 5581 ergo,
822 5522 926 5577 pro
953 5503 1311 5578 signiﬁcanda
1330 5522 1461 5562 vera
1477 5505 1655 5578 gloria
1669 5504 1803 5575 justi
1823 5523 1837 5560 :
1855 5505 2027 5562 Hodie

423 5595 722 5672 reperietis
749 5611 917 5654 eum:
947 5595 1077 5668 quia
1103 5610 1232 5651 cum
1253 5594 1387 5667 justi
1411 5593 1784 5666 laudantur,in
1797 5594 2025 5655 veritate

2129 1874 2248 1913 rere
2279 1858 2333 1912 in
2362 1858 2542 1914 medio
2573 1859 2743 1929 urbis,
2771 1868 2823 1914 et
2850 1860 3150 1917 ascendere
3179 1860 3234 1915 in
3262 1860 3557 1917 excelsum.
3586 1861 3728 1915 Nam

2127 1947 2239 2019 qui,
2271 1956 2327 2002 ut
2357 1956 2664 2018 appareret.
2697 1964 2951 2020 egressus
2987 1957 3092 2020 est,
3144 1957 3258 2006 erat
3291 1949 3405 2018 ubi,
3436 1959 3725 2021 antequam

2130 2044 2434 2106 appareret,
2484 2037 2751 2092 latuisset.
2797 2037 3168 2109 Egrediuntur
3209 2054 3345 2111 ergo
3392 2038 3732 2106 sacerdotes,

2130 2125 2345 2195 quando
2375 2142 2407 2180 a
2436 2133 2640 2181 secreto
2675 2126 3045 2181 meditationis
3088 2126 3159 2182 ad
3191 2128 3594 2199 praedicandum
3632 2143 3733 2183 ve-

2129 2214 2301 2267 niunt.
2335 2215 2394 2267 Iu
2424 2215 2643 2270 civitate
2687 2223 2973 2285 apparent,
3007 2216 3225 2286 quando
3264 2216 3538 2286 planiora,
3567 2216 3624 2270 id
3655 2222 3741 2271 est

2129 2303 2203 2357 ad
2217 2302 2511 2374 agendum,
2526 2304 2614 2359 vel
2633 2303 2701 2358 ad
2718 2304 3132 2376 intelligendum
3152 2304 3358 2362 dicunt.
3378 2306 3438 2359 In
3454 2304 3736 2360 excelsum

2130 2392 2448 2457 ascendunt,
2479 2393 2698 2463 quando
2724 2392 3071 2462 sapientibus
3099 2401 3190 2448 aut
3220 2394 3382 2448 fortia
3410 2393 3737 2465 praecipiunt

2130 2481 2331 2551 operis,
2366 2489 2459 2536 aut
2486 2482 2733 2537 revelant
2790 2483 2902 2538 alta
2948 2482 3211 2553 mysterii.
3261 2482 3556 2539 Ordinatus
3599 2497 3741 2554 ergo

2131 2586 2390 2625 ascensus
2419 2579 2604 2626 noster
2623 2572 2948 2639 ostenditur,
2980 2588 3078 2642 per
3105 2573 3227 2639 hoc,
3261 2572 3408 2643 quod
3436 2571 3564 2627 Saul
3579 2570 3631 2625 in
3650 2571 3740 2627 ci-

2128 2658 2289 2713 vitate
2318 2658 2610 2715 ascendere
2658 2660 3000 2731 perhibetur.
3059 2661 3200 2715 Nam
3241 2660 3405 2716 nobis
3451 2661 3738 2715 Pastorum

2131 2756 2440 2802 nostrorum
2484 2748 2622 2815 loca,
2669 2749 2726 2803 in
2777 2749 2977 2819 quibus
3025 2764 3201 2818 orare,
3242 2756 3334 2803 aut
3378 2750 3570 2804 secreti
3611 2762 3741 2803 esse

2128 2845 2545 2903 consueverunt,
2580 2839 2911 2904 veneranda,
2957 2854 3066 2893 non
3106 2837 3351 2893 adeunda
3395 2845 3544 2892 sunt.
3576 2836 3742 2905 Quod

2128 2940 2239 2980 non
2266 2925 2439 2981 solum
2471 2926 2742 2999 exemplo,
2777 2928 2873 2983 sed
2922 2927 3087 2983 etiam
3140 2927 3325 2983 divina
3362 2926 3737 2982 cohortatione

2128 3030 2465 3087 cognoscere
2498 3031 2814 3087 possumus.
2831 3018 2889 3071 In
2908 3016 3132 3072 Cantico
3154 3016 3375 3089 quidem
3396 3016 3735 3073 canticorum

2135 3120 2365 3175 sponsus
2386 3104 2687 3173 denuntiat,
2711 3104 2898 3161 dicens
2933 3124 2945 3160 :
2982 3105 3212 3162 Obsecro
3230 3105 3492 3175 veg/ilia
3505 3106 3734 3161 Jerusa-

2134 3194 2343 3262 lem,ne
2353 3195 2552 3265 evigila
2560 3212 2617 3250 re
2628 3196 2861 3266 faciatis
2873 3196 3447 3268 dilectam,quousque
3458 3195 3583 3262 ipsa
3596 3192 3736 3250 velit

2131 3281 2325 3353 (Cant.
2351 3298 2429 3349 ιιι,
2462 3284 2539 3352 ὃ).
2570 3284 2772 3338 Mentes
2798 3282 2942 3338 enim
2971 3281 3329 3354 perfectorum
3347 3297 3561 3352 sponsae
3573 3286 3731 3335 sunt:

2132 3371 2256 3442 quia
2281 3370 2413 3426 dum
2437 3380 2651 3428 secreto
2665 3372 3050 3427 diviniarnoris
3082 3388 3141 3428 se
3169 3371 3320 3428 velut
3346 3358 3391 3422 2
3414 3356 3505 3423 13
3534 3371 3591 3425 in
3616 3371 3732 3425 tha-

2135 3459 2277 3514 lamo
2307 3460 2593 3528 collocant,
2624 3461 2698 3514 ibi
2729 3477 2828 3532 per
2860 3461 3126 3516 visionem
3157 3461 3462 3527 inveniunt,
3488 3457 3738 3514 cuiinef—

2137 3548 2286 3602 fabili
2312 3564 2497 3605 amore
2522 3550 2844 3621 junguntur.
2877 3550 3010 3605 Cum
3054 3565 3185 3623 ergo
3215 3564 3414 3621 sponsa
3447 3548 3650 3604 dormit
3677 3546 3738 3603 in

2135 3636 2393 3706 thalamo,
2425 3636 2773 3711 conjungitur
2788 3654 2993 3708 sponso
3026 3657 3038 3692 :
3073 3638 3198 3711 quia
3224 3640 3352 3693 dum
3383 3637 3554 3693 electa
3582 3651 3739 3706 prae-

2135 3725 2391 3782 dicatoris
2421 3727 2601 3781 anima
2623 3727 2676 3780 in
2692 3732 2901 3783 secreta
2917 3726 3381 3799 contemplatione
3395 3724 3736 3792 reconditur,

2134 3815 2290 3887 quasi
2320 3815 2375 3870 in
2406 3815 2599 3886 sponsi
2636 3816 2875 3871 thalamo
2925 3815 3248 3872 collocatur.
3299 3814 3403 3883 Qui
3432 3828 3570 3885 ergo
3595 3814 3741 3867 hanc

2134 3904 2374 3974 suscitat,
2407 3920 2608 3976 sponso
2638 3905 2776 3961 tollit
2807 3924 2820 3961 :
2854 3904 2978 3976 quia
3027 3904 3284 3960 nimirum
3311 3903 3525 3976 requies
3553 3900 3743 3958 electa

2133 3992 2330 4049 animae
2360 4009 2469 4050 non
2516 3994 2691 4049 solum
2729 4010 2849 4061 sua,
2889 3992 2984 4049 sed
3013 3994 3179 4049 etiam
3234 3990 3522 4048 delectatio
3551 3988 3741 4060 sponsi

2134 4090 2232 4138 est.
2265 4083 2422 4139 Unde
2453 4090 2505 4139 et
2535 4099 2630 4154 per
2658 4084 2984 4154 prephetam
3007 4082 3240 4139 dicitur:
3286 4080 3565 4137 Gaudebit
3580 4093 3743 4151 spon-

2133 4188 2227 4228 sus
2248 4188 2417 4244 super
2434 4188 2696 4245 sponsam
2731 4171 3041 4241 (Isai.1.xu,
3073 4173 3150 4242 5).
3194 4170 3384 4226 Merito
3413 4184 3547 4242 ergo
3574 4169 3739 4223 Jeru-

2132 4260 2304 4316 salem
2332 4260 2471 4316 ﬁlias
2499 4276 2733 4331 sponsus
2748 4261 2978 4332 adjurat,
3004 4261 3145 4316 utab
3165 4258 3245 4315 eis
3262 4274 3481 4331 sponsa,
3498 4255 3743 4329 quandiu

2130 4350 2368 4406 dormire
2396 4350 2646 4419 voluerit,
2676 4366 2786 4406 non
2816 4350 3077 4406 excitetur
3109 4366 3122 4404 :
3158 4365 3246 4418 ne,
3280 4348 3408 4403 dum
3441 4347 3540 4402 illa
3569 4346 3744 4417 surgit

2137 4455 2168 4495 a
2197 4439 2378 4512 quiete
2406 4439 2659 4508 thalami,
2692 4440 2812 4510 ipse
2839 4439 3258 4510 perfruitionem
3289 4437 3483 4509 perdat
3511 4434 3739 4490 amoris.

2135 4530 2403 4602 Egressus
2431 4545 2562 4602 ergo
2592 4528 2856 4586 Samuelis
2887 4535 3249 4598 exspectetur,
3282 4525 3411 4599 quia
3436 4524 3538 4582 viri
3567 4522 3741 4578 sancti

2134 4619 2189 4672 in
2221 4626 2429 4675 secreto
2458 4618 2541 4673 sui
2595 4616 2794 4673 silentii
2850 4616 3144 4673 venerandi
3200 4623 3339 4681 sunt,
3394 4611 3743 4685 inquietandi

2132 4723 2243 4764 non
2270 4714 2413 4763 sunt.
2446 4708 2506 4761 In
2545 4706 2761 4763 civitate
2799 4706 2964 4778 igitur
3009 4704 3420 4762 ascendendum
3462 4710 3577 4763 est;
3610 4700 3741 4773 quia

2133 4797 2340 4853 electus
2368 4796 2559 4852 doctor
2586 4796 2641 4850 in
2670 4794 2944 4852 communi
2972 4795 3093 4851 loco
3124 4794 3397 4850 doctrina:
3421 4799 3566 4848 tanto
3585 4790 3739 4845 lucro

2132 4885 2243 4941 suis
2283 4885 2516 4953 videtur,
2569 4893 2768 4956 quanto
2806 4891 2865 4938 ut
2911 4884 3108 4954 prosit,
3164 4883 3319 4938 exire
3363 4879 3736 4954 cognoscitur.

2134 4974 2253 5043 Quo
2282 4974 2337 5029 in
2366 4974 2485 5030 loco
2513 4973 2825 5041 notandum,
2846 4972 2973 5044 quia
3000 4972 3069 5027 de
3087 4970 3340 5027 Samuele
3360 4986 3468 5026 non
3497 4968 3694 5025 dicitur
3718 4986 3734 5024 :

2132 5063 2306 5119 Hodie
2330 5063 2576 5118 ascendit
2605 5063 2658 5116 in
2688 5061 2920 5132 civitate,
2946 5061 3068 5128 sed,
3093 5059 3258 5118 hodie
3276 5060 3431 5117 venit
3460 5058 3737 5115 incivita-

2135 5158 2253 5210 tem
2284 5172 2302 5205 :
2333 5152 2400 5208 de
2433 5152 2595 5208 Saule
2626 5159 2827 5219 autem,
2861 5157 2913 5206 et
2942 5165 3111 5220 puero
3146 5164 3158 5205 :
3192 5165 3298 5205 non
3327 5154 3605 5216 venerunt,
3637 5145 3737 5202 sed

2134 5242 2545 5309 ascenderunt,
2580 5239 2795 5296 dicitur.
2847 5238 2945 5294 Ille
2983 5238 3129 5294 enim
3173 5238 3322 5294 velut
3368 5252 3467 5309 per
3509 5236 3738 5307 planum

2137 5331 2303 5402 venit,
2336 5331 2436 5387 iste
2466 5330 2613 5386 velut
2659 5329 2714 5384 in
2757 5329 2869 5385 alta
2916 5325 3250 5384 conscendit.
3295 5324 3437 5395 Quid
3465 5324 3610 5381 aliud
3639 5338 3743 5395 per

2134 5422 2238 5477 hoc
2266 5420 2429 5476 nobis
2458 5419 2777 5488 ostenditur,
2810 5417 2913 5473 nisi
2945 5416 3069 5489 quia
3099 5415 3262 5488 plana
3283 5430 3405 5486 quae
3433 5414 3739 5485 loquuntur

2130 5509 2540 5582 praedicatores,
2572 5507 2731 5565 nobis
2758 5505 2925 5579 plana
2942 5520 3052 5561 non
3068 5512 3197 5560 sunt
3216 5504 3245 5556 ‘l
3275 5504 3338 5558 In
3366 5502 3583 5558 civitate
3596 5514 3736 5573 ergo

2133 5612 2245 5655 non
2272 5597 2538 5668 venimus,
2558 5597 2657 5654 sed
2684 5595 3049 5665 ascendimus,
3069 5590 3286 5666 quando
3300 5599 3395 5649 aut
3416 5590 3582 5665 plana
3595 5604 3738 5665 pm:
