4034 6174
292 365 395 422 251

1122 352 1196 410 IN
1238 354 1511 411 PRIMUM
1553 355 1800 412 REGUM
1838 352 2379 412 EXPOSITIONES.
2418 387 2489 397 -
2530 358 2654 412 LIB.
2697 355 2788 413 IV.

3501 356 3607 416 262

304 486 603 546 dicationis
633 480 1252 553 difﬁculteraspicimns,
1292 488 1381 536 aut
1412 496 1600 551 parva,
1619 497 1741 553 quae
1761 496 1910 553 prze-
1939 481 1994 541 A
2023 481 2226 537 ctitudo
2272 482 2604 537 intentionis.
2664 483 2829 539 Recte
2884 498 3019 557 ergo
3074 490 3197 538 ante
3253 498 3419 539 unam
3464 483 3610 540 diem

290 577 545 649 cipimur,
577 589 708 629 cum
766 571 955 626 labore
1000 578 1295 640 portamus.
1333 569 1441 624 Sed
1494 569 1621 640 quia
1649 578 1790 624 stare
1844 569 1898 624 in

302 666 544 729 civitate,
579 661 845 716 munitum
877 675 999 715 esse
1015 667 1112 727 est,
1131 658 1334 713 idcirco
1381 658 1913 730 ascendimus;quia'

295 771 423 811 cum
452 768 554 807 nos
583 749 783 806 summi
811 748 913 804 viri
943 763 1114 818 parva
1141 747 1286 803 bona
1315 763 1479 818 agere
1508 747 1722 815 docent,
1749 747 1903 801 mali-

297 858 533 916 gnorum
565 840 821 911 spiritum
851 837 1098 893 consiliis
1154 838 1498 908 acquiescere
1553 838 1905 892 vehementer

298 931 616 1003 prohibent.
653 929 718 983 Et
745 927 875 999 quia
914 926 1072 983 valde
1102 924 1439 980 laboriosum
1462 932 1560 992 est,
1581 926 1768 979 omnia
1785 931 1903 979 ten-

297 1027 544 1076 tamenta
572 1018 812 1083 vincere,
845 1015 915 1070 ad
945 1017 1111 1071 verba
1138 1013 1447 1082 doctorum,
1480 1029 1602 1085 quae
1626 1013 1729 1068 hoc
1749 1012 1907 1068 nobis

296 1107 642 1181 praecipiunt,
663 1104 815 1176 quasi
834 1120 934 1175 per
949 1118 1200 1159 ascensus
1228 1102 1471 1156 laborem
1502 1118 1764 1158 conamur
1786 1117 1904 1170 per-

299 1197 513 1255 venire.
550 1194 658 1252 Sed
687 1194 813 1266 quia
843 1192 1103 1264 scriptum
1161 1199 1262 1256 est,
1323 1191 1469 1261 quod
1523 1189 1908 1262 Unusquisque

303 1287 621 1343 mercedem
652 1282 885 1353 accipiet
911 1280 1209 1337 secundum
1252 1296 1407 1335 suum
1436 1279 1684 1335 laborem
1743 1279 1909 1349 (quod

304 1376 562 1430 nimirum
582 1388 695 1429 non
730 1371 912 1427 solum
942 1369 1009 1425 de
1020 1378 1230 1425 aeterna
1258 1368 1608 1423 retributione
1631 1367 1907 1438 accipitur,

306 1462 404 1517 sed
435 1460 599 1519 etiam
629 1460 699 1515 de
728 1457 1001 1530 praesenti)
1031 1456 1377 1527 omnipotens
1408 1456 1554 1510 Deus
1596 1471 1698 1527 pro
1719 1455 1912 1511 merito

305 1551 511 1623 operis,
542 1548 733 1605 electis
760 1546 874 1604 suis
903 1546 1086 1602 tribuit
1110 1551 1404 1617 augmenta
1458 1544 1669 1600 virtutis
1700 1544 1748 1613 (Ι
1776 1544 1905 1600 Cor.

301 1656 382 1708 ιιι,
415 1640 501 1711 8).
538 1639 680 1694 Nam
710 1644 763 1691 et
783 1636 1015 1691 Abrahae
1046 1633 1160 1689 filio
1209 1649 1320 1689 non
1376 1634 1619 1704 parcenti
1667 1633 1865 1688 dicitur
1902 1646 1915 1686 :

302 1724 1026 1797 Permemetipsumjuravi
1047 1742 1065 1776 :
1088 1723 1221 1794 quia
1256 1722 1451 1793 fecisti
1494 1737 1618 1777 rem
1661 1720 1830 1789 hanc,
1851 1724 1908 1776 et

300 1834 418 1873 non
435 1815 743 1889 pepercisti
756 1814 877 1884 ﬁlio
917 1816 1146 1885 propter
1175 1828 1264 1867 me
1293 1831 1309 1869 :
1341 1810 1668 1867 benedicam
1692 1809 1818 1878 tibi,
1851 1814 1911 1864 et

301 1905 701 1978 multiplicabo
714 1918 907 1960 semen
923 1907 1085 1958 tuum
1110 1900 1272 1969 (Gen.
1292 1915 1430 1965 mi,
1456 1901 1567 1968 16).
1592 1900 1911 1969 Plerumque

304 1993 475 2056 enim.
498 1992 593 2064 qui
604 1992 833 2047 ﬁdeliter
846 1990 1116 2055 laborant,
1136 1989 1191 2043 in
1209 1986 1551 2043 faciendisiis
1563 2003 1689 2057 qua:
1717 1987 1911 2054 sciunt,

303 2098 405 2155 per
424 2082 669 2139 divinam
689 2080 927 2153 gratiam
948 2077 1182 2147 majora.
1202 2093 1323 2149 quae
1354 2084 1541 2148 agant,
1587 2090 1916 2149 cognoscere

305 2181 601 2228 merentur.
632 2172 697 2226 In
721 2184 951 2241 quorum
974 2172 1102 2238 typo
1131 2166 1272 2221 bene
1301 2165 1502 2221 Saulin
1537 2164 1752 2219 civitate
1768 2163 1916 2234 prius

305 2259 606 2317 ascendere
632 2258 854 2325 dicitur,
879 2256 934 2310 in
963 2255 1243 2311 excelsum
1266 2262 1458 2324 postea
1487 2270 1519 2308 a
1551 2252 1804 2308 Samuele
1820 2251 1915 2305 du-

303 2347 783 2419 etusperbibetur.
811 2344 1065 2400 Verbum
1089 2343 1310 2399 obviam
1322 2342 1531 2413 venire,
1563 2350 1643 2397 est
1663 2355 1915 2412 peream-

312 2437 445 2493 dem
474 2436 624 2493 viam
671 2433 912 2491 venienti
956 2447 1265 2489 occurrere.
1305 2432 1443 2487 Cum
1491 2446 1623 2501 ergo
1654 2446 1687 2485 a
1714 2428 1913 2484 sanctis

297 2524 752 2599 prmdicatoribus
779 2522 973 2577 salutis
1001 2521 1145 2576 viam
1176 2520 1389 2576 discere
1421 2519 1690 2586 volumus,
1749 2517 1912 2574 nobis

302 2615 531 2688 quidem
559 2612 781 2668 obviam
809 2610 1056 2676 veniunt,
1089 2609 1313 2682 quando
1343 2625 1465 2664 cum
1507 2608 1674 2664 verbo
1705 2606 1913 2672 salutis,

303 2702 455 2777 qmd
486 2700 799 2773 quaerimus,
832 2706 1148 2756 occurrunt.
1190 2697 1356 2767 Quasi
1402 2699 1550 2753 enim
1573 2696 1767 2751 eadem
1824 2696 1918 2751 via

300 2792 551 2858 veniunt,
581 2807 708 2846 cum
736 2788 792 2845 id
814 2804 915 2845 nos
941 2788 1138 2844 docere
1176 2787 1448 2856 festinant,
1482 2785 1626 2856 quod
1655 2801 1755 2841 nos
1782 2800 1917 2856 pro-

301 2881 591 2954 posuimus
620 2879 850 2935 discere.
869 2878 986 2933 Hoc
1014 2875 1259 2948 profecto
1282 2876 1489 2932 morale
1519 2882 1602 2930 est
1626 2874 1866 2930 omnium
1894 2889 1907 2926 :

305 2970 358 3026 si
388 2969 532 3024 enim
559 2984 629 3024 ea
658 2983 781 3040 quae
809 2966 1164 3037 spiritualiter
1201 2964 1526 3035 quibusdam
1577 2970 1911 3034 competunt,

302 3058 661 3130 indagamus,
691 3055 912 3111 obviam
942 3053 1119 3116 venit;
1157 3053 1287 3123 quia
1318 3051 1679 3108 ordinandum
1730 3066 1918 3123 regem

309 3147 385 3201 ad
406 3162 465 3202 se
496 3145 681 3202 venire
711 3142 1123 3216 precognoscit.
1160 3142 1314 3198 Unde
1369 3149 1548 3197 autem
1604 3146 1918 3212 cognoscat,

307 3234 633 3307 adjungitur
660 3250 678 3291 :

388 3343 565 3414 (Vers.
588 3344 676 3409 15,
700 3340 815 3412 16.)
830 3340 1104 3397 Dominus
1120 3340 1312 3396 autem
1326 3338 1672 3394 revelaverat
1687 3336 1925 3393 auricu-

311 3433 435 3487 lam
455 3429 741 3487 Samuelis
761 3433 898 3485 ante
918 3445 1098 3484 unam
1112 3426 1282 3495 diem,
1313 3443 1482 3498 quam
1512 3427 1731 3482 veniret
1767 3426 1924 3493 Saul,

303 3520 507 3576 dicens
525 3542 543 3575 .-
567 3520 679 3575 Hac
693 3520 836 3591 ipsa,
856 3534 980 3590 quae
1021 3533 1179 3573 nunc
1196 3520 1300 3585 est,
1332 3517 1490 3583 hora,
1540 3530 1667 3571 cras
1695 3514 1926 3568 mittam

308 3609 391 3665 ad
407 3612 462 3665 te
482 3609 671 3665 virum
699 3607 769 3663 de
791 3611 948 3663 terra
974 3606 1295 3678 Benjamin,
1314 3611 1369 3661 et
1386 3620 1561 3676 unges
1579 3618 1710 3660 eum
1725 3602 1928 3658 ducem

313 3713 492 3769 super
511 3697 789 3770 pupulum
816 3711 1008 3752 meum
1024 3694 1224 3761 Israel,
1262 3697 1321 3751 et
1364 3693 1605 3750 salvabit
1650 3692 1927 3765 papulum

312 3803 507 3843 meum
540 3786 611 3841 de
630 3801 814 3841 manu
838 3784 1210 3841 Philisthiim.

389 3896 478 3948 tt.
506 3893 651 3948 Exiit
679 3906 812 3964 ergo
837 3890 885 3946 ei
916 3889 1174 3957 ‘obviam,
1205 3896 1264 3945 ut
1291 3888 1350 3944 in
1399 3889 1675 3945 excelsum
1707 3887 1874 3943 ducat
1907 3903 1921 3941 :

314 3982 448 4054 quia
480 3982 547 4047 is,
578 3981 671 4052 qui
700 3980 770 4036 ad
795 3986 997 4035 sancta:
1013 3977 1303 4035 Ecclessiaa
1316 3978 1561 4050 regimen
1576 3976 1848 4050 quaeritur,
1880 3983 1933 4030 et

339 4071 537 4126 divino
568 4085 796 4125 munere
827 4067 1284 4123 demonstrandus
1314 4074 1412 4135 est,
1443 4074 1495 4121 et
1524 4066 1592 4121 ad
1645 4065 1933 4120 sublimem

313 4158 793 4215 conversationem
823 4155 1121 4212 vocandus.
1154 4154 1404 4211 Auricula
1458 4154 1746 4221 Samuelis,
1804 4152 1933 4226 quia

316 4247 646 4303 diminutive
675 4246 893 4312 dicitur,
917 4244 1046 4317 quid
1060 4243 1328 4317 designat,
1353 4242 1452 4298 nisi
1475 4243 1738 4298 humilem
1770 4246 1808 4308 2
1826 4244 1930 4311 14

318 4336 754 4407 intelligentiam
774 4333 1014 4390 doctoris
1034 4333 1294 4404 spiritalis
1324 4334 1352 4386 ‘?
1385 4331 1638 4387 Auricula
1677 4347 1808 4403 ergo
1838 4346 1930 4385 re-

317 4424 539 4480 veletur
564 4441 594 4478 a
624 4422 885 4489 Domino,
916 4421 1135 4493 quando
1167 4421 1391 4476 humilis
1419 4419 1779 4491 intelligentia
1795 4435 1929 4489 prte-

320 4513 583 4569 dicatoris
609 4528 641 4566 a
672 4510 879 4583 Spiritu
908 4517 1098 4565 sancto
1129 4509 1415 4565 instruitur
1447 4524 1460 4579 ;
1493 4517 1551 4563 ut
1609 4524 1729 4580 quae
1750 4508 1928 4563 factu-

323 4617 427 4658 rus
453 4609 555 4668 est,
587 4601 793 4671 audiat,
826 4607 881 4655 et
921 4597 1109 4654 audita
1161 4599 1445 4670 disponat.
1504 4597 1610 4652 Sed
1669 4597 1935 4653 subtiliter

324 4700 415 4748 est
436 4689 760 4745 intuendum
783 4688 930 4759 quod
947 4688 1334 4744 diciturzAnte
1373 4703 1552 4744 unam
1593 4687 1763 4743 diem.
1811 4686 1939 4742 Dies

327 4779 482 4836 enim
512 4785 593 4834 est
612 4779 725 4835 vita
751 4776 900 4848 justi,
935 4776 1103 4831 Paulo
1133 4783 1436 4842 attestante,
1480 4776 1695 4849 quiait:
1730 4777 1941 4832 Fuisti:

328 4868 645 4942 aliquando
690 4866 956 4933 tenebrae,
1001 4881 1159 4921 nunc
1199 4869 1393 4921 autem
1441 4866 1545 4921 tua:
1584 4867 1647 4921 in
1708 4866 1941 4921 Domino

329 4957 564 5029 (Ephes.
585 4972 640 5025 v,
672 4956 750 5025 8).
782 4954 1014 5023 Quando
1040 4962 1217 5010 autem
1247 4955 1361 5011 vita
1415 4955 1570 5010 electi
1619 4954 1937 5022 ostenditur,

332 5047 457 5102 dies
485 5047 663 5101 latens
680 5044 973 5101 reveletur.
1011 5044 1153 5098 Nam
1198 5043 1367 5099 homo
1417 5043 1563 5099 videt
1616 5051 1942 5115 praetextum

332 5136 475 5191 boni
504 5135 708 5205 operis,
734 5134 882 5188 Deus
912 5139 1098 5188 autem
1129 5132 1304 5188 lucem
1360 5132 1563 5189 cordis.
1617 5132 1759 5201 Quia
1811 5147 1943 5204 ergo

341 5223 529 5290 electi,
554 5230 605 5277 et
622 5221 841 5293 reprobi
862 5221 1162 5278 intentione
1211 5222 1391 5277 cordis
1444 5221 1747 5277 absconditi
1798 5227 1941 5286 sunt,

342 5320 475 5368 ante
502 5327 673 5366 unam
685 5311 829 5366 diem
859 5310 1126 5366 Dominus
1146 5311 1453 5367 venientem
1471 5326 1656 5382 regem
1671 5309 1905 5365 insinuat
1927 5325 1942 5374 ;

338 5400 564 5473 quando
591 5415 689 5472 per
703 5399 824 5470 ejus
840 5399 1075 5472 gratiam
1103 5399 1275 5456 sancti
1324 5399 1713 5471 praedicatores
1766 5413 1942 5470 agno-

343 5497 527 5557 scunt,
561 5488 616 5545 in
646 5488 746 5560 eis,
778 5488 869 5561 qui
888 5488 1247 5560 promovendi
1274 5496 1422 5556 sunt,
1438 5488 1801 5545 testimonium
1815 5487 1943 5543 boni

333 5578 522 5651 operis
603 5576 918 5655 praecedere
1000 5576 1296 5649 puritatem
1383 5576 1715 5635 intentionis.
1784 5575 1946 5635 Nulla

334 5667 486 5728 enim
543 5674 624 5725 est
675 5665 773 5725 lux
842 5665 1041 5739 operis,
1118 5680 1287 5738 quam
1336 5681 1446 5727 non
1519 5665 1780 5739 praecedit
1850 5681 1946 5745 reg

1952 3194 2001 3258 Ο

2008 586 2106 625 rex
2135 570 2472 626 ordinandus
2511 572 2849 643 agnoscitur.
2890 572 2994 627 Sed
3043 571 3453 644 subsequentem
3481 572 3608 647 qui-

2008 658 2133 714 dem
2165 659 2312 716 diem
2342 676 2449 715 non
2481 660 2772 731 aspiciunt,
2806 660 2911 715 nisi
2944 676 3013 715 ex
3040 660 3380 732 praecedente
3404 678 3603 718 nasca-

2011 754 2098 803 tur
2128 766 2140 801 :
2174 757 2229 803 ut
2265 749 2407 803 diem
2441 756 2566 805 ante
2597 749 2748 805 diem
2778 749 3136 805 intentionem
3180 754 3306 806 ante
3334 752 3611 823 operatio-

2010 853 2134 892 nem
2165 838 2525 903 considerent,
2559 847 2611 894 et
2642 854 2674 892 a
2704 840 2823 895 Deo
2863 839 3092 894 missum
3125 839 3178 894 in
3238 839 3358 895 luce
3410 849 3614 898 sanctae

2013 926 2346 996 Operationis
2373 927 2658 998 aspiciant,
2693 944 2852 997 quem
2906 927 3092 983 lucere
3120 943 3221 997 per
3273 929 3614 1000 propositum

2014 1015 2199 1072 cordis
2230 1015 2415 1070 divina
2448 1016 2626 1086 gratia
2647 1016 2998 1071 demonstrat.
3017 1017 3084 1070 Et
3110 1017 3234 1086 quia
3255 1016 3444 1072 eadem
3462 1019 3618 1085 hora,

2017 1119 2122 1175 qua
2137 1104 2482 1176 promittitur,
2501 1105 2815 1160 exhibetur:
2839 1105 2964 1175 quid
2986 1105 3080 1160 dat
3100 1104 3349 1177 intelligi,
3363 1105 3463 1160 nisi
3494 1107 3620 1177 quia

2016 1193 2293 1264 perfectus
2321 1192 2484 1248 debet
2508 1210 2643 1260 esse,
2678 1193 2766 1264 qui
2798 1194 3035 1265 eligitur,
3068 1210 3178 1248 non
3205 1194 3381 1249 solum
3410 1210 3615 1267 corpo-

2017 1299 2095 1346 re,
2127 1282 2222 1336 sed
2246 1290 2428 1337 mente
2455 1283 2485 1337 ?
2504 1284 2643 1337 Nam
2676 1283 2895 1355 quando
2926 1283 3072 1338 Deus
3129 1282 3367 1353 loquitur
3419 1285 3619 1339 sanctis

2018 1369 2168 1436 viris,
2203 1370 2360 1439 plena
2392 1370 2484 1425 lux
2517 1370 2619 1426 dici
2665 1378 2768 1426 est.
2828 1371 3003 1426 Habet
3055 1387 3293 1444 namque
3348 1371 3619 1445 originem

2020 1458 2157 1528 dies,
2189 1459 2353 1515 habet
2382 1468 2434 1514 et
2462 1459 2644 1515 ﬁnem.
2676 1461 2837 1514 Juxta
2866 1460 3028 1515 ﬁnem
3048 1468 3394 1531 peccatorum
3416 1463 3617 1534 arguit,

2023 1548 2206 1603 dicens
2238 1565 2251 1602 :
2285 1549 2482 1615 Adam,
2513 1550 2608 1605 ubi
2625 1565 2683 1605 es
2715 1550 2877 1618 (Gen.
2913 1565 2992 1618 In,
3018 1549 3114 1620 2)?
3135 1550 3202 1604 Et
3228 1550 3354 1620 quia
3396 1566 3496 1606 nec
3525 1551 3618 1623 qui

2027 1637 2169 1693 bona
2200 1636 2488 1707 incipiunt,
2520 1654 2621 1694 nec
2653 1638 2743 1708 qui
2795 1653 2828 1693 a
2876 1638 3019 1694 bono
3075 1654 3241 1710 opere
3286 1646 3618 1710 torpescunt,

2027 1726 2385 1797 promovendi
2417 1735 2557 1792 sunt,
2592 1728 2722 1782 hora
2748 1727 3004 1798 perfecta:
3032 1727 3319 1783 locutionis
3348 1729 3621 1799 praedican

1938 1838 1992 1898 Β
2027 1819 2112 1870 tor
2137 1815 2384 1882 mittitur,
2418 1816 2642 1888 quando
2692 1816 2812 1870 talis
2859 1816 3159 1885 exhibetur,
3190 1817 3280 1887 qui
3314 1817 3477 1888 plena
3504 1818 3618 1872 ful-

2024 1904 2295 1976 geatluce
2324 1904 2454 1959 boni
2496 1905 2695 1976 operis,
2730 1914 2783 1960 et
2810 1905 2973 1975 pleno
3019 1906 3362 1976 resplendeat
3406 1906 3623 1980 fulgore

2021 1993 2280 2047 veritatis.
2317 1992 2422 2062 Qui
2454 1993 2615 2047 etiam
2646 1994 2733 2047 vir
2789 1995 2859 2049 de
2913 2002 3052 2049 terra
3107 1995 3389 2066 Benjamin
3437 1996 3624 2052 venire

2024 2081 2372 2137 describitur.
2406 2082 2499 2136 Vir
2515 2082 2731 2152 quidem
2762 2082 2982 2150 dicitur,
3015 2099 3116 2154 pro
3132 2083 3314 2154 operis
3344 2083 3619 2139 fortitudi-

2024 2186 2091 2225 ne
2123 2170 2225 2237 ;de
2259 2178 2397 2225 terra
2431 2170 2732 2239 Benjamin,
2761 2187 2861 2241 pro
2904 2179 3049 2226 recta
3079 2170 3204 2226 fidei
3260 2172 3622 2229 confessione.

2024 2259 2306 2327 Benjamin
2339 2259 2558 2329 quidem
2589 2259 2784 2314 dicitur
2826 2258 2967 2314 ﬁlius
2994 2259 3253 2314 dexterae.
3312 2259 3444 2329 Quis
3488 2277 3623 2333 ergo

2025 2347 2114 2403 hic
2145 2346 2290 2401 ﬁlius
2320 2347 2523 2403 dextra:
2551 2347 2771 2417 dicitur,
2804 2364 2969 2420 quam
2999 2347 3108 2417 ille,
3126 2348 3197 2403 de
3224 2364 3330 2418 quo
3359 2349 3624 2421 scriptum

2025 2443 2137 2490 est:
2163 2437 2427 2492 Ascendit
2444 2439 2504 2492 in
2522 2438 2746 2503 cretum,
2779 2436 2938 2493 sedet
2967 2436 3040 2492 ad
3082 2436 3387 2493 dexteram
3433 2439 3624 2495 Patris

2025 2525 2219 2595 (Mare.
2257 2540 2372 2592 xvr,
2407 2527 2495 2594 19)
2527 2527 2555 2578 9
2582 2526 2751 2581 Terra
2783 2541 2913 2597 ergo
2935 2524 3421 2595 Benjaminsancta
3438 2527 3624 2584 Eccle-

2026 2613 2105 2667 sia
2131 2616 2235 2667 est.
2267 2613 2405 2681 Quia
2424 2630 2559 2686 ergo
2591 2613 2826 2669 haeretici
2860 2613 2930 2669 ab
2970 2615 3071 2670 hac
3092 2622 3233 2669 terra
3253 2615 3462 2685 expulsi
3479 2624 3619 2685 sunt,

2024 2702 2094 2758 de
2128 2710 2268 2757 terra
2296 2702 2581 2771 Benjamin
2602 2702 2751 2757 venit
2781 2718 2899 2770 rex,
2928 2702 3147 2773 quando
3173 2718 3282 2758 non
3311 2702 3623 2775 aliquahte-

2028 2792 2136 2847 resi
2169 2791 2425 2862 pollutus,
2442 2790 2536 2845 sed
2552 2790 2659 2846 ﬁde
2680 2791 2979 2847 catholicus
3009 2800 3212 2847 sanctae
3231 2791 3493 2848 Ecclesiae
3510 2793 3625 2862 pri-

2028 2888 2236 2934 matum
2268 2879 2520 2950 suscipit.
2561 2879 2665 2948 Qui
2696 2878 2794 2934 viri
2827 2880 3105 2949 praeconio
3165 2879 3385 2947 fruitur,
3446 2880 3491 2933 si
3520 2879 3628 2936 ﬁde

2028 2968 2214 3023 ﬁrmus
2246 2976 2344 3034 est,
2375 2968 2689 3038 operatione
2719 2967 2893 3024 fortis.
2912 2966 3017 3023 llic
3042 2967 3297 3023 nimirum
3332 2983 3504 3039 super
3519 2984 3626 3040 po-

2026 3058 2213 3127 pulum
2244 3058 2461 3113 Domini
2492 3057 2599 3112 dux
2630 3058 2757 3129 ungi
2804 3057 3127 3129 praecipitur
3154 3075 3165 3111 :
3202 3073 3309 3127 qua
3355 3059 3626 3114 exteriora

2030 3155 2369 3202 sacramenta
2397 3146 2774 3203 sacerdotibus
2794 3147 2904 3202 illis
2932 3153 3177 3218 prosunt,
3196 3148 3291 3218 qui
3307 3146 3625 3203 eorumdem

2030 3244 2489 3293 sacramentorum
2519 3235 2679 3291 donis
2707 3234 2917 3307 indigni
2947 3251 3053 3290 non
3082 3243 3226 3290 sunt.
3248 3235 3343 3290 Vel
3371 3236 3625 3293 sacerdo—

2034 3336 2112 3383 tes
2141 3334 2436 3400 unguntur,
2468 3325 2689 3398 quando
2743 3341 2843 3396 per
2886 3324 3247 3381 ordinantium
3291 3341 3351 3381 se
3379 3324 3625 3379 ministe-

2033 3416 2195 3479 rium,
2217 3416 2516 3488 gratiarum
2549 3415 2911 3485 spiritualium
2938 3414 3268 3469 incrementa
3289 3412 3620 3483 percipiunt.

2034 3505 2188 3562 Unde
2206 3512 2259 3559 et
2281 3504 2547 3576 sequitur:
2569 3503 2820 3560 Salvabit
2834 3504 3104 3575 populum
3136 3518 3328 3559 meum
3356 3502 3423 3557 de
3450 3518 3632 3558 manu

2036 3592 2411 3650 Philisthiim.
2432 3592 2593 3648 Velut
2623 3591 2767 3647 uncti
2791 3591 3001 3646 salvare
3032 3590 3170 3646 alios
3199 3597 3427 3661 possunt
3458 3607 3472 3653 ;
3504 3589 3634 3662 quia

2036 3681 2309 3754 spiritales
2340 3681 2545 3753 gratias
2570 3680 2930 3735 abundantius
2960 3687 3332 3750 perceperunt.
3373 3680 3513 3734 Nam
3541 3678 3633 3749 qui

2034 3772 2295 3844 populum
2329 3770 2566 3837 salvant,
2600 3785 2760 3840 super
2783 3768 3044 3840 pupulum
3100 3767 3244 3823 uncti
3302 3775 3429 3822 sunt
3460 3784 3475 3824 :
3508 3767 3637 3837 quia

2037 3862 2125 3932 qui
2158 3878 2187 3915 a
2220 3859 2456 3915 Domino
2486 3858 2836 3930 adregendos
2866 3858 3002 3912 alios
3036 3857 3369 3923 ordinantur,
3385 3856 3634 3927 spiritua-

2038 3950 2110 4006 lia
2140 3949 2523 4005 charismatum
2555 3947 2719 4012 dona,
2755 3947 2953 4017 quibus
2981 3946 3060 4001 eis
3087 3945 3341 4017 prodesse
3384 3952 3634 4015 possunt,

2038 4038 2314 4109 accipiunt
2345 4055 2358 4100 ;
2392 4043 2445 4092 et
2473 4035 2570 4103 eis,
2623 4050 2761 4106 quos
2809 4034 3001 4090 ordine
3045 4034 3377 4104 praecedunt,
3432 4034 3639 4089 meritis

2039 4127 2203 4184 etiam
2235 4125 2542 4197 superiores
2584 4130 2726 4178 sunt.
2786 4123 2853 4179 Et
2908 4122 3036 4194 quia
3085 4123 3403 4195 plerumque
3457 4122 3638 4177 bonus

2038 4225 2224 4289 pastor
2243 4214 2440 4270 merito
2465 4213 2626 4269 bona;
2640 4211 2821 4282 plebis
2866 4210 3108 4283 eligitur,
3132 4211 3273 4266 bene
3287 4210 3638 4281 subjunctum

2037 4315 2160 4362 est:

2112 4395 2288 4465 (Vers.
2314 4395 2425 4467 16.)
2459 4395 2601 4464 Quia
2630 4393 2860 4467 respexi
2884 4391 3155 4465 populum
3174 4406 3384 4447 meum.

2112 4486 2243 4539 Item
2278 4485 2404 4555 quia
2431 4483 2650 4557 magnis
2667 4481 2921 4554 precibus
2952 4496 2984 4535 a
3013 4480 3249 4537 Domino
3266 4480 3438 4537 bonus
3454 4482 3644 4552 pastor

1960 4553 2021 4616 D
2052 4553 2371 4645 quaerendus
2400 4580 2496 4645 est,
2531 4553 2780 4628 subditur
2811 4589 2824 4626 :

2121 4682 2293 4753 (Vers.
2329 4680 2452 4752 t6.)
2490 4681 2648 4738 Venit
2673 4680 2886 4736 clamor
2914 4694 3109 4735 eorum
3133 4677 3212 4735 ad
3234 4694 3349 4735 me.
3366 4719 3381 4735 .

2119 4773 2209 4828 42.
2242 4769 2347 4825 Sed
2378 4770 2610 4825 fortasse
2641 4767 2885 4824 nonnulli
2917 4775 3225 4833 moventur,
3259 4767 3386 4839 quia
3422 4774 3645 4825 contra-

2050 4861 2190 4915 rium
2222 4858 2454 4929 videtur,
2489 4859 2633 4931 quod
2656 4858 2744 4914 hic
2770 4856 2984 4923 dicitur,
3018 4863 3071 4911 et
3101 4856 3246 4926 quod
3275 4857 3525 4927 superius
3554 4858 3646 4913 di-

2049 4950 2294 5007 cebatur.
2333 4948 2415 5003 Ibi
2447 4948 2591 5004 enim
2620 4947 2720 5002 ait:
2747 4948 2866 5002 Non
2882 4950 2934 5001 te
2950 4946 3299 5017 abjecerunt,
3329 4947 3425 5001 sed
3443 4961 3552 5014 me,
3572 4961 3646 5002 ne

2049 5056 2280 5111 regnem
2302 5055 2473 5111 super
2501 5054 2610 5105 eos,
2625 5037 2807 5108 juxta
2820 5036 3013 5091 omnia
3033 5050 3201 5107 opera
3220 5049 3345 5101 sua,
3365 5037 3645 5107 quae/ece-

2048 5131 2239 5185 runta
2261 5128 2369 5196 die,
2397 5143 2506 5199 qua
2536 5126 2712 5182 eduxi
2752 5140 2840 5182 eos
2871 5123 2937 5179 de
2968 5124 3122 5179 terra
3169 5123 3412 5194 xigypti,
3471 5138 3646 5194 usque

2054 5219 2099 5284 2
2118 5221 2154 5285 1
2173 5221 2215 5286 5
2244 5218 2308 5272 in
2326 5216 2473 5272 diem
2492 5216 2639 5271 hanc
2656 5214 2706 5284 (I
2727 5216 2853 5284 Reg.
2872 5228 2989 5281 VIII,
3014 5212 3087 5280 7).
3111 5210 3268 5264 Nunc
3312 5225 3446 5265 vero
3465 5209 3595 5265 dicit
3626 5228 3640 5267 ε

2058 5307 2232 5378 Unges
2249 5320 2377 5362 eum
2390 5304 2589 5360 ducem
2606 5318 2772 5374 super
2781 5300 3048 5372 papulum
3062 5313 3250 5353 meum
3268 5298 3521 5363 Israel,et
3532 5299 3645 5353 sal-

2052 5395 2203 5451 vabit
2216 5394 2493 5466 populum
2507 5406 2696 5447 meum
2713 5389 2778 5445 de
2792 5403 2973 5443 manu
2988 5384 3302 5442 Philistiim
3314 5403 3337 5442 :
3355 5387 3490 5459 quia
3518 5403 3644 5444 res-

2054 5483 2474 5556 pexipopulum
2508 5495 2697 5537 meum
2713 5496 2732 5531 .-
2750 5477 2907 5534 venit
2943 5476 3100 5532 enim
3125 5474 3342 5532 clamor
3366 5491 3562 5532 eorum
3576 5475 3652 5532 ad

2052 5566 2616 5643 me.Superiusqua8i
2632 5566 2847 5622 abirato
2886 5578 2989 5621 rex
3016 5562 3257 5621 ordinari
3293 5565 3647 5637 permittitur,

2052 5676 2197 5720 nunc
2210 5660 2408 5733 quasia
2413 5658 2508 5732 pio
2520 5655 2819 5732 etbeniguo
2833 5653 3303 5727 ordinaturﬂujus
3320 5653 3648 5717 etiambeni-
