4034 6174
380 347 483 407 263

1566 306 1817 365 SANCTI
1858 300 2198 362 GREGORII
2237 300 2463 361 MAGNI

3588 309 3693 369 264

394 465 617 543 gamus
645 456 814 517 verba
838 450 958 525 quis
979 463 1086 506 non
1115 443 1687 543 videatuquant‘um
1721 428 1988 543 sentfntit:
2014 430 2071 489 A
2096 436 2286 543 pfstror
2313 428 2486 543 dftqr,
2519 430 2733 543 q'qando
2756 431 3535 543 bon‘us.‘ma1.i‘s‘prreponiturj;

392 520 873 615 iiladissentiant,
895 555 1016 614 quae
1056 535 1236 593 eidem
1266 548 1298 587 a
1327 527 1580 585 Samuele
1632 524 1781 615 illata
1835 520 1987 615 {uiti

398 611 559 717 Duia,
583 611 1087 711 inquit,projecisti
1118 636 1437 682 sermonem
1483 614 1728 717 Domini,
1746 611 1984 717 proiecit

396 699 848 794 Ie—Do'min'usme
877 699 954 778 sis
972 734 1078 775 rex
1092 716 1139 784 (ι
1157 717 1282 784 Reg.
1304 726 1396 774 xv,
1420 708 1529 777 26).
1558 703 1714 794 Quod
1732 699 1981 794 proiecto

394 788 642 882 celeriter
669 788 952 879 solvimus,
981 808 1028 863 si
1056 807 1235 876 ipsam
1264 798 1550 855 verborum
1580 792 1701 882 vim,
1716 788 1985 882 subtiliter

392 878 719 969 intueamur.
752 904 891 958 Nam
922 878 1105 955 omnia
1121 894 1238 947 haec
1269 888 1468 943 divinae
1484 878 1838 953 benignitatis
1854 891 1985 969 ver-

521 994 709 1069 populi
748 989 950 1047 meritis
1004 981 1348 1039 ascribuntur
1380 994 1393 1029 :
1424 970 1674 1069 Salvabit
1712 966 1985 1041 populum

397 1061 619 1151 meum}
645 1079 950 1155 et,respea:i
964 1073 1236 1148 populum
1249 1080 1431 1122 meum
1452 1061 1785 1155 f-et,c_lamor
1801 1069 1994 1155 eorum

397 1145 552 1238 uenit
583 1145 779 1231 adme.
811 1145 914 1223 i’ro
943 1145 1052 1219 illis
1081 1172 1212 1231 ergo
1242 1171 1335 1210 rex
1373 1147 1609 1208 ordinari
1665 1145 1992 1207 decernitur,

402 1236 632 1341 quorum
663 1262 873 1319 clamor
891 1250 1195 1310 exauditur.
1226 1239 1495 1341 Namnetsi‘
1524 1253 1621 1309 pro
1653 1236 1860 1341 futquaL
1887 1247 1990 1341 ne:

400 1318 939 1429 quitiarepellendus
966 1357 996 1396 a
1025 1351 1207 1429 regno
1230 1340 1344 1390 erat
1374 1318 1997 1429 saul,.tame‘njhabebat

401 1411 458 1503 iii
484 1460 562 1511 se,
595 1411 768 1497 donec
795 1438 1070 1506 regnaret,
1101 1424 1247 1481 unde
1274 1418 1479 1492 populo
1500 1414 1609 1511 sibi
1617 1411 1842 1511 subdito
1862 1423 1995 1478 pro-

402 1502 1120 1601 desseipotuissetiFuturus
1162 1520 1307 1569 certe
1363 1514 1479 1601 erat
1526 1502 1670 1601 bello
1724 1507 1994 1601 strenuus,

403 1588 594 1679 mente
610 1617 809 1674 elatus.
844 1608 1138 1666 Habiturus
1165 1607 1280 1657 erat
1321 1596 1463 1652 unde
1518 1592 1620 1647 sibi
1678 1588 1919 1679 caderet,
1947 1592 1998 1679 et

404 1673 549 1769 unde
563 1673 688 1763 aliis
712 1708 897 1758 staret.
930 1695 1072 1752 Illud
1103 1705 1238 1762 ergo
1280 1684 1423 1741 unde
1480 1680 1737 1769 prodesse
1766 1673 2000 1769 subditis

402 1803 633 1873 poterat,

607 1851 673 1940 de
685 1895 863 1938 manu
885 1851 1198 1932 Philistiim
1211 1886 1228 1932 ;
1243 1872 1312 1933 et,
1328 1862 1481 1919 venit
1495 1859 1710 1916 clamor
1719 1851 1995 1949 eorum'ad

401 1974 723 2035 me.Adhuc
741 1977 922 2023 tamen
950 1960 1108 2018 valde
1137 1951 1471 2012 contrarium
1501 1947 1734 2037 videtur,
1767 1949 1824 2037 ut
1846 2030 1856 2037 -
1878 1947 1997 2037 ejus

406 2030 598 2138 populi
627 2060 925 2117 clamorem
954 2046 1216 2106 exaudire
1236 2035 1749 2138 credatur,quieum
1771 2030 1998 2138 abjecis-

409 2124 924 2223 se‘reprehenditur.
964 2138 1046 2195 Ad
1077 2134 1222 2207 quod
1255 2124 1796 2223 respondendum'est
1824 2135 1836 2174 :
1870 2124 1999 2223 qqia

410 2206 573 2301 erant.
587 2239 643 2294 in
679 2236 773 2291 illo
801 2230 1006 2304 populo
1036 2234 1088 2282 et
1103 2219 1316 2293 reprobi
1344 2225 1396 2273 et
1415 2214 1610 2304 electiq
1637 2211 1719 2266 Ibi
1738 2224 1868 2304 ergo
1894 2206 1998 2262 ab-

407 2299 607 2404 iecisse
634 2299 928 2382 Dominum
958 2313 1181 2386 reprobi
1210 2309 1528 2382 arguuntur,
1560 2302 1650 2357 hic
1703 2299 1997 2404 electoium

410 2382 682 2477 “desideria
712 2412 782 2469 ad
808 2382 1194 2476 omnipotentis
1211 2397 1309 2453 Dei
1327 2409 1483 2451 aures
1510 2386 1865 2481 perveniunt:
1882 2382 2003 2481 Qua

598 2502 725 2576 quid
747 2473 1116 2568 colligendum
1156 2494 1254 2555 est,
1285 2483 1388 2539 nisi
1442 2480 1569 2576 quia
1619 2473 2004 2576 smpenelectis

413 2565 631 2655 bonum.
648 2597 751 2655 est,
770 2565 915 2658 quod
944 2580 1070 2637 mali
1097 2585 1335 2634 rectores
1362 2571 1684 2660 ordinantur
1703 2566 1730 2621 ?
1759 2565 1882 2660 Non
1912 2577 2003 2617 er-

413 2700 488 2758 go
516 2680 712 2737 mirum
743 2656 840 2741 est,
871 2671 916 2726 si
944 2671 1092 2726 Deus
1121 2664 1276 2737 quasi
1306 2661 1375 2717 de
1404 2656 1708 2755 abjectione
1726 2667 1837 2758 sua
1863 2656 2005 2750 iras-

416 2742 575 2838 ;itur,
611 2775 663 2824 et
679 2778 866 2838 regem
880 2757 1121 2815 ordinat:
1148 2752 1272 2825 quia
1292 2750 1410 2821 ipsa
1437 2745 1675 2818 dignitas
1723 2742 1887 2840 futuri
1917 2753 2005 2793 re-

415 2862 503 2935 gis
532 2836 587 2916 et
615 2836 759 2911 mala
787 2857 924 2918 erat,
946 2854 999 2935 et
1027 2846 1188 2935 bona.
1211 2838 1359 2935 luela
1384 2836 1645 2935 denique,
1669 2836 1805 2935 quia
1825 2842 2009 2935 super-

414 2922 483 3006 ba
507 2967 520 3003 :
556 2951 700 3002 bona
729 2955 880 3007 vero,
914 2934 1039 3007 quia
1064 2932 1119 2986 in
1133 2928 1446 2987 defensione
1474 2922 1840 2992 subiectorum
1869 2924 2008 3010 stre:

414 3004 542 3097 nua.
567 3033 727 3105 Quod
755 3004 953 3094 totum,
986 3031 1038 3079 et
1079 3023 1136 3077 in
1164 3026 1350 3075 sancta
1402 3012 1645 3105 Ecclesia
1699 3023 1839 3065 nunc
1895 3004 2010 3062 ﬁeri

2096 517 2163 571 ad
2196 518 2537 574 Ezechielem
2553 520 2816 576 Dominus
2843 520 2975 576 dicit
3008 535 3020 575 :
3055 522 3213 577 Mitto
3229 537 3330 594 ego
3361 526 3416 578 te
3443 524 3516 580 ad
3542 524 3695 592 ﬁlios

2099 605 2289 675 Israel,
2315 608 2386 663 ad
2394 612 2617 680 gentem
2638 611 3060 681 apostatricem,
3087 614 3131 676 2
3149 613 3184 678 1
3200 612 3247 678 6
3265 628 3390 683 qua:
3411 614 3641 668 recessit
3658 630 3696 669 a

2098 706 2187 753 me
2204 700 2390 768 (Haec.
2426 713 2505 766 ιιι,
2530 701 2606 769 3).
2631 699 2736 753 Pro
2766 715 2824 754 se
2854 699 3092 769 quidem,
3113 715 3219 754 non
3235 716 3332 772 pro
3347 701 3549 773 populo
3568 709 3694 758 tunc

2103 796 2289 859 pastor
2342 788 2517 855 datur,
2580 788 2795 858 quando
2847 789 2945 843 etsi
2991 787 3276 844 auditores
3330 805 3459 846 suos
3487 790 3695 846 electus

2100 877 2433 947 praedicator
2460 884 2774 933 convertere
2822 877 2889 932 ad
2919 877 3091 932 Deum
3148 893 3256 934 non
3300 879 3515 950 poterit,
3575 880 3697 951 ipse

2105 976 2281 1023 tamen
2307 966 2510 1022 laboris
2540 967 2621 1022 sui
2651 974 2856 1024 aeterna
2885 966 3032 1022 lucra
3062 983 3171 1023 non
3199 969 3395 1039 perdit.
3456 968 3558 1025 Pro
3587 985 3696 1039 po-

2104 1057 2231 1128 pulo
2262 1064 2463 1123 autem,
2494 1072 2602 1112 non
2632 1073 2731 1127 pro
2760 1072 2818 1111 se
2850 1074 2863 1119 ;
2898 1056 3115 1128 quando
3146 1057 3305 1113 bonis
3334 1058 3700 1130 subditispas-

2105 1154 2189 1202 tor
2218 1145 2489 1216 tribuitur,
2523 1145 2614 1217 qui
2644 1145 2787 1200 dona
2816 1145 3038 1213 habeat,
3071 1161 3172 1217 per
3201 1162 3321 1216 quae
3349 1146 3456 1201 illis
3501 1148 3695 1217 prosit,

2104 1244 2157 1290 et
2185 1234 2287 1289 sibi
2316 1249 2423 1289 non
2454 1234 2647 1305 prosit.
2693 1235 2850 1290 Tales
2878 1234 3096 1307 quidem
3144 1243 3316 1305 erant,
3375 1236 3444 1291 de
3500 1236 3699 1307 quibus

2103 1324 2368 1380 Dominus
2386 1323 2669 1395 discipulis
2680 1324 3166 1395 praecipit,dicens:
3185 1325 3698 1397 Qua-dicuntJaci-

2109 1418 2162 1470 te
2195 1433 2214 1469 :
2244 1430 2368 1485 qua:
2395 1420 2590 1468 autem
2614 1414 2855 1479 faciunt,
2871 1416 3060 1485 facere
3076 1415 3255 1471 nolite
3272 1412 3497 1484 (Matth.
3529 1430 3696 1482 xxm,

2109 1503 2183 1564 3).
2217 1500 2383 1568 Quasi
2410 1500 2556 1554 dicat
2587 1514 2600 1553 :
2635 1498 2794 1569 Quod
2816 1499 2951 1555 utile
2977 1515 3081 1570 pro
3135 1500 3292 1557 vobis
3342 1509 3696 1572 acceperunt,

2107 1591 2176 1646 ab
2196 1591 2275 1646 eis
2305 1589 2459 1659 quasi
2514 1596 2752 1644 vestrum
2784 1589 3073 1658 tollite;et
3100 1588 3157 1643 in
3202 1589 3280 1644 eis
3336 1590 3490 1661 quasi
3536 1606 3696 1645 suum

2110 1678 2386 1747 dimittite,
2410 1678 2553 1747 quod
2583 1692 2692 1733 non
2723 1677 2925 1732 habent
2961 1677 3029 1732 ad
3071 1678 3284 1734 lucrum
3320 1686 3578 1747 vestrum,
3608 1680 3707 1735 sed

662 1790 933 1850 Dominus
960 1781 1252 1855 providens
1272 1774 1430 1831 dicit:
1461 1764 1998 1855 ςαιυαῡίιρορυιαηξ
2028 1779 2083 1840 Β
2113 1769 2181 1826 ad
2212 1768 2485 1824 interitum
2514 1783 2689 1822 suum.
2725 1766 2855 1823 Saul
2883 1783 3035 1838 ergo,
3052 1767 3268 1837 abjecto
3314 1768 3568 1838 Domino,
3600 1769 3708 1824 eli-

2102 1860 2271 1931 gitur,
2299 1867 2351 1912 et
2388 1865 2561 1912 tamen
2579 1856 2843 1927 populum
2882 1856 3351 1911 Dominidemanu
3386 1857 3709 1913 Philistino-

2103 1965 2230 2003 rum
2260 1947 2619 2002 liberaturum
2652 1944 3027 2015 perhibentur,
3059 1945 3185 2016 quia
3209 1945 3548 2017 omnipotens
3562 1947 3713 2002 Deus

2102 2052 2248 2108 saepe
2281 2034 2393 2090 suis
2424 2034 2581 2089 bonis
2611 2033 2862 2088 fidelibus
2890 2050 2986 2106 per
3012 2033 3137 2090 illos
3178 2034 3439 2104 praelatos
3462 2035 3708 2107 prodest,

2105 2125 2196 2198 qui
2227 2125 2294 2181 de
2321 2123 2504 2180 otﬁcio
2530 2122 2772 2192 ejusdem
2802 2123 3139 2194 prmlatiouis
3162 2113 3295 2178 'sibi
3324 2139 3431 2179 non
3458 2124 3703 2195 placent.

2105 2214 2358 2285 Sequitur
2380 2232 2393 2268 :

2181 2304 2356 2373 (Vers.
2390 2304 2502 2372 t7.)
2539 2302 2782 2374 (.‘umque
2801 2302 3143 2375 respexisset
3160 2300 3395 2358 Samuel
3413 2301 3569 2368 Saul,
3587 2304 3703 2359 Do-

2108 2397 2303 2451 minus
2320 2395 2405 2449 ait
2421 2412 2438 2444 :
2460 2394 2598 2448 Ecce
2610 2394 2715 2461 vir,
2733 2408 2894 2465 quem
2907 2392 3170 2449 dixeram
3189 2391 3425 2459 tibi,iste
3441 2392 3710 2449 domina-

2112 2485 2266 2541 bitur
2282 2483 2485 2555 populo
2504 2497 2652 2538 meo.

2184 2573 2272 2627 44.
2306 2573 2421 2626 Hoc
2452 2586 2687 2643 namque
2716 2570 2770 2625 in
2799 2571 3044 2642 sequenti
3075 2570 3164 2626 die
3190 2578 3371 2627 actum
3424 2579 3527 2640 est,
3559 2570 3706 2641 quod

2114 2661 2441 2735 praecedenti
2473 2661 2734 2716 Dominus
2768 2660 3101 2732 repromisit,
3160 2660 3350 2716 dicens
3383 2678 3396 2715 :
3432 2661 3563 2716 Cras
3600 2659 3711 2715 hac
3738 2688 3742 2693 ~

2116 2752 2314 2809 eadem
2335 2752 2472 2807 hora
2499 2750 2727 2806 mittam
2740 2749 2812 2805 ad
2825 2755 2878 2806 te
2896 2751 3080 2806 virum
3107 2748 3174 2806 de
3205 2754 3357 2806 terra
3387 2749 3708 2821 Benjamin,

2116 2846 2173 2897 et
2204 2857 2379 2912 unges
2409 2855 2538 2896 eum
2554 2839 3408 2910 superpopulummeumlsrael.
3439 2838 3715 2910 Aspicitur

2118 2930 2324 3003 ergoin
2354 2928 2594 2985 secundo
2634 2927 2741 2994 die,
2795 2927 2887 2998 qui
2943 2927 3120 2998 primo
3175 2927 3508 2999 promittitur
3539 2945 3551 2982 :
3582 2926 3713 2997 quia

2118 3020 2513 3092 praedicatores
2544 3025 2743 3073 sanctae
2770 3017 3029 3074 Ecclesiae
3056 3017 3279 3073 virtutes
3305 3016 3598 3073 electorum
3648 3016 3705 3070 in

417 3101 687 3186 cernimus
719 3139 731 3174 :
765 3117 893 3190 quia
922 3114 1241 3186 plerumque
1289 3104 1380 3160 ille
1396 3103 1514 3173 eius
1543 3101 1844 3204 Primtn‘um
1883 3112 2008 3204 593‘
2041 3139 2092 3204 Ο
2123 3116 2331 3165 secreta
2353 3123 2539 3164 eorum
2572 3106 2686 3162 vita
2713 3106 3055 3179 perquirunt.
3092 3106 3158 3161 Hi
3186 3105 3334 3161 enim
3360 3106 3450 3178 qui
3479 3116 3713 3176 promo-

421 3184 577 3287 eipu,
609 3210 701 3283 qui
730 3184 900 3265 verbo
924 3184 1078 3258 amis
1104 3208 1183 3255 est
1211 3196 1353 3263 aliis,
1385 3199 1565 3287 men-te
1593 3188 1859 3287 tumidus“
1883 3184 2008 3287 sibi:

425 3272 779 3362 ἰδιωάὶοῶάο
809 3295 1058 3358 virtutes,
1081 3287 1228 3345 velut
1255 3283 1448 3340 stando
1469 3279 1598 3337 vitia
1643 3275 1885 3343 destruit,
1916 3272 2011 3362 sed

419 3360 527 3453 alta
554 3391 623 3446 de
651 3404 711 3445 se
731 3380 1032 3447 sentiendo,
1063 3376 1224 3434 cadit.
1283 3372 1383 3429 Hic
1439 3370 1618 3439 itaque
1661 3360 2009 3453 praedicando

416 3451 681 3558 populum
704 3474 804 3532 Dei
833 3472 1026 3535 salvat,
1046 3465 1143 3522 sed
1162 3461 1522 3558 semetipsum
1545 3455 1799 3558 tumfndo
1816 3451 2011 3558 praeci-

420 3541 573 3647 pitat.
604 3564 771 3637 Quasi
802 3578 899 3617 rex
950 3564 1142 3647 potens
1192 3551 1360 3647 verbo
1412 3541 2012 3647 populiDei‘qccu-ltos

417 3631 760 3718 adversarios
787 3648 983 3713 atterit,
1015 3644 1108 3701 sed
1159 3641 1395 3698 elatione
1419 3654 1451 3693 a
1479 3635 1634 3708 regni
1680 3631 2009 3687 sublimitate

420 3749 591 3808 cadit.
653 3745 776 3799 Non
823 3752 953 3811 ergo
981 3751 1057 3798 se,
1111 3731 1206 3787 sed
1262 3728 1437 3784 solum
1494 3740 1596 3796 pro
1654 3721 1858 3794 populo
1913 3736 2009 3774 rex

421 3833 801 3900 cOnstituitur;
834 3824 1052 3900 quando
1081 3821 1175 3876 ille
1205 3819 1259 3874 in
1288 3823 1475 3873 sancta
1508 3811 1751 3869 Ecclesia
1778 3822 2013 3900 praeesse

422 3897 796 4001 permittitur,
819 3897 910 3988 qui
954 3914 1101 3969 bona
1154 3923 1287 4001 qua_
1318 3905 1593 3978 praedicat,
1624 3897 2007 3972 superbiendo,

422 3997 515 4074 aut
540 4011 785 4086 nequiter
809 4004 1066 4068 vivendo,
1098 3997 1401 4057 conculcet.
1525 4083 1534 4086 _
1752 4080 1764 4086 _
1962 4040 1969 4045 .

490 4108 581 4162 43.
613 4080 732 4171 Quo
762 4099 819 4153 in
845 4096 964 4152 loco
982 4089 1280 4148 notandum
1315 4093 1414 4155 est,
1448 4083 1574 4157 quia
1602 4098 1727 4139 cum
1751 4080 1805 4136 in
1823 4084 2012 4135 sancta

425 4192 672 4254 Ecclesia
696 4195 883 4262 pastor
910 4181 1148 4254 eligitur,
1179 4174 1473 4249 aliquando
1502 4173 1780 4229 ordinatur
1794 4184 1891 4240 pro
1929 4183 2007 4234 se,

424 4295 477 4341 et
506 4280 709 4357 pepulo
743 4292 758 4347 ;
783 4269 1075 4345 aliquando
1105 4283 1204 4323 nec
1232 4280 1334 4335 pro
1380 4262 1738 4357 populotnec
1766 4272 1863 4357 pro
1902 4272 1962 4311 se
1993 4269 2009 4324 ;

421 4346 716 4443 aliquando
741 4346 839 4438 pro
868 4377 946 4429 se,
978 4373 1085 4416 non
1128 4370 1232 4427 pro
1273 4352 1477 4425 populo
1510 4365 1524 4419 ;
1562 4346 1854 4443 aliquando
1883 4359 2011 4443 vero

422 4433 534 4535 pro
548 4433 774 4530 populo,
807 4466 916 4506 non
944 4445 1279 4535 proseqPro
1310 4446 1474 4535 senet
1509 4436 1735 4535 populo,
1794 4433 2011 4535 quando

423 4524 983 4616 electus—praedicator
1010 4532 1198 4591 electis
1251 4527 1480 4585 subditis
1530 4527 1722 4581 datur:
1758 4524 1879 4598 quia
1906 4540 2010 4578 un-

426 4640 495 4695 de
524 4613 891 4703 subiectorum
919 4621 1206 4681 multitudo
1233 4619 1302 4675 ad
1338 4626 1595 4675 aeternam
1634 4615 1871 4687 patriam
1900 4613 2007 4669 du-

426 4727 584 4793 citur,
633 4722 778 4777 bono
833 4713 1044 4787 pastori
1088 4709 1403 4767 meritorum
1462 4705 1603 4762 dona
1651 4703 2009 4759 cumulantur.

423 4817 542 4873 Nec
568 4791 667 4885 pro
696 4826 776 4878 se,
807 4821 908 4862 nec
934 4818 1035 4875 pro
1063 4799 1268 4871 populo
1316 4804 1506 4869 pastor
1557 4796 1719 4850 datur
1750 4809 1763 4849 :
1797 4791 2014 4885 quando

425 4881 663 4978 reproba
685 4897 843 4971 plebs
872 4891 1166 4965 reprobum
1195 4895 1469 4978 pastorem
1501 4884 1702 4978 habere
1746 4881 2014 4978 permitti-

424 4972 528 5064 tur,
560 5007 681 5049 cum
710 4986 790 5043 sic
826 4984 918 5041 ille
946 4986 1165 5053 praeest,
1197 4978 1279 5033 sic
1305 4976 1383 5032 illi
1414 4972 2014 5042 obediunt,utadaeter-

428 5062 522 5142 nar
557 5083 722 5147 bona,
781 5089 885 5131 nec
936 5071 1029 5127 ille
1045 5068 1133 5140 qui
1163 5067 1340 5136 docet,
1373 5080 1473 5121 nec
1501 5064 1579 5118 illi
1607 5062 1697 5135 qui
1726 5063 2011 5129 docentur,

423 5178 714 5256 pervenire
743 5176 1072 5230 mereantur.
1102 5166 1183 5221 De
1211 5163 1406 5234 quibus
1432 5162 1741 5233 perOseam
1754 5158 2018 5216 Dominus

422 5255 584 5335 dicit:
605 5274 748 5330 Dabo
760 5272 841 5329 eis
870 5266 1100 5340 regesin
1127 5265 1321 5334 furore
1345 5275 1471 5317 meo
1527 5257 1706 5330 (Osee,
1740 5272 1857 5325 xm,
1888 5255 2006 5327 11).

422 5382 486 5435 In
519 5377 702 5431 furore
731 5369 928 5427 etenim
940 5364 1039 5422 Dei
1066 5374 1165 5419 rex
1200 5362 1376 5429 datur,
1409 5358 1627 5432 quando
1672 5357 1832 5413 malis
1856 5356 2018 5427 pejor

425 5485 661 5547 praeesse
690 5464 1020 5524 decernitur.
1051 5459 1198 5515 Talis
1226 5458 1429 5531 quippe
1448 5463 1636 5528 pastor
1683 5462 1807 5511 tunc
1837 5453 2015 5519 datur,

424 5585 552 5628 cum
597 5564 724 5622 talis
760 5560 993 5636 papulus
1045 5556 1324 5626 regendus
1356 5553 1662 5623 suscipitur,
1696 5552 1788 5624 qui
1816 5551 2020 5622 pariter

422 5670 624 5733 aeterna
650 5675 820 5738 paena
846 5658 1148 5716 damnetur.
1213 5651 1319 5710 Pro
1370 5666 1455 5725 se,
1500 5666 1611 5711 non
1651 5664 1759 5724 pro
1807 5650 2018 5726 papula

2035 4494 2091 4557 D

2122 3197 2281 3256 vendi
2304 3205 2449 3263 sunt,
2481 3196 2612 3252 dum
2643 3194 2787 3251 bona
2818 3196 3122 3268 proferunt,
3136 3194 3337 3265 aliquid
3366 3209 3706 3266 magnumex

2117 3304 2175 3343 se
2204 3286 2605 3359 repromittunt.
2646 3284 2827 3340 Primo
2857 3284 3023 3354 igitur
3070 3284 3157 3339 die
3185 3299 3289 3339 rex
3338 3283 3713 3355 promittitur;

2118 3376 2244 3449 quia
2272 3391 2471 3448 magna
2499 3375 2798 3431 electorum
2826 3388 3000 3444 opera
3015 3372 3397 3445 predicatores
3424 3371 3716 3443 aspiciunt,

2117 3474 2188 3532 et,
2221 3467 2373 3536 quasi
2405 3463 2640 3520 Domino
2667 3463 2942 3534 loquente,
2985 3463 3129 3517 intus
3182 3468 3507 3535 agnoscunt,
3564 3458 3719 3531 quod

2117 3555 2374 3611 ordinare
2430 3561 2629 3610 sancta:
2688 3554 2950 3610 Ecclesiae
2978 3562 3228 3609 rectores
3273 3548 3717 3620 volunt.Aspicit

2117 3659 2248 3715 ergo
2281 3642 2503 3700 Samuel
2556 3643 2614 3697 in
2671 3642 2918 3713 sequenti
2963 3641 3073 3709 die,
3134 3639 3349 3711 quando
3394 3639 3722 3712 praedicator

2117 3750 2265 3800 eum,
2298 3732 2388 3803 qui
2420 3732 2826 3804 promovendus
2862 3739 2960 3799 est,
2983 3732 3037 3786 in
3065 3746 3267 3803 magna
3303 3730 3423 3785 luce
3476 3742 3715 3784 conver-

2117 3823 2340 3879 sationis
2368 3822 2534 3879 videt.
2560 3822 2628 3876 Et
2656 3830 2782 3880 tunc
2811 3821 3053 3895 quidem,
3104 3819 3256 3892 quasi
3286 3819 3559 3875 indicante
3588 3817 3712 3873 Do-

2119 3912 2288 3981 mino,
2320 3910 2680 3969 ordinandum
2709 3927 2898 3984 regem
2924 3909 3205 3982 cognoscit
3233 3927 3249 3964 :
3283 3908 3407 3980 quia
3437 3923 3582 3975 eum,
3613 3906 3717 3980 qui

2118 4001 2173 4055 in
2203 4001 2315 4056 alta
2338 4016 2465 4056 arce
2493 3998 2785 4055 sanctitatis
2811 3999 3147 4071 praeminet,
3179 3997 3437 4070 praeferre
3483 3994 3606 4051 aliis
3628 3994 3715 4049 di-

2118 4106 2291 4162 gnum
2326 4089 2499 4146 videt.
2534 4090 2596 4144 Et
2627 4089 2751 4159 quia
2781 4088 2873 4161 qui
2903 4088 3087 4161 magni
3115 4095 3240 4144 sunt
3294 4084 3522 4155 meritis,
3552 4082 3712 4156 parvi

2118 4181 2242 4235 sunt
2275 4194 2371 4250 per
2408 4178 2787 4246 humilitatem,
2823 4177 3061 4248 sequitur
3092 4197 3105 4233 :

2190 4269 2364 4339 (Vers.
2403 4268 2516 4339 t8.)
2541 4269 2784 4325 Accessit
2815 4267 2952 4325 Saul
2974 4267 3046 4324 ad
3076 4267 3396 4324 Samuelem
3438 4265 3500 4321 in
3519 4261 3706 4319 medio

2116 4364 2314 4429 portas.
2337 4355 2556 4425 Indica,
2590 4373 2708 4424 oro,
2740 4356 2903 4426 mihi,
2933 4356 3219 4429 inquiens,
3256 4356 3351 4412 ubi
3398 4357 3482 4411 est
3512 4352 3717 4408 domus

2133 4445 2389 4503 Videntis
2407 4487 2421 4501 .

2191 4535 2286 4590 45.
2326 4536 2382 4592 Si
2414 4535 2468 4589 in
2497 4535 2873 4592 civitate'tunc
2902 4543 2985 4591 est
3009 4534 3367 4605 praedicator,
3396 4546 3521 4589 cum
3549 4528 3715 4602 plana

2123 4632 2176 4681 et
2205 4622 2514 4681 communia
2542 4624 2779 4697 loquitur
2800 4640 2921 4697 quae
2950 4623 3343 4695 intelliguntur,
3395 4627 3551 4693 porta
3569 4618 3718 4676 civi-

2124 4714 2248 4769 tatis
2274 4714 2431 4783 hujus
2447 4730 2567 4786 quae
2596 4721 2697 4784 est,
2713 4712 2816 4769 nisi
2840 4713 3119 4768 humilitas
3148 4714 3176 4765 εἰ
3209 4712 3345 4769 Nam
3375 4707 3717 4767 diviniverbi

2122 4803 2366 4877 cognitio
2395 4803 2639 4875 superbis
2662 4802 3029 4870 absconditur,
3073 4800 3366 4857 humilibus
3419 4797 3710 4855 revelatur.

2122 4892 2278 4949 Unde
2309 4900 2362 4948 et
2392 4893 2449 4947 in
2478 4892 2780 4965 Evangelio
2812 4891 2956 4947 Patri
2984 4891 3238 4961 loquitur,
3269 4888 3495 4946 dicens:
3532 4887 3719 4955 Conﬁ-

2128 4985 2249 5040 teor
2295 4982 2620 5051 tibi,Pater,
2650 4997 2755 5037 rex
2782 4981 2976 5038 cwliet
2991 4985 3177 5049 terra,
3208 4980 3346 5052 quia
3364 4975 3715 5035 abscondisti

2125 5069 2242 5126 hac
2257 5088 2289 5127 a
2307 5071 2656 5143 sapientibus
2672 5074 2730 5126 et
2744 5068 3198 5141 prudentibus,et
3214 5066 3481 5125 revelasti
3494 5081 3562 5121 ea
3568 5080 3718 5136 par-

2123 5167 2729 5237 vulis(Matth.xt,25).
2761 5165 3045 5237 Sapientes
3092 5164 3313 5235 quidem
3356 5162 3621 5235 superbos
3656 5167 3717 5217 et

2124 5265 2233 5320 alta
2250 5264 2318 5321 de
2333 5280 2392 5320 se
2409 5262 2981 5335 sentientes,parvulos
2998 5276 3127 5317 vero
3138 5260 3278 5316 dixit
3290 5249 3541 5316 humiles.
3560 5258 3712 5325 Quo-

2123 5377 2246 5417 rum
2264 5368 2409 5419 certe
2437 5360 2544 5417 alia
2564 5360 2847 5431 Scriptura
2890 5356 3153 5427 meminit,
3194 5355 3582 5412 dicens:Deus
3608 5366 3718 5410 su-

2122 5459 2311 5532 perbis
2328 5458 2571 5526 resistit,
2593 5457 2901 5514 humilibus
2916 5455 3015 5511 dat
3041 5455 3291 5527 gratiam
3312 5453 3361 5525 (I
3387 5455 3542 5509 Petr.
3565 5465 3620 5519 v,
3641 5451 3719 5519 5).

2125 5557 2345 5613 Resistit
2364 5571 2601 5627 namque
2612 5554 2880 5627 superbis,
2904 5570 2972 5610 ne
3000 5558 3204 5609 eterna
3229 5553 3371 5608 bona
3390 5549 3721 5622 intelligant,

2124 5650 2226 5712 sed
2250 5650 2498 5735 parvulis
2523 5650 2757 5724 gratiam
2774 5650 2888 5725 dat,
2909 5657 2967 5709 ut
2993 5647 3191 5709 eadem
3207 5648 3356 5707 bona
3379 5652 3608 5718 eterna,
3627 5643 3726 5717 ip-
