4034 6174
253 271 360 333 ω

1085 261 1161 325 IN
1197 260 1469 323 νκωωι
1505 258 1752 335 ηεαυδι
1789 253 2329 325 BKPOSITIONBS.
2360 284 2429 307 -
2457 257 2590 324 LII.
2623 258 2720 324 ιν.

252 407 313 450 ao
340 390 631 462 revelante,
661 396 1015 467 cognoscant.
1045 385 1219 447 Electi
1247 399 1398 459 ergo,
1445 382 1572 457 quia
1628 382 1701 441 ad
1744 385 1857 457 api-
1889 380 1942 447 Α
1964 393 2130 453 quem
2160 379 2382 453 quaeris,
2414 381 2510 448 sed
2535 398 2740 455 parvus
2769 393 2854 447 est
2876 383 2969 445 ille
2999 426 3015 453 ,
3045 400 3211 461 quem
3240 386 3410 449 vides.
3440 392 3564 454 Hoc

251 479 463 535 ritalem
490 478 810 535 sententiam
838 493 939 548 per
968 474 1328 535 humilitatem
1359 472 1599 539 veniunt,
1632 470 1706 528 ad
1757 486 1859 531 au-

250 569 486 625 diendos
516 562 1078 640 prmdicatores,quasi
1103 579 1206 634 per
1233 568 1442 633 portam
1464 558 1685 619 vadunt.
1709 558 1860 618 Eleo-

253 664 337 711 tus
368 656 527 711 etiam
555 654 907 727 praedicator,
929 652 1055 725 quia
1075 648 1381 723 spiritualia
1402 647 1678 703 humiliter
1707 647 1857 717 dicit,

248 744 471 800 Samuel
502 743 652 798 Sauli
686 742 739 796 in
774 742 970 797 eadem
1004 747 1160 813 porta
1196 736 1449 795 occurrit.
1499 735 1663 807 Quasi
1714 734 1861 791 enim

252 831 418 887 ambo
448 831 505 885 in
534 840 693 907 porta
715 838 860 897 sunt,
896 828 1115 900 quando
1144 843 1231 894 ea,
1262 842 1386 898 qua:
1414 824 1619 881 electus
1648 823 1859 896 praedi-

248 920 403 977 cator
431 920 683 990 loquitur,
718 917 787 973 ab
813 919 987 975 electo
1018 916 1126 972 alio
1154 914 1432 971 humiliter
1458 912 1765 968 audiuntur.

325 1012 422 1065 ιδ.
461 1009 570 1065 Sed
594 1008 684 1079 qui
717 1008 926 1062 nov-iter
951 1012 1191 1072 venerat,
1230 1019 1392 1077 quem
1422 1001 1727 1075 quaerebat,
1766 1002 1860 1056 in-

246 1106 497 1168 venerat,
531 1105 582 1152 et
619 1096 926 1170 ignorabat.
974 1093 1153 1164 Quare
1189 1100 1243 1149 et.
1283 1092 1427 1148 idem
1467 1090 1597 1147 Saul
1640 1091 1710 1145 ad
1755 1091 1860 1145 Sa-

251 1188 488 1242 muelem
504 1186 634 1240 dicit
651 1204 664 1241 :
679 1185 874 1241 Indica
890 1183 1050 1253 mihi,
1065 1198 1180 1251 oro,
1197 1181 1389 1238 ubiest
1419 1178 1616 1235 domus
1658 1176 1863 1237 Viden-

252 1278 348 1353 tis.
404 1277 521 1330 Hoc
546 1290 777 1345 namque
807 1272 1089 1344 proprium
1121 1284 1448 1343 magnorum
1473 1269 1715 1325 virorum
1755 1275 1860 1336 est,

248 1372 371 1419 uta
402 1363 643 1417 minimis
691 1360 913 1416 difﬁcile
951 1366 1377 1432 cognoscantur.
1417 1358 1591 1413 Carne
1640 1354 1861 1425 quidem

248 1439 306 1503 2
327 1441 420 1504 l7
448 1452 693 1522 despecti
724 1457 869 1518 sunt,
903 1449 998 1503 sed
1022 1456 1201 1503 mente
1229 1445 1511 1503 sublimes.
1544 1444 1698 1501 Foris
1725 1458 1862 1500 con-

250 1540 591 1613 temptibiles
620 1553 887 1610 apparere
917 1543 1200 1609 appetunt,
1232 1535 1326 1590 sed
1371 1549 1534 1607 agere
1583 1531 1863 1589 venerabi-

246 1631 327 1686 lia
356 1646 467 1685 non
489 1629 771 1685 desistunt.
806 1626 947 1696 Quia
974 1641 1107 1698 ergo
1136 1624 1297 1680 valde
1335 1621 1597 1694 prolicere
1637 1636 1736 1693 per
1772 1636 1865 1677 eo-

1958 483 2200 539 namque
2224 469 2278 525 in
2299 469 2491 537 verbo,
2533 472 2746 540 Videas.
2778 489 2887 530 non
2914 473 3271 545 praedicatur,
3311 480 3408 536 sed
3437 495 3561 553 ego.

1966 554 2133 626 Quasi
2158 555 2304 627 dicat
2335 575 2348 612 :
2386 557 2584 623 Videns
2612 559 2724 629 ille,
2756 567 2860 629 est;
2887 577 2995 635 ego
3027 582 3040 618 :
3090 579 3199 623 non
3242 566 3388 638 quod
3428 568 3570 637 testi.»

1966 659 2103 711 mas,
2136 646 2235 701 sed
2262 646 2408 718 quod
2434 647 2632 705 cernis.
2667 648 2775 705 Sed
2813 651 2905 722 qui
2954 651 3238 711 humilium
3279 670 3340 711 se
3393 658 3562 727 novit,

1966 734 2118 789 novit
2140 733 2271 789 dare
2300 734 2444 791 dona
2474 751 2581 792 non
2609 737 2850 806 humilis,
2883 739 2980 797 sed
3009 739 3283 799 sublimis.
3313 743 3495 809 Quare
3511 756 3567 802 et

1967 820 2021 877 in
2052 823 2328 879 excelsum
2356 832 2481 880 ante
2509 842 2569 881 se
2597 826 2894 885 ascendere
2921 842 3066 896 eum,
3100 837 3164 884 ut
3180 846 3364 887 secum
3385 848 3564 891 come-

1969 907 2081 972 dat,
2110 911 2376 981 praecipit.
2410 912 2470 967 In
2498 915 2786 971 excelsum
2817 916 3076 985 ascendit,
3109 919 3199 988 qui
3230 920 3303 974 ad
3341 921 3566 983 scienda

1970 998 2166 1055 altiora
2198 1008 2431 1055 mentem
2460 1002 2645 1074 erigit.
2682 1004 2740 1059 in
2786 1005 3067 1061 excelsum
3101 1007 3321 1076 quidem
3366 1024 3566 1069 ascen-

1969 1086 2118 1155 dere,
2149 1096 2231 1143 est
2256 1104 2351 1145 cor
2378 1089 2450 1146 ad
2476 1091 3036 1165 altloraintelligcada
3046 1110 3379 1166 praeparare.
3412 1099 3566 1156 Unde

1970 1184 2024 1231 et
2055 1177 2238 1232 Petrus
2263 1177 2319 1233 in
2339 1187 2523 1235 monte
2559 1180 2865 1249 assumitur,
2912 1189 2968 1237 ut
3014 1183 3253 1260 gloriam
3300 1188 3567 1246 transfor-

1970 1264 2099 1320 mati
2118 1265 2489 1337 Redemptoris
2534 1267 2718 1324 videre
2755 1277 3024 1329 mereatur
3060 1272 3281 1340 (Matth.
3315 1289 3459 1342 xvn,
3487 1279 3564 1349 1).

1971 1354 2031 1407 In
2061 1352 2156 1409 illo
2185 1354 2383 1411 etenim
2412 1371 2636 1413 ascensu
2668 1357 2884 1426 montis,
2937 1359 3193 1417 sublimis
3234 1368 3570 1434 praeparatio

1972 1441 2167 1511 mentis
2193 1442 2549 1513 exprimitur:
2582 1445 2710 1515 quia
2733 1446 2838 1503 alta
2871 1446 3056 1503 videre
3084 1465 3195 1506 non
3222 1453 3561 1526 poterit,qui,

1971 1545 2070 1599 per
2110 1530 2460 1595 intentionem
2506 1534 2748 1595 animum
2797 1535 2852 1593 in
2880 1536 3205 1596 sublimibus
3231 1554 3340 1596 non
3392 1546 3567 1612 ponit.

1972 1616 2112 1688 Quia
2139 1635 2273 1692 ergo
2311 1620 2564 1677 sublimia
2613 1625 2907 1694 praeparati
2949 1625 3145 1683 melius
3190 1627 3569 1703 intelligimus,

246 1736 374 1775 rum
403 1718 661 1795 exempla
689 1722 973 1799 appetunt,
992 1729 1100 1799 eos
1128 1729 1239 1771 non
1267 1711 1446 1799 solum
1491 1710 1548 1767 in
1581 1708 1864 1799 exteriori-
1895 1737 1949 1799 Β
1975 1716 2100 1763 ante
2129 1708 2439 1767 Samuelem
2465 1710 2601 1767 Saul
2631 1712 2686 1767 in
2717 1713 2993 1769 excelsum
3018 1716 3571 1789 ascenderejubetur,

249 1802 377 1871 bus,
410 1793 509 1857 sed
532 1804 586 1856 in
610 1801 818 1855 intimis
855 1797 1219 1854 admirantur.
1278 1795 1475 1853 Vident
1524 1810 1660 1869 ergo
1689 1794 1741 1851 in
1788 1793 1868 1851 eis

257 1892 527 1959 exterius,
562 1890 707 1963 quod
746 1887 922 1960 possit
969 1904 1002 1942 a
1047 1884 1362 1943 carnalibus
1410 1883 1635 1955 despici,
1687 1882 1781 1941 sed
1823 1890 1878 1939 et

254 1982 472 2053 pariter
499 1979 798 2046 attendunt,
832 1977 981 2052 quod
1011 1976 1154 2031 intus
1184 1973 1492 2046 Spiritualcs
1532 1972 1632 2027 viri
1676 1985 1880 2043 magna

265 2069 635 2124 admiratione
668 2067 903 2122 debeant
930 2065 1195 2122 venerari.
1226 2061 1375 2133 Quos
1393 2062 1522 2118 dum
1538 2062 1685 2116 fama
1709 2058 1882 2118 sublio

262 2174 388 2213 mes
420 2158 669 2225 audiunt,
696 2155 749 2210 in
772 2154 1055 2211 altitudine
1086 2169 1200 2207 sure
1224 2150 1652 2208 conversationis
1680 2164 1881 2224 agnos-

259 2261 390 2302 cere
421 2246 837 2315 concupiscunt.
890 2242 1201 2301 Secundum
1248 2239 1533 2297 historiam
1567 2254 1700 2311 ergo
1751 2234 1880 2292 Saul

257 2330 585 2391 Samuelem
616 2331 854 2401 videbat,
886 2340 939 2387 et
969 2347 1076 2385 non
1107 2327 1469 2401 cognoscebat
1501 2346 1515 2391 ;
1550 2335 1606 2383 ut
1650 2325 1798 2401 quod
1826 2324 1882 2385 in

270 2423 465 2494 ﬁgura
493 2420 843 2497 contingebat
874 2420 1000 2486 illis,
1032 2416 1191 2473 nobis
1219 2416 1521 2489 spiritualia
1546 2414 1881 2497 designaret.

244 2507 417 2562 'Nam
453 2521 578 2561 cum
606 2504 821 2575 parvuli
863 2519 1071 2570 sumus,
1119 2501 1269 2574 quasi
1313 2500 1560 2556 videmus
1608 2498 1887 2569 perfectos

246 2594 449 2660 lvii-os,
472 2594 600 2648 dum
632 2608 824 2648 eorum
854 2592 1081 2647 virtutes
1112 2607 1143 2647 a
1174 2588 1530 2645 referentibus
1572 2586 1825 2642 audimus
1868 2602 1882 2647 ;

266 2684 373 2739 sed
403 2698 549 2754 quos
575 2682 852 2750 videmus,
888 2695 998 2735 non
1015 2678 1424 2752 cognoscimus,
1444 2675 1573 2748 quia
1588 2691 1688 2746 per
1706 2689 1887 2744 expe-

271 2772 548 2827 rientiam
580 2768 718 2824 scire
747 2783 856 2824 non
891 2784 1209 2840 possumus,
1244 2766 1369 2838 quia
1385 2767 1508 2832 hoc,
1534 2764 1676 2834 quod
1703 2762 1889 2818 auditu

274 2859 650 2932 percipimus,
684 2857 736 2912 in
763 2857 951 2914 cordis
986 2857 1154 2912 oculis
1173 2860 1436 2911 tenemus.
1459 2852 1691 2923 Quando
1721 2851 1892 2924 igitur

278 2948 366 3004 ab
395 2948 481 3003 eis
512 2946 942 3002 conversationis
968 2946 1088 3017 ejus
1115 2952 1322 3000 secreta
1352 2943 1423 2997 ad
1451 2940 1774 2997 imitandum
1796 2956 1889 2999 rc-

281 3037 591 3111 quirimus,
624 3052 719 3091 eos
739 3035 993 3089 nimirum
1012 3033 1161 3107 quasi
1178 3034 1247 3088 de
1266 3031 1494 3103 pr0pria
1510 3030 1673 3087 domo
1710 3031 1887 3085 inter-

248 3139 584 3201 'rogamus.
614 3124 823 3179 Domus
867 3138 1104 3196 namque
1157 3138 1345 3177 eorum
1392 3118 1730 3179 conversatio
1771 3124 1877 3172 est.

280 3214 448 3268 Hanc
480 3213 701 3268 domum
731 3212 868 3267 scire
887 3211 1104 3267 volebat
1136 3209 1436 3281 discipulus
1463 3206 1706 3275 Joannis,
1725 3222 1898 3280 quan-

1987 1795 2150 1865 Quasi
2178 1795 2319 1853 enim
2346 1806 2473 1854 ante
2498 1800 2913 1869 praedicatorem
2942 1802 2998 1858 in
3024 1796 3301 1862 excelsum
3331 1810 3578 1867 ascendio

1987 1901 2130 1952 mus,
2164 1886 2380 1957 quando
2407 1903 2507 1945 nos
2537 1889 2690 1958 prius
2716 1889 2788 1944 ad
2815 1891 2927 1947 alta
2949 1891 3170 1950 scienda
3205 1894 3443 1953 animum
3489 1898 3581 1958 itt-

1990 1973 2280 2042 tendimus,
2306 1975 2479 2045 etipsi
2508 1976 2669 2033 nobis
2697 1993 2782 2047 ea,
2813 1978 2885 2034 ad
2904 1996 3028 2049 qua)
3057 1980 3405 2054 intendimus,
3435 1995 3585 2057 post-

1990 2063 2211 2119 modum
2240 2062 2549 2133 loquuntur.
2580 2064 2721 2137 Quid
2752 2082 2879 2122 vero
2923 2076 3027 2137 est,
3060 2069 3204 2139 quod
3234 2072 3308 2128 ait
3338 2090 3354 2128 :
3389 2076 3454 2133 Ut
3498 2091 3587 2134 eoo

1990 2151 2415 2219 medeamecum
2430 2154 2590 2211 hodie
2609 2154 2639 2207 ?
2661 2154 2769 2211 Sed
2781 2155 3000 2225 quando
3010 2157 3395 2226 praedicatores
3418 2165 3588 2222 sancti

1997 2241 2163 2311 218
2193 2240 2434 2299 ccclesiis
2460 2241 2766 2312 loquuntur,
2797 2242 3093 2303 electorum
3119 2262 3338 2306 suorum
3378 2252 3592 2310 audito-

1980 2344 2119 2387 rum
2146 2328 2314 2397 corda
2342 2328 2581 2387 reficiunt
2614 2349 2627 2386 :
2662 2336 2889 2391 testante
2935 2333 3134 2393 etenim
3171 2336 3416 2407 veritate,
3461 2341 3590 2411 quia

1992 2416 2146 2477 cibus
2175 2416 2373 2483 animm
2400 2425 2484 2472 est
2513 2418 2739 2481 verbum
2764 2420 2889 2486 Dei,
2917 2421 3038 2479 Non
3058 2422 3121 2480 ia
3150 2424 3432 2496 aolopane
3453 2430 3592 2489 uiuit

1996 2505 2176 2573 homo,
2205 2505 2303 2562 sed
2334 2506 2397 2561 in
2419 2506 2577 2571 omni
2605 2506 2764 2563 verba
2784 2507 2929 2579 quod
2955 2511 3209 2580 procedit
3251 2513 3319 2571 de
3350 2531 3448 2574 ore
3491 2519 3595 2575 Dei

1996 2592 2217 2663 (Matth.
2249 2609 2324 2662 iv,
2356 2595 2433 2662 4).
2468 2593 2628 2651 Panis
2645 2596 3205 2666 namquealimentum
3223 2604 3469 2673 corporis
3492 2613 3593 2674 est,

1996 2680 2223 2745 verbum
2253 2680 2468 2749 mentis.
2502 2682 2603 2750 Qui
2642 2699 2772 2747 vero
2815 2699 3019 2755 corpus
3070 2687 3188 2743 sine
3235 2701 3419 2752 mente
3461 2693 3593 2753 reti-

1997 2769 2163 2837 ciunt,
2194 2778 2372 2837 mente
2399 2771 2592 2831 mortui
2618 2778 2761 2843 sunt,
2804 2786 2970 2837 carne
3017 2774 3155 2835 vivi.
3205 2775 3385 2845 Quare
3430 2789 3484 2839 et
3525 2781 3597 2845 de

1998 2855 2232 2930 delicata
2262 2857 2428 2915 vidua
2457 2859 2658 2915 Paulus
2674 2859 2776 2915 ait:
2820 2862 3013 2919 Vivens
3027 2867 3257 2939 mortua
3286 2877 3372 2927 est
3390 2869 3441 2936 (I
3455 2870 3592 2931 Titus.

1999 2962 2057 3014 v,
2087 2949 2162 3017 6).
2193 2947 2333 3015 Nam
2371 2962 2471 3017 per
2501 2947 2747 3007 ciborum
2785 2948 3011 3007 delicias
3041 2965 3151 3008 non
3189 2965 3495 3015 moreretur
3518 2960 3598 3019 vi-

2000 3034 2128 3101 dua.
2157 3034 2202 3091 si
2229 3034 2466 3105 animam
2498 3035 2648 3091 verbi
2695 3036 2794 3101 Dei
2835 3037 2961 3097 cibo
3001 3041 3243 3110 satiaret,
3302 3058 3432 3105 cum
3477 3047 3599 3120 ipse

1912 3089 1969 3155 (ὖ
2013 3089 2210 3179 panius
2222 3089 2366 3181 dicat
2396 3142 2409 3178 ε
2441 3124 2589 3189 Nihil
2616 3089 3287 3200 θειςὲἶὶῃῖπῖὖᾷἀᾷἶὶιᾷζά
3305 3089 3432 3193 ἓξὲξ
3463 3089 3598 3209 ῥῖζῖ

2009 3212 2205 3273 tiarum
2226 3213 2441 3295 actione
2469 3212 2763 3295 percipitur
2787 3213 2837 3285 (Ι
2874 3216 3015 3281 Tim.
3055 3233 3130 3282 tv.
3159 3219 3238 3291 4).
3262 3220 3375 3281 Sed
3407 3223 3602 3286 vivens

284 3303 369 3357 do
400 3302 689 3357 Dominum
721 3300 1090 3372 interrogavit,
1122 3298 1310 3354 dicens
1343 3317 1356 3353 :
1388 3297 1648 3369 Magister
1676 3295 1768 3352 ubi
1795 3295 1901 3357 Iia-
2009 3300 2167 3357 vidua
2199 3302 2452 3373 moritur,
2484 3303 2703 3373 quando
2730 3303 2857 3365 cibo
2882 3319 3082 3376 corpus
3127 3310 3319 3378 nutrit,
3364 3312 3602 3373 animum

284 3390 447 3446 ﬁta:
466 3390 658 3459 (Joan.
697 3403 736 3455 t,
770 3389 857 3454 38)
886 3388 1036 3456 εἶρυί
1066 3387 1343 3455 nimirum,
1377 3386 1505 3457 quia
1559 3383 1626 3439 ad
1658 3383 1898 3443 familia-

280 3480 516 3533 ritatem
542 3478 708 3544 illius,
765 3475 918 3548 quasi
964 3475 1293 3531 domesticus
1340 3473 1721 3545 perducendus
1762 3480 1896 3538 erat,

284 3567 543 3623 audivit:
576 3564 737 3632 Veni,
755 3570 811 3631 et
830 3564 973 3620 vide.
993 3565 1376 3631 Hancdomum
1407 3562 1583 3619 visam
1622 3560 1900 3631 Philippus

280 3673 407 3712 non
434 3655 825 3728 cognoscebat,
841 3655 924 3709 cui
947 3654 1107 3709 dicit:
1139 3653 1315 3710 Tanto
1335 3656 1583 3723 tempore
1616 3649 1901 3713 vobiscum

279 3763 422 3803 sum
452 3748 514 3801 et
542 3759 655 3799 non
676 3743 1014 3815 cognovisti:
1041 3758 1166 3798 me:
1197 3741 1475 3814 Philippe,
1495 3738 1589 3812 qui
1604 3738 1752 3795 videt
1791 3753 1896 3807 me,

280 3833 448 3891 videt
466 3839 529 3890 et
559 3831 799 3889 Patrem
828 3848 1017 3888 meum
1047 3833 1229 3899 (Joan.
1267 3845 1385 3903 xiv,
1416 3831 1492 3896 9).
1540 3829 1619 3884 De
1669 3827 1898 3883 Domino

278 3924 463 3980 etiam
492 3920 751 3992 scripturn
780 3927 881 3989 est,
915 3920 1041 3992 quia
1071 3918 1392 3989 loquebatur
1419 3916 1590 3987 Moysi
1621 3917 1754 3993 sicut
1773 3930 1898 3971 cum

276 4008 478 4067 amico
504 4023 605 4065 suo
633 4026 653 4075 ;
678 4008 777 4064 sed
799 4007 945 4064 idem
974 4004 1185 4078 Moyses
1212 4006 1422 4072 videns,
1453 4011 1507 4061 et
1535 4019 1646 4060 non
1667 4018 1901 4079 cognos-

272 4110 448 4165 oens,
460 4097 858 4169 interrogabat,
870 4095 1059 4152 dicens
1077 4114 1090 4150 :
1119 4096 1382 4154 Stinvent
1395 4095 1645 4168 gratiam
1660 4094 1723 4149 tn
1743 4107 1899 4150 cons-

276 4190 600 4261 peclatus,
611 4185 844 4242 ostende
864 4184 1012 4241 mihi
1038 4186 1246 4256 faciem
1265 4188 1425 4241 tuam
1450 4183 1655 4253 (Exod.
1683 4195 1809 4249 xxx
1834 4192 1896 4249 ιι,

2005 3382 2149 3449 fame
2176 3384 2436 3443 interﬁcit
2461 3386 2685 3458 (Matth.
2719 3394 2818 3458 iv).
2851 3386 2910 3443 In
2952 3389 3074 3453 solo
3101 3406 3236 3463 ergo
3267 3407 3413 3464 pane
3441 3397 3604 3459 homo

2007 3490 2117 3535 non
2137 3473 2268 3530 vivit
2298 3473 2477 3548 :lquia
2516 3491 2641 3546 cum
2684 3492 2751 3532 ex
2797 3479 2981 3535 anima
3022 3486 3078 3541 et
3118 3494 3351 3555 corpore
3390 3464 3607 3559 constet

1988 3565 2191 3629 homo,
2223 3563 2364 3621 sicut
2388 3562 2545 3620 aliter
2573 3580 2672 3635 per
2695 3579 2904 3636 corpus
2932 3566 3083 3635 vivit,
3114 3568 3188 3631 ita
3209 3573 3264 3641 et
3285 3584 3606 3637 necessust

2007 3660 2065 3727 ut
2093 3652 2365 3711 alimentis
2392 3652 2625 3709 diversis
2651 3653 2871 3726 singula
2899 3655 3215 3729 nutriantur.
3249 3644 3319 3717 Ut
3344 3663 3601 3728 eamad...

2008 3758 2129 3798 mus
2157 3741 2360 3829 itaque,
2382 3756 2507 3797 cum
2537 3742 2801 3813 propheta
2827 3743 3207 3811 ascendimus,
3255 3750 3475 3829 quando
3522 3753 3594 3816 ad

2006 3831 2119 3905 alia
2141 3828 2306 3887 divini
2328 3829 2479 3887 verbi
2528 3837 2766 3899 mentem
2804 3831 3090 3904 erigimus,
3135 3842 3195 3895 ut
3221 3828 3343 3907 ejus
3386 3838 3596 3904 cmlesti

2006 3933 2202 3991 sapore
2230 3933 2330 3991 per
2357 3917 2701 3989 devotionem
2731 3920 3015 3985 satiemur.
3058 3968 3063 3973 .
3540 3972 3543 3973 ν

2079 4011 2167 4067 48.
2196 4006 2263 4075 Et
2288 4006 2415 4081 quia
2439 4005 2543 4076 ipsi
2571 4007 2952 4077 praedicatores
2973 4007 3133 4075 valde
3161 4022 3353 4075 amant
3398 4016 3600 4080 emles-

2010 4095 2100 4164 tia,
2151 4110 2272 4167 quae
2312 4095 2621 4166 loquuntur,
2659 4096 2818 4166 quasi
2858 4095 3019 4152 simul
3066 4102 3599 4171 comedimym

2008 4184 2204 4273 devote
2232 4182 2310 4273 illi
2338 4181 2612 4254 loquendo
2634 4182 2933 4273 proferunt,
2967 4187 3113 4258 quod
3144 4204 3248 4273 nos
3279 4189 3473 4265 deypte
3494 4209 3599 4273 φα-

279 4274 1270 4347 13).Spiritualisautemconversatio
1286 4271 1760 4342 sanctorum,quia
1775 4262 1903 4325 non-
2009 4262 2232 4343 diendo,
2264 4269 2319 4325 in
2347 4277 2535 4327 ventre
2561 4270 2756 4327 animae
2779 4269 3041 4330 locamus.
3065 4270 3246 4330 Simul'
3259 4262 3400 4334 enim
3419 4262 3599 4340 come-

272 4345 1077 4434 “devoﬁs,acsnppﬁ¢ibus
1092 4362 1367 4433 panditur,
1385 4363 1605 4417 domum
1626 4356 1901 4415 Samuciis
2009 4360 2186 4416 dimus
2221 4376 2233 4414 :
2268 4375 2395 4432 quia
2416 4359 2642 4426 verbum
2666 4352 2762 4416 Dei
2792 4362 2994 4430 pariter
3021 4346 3290 4424 audimus.
3324 4345 3596 4427 Praedicta:

277 4453 433 4512 Sani
462 4454 691 4509 indicari
712 4454 815 4507 sibi
853 4453 1097 4507 similiter
1133 4451 1477 4522 deprecatur.
1519 4448 1703 4506 Sancti
1734 4448 1892 4533 etiam
1922 4447 1975 4513 Β
1998 4445 2217 4533 toribus
2241 4460 2479 4533 namque
2511 4443 2719 4533 veritas
2741 4444 2910 4533 dicit:
2933 4442 3069 4533 Non
3087 4465 3178 4505 vos
3198 4452 3354 4518 estis,
3389 4452 3485 4531 qui

272 4536 827 4610 praedicatorescum
852 4534 922 4591 de
947 4550 1009 4590 se
1040 4550 1240 4606 magna
1269 4533 1513 4600 audiunt,
1549 4547 1649 4602 per
1671 4528 1898 4585 humili-
2010 4530 2254 4602 quimini
2276 4528 2373 4583 sed
2387 4528 2627 4600 spiritus
2644 4527 2835 4584 Patris
2855 4531 3028 4585 vestri
3043 4534 3139 4603 qui
3158 4527 3412 4606 loquitur
3424 4538 3484 4593 in
3503 4527 3600 4603 eo?

252 4634 549 4691 .tatemse
564 4624 849 4695 dejiciunt,
880 4638 993 4679 non
1013 4624 1218 4678 inﬂant.
1262 4620 1451 4679 Sciunt
1490 4635 1548 4676 se
1593 4618 1904 4690 petentibus
1996 4618 2093 4674 bis
2122 4615 2339 4695 (Matth.
2358 4632 2425 4680 rx,
2447 4620 2560 4685 20).
2585 4614 2743 4684 Quod
2774 4624 2827 4672 et
2856 4614 3061 4673 Paulus
3082 4614 3298 4691 probat,
3323 4639 3446 4680 cum
3468 4642 3599 4684 suos

262 4728 531 4784 magna.
588 4729 709 4783 quae
766 4712 1062 4781 imitentur,
1118 4711 1404 4769 ostendere
1461 4724 1479 4779 ς
1534 4709 1712 4765 sciunt
1765 4707 1906 4763 inter
2013 4698 3607 4783 auditoreainterrogatﬁicens:Aaexperimcntumquw-

278 4817 532 4874 magna,
560 4816 684 4877 quae
726 4800 1034 4867 ostendunt,
1078 4800 1263 4873 magni
1310 4814 1415 4871 per
1428 4796 1749 4869 jactantiam
1795 4808 1906 4877 non
1996 4786 2151 4875 'ra‘tis
2164 4790 2305 4861 ejus,
2323 4790 2423 4862 qui
2436 4790 2501 4845 in
2516 4803 2606 4871 me
2621 4787 2842 4846 habitat
2857 4790 3114 4848 Christus
3130 4793 3205 4861 (II
3218 4795 3340 4851 Cor.
3360 4813 3482 4865 xm,
3501 4799 3557 4871 3)
3572 4802 3605 4856 τ

276 4903 598 4963 ερρωεε,
629 4887 813 4961 Qum
839 4894 894 4945 οι
918 4888 1171 4944 subdiu“-
1202 4906 1213 4943 ;
1496 4880 1501 4885 ’
1996 4879 2151 4950 Quia
2177 4895 2311 4951 ergo
2338 4878 2397 4932 in
2411 4877 2610 4959 sanctis
2636 4878 3087 4953 prmdicatoribus
3104 4882 3370 4954 Christus,
3390 4894 3444 4942 et
3479 4888 3603 4958 ejus

368 4977 565 5047 (Vera.
594 4980 709 5049 te.)
739 4978 811 5034 BI
824 4977 1117 5051 respondit
1141 4975 1770 5035 Smthautdtcem:
1797 4973 1904 5044 Ego
2008 4969 2228 5051 spiritus
2249 4966 2516 5039 loquitur,
2536 4965 2642 5035 ipsi
2673 4966 3062 5038 praedicatores
3086 4974 3237 5027 tanto
3269 4971 3466 5029 clarius
3505 4970 3598 5033 io-

276 5046 438 5129 ηέπ
466 5046 809 5128 Υὶάιωξδιό
824 5046 1069 5123 utenda
1083 5066 1397 5122 antemeia
1409 5054 1699 5121 excetra":
1723 5063 1902 5129 hodie,
2000 5046 2266 5143 quantam
2294 5055 2541 5143 a’udiuat,
2571 5054 2649 5125 (α)
2675 5062 2876 5124 quanto
2891 5055 2942 5111 ei
2960 5056 3245 5114 viciniores
3261 5069 3404 5129 sunt,
3447 5061 3601 5132 cujus

282 5161 364 5222 ut
397 5155 662 5216 comedas
682 5170 926 5221 meeum,
957 5159 1013 5211 et
1042 5154 1339 5211 dimittam
1373 5158 1425 5210 te
1451 5166 1640 5210 mane.
2012 5136 2171 5203 sedes
2200 5160 2324 5225 esse
2351 5134 2647 5200 merentur.
2689 5144 2858 5200 Tanto
2901 5159 3037 5219 ergo
3072 5145 3287 5219 plenius
3325 5148 3394 5204 de
3442 5147 3603 5207 verbi

372 5245 467 5305 67.
502 5241 649 5311 Quid
664 5250 752 5300 est
779 5243 995 5300 dicere:
1019 5244 1129 5315 Ego
1155 5258 1284 5301 sum
1319 5241 1554 5299 Videas:
1582 5239 1685 5296 nisi
1713 5254 1792 5310 se,
1836 5237 1907 5294 si-
2010 5236 2277 5291 alimento
2306 5228 2745 5305 poternntreﬁci,
2768 5239 2976 5304 quanto
3005 5233 3120 5313 jam
3144 5232 3287 5291 intra
3303 5250 3369 5293 se
3402 5238 3609 5297 habent

286 5341 400 5401 aut.
459 5306 726 5391 iii—vocalis
781 5306 1093 5398 videbatur,
1152 5331 1417 5388 humilem
1473 5306 1851 5387 demonstrare
1879 5327 1909 5382 τ
2004 5325 2206 5382 cellam
2246 5321 2583 5379 refectionis.
2640 5321 2816 5376 Amici
2871 5321 3073 5375 etenim
3110 5306 3308 5394 sponsi
3359 5335 3504 5396 sunt,
3556 5324 3613 5401 et

507 5420 654 5479 dicat
683 5420 804 5477 ιτα
833 5420 890 5476 in
915 5397 1276 5477 estimatione
1300 5429 1390 5476 tua
1417 5433 1677 5492 magnum
1716 5418 1905 5484 habes,
2008 5422 2188 5482 stant,
2220 5420 2274 5469 et
2292 5412 2498 5486 gaudio
2512 5409 2753 5483 gaudent
2772 5416 2995 5481 propter
3016 5423 3211 5487 vocem
3237 5414 3446 5491 sponsi.
3467 5397 3607 5493 Cum

274 5560 289 5568 ’
380 5544 462 5616 (α)
494 5542 674 5601 Vatis.
712 5550 768 5600 et
794 5542 999 5613 Gilot.,
1030 5548 1242 5624 quanto
1266 5544 1373 5603 eis.
1403 5543 1551 5629 intra
1581 5541 1745 5607 Gilot.
1774 5540 1942 5607 habet
1968 5520 2330 5633 meruerant,
2351 5551 2455 5625 pro
2490 5536 2811 5607 merentur.

684 5695 931 5752 Pnaoc.
973 5694 1221 5752 LXXIX.
2048 5764 2053 5768 ν
2079 5761 2101 5770 _
2130 5764 2165 5769 η
2250 5761 2306 5768 η
3173 5695 3204 5751 9
