4034 6174
444 278 547 345 267
1625 248 1876 321 SANC'I‘I
1918 245 2263 314 GREGORII
2301 249 2527 315 MAGNI
3648 259 3756 320 εδδ

443 426 574 485 ergo
595 405 780 465 divina
798 405 1088 475 loquuntur
1113 393 1282 452 sancti
1306 391 1713 465 praedicatores,
1742 384 1969 440 audiunt
2028 399 2041 436 :
2081 390 2128 444 Α
2160 397 2268 438 non
2294 383 2347 437 in
2374 397 2581 485 amore,
2606 381 2716 485 sed,
2841 377 3108 485 scientia,’
3128 379 3197 438 de
3240 381 3575 453 plenitudine
3613 387 3756 444 acci-

445 471 542 558 sed
573 499 701 568 quia
727 471 1214 560 certa-experienta
1242 489 1457 547 norunt,
1490 478 1708 568 quando
1743 475 1798 528 in
1841 473 1920 568 eis
1961 471 2051 568 10-:
2160 471 2262 568 pit,
2290 487 2398 568 non
2418 471 2589 568 verbi,
2622 472 2718 527 sed
2739 471 2993 568 libri.-Et
3020 473 3148 544 quia
3182 488 3300 568 rem
3345 482 3611 568 mortuam
3653 491 3760 568 ac-

448 559 628 661 quitur
647 583 887 655 spiritus,
918 559 1144 634 audiunt
1183 589 1262 640 se,
1287 570 1382 626 sed
1431 585 1541 624 non
1595 567 1650 622 in
1703 581 1785 632 se,
1832 561 1958 661 quia
2001 563 2052 614 et
2157 560 2308 661 cipit,
2343 561 2395 614 in
2426 559 2675 661 ejusipse
2703 560 3018 661 acceptione
3039 576 3147 661 non
3179 561 3327 661 vivit.
3349 563 3455 661 Sed
3473 563 3604 661 quid
3637 565 3762 661 dico

447 649 550 751 ipsi
577 649 882 744 loquentur,
927 666 1023 722 sed
1051 665 1106 718 in
1158 678 1218 717 se
1276 658 1460 725 locuti,
1520 657 1832 728 loquentem
1887 649 2053 704 alium
2160 649 2492 751 Scripturam
2525 651 2832 751 mortuam?
2862 649 2984 703 Non
3013 657 3096 751 est
3123 658 3337 751 mortua
3382 658 3604 751 tantum,
3663 653 3762 751 sed

445 736 791 823 venerantur.
825 760 884 812 In
912 771 978 811 eo
1007 753 1191 825 igitur,
1224 749 1369 819 quod
1395 745 1621 801 audiunt
1659 750 1712 798 et
1744 741 2052 812 loquuntur,
2164 736 2514 793 interﬁciens.
2544 739 2682 792 Nam
2713 737 2970 809 scriptum
3001 744 3115 792 est:
3149 739 3367 794 Littera
3396 741 3621 809 occidit,
3640 743 3765 815 spi-

445 865 500 913 et
528 851 795 912 reﬁciunt,
821 854 870 902 et
897 843 1227 900 reﬁciuntur.
1257 835 1523 894 Reticiunt
1567 832 1784 906 quidem
1834 827 2055 884 audito-
2163 831 2311 882 ritus
2340 830 2531 882 autem
2551 826 2827 896 vivi/icat(
2845 826 2894 880 II
2911 829 3032 883 Cor.
3069 841 3151 891 nt,
3188 831 3262 897 6‘).
3283 829 3395 883 lloc
3427 828 3643 900 quidem
3676 831 3766 886 fa-

447 961 556 1012 res,
589 942 718 997 dum
757 935 980 991 verbum
1021 928 1301 1002 proferunt
1356 940 1488 980 voce
1544 938 1639 977 sua
1688 938 1701 981 ;
1748 916 2060 973 reﬁciuntur
2163 914 2234 970 cit
2264 915 2442 970 omnis
2469 913 2654 970 divina
2679 915 2877 1012 littera.
2910 915 3049 1012 l‘iam
3082 914 3276 1012 littera.
3293 931 3492 1012 corpus
3523 926 3622 982 est,
3656 919 3769 974 bu-

445 1003 575 1105 ipsi,
607 1031 736 1085 dum
762 1024 1015 1086 verbum,
1049 1017 1194 1090 quod
1226 1013 1524 1087 proferunt,
1557 1008 1830 1081 profertur
1857 1005 1936 1060 eis
1962 1018 2056 1100 re-o
2159 1004 2248 1073 jus
2278 1018 2404 1105 rei?
2434 1003 2676 1075 corporis
2713 1003 2824 1059 vim
2868 1003 3111 1104 ξρὲπίιυεί
3149 1003 3499 1105 ’ξγὶνὶᾗοαῃέω
3523 1007 3767 1105 ’ψῆρρῇ

447 1090 720 1180 velatione
745 1113 948 1170 divina.
974 1107 1083 1179 Ipsi
1121 1113 1300 1161 temen
1341 1100 1587 1157 devotius
1613 1101 1939 1162 saturantur,
1968 1090 2059 1164 qui
2167 1099 2221 1148 et
2250 1091 2528 1147 viviﬁcans
2555 1107 2748 1163 corpus
2776 1091 2990 1163 accipit,
3015 1091 3105 1164 qui
3149 1093 3387 1149 litteram
3431 1095 3581 1168 legit,
3619 1106 3670 1152 et
3712 1097 3770 1151 in

451 1211 510 1266 in
546 1205 818 1263 locutione
857 1197 1097 1271 spiritus,
1156 1190 1349 1248 mentis
1402 1189 1626 1245 delicias
1654 1181 1867 1254 experti
1913 1187 2058 1271 sunt.
2167 1195 2415 1271 amorem,
2439 1180 2809 1271 intelligentiae
2839 1189 3074 1236 mentem
3105 1181 3291 1238 reﬁcit.
3326 1183 3563 1254 Reprobi
3610 1201 3770 1258 ergo,

451 1303 647 1356 Annon
675 1269 1004 1363 experientia
1033 1281 1307 1353 loquentis
1336 1276 1555 1349 spiritus
1585 1281 1688 1340 est,
1722 1269 2060 1363 inconsultos
2169 1269 2259 1363 qui
2303 1269 2606 1363 Scripturas
2635 1269 2917 1337 rimantur,
2956 1287 3100 1363 quas
3158 1287 3264 1326 non
3305 1280 3504 1363 amant,
3541 1273 3633 1344 qui
3669 1289 3774 1363 au-

453 1395 508 1443 et
535 1357 1022 1453 impraameditatos
1049 1387 1108 1427 se
1148 1382 1389 1432 cernere,
1433 1363 1723 1453 subitoque
1762 1357 2060 1453 consultos,

453 1480 508 1532 et
533 1447 755 1545 paratos
791 1480 915 1522 esse
939 1465 968 1517 ‘?
1020 1459 1192 1524 Scire,
1241 1471 1362 1527 quae
1405 1452 1720 1545 nescierunt
1749 1447 2017 1545 “habere
2046 1485 2061 1512 ,

455 1536 576 1636 quae
605 1575 713 1615 non
741 1554 1047 1610 habuerant
1075 1566 1089 1603 :
1121 1555 1394 1616 torporem
1424 1539 1620 1636 ment-is
1659 1536 1926 1636 amittere,
1969 1547 2065 1636 re-

455 1626 616 1725 pente
640 1645 781 1701 mira
806 1639 1093 1696 devotione
1124 1635 1340 1690 fervere
1373 1648 1385 1684 :
1435 1626 1774 1725 plenitudine
1807 1626 2064 1725 scientiae

2169 1358 2359 1413 dacter
2389 1357 2518 1413 foris
2547 1357 2850 1430 loquentur,
2879 1359 3038 1430 cujus
3066 1376 3316 1430 saporem
3346 1360 3488 1416 intus
3530 1377 3637 1416 non
3682 1361 3778 1416 in-

2169 1445 2449 1519 telligunt;
2485 1446 2610 1501 dum
2643 1447 2998 1503 refectionem
3033 1448 3454 1520 Scripturarnm,
3493 1465 3630 1520 quas
3666 1466 3778 1507 ex-

2170 1543 2395 1606 ponunt,
2428 1534 2517 1590 alii
2547 1534 2743 1590 devota
2792 1543 2974 1592 mente
3022 1537 3345 1608 percipiunt,
3380 1539 3536 1608 quasi
3583 1538 3650 1594 de
3686 1554 3777 1606 eo,

2171 1623 2317 1695 quod
2347 1623 2455 1694 ipsi
2485 1623 2634 1692 dant,
2669 1623 2759 1679 alii
2786 1633 3113 1689 saturantur,
3145 1639 3250 1681 non
3284 1626 3403 1697 ipsi.
3442 1628 3602 1683 Dicat
3642 1643 3781 1700 ergo

456 1709 633 1798 statim
661 1742 714 1790 et
752 1733 811 1785 in
857 1733 1132 1784 momento
1155 1721 1478 1778 mirabiliter
1505 1715 1722 1788 repleri,
1748 1713 1885 1767 mira
1915 1709 2067 1767 verbi
2096 1739 2150 1800 B
2174 1712 2393 1768 Samuel
2419 1713 2716 1800 :Ascende,
2733 1717 2797 1769 ut
2821 1715 3078 1770 comedas
3094 1731 3315 1771 mecum
3332 1715 3522 1773 hodie:
3543 1715 3667 1789 quia
3709 1732 3784 1772 ex

457 1825 715 1886 facundia
756 1818 1027 1875 intellecta
1073 1812 1317 1884 proferre
1369 1810 1398 1863 ?
1451 1807 1662 1861 Habent
1714 1816 1848 1874 ergo
1905 1798 2063 1856 electi

454 1915 838 1991 praedicatores
869 1902 1251 1977 experientiam
1281 1898 1502 1991 spiritus
1528 1895 1616 1991 ’ἱηή
1651 1909 1724 1991 se
1755 1887 2062 1991 loquentisi,

457 1979 513 2062 in
541 2001 825 2076 repentina
852 1992 1182 2051 revelatione
1211 1985 1496 2078 veritatis:
1528 1982 1731 2078 babent
1751 1979 1930 2078 subito
1958 1992 2066 2078 ar-

459 2071 649 2152 dorem
694 2084 996 2152 cbaritatis,
1055 2080 1258 2134 habent
1318 2075 1372 2129 in
1417 2071 1752 2145 plenitudine
1804 2071 2066 2134 scientiae,

457 2183 661 2241 habent
688 2177 743 2232 in
774 2168 1165 2230 facundissime
1194 2164 1342 2221 verbi
1385 2160 1785 2234 praedicatione.
1830 2156 1972 2212 Nam
2018 2160 2073 2208 et

456 2270 637 2330 subito
664 2267 1021 2326 instruuntur,
1053 2265 1105 2313 et
1129 2261 1347 2325 repente
1391 2252 1720 2314 fervescunt,
1771 2253 1824 2301 et
1873 2245 1928 2300 in

459 2368 641 2418 mento
671 2353 969 2427 replentur,
1018 2355 1076 2404 et
1131 2341 1392 2430 mirabili
1415 2339 1615 2408 eloquii
1669 2342 1934 2430 potestate
1981 2332 2071 2430 di-

463 2454 662 2507 tantur.
693 2423 775 2499 De
802 2440 900 2494 illa
928 2449 1164 2505 namque
1190 2428 1471 2501 repentina
1501 2424 1836 2496 experientia
1876 2423 2073 2477 Domi-

462 2555 567 2596 nus
594 2533 730 2591 dicit
759 2522 1182 2586 :Dabiturvobis
1209 2521 1275 2575 in
1303 2519 1410 2574 illa
1432 2517 1590 2582 hora,
1612 2513 1744 2586 quid
1764 2507 2076 2584 loquamini

463 2625 684 2699 (Matth.
717 2636 777 2684 χ,
809 2617 918 2687 19).
938 2615 1019 2668 De
1045 2611 1140 2666 illo
1167 2615 1346 2699 autem
1374 2603 1658 2659 subitaneo
1683 2601 1909 2699 fervore
1937 2600 2074 2699 clla-

464 2685 638 2772 ritatis
665 2685 934 2778 Cleophas
962 2701 1096 2756 dicit
1133 2716 1144 2752 :
1190 2698 1386 2754 Nonne
1429 2709 1526 2750 cor
1566 2685 2079 2778 nostrum‘ardens

468 2809 595 2864 erat
605 2804 666 2858 in
683 2776 941 2861 viardum
964 2790 1306 2863 loqueretur,
1321 2787 1378 2840 et
1389 2781 1636 2855 aperiret
1645 2777 1809 2835 nodis
1822 2776 2082 2848 Scriptu-

396 2930 409 2940 ς
469 2888 742 2962 ras(Lue.
765 2878 1079 2950 unum”)?
1105 2877 1182 2930 De
1210 2871 1523 2962 repletionis
1553 2872 1858 2962 quoque—et
1881 2865 2080 2962 facuu:

469 2954 935 3048 diae‘experientia
949 2970 1118 3022 Lucas
1155 2960 1421 3028 meminit,
1467 2957 1656 3048 dicens
1698 2955 1966 3048 :‘Factns
1995 2954 2080 3048 est

475 3043 707 3142 repente
717 3065 782 3120 de
795 3060 930 3118 caelo
940 3070 1114 3113 sonus
1132 3057 1402 3118 tanquam
1415 3044 1773 3103 advenientis
1800 3049 1836 3106 2
1854 3047 1888 3110 1
1903 3043 1952 3111 9
1968 3043 2081 3114 :pi—
2109 3089 2160 3154 Ο

481 3159 628 3183 wn“-
641 3147 986 3183 --λιιιινηαο-Ηο
1023 3147 1079 3183 pl
1091 3156 1184 3183 nn
1193 3140 1326 3183 lmiit
1341 3141 1516 3183 tntum
1529 3134 1776 3183 domum.
1793 3132 1888 3183 ubi
1909 3132 2080 3183 erant

476 3132 628 3216 ritus
641 3147 1006 3211 vehementis,
1023 3147 1080 3198 et
1091 3140 1326 3211 replevit
1341 3141 1516 3193 totam
1529 3134 1776 3199 domum,
1793 3132 1888 3188 ubi
1909 3146 2050 3187 eran

481 3240 900 3307 sedentes(Act.
931 3232 1085 3302 11,2).
1111 3231 1174 3284 1n
1201 3227 1396 3284 eodem
1426 3223 1629 3295 quippe
1653 3219 1843 3292 spiritu
1892 3218 2084 3290 repleti

483 3343 540 3392 et
566 3330 730 3388 locuti
759 3332 902 3390 sunt,
931 3328 988 3376 ut
1018 3321 1140 3383 hoc,
1165 3314 1312 3388 quod
1343 3312 1654 3375 asserimus,
1697 3309 2084 3380 designarent:

487 3423 612 3498 quia
642 3414 895 3475 videlicet
924 3406 1217 3498 loquendo,
1265 3403 1406 3458 alios
1453 3398 1826 3498 pas-cunt,.qui
1883 3396 1953 3452 de
2001 3411 2088 3463 eo,

486 3487 631 3584 quod
658 3507 863 3571 dicunt,
893 3495 1164 3555 audiendo
1187 3497 1503 3584 pascuntur.
1539 3489 1604 3544 Et
1625 3487 1962 3584 .quiasonum
1990 3501 2091 3541 ve-

491 3577 758 3657 liementis
785 3590 1002 3663 spiritus
1020 3584 1292 3646 ardorem,
1322 3579 1438 3634 sive
1477 3577 1823 3640 locutionem,
1862 3582 1950 3629 aut
1994 3589 2091 3663 Are-

490 3687 786 3761 pletionem
815 3661 1167 3751 cognoscunt,
1199 3676 1350 3724 tanto
1375 3665 1595 3722 dulcius
1627 3664 1696 3761 in.
1719 3663 1877 3761 donis
1897 3661 2094 3761 ‘spiri-

494 3750 734 3835 tualibus
754 3750 1058 3842 epulantur,
1090 3766 1290 3834 quanto
1309 3755 1379 3811 ad
1409 3755 1531 3825 ejus
1553 3752 1853 3842 recubitum
1881 3750 2097 3823 dignius

499 3861 760 3934 assumpti
790 3841 935 3921 sunt,
971 3851 1141 3908 Dicit:
1175 3844 1442 3938 Ascende,
1491 3841 1842 3938 atramedas
1876 3856 2101 3938 mecum

496 3954 655 4014 hodie
675 3929 838 4022 {quia
864 3945 1037 4000 bonus
1063 3939 1271 4003 doctor,
1302 3935 1432 3989 dum
1477 3931 1732 3996 dulciter,
1783 3946 1903 4022 quae
1946 3929 2097 4022 dicit,

496 4045 554 4100 in
580 4017 923 4097 devotionem
953 4028 1152 4086 mentis
1190 4023 1410 4095 accipit,
1443 4037 1504 4077 se
1539 4025 1594 4077 et
1633 4035 1727 4077 eos
1757 4017 1847 4090 qui
1878 4017 2105 4074 audiunt

490 4129 652 4190 simul
669 4124 863 4203 pascit.

569 4259 658 4314 49.
690 4252 809 4322 Quo
837 4250 1027 4307 contra
1055 4243 1312 4299 doctores
1331 4235 1577 4309 reprobi,
1600 4234 1728 4322 quia
1748 4247 1867 4302 quae
1897 4229 2105 4322 dicunt,

500 4363 610 4403 non
637 4319 845 4404 ain—ant,
875 4352 996 4393 cum
1020 4333 1155 4388 alios
1183 4327 1354 4385 verbo
1385 4330 1627 4396 pascunt,
1654 4320 1924 4392 jejunant.
1966 4319 2107 4372 Nam

2172 1816 2258 1867 eo,
2291 1799 2434 1871 quod
2463 1800 2691 1856 subditis
2719 1800 2786 1857 de
2808 1803 2976 1858 verbo
3005 1803 3160 1858 electi
3189 1804 3440 1860 doctores
3486 1806 3729 1860 tribuunt
3762 1844 3781 1873 ,

2174 1898 2227 1946 et
2256 1889 2458 1961 pariter
2484 1888 2726 1959 audiunt,
2758 1898 2811 1946 et
2839 1891 3044 1962 pariter
3079 1899 3404 1948 saturantur.
3453 1894 3593 1950 Ecce
3635 1893 3781 1948 enim

2177 1977 2230 2032 in
2259 1977 2452 2033 eodem
2501 1979 2620 2048 ipso
2667 1979 2856 2045 verbo,
2901 1980 3045 2050 quod
3067 1981 3316 2051 dicimus,
3347 1981 3777 2039 demonstratur.

2176 2067 2314 2121 Nam
2347 2066 2466 2136 quis
2493 2067 2721 2133 dubitat,
2753 2068 2897 2138 quod
2926 2069 3067 2124 hanc
3096 2069 3450 2140 Scripturam,
3485 2089 3647 2142 quam
3672 2087 3778 2128 ex-

2177 2155 2450 2227 ponimus,
2502 2155 2728 2211 Samuel
2782 2157 3104 2230 scripserit?
3153 2160 3222 2214 Et
3267 2169 3445 2215 tamen
3492 2161 3634 2232 ipse,
3686 2159 3784 2232 qui

2181 2243 2419 2314 scripsit,
2443 2245 2559 2299 hzec
2589 2244 2718 2302 dicit
2750 2264 2762 2298 :
2788 2247 3087 2316 Respondit
3118 2248 3358 2305 Samuel
3373 2269 3395 2312 ,-
3438 2258 3495 2304 ut
3535 2248 3786 2321 profecto

2179 2332 2506 2399 ostenderet,
2559 2333 2684 2403 quia
2712 2334 2856 2403 quod
2885 2335 3003 2390 idse
3024 2336 3309 2404 scribebat,
3343 2338 3482 2393 alius
3507 2337 3790 2409 impartie-

2181 2420 2357 2477 batur.
2390 2421 2527 2490 Quia
2556 2437 2692 2495 ergo
2718 2422 2948 2494 Spiritus
2977 2432 3214 2493 sanctus,
3233 2425 3325 2496 qui
3349 2443 3447 2498 per
3463 2443 3584 2482 eum
3602 2427 3789 2498 loqui-

2182 2518 2290 2577 tur,
2324 2527 2421 2581 per
2448 2527 2569 2566 eum
2601 2511 2670 2566 de
2696 2527 2764 2567 eo
2796 2512 2931 2568 dicit
2963 2514 3298 2585 :Respondit
3324 2515 3541 2571 Samuel
3572 2515 3725 2572 Sauli
3774 2532 3791 2570 :

2184 2600 2430 2655 Ascende
2449 2603 2585 2656 ante
2601 2616 2684 2656 me
2697 2603 2758 2657 in
2771 2602 3082 2670 excelsum,
3102 2607 3164 2659 ut
3183 2605 3438 2660 comedas
3450 2621 3671 2662 mecum
3691 2605 3791 2661 lto-

2185 2688 2294 2744 die.
2315 2689 2432 2743 lloc
2459 2687 2609 2756 dicit,
2641 2691 2788 2760 quod
2816 2690 2980 2759 audit;
3023 2701 3075 2747 et
3118 2691 3279 2747 simul
3308 2693 3472 2760 audit,
3506 2701 3560 2748 et
3613 2694 3787 2761 dicit,

2185 2776 2328 2832 Dum
2357 2792 2490 2848 ergo
2519 2792 2717 2851 magna
2748 2779 3092 2836 veneratione
3122 2782 3323 2836 amoris
3353 2782 3524 2849 audit,
3548 2791 3600 2838 et
3627 2783 3797 2854 loqui-

2187 2871 2274 2920 tur
2299 2865 2621 2936 prazdicator
2663 2867 2887 2934 electus;
2938 2883 3144 2942 magna
3182 2869 3473 2926 devotione
3518 2871 3798 2928 auditores

2187 2952 2315 3010 boni
2346 2969 2467 3024 quae
2496 2953 2762 3024 dicuntur,
2795 2956 3085 3027 excipiunt;
3122 2957 3250 3013 Saul
3289 2967 3341 3014 et
3383 2959 3601 3016 Samuel
3655 2960 3802 3032 pari-

2190 3051 2270 3098 ter
2295 3043 2348 3097 in
2375 3042 2596 3098 excelso
2625 3045 2912 3100 comedere
2941 3045 3212 3103 dicuntur.
3242 3048 3375 3102 Item
3417 3049 3546 3119 quia
3594 3049 3802 3118 praedi-

2189 3140 2401 3187 catores
2426 3131 2762 3187 auditoribus
2791 3133 2847 3187 in
2876 3135 3118 3204 ejusdem
3157 3136 3316 3192 verbi
3363 3136 3657 3193 refectione
3703 3137 3801 3192 di-

2192 3220 2410 3292 gniores
2439 3227 2597 3290 atque
2641 3220 2992 3277 ferventiores
3038 3231 3160 3278 sunt
3198 3243 3212 3291 ;
3258 3239 3366 3281 non
3415 3226 3632 3282 Samuel
3671 3241 3801 3282 cum

2194 3309 2374 3378 Saule,
2401 3308 2500 3365 sed
2527 3309 2652 3365 Saul
2685 3325 2806 3366 cum
2839 3310 3087 3368 Samuele
3123 3322 3467 3369 comesturus
3513 3315 3800 3370 asseritur.

2197 3398 2305 3455 Sed
2334 3406 2386 3453 et
2413 3398 2540 3470 quia
2569 3407 2681 3454 tam
2713 3399 3004 3469 splendida
3024 3403 3223 3456 mentis
3245 3402 3568 3473 eruditio,in
3593 3419 3804 3476 magna

2195 3485 2317 3542 luce
2345 3487 2642 3558 spiritualis
2669 3487 2794 3543 vitai
2823 3496 2922 3558 est,
2953 3506 3063 3545 non
3091 3490 3226 3546 dicit
3258 3509 3270 3544 :
3304 3491 3372 3547 Ut
3401 3492 3657 3548 comedas
3686 3509 3806 3550 me-

2199 3592 2320 3632 cum
2353 3577 2454 3632 hac
2481 3584 2638 3632 nocte
2669 3595 2682 3640 ;
2706 3576 2803 3632 sed
2834 3577 3016 3635 hodie.
3049 3576 3225 3647 Quem
3244 3579 3403 3635 etiam
3428 3596 3586 3637 mane
3603 3581 3802 3637 dimit-

2201 3665 2280 3720 tit.
2303 3667 2458 3720 liIane
2485 3665 2614 3721 dicit
2644 3665 2852 3720 initium
2882 3666 2987 3722 diei
3009 3669 3310 3738 sequentis.
3369 3669 3616 3740 Sequens
3675 3687 3811 3728 vero

2204 3753 2342 3824 dies,
2358 3759 2438 3810 est
2462 3770 2650 3810 serena
2682 3753 2774 3810 lux
2795 3765 2992 3811 sanctis
3003 3757 3448 3814 conversationis.
3469 3757 3607 3815 Dicit
3620 3775 3762 3832 ergo
3788 3778 3802 3815 :

2284 3855 2448 3921 220
2481 3851 2656 3924 (Vers.
2687 3855 2794 3923 l9.)
2820 3853 3118 3912 Dimittam
3149 3858 3204 3912 te
3223 3871 3412 3913 mane.

2186 4016 2189 4018 .
2277 3964 2368 4017 50.
2396 3960 2553 4015 Mane
2581 3959 2798 4030 quidem
2827 3959 2898 4015 ab
2928 3961 3144 4017 excelso
3185 3960 3490 4032 dimittitur,
3535 3963 3628 4035 qui
3681 3979 3816 4021 cum

2206 4051 2279 4107 ad
2307 4049 2516 4106 altioris
2551 4048 2789 4104 scientiae
2833 4048 2995 4106 lmem
3061 4049 3288 4120 proﬁcit,
3347 4051 3402 4106 in
3444 4066 3644 4126 magna
3691 4053 3817 4110 luce

2209 4139 2338 4195 boni
2365 4138 2546 4208 operis
2573 4153 2632 4192 se
2662 4137 2914 4208 proponit
2941 4138 3240 4194 immorari.
3265 4140 3362 4196 Vel
3392 4157 3552 4196 mane
3581 4141 3816 4196 dimitti-

2208 4235 2316 4295 tur,
2350 4227 2440 4298 qui
2470 4227 2700 4282 verbum
2730 4243 2944 4298 magnm
2971 4226 3230 4294 scientiae,
3251 4228 3395 4298 quod
3425 4229 3818 4300 praedicatoris

2209 4331 2307 4374 ore
2333 4315 2541 4384 didicit,
2583 4315 2881 4386 praedicam
2914 4315 3038 4371 aliis
3080 4317 3330 4372 intendit.
3379 4317 3611 4383 Quando
3668 4319 3820 4376 enim

498 4450 625 4493 cum
645 4403 841 4487 animae
869 4420 1221 4479 refectionem
1261 4413 1494 4472 verbum
1531 4409 1631 4466 Dei
1678 4424 1799 4465 esse
1840 4406 2104 4500 Dominus
2131 4439 2185 4500 D
2213 4405 2760 4500 bona-proponimus,
2792 4403 2944 4500 quasi
2974 4419 3129 4500 mane
3158 4407 3216 4460 in
3245 4405 3394 4462 initio
3426 4406 3536 4500 diei
3559 4423 3748 4463 sumus
3801 4425 3817 4464 :

499 4520 718 4586 dixerit,
748 4513 979 4571 verbum
1009 4523 1138 4566 vero
1153 4506 1254 4561 Dei
1284 4504 1338 4558 in
1369 4507 1549 4557 mente
1567 4499 1728 4570 plena
1753 4497 1821 4552 sit
1849 4495 2100 4586 eruditio,

498 4611 664 4682 plena
689 4584 930 4669 devotio;
961 4598 1132 4653 verbo
1159 4594 1261 4648 Dei
1290 4605 1399 4682 non
1428 4594 1744 4682 pascuntur,
1777 4585 1867 4657 qui
1884 4584 2102 4682 devote,

501 4674 650 4770 quod
685 4695 999 4764 loquuntur,
1058 4699 1166 4740 non
1220 4679 1466 4770 audiunt.
1523 4676 1810 4770 apostolus
1861 4674 2104 4770 quidem,

503 4763 658 4860 quasi
670 4763 785 4854 jam
811 4779 906 4834 illa
930 4774 1082 4832 verbi
1112 4768 1399 4860 dulcedine
1430 4767 1687 4860 repletus,
1717 4765 1822 4860 ait:
1979 4763 2106 4859 ple-

502 4851 767 4934 nitudine
783 4870 903 4938 eius
922 4879 1114 4924 omnes
1125 4853 1714 4948 accepimustdoanli,
1732 4855 1842 4948 16).
1863 4851 1978 4948 Alia
1991 4851 2107 4948 qui-

501 4965 626 5022 dem
654 4968 736 5017 est
765 4937 1047 5030 plenitudo
1091 4949 1263 5017 verbi,
1308 4947 1415 5003 alia
1450 4944 1598 5000 libri.
1641 4943 1724 4998 De
1764 4937 2108 5030 plenitudine

501 5051 722 5126 quidem
749 5026 902 5106 verbi
922 5041 1170 5113 accipere
1188 5035 1404 5094 nonnisi
1430 5032 1587 5126 electi
1617 5036 1863 5126 possunt,
1893 5028 1967 5126 de
1989 5026 2108 5126 ple-

498 5115 744 5199 nitudine
773 5151 902 5194 vero
941 5131 1206 5202 Scriptum
1254 5130 1480 5212 possunt
1535 5117 1907 5212 etureprobi:
1946 5115 2106 5212 [:iber

501 5244 734 5300 namque
763 5223 903 5281 beati
937 5201 1160 5277 Joannis
1186 5211 1435 5286 apostoli,
1483 5217 1535 5266 et
1583 5203 1918 5300 liber-beati.
1958 5201 2111 5300 Dauli

501 5291 734 5390 apostoli
764 5309 1128 5384 plenitudines
1157 5302 1372 5376 quidem
1403 5306 1544 5390 sunt,
1574 5293 1783 5390 quaa_de
1813 5292 1893 5349 eis
1906 5291 2111 5390 haben-

501 5384 609 5462 tur.
641 5406 841 5460 Eorum
864 5398 1116 5455 nimirum
1145 5392 1310 5448 verba
1331 5387 1524 5445 Paulus
1550 5386 1664 5440 sive
1691 5384 1929 5438 Joannes
1963 5384 2106 5436 scri-

504 5494 630 5566 psit,
663 5491 760 5547 sed
787 5486 933 5561 quod
959 5484 1187 5557 quisque
1228 5479 1461 5570 scripsit,
1499 5475 1725 5570 loquens
1761 5471 1817 5526 in
1857 5471 1936 5526 eis
1981 5484 2106 5570 ver-

504 5563 636 5641 bum
662 5575 958 5650 inspiravit.
991 5573 1096 5642 Qui
1128 5585 1260 5643 ergo
1288 5567 1515 5626 verbum
1549 5563 1844 5635 Scriptura:
1888 5563 2107 5631 accipit,

2212 4495 2340 4567 quia
2366 4493 2496 4550 boni
2525 4492 2822 4549 claritatem
2843 4493 2956 4562 jam
3013 4493 3254 4565 aspicere
3309 4495 3598 4564 cmpimus,
3650 4512 3821 4566 quam

2211 4599 2524 4655 sequamur.
2557 4581 2661 4637 Sed
2689 4581 2792 4637 hoc
2819 4597 2982 4637 mane
3011 4580 3068 4636 in
3097 4581 3319 4652 planum
3365 4583 3509 4639 diem
3565 4585 3771 4641 crescit
3801 4626 3818 4654 ,

2213 4671 2435 4744 quando
2464 4671 2509 4724 is
2538 4670 2626 4740 qui
2657 4685 2860 4741 magna
2878 4670 3020 4726 bona
3058 4685 3244 4743 agere,
3275 4679 3365 4726 aut
3393 4670 3506 4727 alta
3534 4673 3821 4729 ater-nita-

2215 4761 2285 4814 tis
2309 4759 2510 4832 gaudia
2538 4757 2836 4828 praedicare
2865 4759 3166 4830 proposuit,
3199 4760 3254 4815 id
3285 4760 3428 4831 quod
3477 4761 3772 4831 proposuit
3804 4804 3820 4830 ,

2213 4847 2269 4902 in
2297 4863 2495 4919 magna
2523 4846 2740 4902 exhibet
2757 4848 2872 4903 luce
2904 4848 3108 4903 virtuti.
3175 4850 3333 4905 Mane
3360 4865 3499 4923 ergo
3547 4849 3676 4904 Saul
3750 4851 3823 4906 ab

2211 4935 2429 4993 excelso
2456 4934 2745 4990 dimittitur
2773 4949 2790 5004 ;
2823 4934 2950 5005 quia
2977 4935 3251 4992 auditores
3277 4937 3701 5007 praedicatorum
3723 4938 3824 4995 bo-

2212 5040 2402 5082 norum
2433 5022 2577 5094 quod
2597 5023 2667 5078 ab
2703 5022 2783 5078 eis
2811 5023 3045 5079 sublime
3101 5024 3327 5080 audiunt
3350 5066 3365 5092 ,
3417 5041 3676 5083 exercere
3723 5043 3824 5083 su-

2214 5112 2453 5168 blimitet‘
2479 5127 2590 5168 non
2616 5118 2919 5167 morantur.
2955 5111 3064 5168 Sed
3098 5113 3258 5170 electi
3313 5113 3437 5180 viri;
3495 5114 3638 5170 bona
3695 5132 3822 5186 qum

2213 5201 2436 5268 habent,
2467 5207 2523 5256 et
2551 5200 2911 5269 abscondere,
2941 5209 2993 5256 et
3021 5201 3370 5258 manifestare
3423 5203 3619 5260 sciunt.
3670 5204 3822 5260 Abs-

2214 5290 2453 5347 condunt
2475 5289 2699 5360 quippe,
2731 5305 2800 5344 ne
2828 5305 2928 5359 per
2955 5289 3242 5347 elationem
3297 5301 3545 5361 pereant,
3595 5293 3695 5348 sed
3753 5307 3828 5348 ne

2218 5379 2552 5435 infructuosa
2576 5385 2915 5445 remaneant,
2947 5378 3322 5435 manifestam.
3343 5380 3486 5436 Dum
3516 5379 3829 5437 absconde-

2214 5475 2356 5533 runt,
2388 5474 2516 5522 tunc
2545 5467 2853 5521 custodiunt
2882 5467 3014 5537 ;sed
3043 5466 3173 5522 dum
3213 5469 3578 5538 manifestam,
3622 5469 3826 5538 profe-

2215 5564 2337 5612 runt
2364 5555 2619 5611 fructum.
2656 5553 2799 5612 Nam
2826 5555 3067 5628 sequitur
3097 5573 3110 5610 :
