4034 6174
230 298 314 350 269

1045 291 1116 346 ΙΝ
1161 288 1428 347 PRIMUM
1470 287 1715 346 REGUM
1755 284 2298 347 EXPOSITIONES.
2343 323 2414 334 —-
2451 294 2580 350 LIB.
2611 293 2702 351 IV.

3429 304 3534 359 270

285 417 456 487 (Vers.
489 421 578 486 I9,
608 417 722 488 20.)
754 419 819 473 Et
847 416 1043 474 omnia
1069 432 1194 489 qua
1217 418 1355 471 sunt
1393 415 1456 470 in
1484 415 1680 470 animo
1712 417 1809 470 tuo
1835 411 1897 477 Α
1924 413 2339 486 absconderant,
2370 415 2442 472 ad
2471 418 2646 474 lucem
2672 418 2902 489 justitia
2929 418 3189 491 redirent,
3207 421 3260 478 in
3292 437 3402 497 qua
3428 423 3531 480 viri

231 506 473 564 indicabo
502 506 645 568 tibi:
675 511 733 562 et
749 506 822 562 de
848 507 1054 571 asinis,
1084 520 1220 578 quas
1244 501 1550 575 perdidisti
1573 501 1816 559 nudius-

236 597 447 662 tertius,
479 610 551 650 ne
597 594 855 651 solleitus
880 594 977 663 sis,
999 595 1249 650 inventa
1275 595 1434 648 sunt.

291 687 372 738 5t.
411 682 600 738 Celare
635 699 694 738 se
731 683 958 754 quidem
988 681 1372 754 pradicatores
1407 680 1636 753 qualiter
1697 687 1821 736 stu-

229 770 391 836 deant,
451 771 701 843 superius
755 771 810 826 in
857 771 1025 828 verbo
1060 768 1329 826 Samuelis
1374 769 1694 835 ostenditur,
1726 768 1820 824 ubi

228 860 451 916 dicitur:
487 861 596 930 Ego
622 876 750 917 sum
782 861 993 917 videns.
1044 860 1201 915 Nunc
1237 867 1416 914 autem
1466 858 1594 930 quia
1635 857 1768 914 dicit
1801 874 1818 912 :

234 948 446 1015 Omnia,
461 965 586 1020 qua
611 949 831 1006 suntin
859 951 1052 1006 animo
1083 953 1201 1015 tuo,
1234 948 1492 1004 indicabo
1523 945 1656 1014 tibi;
1689 945 1820 1018 quid

229 1038 362 1093 aliud
399 1045 673 1104 tenemus,
705 1037 810 1093 nisi
854 1038 984 1111 quia
1019 1053 1165 1108 sape
1208 1036 1310 1093 viri
1342 1035 1535 1105 sancti,
1568 1034 1818 1103 virtutes,

228 1143 347 1198 quas
375 1125 594 1191 habent,
645 1134 700 1182 et
751 1125 1092 1182 abscondunt
1137 1133 1192 1181 et
1239 1125 1566 1197 proferunt?
1612 1123 1720 1180 Sed
1766 1130 1825 1178 ut

231 1215 350 1281 dixi,
381 1213 749 1280 abscondunt,
783 1229 852 1270 ne
880 1214 935 1270 in
966 1213 1181 1286 magnis
1208 1213 1496 1269 virtutibus
1524 1212 1711 1286 magni
1740 1212 1824 1267 vi-

232 1304 483 1367 deantur;
529 1303 810 1374 proferunt
851 1318 964 1370 eas,
996 1310 1053 1358 ut
1099 1302 1255 1359 electi
1295 1302 1603 1358 imitentur.
1645 1301 1825 1358 Verbo

232 1393 400 1464 itaque
428 1390 734 1463 sapientia,
753 1399 847 1446 aut
872 1390 1176 1462 prophetia
1206 1390 1402 1463 spiritu
1431 1406 1490 1446 se
1520 1389 1727 1462 pollere
1741 1405 1828 1446 as-

231 1490 557 1546 serunt,non
604 1488 662 1535 ut
687 1488 1031 1548 venerentur,
1063 1478 1162 1536 sed
1197 1488 1256 1534 ut
1299 1478 1605 1535 audiantur.
1647 1478 1829 1548 Quare

230 1579 280 1626 et
305 1568 598 1626 Psalmista
626 1568 778 1625 verbi
807 1568 1040 1641 gratiam
1067 1584 1126 1624 se
1151 1567 1358 1624 habere
1380 1567 1681 1636 insinuans,
1713 1566 1825 1623 ait:

233 1658 622 1732 Saperomaes
631 1657 894 1715 docentes
912 1673 1002 1714 me
1017 1655 1289 1713 intellexi
1309 1657 1484 1727 (Psal.
1506 1671 1699 1725 cxvm,
1715 1655 1824 1726 99).

1926 500 2158 558 inveniri
2200 504 2522 576 potuissent.
2555 508 2664 563 Cur
2682 523 2814 580 ergo
2861 508 2996 566 dicit
3041 511 3336 568 :lnventce
3373 516 3534 582 sunt,

1933 589 2038 646 nisi
2066 591 2194 664 quia
2223 609 2370 665 sape
2399 594 2453 650 in
2482 594 2560 650 eis
2578 597 2773 652 summi
2806 596 2904 652 viri
2926 598 3116 653 salutis
3143 599 3346 656 bonum
3374 601 3538 657 facile

1929 679 2164 736 inveniri
2193 697 2353 753 posse
2373 683 2737 750 considerant,
2772 686 2842 741 de
2871 701 3106 756 quorum
3138 685 3248 744 vita
3277 688 3537 746 ineruditi

1928 769 2266 840 desperant?
2312 772 2450 827 Nam
2481 776 2539 829 et
2602 772 2763 846 periti
2812 774 3008 831 medici
3062 791 3355 848 corporum
3412 778 3538 834 illos

1929 873 2078 929 sape
2104 874 2295 916 curare
2322 869 2674 932 praesumunt,
2717 862 2788 918 de
2811 878 3046 935 quorum
3084 863 3257 922 salute
3299 865 3540 938 imperiti

1931 962 2261 1016 praesumere
2292 964 2397 1005 non
2427 957 2674 1022 possunt.
2715 951 2810 1008 Sic
2837 953 3094 1008 nimirum
3127 960 3182 1010 et
3218 953 3288 1010 ab
3320 953 3543 1010 eruditis

1929 1033 2246 1092 doctoribus
2265 1053 2414 1108 sape
2427 1039 2503 1108 (ιι)
2523 1038 2590 1094 ad
2613 1039 3012 1112 paenitentiam,
3033 1048 3088 1097 et
3114 1041 3543 1100 satisfactionem

1930 1132 2248 1194 peccatores
2275 1125 2579 1194 trahuntur,
2612 1127 2710 1199 qui
2740 1128 2878 1184 trahi
2899 1129 2970 1185 ab
3002 1129 3291 1188 ineruditis
3316 1131 3542 1188 rudibus

1931 1213 2316 1283 nequiverunt.
2373 1214 2510 1284 Quia
2553 1215 2720 1288 igitur
2775 1225 2883 1272 tam
2937 1218 3320 1290 pradicatione
3373 1237 3540 1292 quam

1933 1302 2188 1372 exemplo
2233 1303 2598 1373 perfectorum
2651 1303 2729 1361 illi
2783 1305 2852 1361 ad
2884 1307 3176 1363 Dominum
3222 1308 3541 1380 paenitendo

1939 1389 2170 1446 redeunt
2213 1390 2305 1463 qui
2352 1392 2593 1448 converti
2634 1408 2731 1465 per
2771 1393 3000 1450 aliorum
3040 1394 3399 1452 ministerium
3440 1414 3542 1454 ne-

1936 1478 2248 1549 quiverunt;
2294 1479 2436 1536 bene
2478 1480 2697 1538 Samuel
2738 1481 2985 1540 inventas
3014 1483 3194 1540 asinas
3241 1485 3374 1542 dicit
3406 1501 3542 1560 quas

1937 1565 2069 1622 Saul
2113 1567 2352 1624 invenire
2394 1584 2503 1625 non
2543 1571 2733 1643 potuit.
2771 1572 2983 1628 Postest
3009 1572 3173 1629 etiam
3203 1575 3307 1630 hoc
3334 1572 3538 1631 dictum

1934 1671 2036 1728 pro
2060 1655 2307 1726 profectu
2326 1657 2617 1715 ordinandi
2647 1659 2870 1716 rectoris
2898 1659 3147 1735 intelligi.
3173 1662 3336 1731 Quasi
3359 1661 3536 1720 dicat:

233 1749 419 1806 Certus
438 1762 573 1820 ergo
591 1747 660 1802 de
679 1745 866 1818 peritia
886 1743 1479 1817 spiritus,conﬁdenter
1497 1745 1824 1818 nosinvitat,
1855 1765 1914 1829 Β
1942 1744 2083 1800 Dum
2119 1745 2423 1802 eruditione
2463 1751 2518 1803 et
2566 1746 2678 1805 vita
2707 1747 2942 1820 proﬁcis,
2973 1749 3097 1806 illos
3143 1752 3306 1807 etiam
3343 1751 3542 1810 lucrari

234 1838 436 1895 dicem:
450 1835 998 1904 Venite,ﬁlii,audite
1007 1834 1613 1901 me,timoremDomini
1627 1833 1827 1891 docebo

231 1944 316 1984 eos
333 1925 851 1997 (Psal.xxxm,ll.)
869 1923 1141 1995 PrOpheta
1168 1937 1405 1996 namque
1433 1939 1492 1979 se
1523 1922 1836 1979 afﬁrmabat

232 2015 505 2079 liehaas,
538 2027 660 2068 cum
687 2011 892 2068 diceret
909 2029 923 2066 :
960 2013 1189 2070 Utinam
1202 2025 1317 2068 non
1333 2026 1510 2068 essem
1523 2011 1608 2067 vir
1625 2011 1836 2068 habens

229 2104 523 2176 spiritum;
533 2105 591 2158 et
605 2101 965 2158 mendacium
973 2101 1170 2175 potius
1182 2101 1437 2172 loquerer
1450 2098 1637 2172 (una,
1657 2103 1742 2155 n.l
1759 2101 1833 2170 l).

233 2192 360 2248 Hinc
375 2190 650 2246 Helisaus
665 2189 735 2247 de
752 2189 996 2245 Naaman
1009 2189 1147 2260 Syro
1167 2188 1328 2244 dicit:
1343 2189 1541 2244 Veniat
1563 2189 1637 2244 ad
1645 2204 1754 2258 me,
1777 2192 1835 2245 et

243 2278 752 2351 sciatPrwhemm
778 2293 896 2336 esse
943 2279 1009 2335 in
1041 2278 1218 2334 Israel
1248 2276 1498 2350 (lVReg.
1532 2293 1586 2343 v,
1619 2277 1838 2346 8).Hinc

232 2369 423 2424 Paulus
441 2367 515 2422 ait
540 2381 555 2422 :
580 2367 787 2423 Hebraei
816 2371 977 2435 sunt,
997 2371 1052 2424 et
1072 2382 1169 2437 ego
1181 2386 1204 2429 ;
1226 2381 1418 2423 semen
1436 2364 1682 2422 Abrahw
1697 2369 1836 2424 sunt

229 2463 282 2514 et
292 2473 414 2529 ego;
426 2455 686 2513 ministri
706 2455 917 2512 Christi
932 2460 1071 2512 sunt
1082 2459 1159 2524 ,et
1170 2471 1268 2527 ego
1278 2475 1302 2520 ;
1321 2459 1382 2511 ut
1393 2456 1589 2511 minus
1608 2457 1835 2530 sapiens

229 2547 368 2612 dico,
408 2546 543 2617 plus
591 2560 684 2617 ego
714 2543 792 2613 (Il
822 2543 946 2601 Cor.
979 2560 1058 2609 χι,
1100 2544 1189 2611 22,
1220 2545 1332 2613 23).
1368 2545 1410 2598 Ε
1434 2551 1626 2600 contra
1653 2551 1833 2600 autem

229 2634 534 2690 Amosdicit
558 2651 572 2687 :
589 2635 707 2690 Non
730 2648 861 2688 sum
885 2631 1184 2705 propheta,
1198 2632 1294 2689 sed
1311 2634 1708 2690 armentarius
1723 2633 1835 2689 vel-

231 2725 415 2779 lieans
431 2737 748 2795 sycomonos
778 2721 998 2792 (Amos.
1032 2737 1128 2786 vn.
1153 2724 1270 2791 14).
1307 2720 1444 2776 Hinc
1465 2721 1836 2777 etiamPaulus

233 2829 356 2868 cum
398 2827 463 2867 se
499 2811 613 2866 vult
653 2810 989 2867 abscondere
1020 2810 1089 2864 ad
1138 2810 1466 2878 custodiam,
1502 2809 1631 2866 dicit
1661 2826 1675 2864 :
1715 2810 1835 2867 Non

229 2917 356 2958 sum
367 2899 583 2971 dignus
605 2900 790 2957 vocari
804 2900 1248 2972 apostolus,un
1263 2903 1593 2971 persecutus
1605 2899 1838 2955 sumEc-

229 2990 468 3045 etesiam
485 2988 584 3044 Dei
599 2986 652 3058 (ι
681 2988 804 3043 Cor.
831 3002 930 3055 xv,
953 2991 1031 3058 9).
1063 2987 1200 3043 Hinc
1231 2987 1837 3060 interrogatusloannes

232 3078 479 3147 Baptista
522 3076 600 3131 ait
631 3094 644 3131 :
685 3077 806 3133 Non
835 3092 962 3132 sum
986 3075 1262 3148 propheta
1303 3077 1486 3146 (Joan.
1521 3092 1556 3143 ι,
1590 3079 1677 3131 21.
1709 3076 1834 3132 Non

1939 1832 2174 1890 Domino
2229 1834 2452 1904 poteris,
2483 1850 2621 1906 quos
2664 1838 2907 1894 nondum
2955 1837 3196 1911 potuisti.
3229 1840 3362 1896 Tam
3394 1849 3544 1898 certa

1941 1920 2158 1992 quidem
2188 1923 2363 1977 virtus
2400 1923 2754 1994 profectionis
2797 1931 2899 1996 est,
2941 1933 2999 1982 ut
3047 1927 3252 1984 fructus
3279 1927 3418 1999 ejus,
3449 1928 3544 2002 qui

1940 2009 2182 2065 nondum
2211 2018 2459 2067 constant
2485 2012 2539 2068 in
2567 2029 2648 2082 re,
2687 2022 2932 2070 constent
2961 2014 3017 2070 in
3046 2015 3164 2088 spei
3192 2017 3534 2076 certitudine.

1941 2091 2016 2148 Et
2044 2093 2174 2166 quia
2219 2095 2303 2150 his
2333 2095 2518 2152 verbis
2563 2096 2635 2152 ad
2679 2097 3037 2170 perferendos
3075 2098 3294 2157 labores
3333 2107 3542 2159 sancta

1941 2182 2364 2255 pradicationis,
2397 2185 2672 2254 invitatur,
2691 2202 2812 2257 qua
2834 2185 3098 2243 mercedis
3126 2187 3275 2244 lucra
3305 2205 3543 2265 exspec-

1943 2279 2058 2328 tare
2095 2271 2311 2341 debeat,
2343 2274 2582 2345 exponit,
2611 2274 2802 2332 dicens
2851 2291 2866 2332 :

2012 2361 2190 2433 (Vers.
2224 2361 2338 2432 20.)
2371 2363 2444 2419 Et
2473 2364 2567 2420 cui
2603 2369 2778 2422 erunt
2807 2380 3046 2438 quaque
3090 2366 3307 2440 Optima
3338 2366 3534 2440 Israel,

1939 2465 2132 2508 nonne
2161 2451 2264 2506 tibi
2291 2455 2348 2507 et
2374 2454 2534 2508 omni
2560 2452 2753 2510 domui
2779 2455 2964 2526 patris
2995 2455 3137 2512 tui?

2010 2543 2106 2595 53.
2143 2539 2332 2609 Israel,
2389 2541 2481 2612 qui
2535 2541 2750 2610 dicitur,
2782 2543 2976 2600 videns
3006 2545 3201 2614 Deum,
3244 2561 3406 2618 quem
3463 2564 3546 2605 re-

1940 2627 2099 2694 ctius,
2131 2629 2237 2686 hoc
2273 2629 2394 2684 loco
2440 2629 2728 2703 signiﬁcat,
2761 2646 2926 2705 quam
2967 2639 3300 2691 aeternorum
3346 2635 3547 2693 civium

1939 2717 2090 2774 iliam
2136 2717 2354 2774 beatam
2382 2718 2720 2788 societatem,
2752 2720 2846 2793 qui
2873 2736 2943 2776 ex
2966 2720 3154 2778 labore
3191 2721 3320 2778 vita
3365 2725 3546 2796 hujus,

1941 2802 2014 2858 ad
2038 2807 2304 2858 aternam
2343 2802 2729 2875 omnipotentis
2745 2803 2846 2860 Dei
2861 2803 3122 2861 visionem
3145 2809 3553 2878 pervenerunt?

1942 2889 2078 2959 Qua
2117 2905 2251 2962 ergo
2301 2898 2425 2947 sunt
2465 2891 2633 2947 Israel
2660 2891 2886 2964 optima,
2919 2893 3024 2948 nisi
3053 2902 3274 2951 aeterna
3302 2897 3547 2954 retribu-

1943 2978 2106 3035 tionis
2167 2977 2314 3034 dona
2347 2981 2377 3034 ?
2444 2978 2650 3036 Paulus
2695 2980 2916 3053 quidem
2970 2981 3103 3038 dicit
3159 2997 3175 3039 :
3238 2985 3547 3058 Unusquis-

1943 3083 2048 3142 que
2066 3067 2383 3125 mercedem
2409 3069 2652 3142 accipiet
2679 3069 2993 3126 secundum
3022 3071 3276 3130 laborem
3309 3090 3480 3131 suum
3508 3074 3562 3146 (Ι

231 3120 1020 3237 ζιῗῖιζῖρξὲῖειέῖέίίᾷἰῖἔῖηἷ
1031 3120 1277 3220 QC};
1305 3120 1571 3236 ξζῖεἷρἱζεὶἔι
1593 3120 1836 3238 ἒῖρίζιζιῖ
1865 3120 1918 3186 C
1947 3120 2311 3226 ἒὶὲζῖἱέζέῐ
2327 3120 2499 3215 is;
2515 3120 3162 3217 ⁷ἷιὲιὲίιίἑοῖἴῖἏ⁷ιὶιῖἓεῖ
3181 3120 3551 3233 gaesa;

232 3270 398 3327 quam
430 3254 699 3326 propheta
725 3253 795 3308 ad
818 3252 1196 3308 ministerium.
1228 3253 1448 3308 Samuel
1485 3269 1640 3326 ergo,
1672 3261 1730 3308 ut
1774 3268 1837 3308 se

231 3339 529 3406 custodiat,
558 3337 633 3393 ait
664 3355 678 3392 :
713 3340 823 3408 Ego
851 3355 978 3393 sum
1016 3338 1246 3398 Videas;
1273 3341 1328 3392 et
1356 3344 1415 3392 ut
1441 3352 1505 3393 se
1533 3338 1602 3393 ad
1632 3337 1839 3393 lucrum

231 3426 476 3494 exibeat,
504 3427 670 3494 dicit;
692 3428 899 3483 Omnia
926 3426 1185 3482 indicabo
1209 3427 1334 3482 tibi.
1372 3424 1531 3495 Quod
1561 3426 1606 3481 si
1636 3426 1840 3497 aliquis

233 3516 371 3581 vult,
389 3516 590 3572 eodem
619 3515 781 3571 modo
810 3515 1116 3587 intelligere
1145 3521 1349 3587 potest;
1373 3515 1499 3586 quia
1527 3530 1648 3570 cum
1677 3514 1839 3583 dicit;

236 3603 368 3678 Ego
385 3622 518 3662 sum
555 3605 773 3672 l’idens,
795 3604 842 3659 si
870 3604 1144 3660 videntem
1175 3619 1232 3660 se
1262 3603 1476 3673 asserit,
1494 3604 1565 3659 ad
1595 3605 1698 3660 hoc
1713 3603 1846 3660 dicit

234 3703 297 3750 ut
331 3695 562 3759 bonum,
595 3692 741 3764 quod
765 3693 944 3760 habet,
973 3709 1096 3747 cum
1127 3691 1314 3748 electis
1342 3693 1740 3749 communicet.
1775 3694 1847 3750 Ut

231 3798 375 3856 ergo
415 3783 568 3852 quod
611 3781 820 3850 asserit,
867 3781 1082 3852 probet,
1113 3781 1514 3854 subsequenter
1553 3780 1841 3854 adjungit:

238 3872 449 3930 Omnia
476 3871 736 3927 indicabo
757 3871 878 3926 tibi.
911 3869 1070 3938 Quod
1097 3877 1298 3925 sancta
1319 3869 1581 3927 Ecclesia
1598 3871 1850 3926 doctores

235 3968 449 4033 agunt;
483 3959 613 4030 quia
641 3959 772 4014 dum
803 3959 1027 4014 virtutes
1055 3959 1318 4014 mentium
1353 3959 1644 4024 intuentur,
1679 3967 1732 4014 et
1760 3958 1849 4015 vi-

234 4050 346 4110 tia:
381 4057 433 4104 et
453 4048 661 4104 mederi
691 4048 856 4116 vitiis,
887 4055 942 4104 et
967 4063 1296 4118 promovere
1323 4049 1548 4103 virtutes
1575 4047 1853 4105 evidenter

234 4138 448 4192 sciunt.
511 4135 714 4193 Omnia
764 4151 917 4209 ergo,
949 4153 1072 4207 qua
1119 4144 1248 4192 sunt
1292 4137 1346 4190 in
1395 4135 1581 4205 corde,
1632 4135 1849 4204 indicat,

237 4226 471 4298 quando
503 4224 709 4280 virtutis
752 4225 917 4293 viam,
949 4241 1114 4296 quam
1143 4224 1318 4280 bonus
1347 4225 1564 4280 auditer
1591 4224 1739 4296 cupit
1767 4231 1853 4280 te-

235 4330 401 4381 nere,
431 4313 552 4385 ipse
576 4313 907 4370 documento
936 4313 1235 4369 manifesta
1256 4313 1572 4370 eruditionis
1599 4312 1856 4386 dignatur

235 4418 550 4474 exponere.
588 4401 747 4470 Quod
773 4401 818 4457 si
857 4417 1086 4475 magnus
1113 4409 1215 4471 est,
1247 4411 1300 4458 et
1347 4403 1494 4458 bona
1541 4417 1651 4458 non
1678 4402 1852 4458 solum

1944 3247 2065 3302 alia
2077 3247 2312 3311 luna,“
2320 3247 2646 3303 stellarum.
2661 3247 2846 3304 Stella
2866 3249 3022 3304 enim
3034 3247 3229 3322 differt
3255 3267 3289 3306 a
3302 3252 3476 3308 stella
3493 3253 3557 3308 in

1947 3335 2214 3392 claritate
2231 3334 2281 3407 (Ι
2309 3334 2430 3392 Cor.
2463 3350 2561 3405 xv,
2594 3336 2706 3408 It).
2737 3335 3000 3393 Omnium
3029 3353 3164 3410 ergo
3193 3337 3438 3395 ﬁdelium
3459 3356 3555 3397 re-

1949 3423 2287 3492 tributiones,
2318 3431 2371 3479 et
2398 3425 2644 3496 praemia,
2676 3424 2818 3481 bona
2865 3433 2988 3481 sunt
3027 3427 3215 3482 Israel.
3251 3426 3395 3496 Quia
3423 3444 3558 3485 vero

1951 3512 2245 3569 electorum
2288 3513 2707 3584 pradicatorum
2741 3529 2950 3571 merces
2982 3530 3199 3572 summa
3229 3524 3334 3584 est,
3365 3533 3560 3575 eorum

1952 3608 2077 3658 sunt
2103 3603 2311 3675 Optima
2351 3602 2540 3660 Israel.
2586 3604 2666 3660 De
2713 3602 2796 3659 his
2837 3603 3039 3677 quippe
3088 3605 3302 3662 Israelis
3345 3605 3566 3679 Optimis

1954 3691 2218 3746 Dominus
2234 3689 2378 3747 ﬁdeli
2389 3705 2550 3749 servo
2566 3707 2666 3748 suo
2681 3691 3022 3764 repromittit,
3036 3692 3253 3751 dicens:
3269 3694 3460 3752 Amen
3477 3695 3566 3753 di-

1953 3795 2016 3837 co
2031 3779 2201 3848 vobis,
2215 3795 2384 3853 super
2393 3780 2588 3838 omnia
2597 3781 2742 3838 bona
2760 3796 2868 3839 sua
2877 3785 3196 3840 constituet
3220 3799 3348 3841 eum
3367 3784 3561 3854 (Matt.

1957 3883 2112 3937 xxiv,
2145 3870 2254 3940 I7).
2288 3869 2392 3937 Qui
2419 3869 2568 3925 enim
2597 3884 2705 3925 non
2734 3870 2790 3925 in
2819 3869 3091 3940 omnibus,
3124 3871 3223 3928 sed
3252 3888 3418 3944 super
3435 3888 3564 3929 om-

1957 3958 2048 4013 nia
2091 3957 2445 4026 constituitur,
2479 3973 2586 4014 non
2621 3966 2828 4014 tantum
2857 3958 3003 4016 bona
3052 3961 3242 4029 Israel,
3273 3961 3371 4016 sed
3398 3962 3565 4018 etiam

1957 4046 2160 4119 Optima
2201 4045 2405 4103 habere
2443 4045 2768 4104 declaratur.
2799 4047 2957 4103 Dicat
2983 4062 3118 4121 ergo
3147 4049 3370 4106 Samuel
3404 4067 3419 4105 :
3454 4050 3567 4108 Cui

1959 4139 2131 4192 erunt
2144 4151 2374 4209 quaque
2382 4137 2599 4208 optima
2610 4136 3002 4204 lsrael,nonne
3014 4136 3122 4192 tibi
3131 4140 3189 4193 et
3199 4139 3358 4195 omni
3368 4139 3569 4195 domui

1957 4225 2140 4298 patris
2167 4225 2302 4282 tui?
2329 4223 2501 4294 Quasi
2530 4225 2676 4282 dicat
2699 4243 2712 4281 :
2735 4228 2792 4282 et
2819 4225 2865 4280 si
2888 4240 3122 4298 magnus
3149 4232 3230 4281 est
3259 4225 3415 4282 labor
3430 4242 3566 4299 pra-

1959 4309 2264 4379 dicationis,
2303 4317 2451 4366 tanto
2481 4309 2730 4366 devotius
2760 4308 2888 4365 ferri
2913 4309 3095 4379 debet,
3126 4317 3330 4383 quanto
3359 4311 3570 4382 majora

1961 4401 2110 4458 lucra
2141 4399 2410 4456 mercedis
2465 4399 2648 4456 habet.
2681 4398 2923 4455 Sollicita
2969 4413 3105 4471 ergo
3147 4406 3328 4455 mente
3378 4399 3573 4458 doctor

238 4505 441 4565 agere,
472 4490 570 4546 sed
608 4491 775 4546 etiam
815 4491 1114 4562 pradicare
1145 4490 1454 4563 disposuit.
1483 4490 1697 4558 Omnia,
1730 4506 1855 4564 qua
1883 4479 1944 4544 D
1963 4496 2162 4546 sancta
2179 4487 2443 4545 Ecclesia
2469 4501 2706 4559 pensare
2724 4486 2889 4543 debet
2912 4505 2928 4542 :
2949 4487 3078 4560 quia
3099 4486 3263 4543 Israel
3287 4502 3398 4544 non
3424 4488 3571 4546 bona

235 4587 376 4635 sunt
431 4579 486 4634 in
531 4578 648 4649 ejus
691 4579 854 4635 corde
893 4579 1299 4651 pradicatores,
1330 4579 1601 4648 indicant;
1638 4579 1856 4650 quando

237 4684 441 4724 eorum
479 4668 754 4725 mentibus
799 4667 1072 4740 aperiunt,
1120 4670 1276 4738 221
1350 4668 1581 4739 quiquid
1637 4669 1858 4740 cupiunt

238 4757 313 4812 de
345 4756 618 4813 doctrina.
652 4755 797 4821 Quia
823 4772 955 4812 vero
983 4755 1055 4823 ei,
1085 4757 1171 4813 cui
1203 4756 1457 4830 loquitur,
1481 4773 1607 4814 eum
1639 4757 1856 4829 signiﬁ-

239 4855 355 4912 cat,
405 4845 497 4919 qui
535 4845 605 4901 ad
633 4848 782 4902 lucra
809 4845 1212 4918 pradicationis
1240 4845 1500 4913 innititur,
1542 4845 1742 4911 subdit,
1769 4854 1858 4902 at-

239 4951 354 5008 que
389 4936 494 4991 ait:
520 4937 590 4991 Et
614 4934 683 4991 de
698 4936 898 5006 asinis,
920 4951 1058 5008 quas
1085 4935 1384 5009 perdidisti
1412 4935 1855 5003 nudiustertius,

245 5041 320 5081 ne
350 5025 642 5081 sollicitus
668 5025 768 5090 sis,
798 5026 934 5096 quia
960 5025 1210 5080 inventa:
1237 5029 1396 5081 sunt.

320 5117 419 5170 52.
440 5114 556 5170 Hoc
599 5113 851 5185 superius
897 5113 956 5168 in
983 5128 1212 5184 persona
1255 5113 1407 5182 Saul,
1438 5112 1670 5186 qualiter
1707 5112 1860 5169 mdi-

248 5201 355 5258 bus
403 5202 858 5274 pradicatoribus
899 5201 1189 5258 conveniat
1241 5202 1544 5274 expositum
1591 5210 1690 5260 est.
1730 5202 1858 5259 Asi-

1963 4585 2190 4644 tantum,
2235 4576 2334 4632 sed
2363 4577 2524 4632 etiam
2563 4575 2772 4648 optima
2818 4576 2936 4646 ejus
2980 4584 3125 4644 sunt,
3170 4579 3232 4632 ut
3277 4577 3488 4649 majora
3519 4586 3575 4636 et

1963 4665 2347 4725 excellentiora
2386 4673 2516 4738 agat
2564 4680 2804 4738 semper,
2835 4664 2928 4736 qui
2959 4672 3069 4720 tam
3097 4680 3312 4721 summa
3339 4673 3394 4722 et
3419 4665 3572 4740 opti-

1964 4771 2057 4812 ma
2111 4761 2408 4827 exspectat.
2467 4753 2675 4810 Eadem
2702 4753 2906 4826 quippe
2952 4769 3166 4810 summa
3203 4769 3316 4811 non
3356 4770 3574 4812 summo

1965 4843 2143 4902 ordini
2181 4842 2467 4911 debentur,
2517 4842 2614 4899 sed
2641 4857 2855 4899 sommo
2893 4841 3085 4899 labori.
3117 4843 3257 4898 Nam
3293 4851 3349 4898 et
3387 4844 3580 4901 doctor

1966 4933 2226 5008 egregius
2252 4947 2363 4989 non
2389 4930 2561 4988 dixit:
2597 4932 2982 5006 Unusquisque
3000 4932 3316 4989 mercedem
3329 4933 3576 5004 accipiet

1958 5025 2139 5097 juxta
2176 5038 2341 5079 suam
2373 5021 2736 5094 dignitatem,
2768 5020 2886 5087 sed,
2916 5021 3098 5092 juxta
3128 5020 3397 5076 laborem.
3439 5019 3574 5074 Cum

1967 5127 2104 5185 ergo
2137 5111 2555 5183 pradicatorum
2593 5118 2812 5168 aeterna
2840 5109 2966 5166 vita
3011 5107 3218 5180 optima
3246 5109 3571 5177 referuntur,

1968 5216 2201 5274 magnus
2229 5199 2309 5256 eis
2339 5199 2394 5256 in
2422 5199 2526 5256 bac
2554 5199 2666 5258 vita
2691 5196 2850 5256 labor
2876 5195 3182 5270 injungitnr
3213 5211 3228 5252 :
3261 5196 3388 5268 quia
3417 5195 3576 5251 nimi-

252 5308 357 5346 nas
403 5292 604 5365 quippe
639 5291 900 5364 perdidit,
931 5292 1028 5364 qui
1056 5298 1392 5363 peccatores,
1415 5292 1614 5363 quibus
1644 5291 1869 5349 verbum
1969 5307 2090 5347 rum
2118 5288 2346 5347 meliora
2359 5288 2568 5346 cateris
2588 5289 2788 5346 habere
2815 5302 2924 5345 non
2947 5285 3231 5358 pravalet,
3256 5285 3348 5357 qui
3379 5283 3576 5342 melior

253 5381 385 5436 vita
431 5382 682 5452 prabuit,
723 5380 794 5436 ad
853 5379 1232 5452 paenitentiam
1287 5397 1627 5453 nequaquam
1685 5382 1865 5437 traxit.

1971 5394 2095 5436 esse
2122 5394 2231 5435 non
2260 5377 2458 5435 studet.
2490 5379 2555 5434 Et
2585 5377 2716 5451 quia
2752 5379 2855 5432 hoc
2881 5373 3123 5432 omnium
3154 5374 3572 5448 pradicatorum

257 5469 520 5527 Invenere
575 5471 822 5544 quidem,
873 5470 920 5524 si
966 5468 1002 5524 ii
1050 5469 1143 5541 qui
1187 5487 1245 5526 se
1289 5470 1346 5526 in
1391 5475 1555 5527 nocte
1582 5469 1871 5542 pravitatis
1975 5453 2143 5520 228
2203 5475 2409 5525 sancta
2454 5466 2714 5524 Ecclesia
2761 5479 3055 5524 commune
3095 5471 3197 5536 est,
3238 5478 3350 5522 non
3402 5463 3579 5522 solum

330 5621 418 5693 (τι)
444 5621 600 5693 Alite,
632 5620 709 5678 ad
732 5619 1095 5694 paenitentia:
1123 5617 1602 5692 satisfactionem,
1631 5628 1690 5678 ut
1726 5620 1790 5681 οὶ
1801 5625 1989 5684 servat
2015 5619 2291 5694 Gussanv.
