4034 6174
441 277 547 334 275

1660 254 1905 333 SANCTI
1945 272 2290 335 eaacorur
2327 275 2552 334 usam

3649 281 3761 339 276

434 403 685 475 [aeneus
700 401 881 460 salvos
900 401 953 474 (1
965 398 1094 460 Cor.
1117 414 1198 471 rx,
1216 401 1332 473 22).
1348 398 1569 458 Samuel
1581 414 1713 472 ergo
1729 399 1943 457 Saulad
1955 415 2048 457 ex.
2077 401 2132 464 A
2160 400 2548 459 siderationem
2572 401 2865 460 ordinavit.
2895 402 2965 459 Et
2994 402 3117 474 quia
3145 401 3437 459 ordinandi
3462 402 3606 476 regis
3657 419 3761 460 ne-

436 488 642 547 celsum
672 488 811 560 tulit,
829 498 883 546 et
905 490 963 546 in
981 489 1248 562 oppidum
1266 489 1519 563 deposuit
1538 507 1551 545 :
1583 489 1710 561 quia
1729 488 1926 545 summi
1944 484 2045 547 viri

442 593 568 636 cum
598 586 802 635 sancte
834 578 1095 636 Ecclesiae
1126 579 1342 637 culmen
1372 577 1641 645 ordinant,
1670 577 1792 633 illos
1819 592 1957 650 quos
1996 577 2053 635 in

441 656 645 715 eodem
706 657 945 716 culmine
994 667 1206 732 ponunt
1250 658 1448 715 docent
1501 657 1807 714 sublimiter
1848 656 2051 724 vivere,

433 745 603 818 plana
631 746 957 819 pmdiare,
987 746 1089 803 sibi
1120 763 1244 803 esse
1264 745 1493 819 rigidos,
1523 743 1622 803 sed
1649 745 1881 803 subditis
1908 754 2052 803 tem-

437 842 662 906 peratos
693 853 707 892 :
740 835 820 892 sic
848 836 1126 892 attendere
1154 835 1393 908 propria:
1416 833 1597 904 saluti,
1627 841 1685 890 ut
1724 850 1847 890 cum
1895 833 2051 891 inﬁr-

438 921 543 979 mis
565 922 779 996 possint
799 920 1062 980 inﬁrmari
1094 942 1108 980 :
1134 922 1395 979 inﬁrmari
1427 922 1654 979 dixerim
1674 939 1774 994 per
1799 921 2051 980 eiectum

439 1010 655 1081 mentis,
687 1026 797 1069 non
823 1028 924 1085 per
951 1012 1267 1086 languorem
1285 1011 1510 1068 internae
1529 1010 1888 1084 egritudinis.
1909 1012 2049 1066 Nam

435 1097 482 1155 si
511 1114 615 1170 per
641 1098 840 1156 mentis
871 1099 1194 1174 languorem
1224 1099 1416 1157 doctor
1437 1099 1605 1171 jacet,
1634 1115 1829 1157 curare
1872 1115 2055 1172 agros

435 1194 489 1242 et
511 1185 760 1259 jacentes
788 1188 1005 1262 erigere
1032 1204 1142 1245 non
1169 1196 1366 1262 potest.
1398 1188 1543 1245 Bene
1587 1204 1721 1262 ergo
1767 1204 1892 1245 cum
1943 1189 2050 1245 Sa-

436 1274 619 1332 muele
646 1276 777 1333 Saul
802 1277 859 1333 in
887 1278 1156 1351 oppidum
1187 1277 1551 1347 descendisse,
1582 1285 1637 1334 et
1664 1278 1719 1333 in
1746 1277 2050 1334 solariolo—

435 1363 543 1420 cuti
574 1380 693 1421 esse
731 1366 1056 1422 referuntur.
1089 1365 1370 1438 Oppidum
1402 1365 1606 1438 quippe
1636 1365 1693 1421 in
1729 1364 1894 1439 plano
1948 1374 2049 1436 est,

434 1450 699 1509 solarium
727 1469 858 1509 vero
884 1453 940 1509 in
970 1453 1103 1510 alto.
1135 1453 1216 1509 Ad
1245 1452 1522 1510 excelsum
1553 1469 1768 1526 quoque
1795 1453 2050 1510 solarium

435 1538 667 1611 planum
694 1549 796 1611 est,
825 1542 893 1598 ad
922 1542 1188 1615 oppidum
1218 1558 1327 1598 non
1344 1542 1590 1614 planum,
1621 1542 1718 1599 sed
1745 1542 1935 1599 altum.
1959 1542 2052 1600 Sic

434 1627 690 1684 nimirum
709 1629 868 1687 electi
888 1631 1294 1703 pradicatores,
1321 1630 1539 1702 quando
1558 1630 1859 1687 minoribus
1878 1647 2046 1687 mem-

432 1715 553 1772 bris
579 1719 1001 1791 compatiuntur,
1032 1719 1193 1792 quasi
1223 1719 1507 1775 excelsum
1535 1718 1789 1775 deserunt
1818 1738 1831 1775 :
1863 1720 1960 1776 sed
1990 1720 2044 1775 in

430 1805 697 1877 oppidum
727 1807 1137 1877 descendentes,
1170 1807 1225 1862 in
1253 1807 1452 1864 salario
1480 1816 1635 1873 sunt;
1668 1808 1796 1880 quia
1822 1808 1895 1864 ab
1933 1807 2043 1865 alto

434 1892 659 1967 quidem
689 1893 929 1965 veniunt,
961 1896 1061 1951 sed
1090 1894 1454 1952 inﬁrmitatem
1485 1895 1825 1953 subditorum
1872 1897 2045 1953 mise-

431 1981 608 2038 rando
639 1990 693 2038 et
720 1983 1073 2054 consulendo,
1107 1999 1216 2040 non
1245 1984 1459 2057 agendo
1487 1992 1541 2041 et
1560 1982 1884 2041 inﬁrmando
1898 2000 2048 2041 assu-

438 2078 618 2126 munt.
655 2070 894 2128 lnﬁrmis
913 2087 1151 2145 namque
1171 2072 1585 2144 compatientes,
1604 2089 1827 2130 uxorem
1848 2074 2049 2131 ducere

435 2158 782 2229 praecipiunt,
814 2175 916 2217 nec
948 2168 1126 2217 tamen
1164 2160 1273 2232 ipsi
1302 2158 1632 2218 inﬁrmando
1668 2177 1899 2220 uxorem
1936 2163 2045 2219 du-

435 2254 584 2303 cunt.
618 2247 677 2302 ln
706 2248 976 2321 oppidum
997 2265 1131 2323 ergo
1154 2249 1565 2319 descendentes,
1589 2247 1643 2305 in
1664 2250 1865 2307 solario
1879 2260 2003 2307 sunt
2027 2268 2043 2307 :

433 2333 564 2408 quia
591 2334 690 2392 etsi
718 2336 887 2408 plana
910 2336 1132 2408 jubent,
1164 2337 1222 2393 in
1250 2353 1309 2393 se
1337 2337 1440 2409 ipsi
1488 2336 1704 2394 inﬁrma
1750 2355 1860 2396 non
1906 2341 2046 2397 reti-

433 2431 582 2480 nent.
614 2422 755 2493 Quia
783 2441 913 2481 vero
940 2441 1047 2481 non
1077 2441 1196 2482 esse
1223 2426 1279 2481 in
1312 2424 1536 2495 salario,
1568 2427 1665 2482 sed
1720 2427 1867 2501 loqui
1922 2445 2047 2485 cum

433 2511 565 2567 Saul
596 2511 815 2569 Samuel
846 2512 1064 2582 dicitur,
1096 2513 1201 2571 boc
1229 2513 1477 2588 profecto
1504 2514 1802 2588 signiﬁcat,
1832 2516 1925 2589 qui
1956 2517 2048 2573 fu-

432 2607 584 2654 turus
610 2599 804 2657 doctor
830 2601 1016 2658 doceri
1046 2600 1209 2658 debet
1238 2601 1315 2657 sic
1344 2600 1574 2658 inﬁrmis
1611 2603 1840 2660 subditis
1886 2621 2045 2661 com-

428 2684 567 2759 pati,
598 2695 657 2744 ut
684 2687 805 2762 ipse
834 2697 1014 2745 tamen
1042 2697 1222 2747 teneat
1251 2689 1363 2746 alta
1396 2690 1842 2749 conversationis.

502 2779 591 2832 60.
625 2776 692 2833 Et
718 2777 847 2852 quia
872 2778 942 2835 ad
972 2778 1092 2835 hmo
1141 2778 1358 2853 agenda
1406 2780 1578 2835 multa
1616 2781 2048 2840 consideratione

427 2878 601 2922 novus
626 2866 959 2938 prtedicator
985 2866 1216 2940 indiget,
1235 2866 1493 2924 stravisse
1520 2867 1625 2924 sibi
1655 2868 1808 2939 Saul,
1838 2878 1891 2927 et
1921 2871 2047 2928 dor-

431 2952 594 3011 misse
623 2954 960 3027 perbibetur.
992 2955 1251 3012 Dormire
1280 2955 1335 3012 in
1359 2956 1561 3013 solario
1590 2973 1733 3015 novo
1764 2960 2040 3031 praedica-

428 3040 559 3109 tori,
591 3046 674 3099 est
715 3042 775 3098 in
823 3042 1043 3099 sublimi
1093 3058 1194 3101 sua
1243 3042 1676 3103 consideratione
1730 3047 2042 3119 disponere,

2153 491 2369 564 gotium
2398 492 2751 561 tractabatur,
2808 491 2973 548 ambo
3025 493 3324 548 surrexisse
3377 491 3754 564 perhibentur.

2155 580 2349 651 Surgit
2377 580 2600 651 quidem
2645 596 2893 636 summus
2945 579 3292 651 praedicator,
3349 588 3409 636 ut
3455 580 3760 637 auditorem

2153 683 2318 724 suum
2345 669 2418 724 ad
2446 668 2802 726 ministerium
2831 668 3077 739 ejusdem
3108 668 3508 741 praedicationis
3519 669 3757 727 ordinet.

2156 756 2341 829 Surgit
2368 757 2460 831 qui
2490 757 2824 813 ordinandus
2853 766 2951 827 est,
2984 765 3042 813 ut
3070 765 3180 813 tam
3201 757 3490 814 sublimem
3509 756 3761 815 ordinem

2156 844 2268 902 imo
2295 846 2479 903 cordis
2506 845 2705 904 affectu
2733 845 3106 918 recipiendum
3133 861 3250 902 esse
3278 860 3386 902 non
3412 855 3611 917 speret.
3653 846 3763 902 Pa-

2150 932 2284 990 riter
2309 934 2528 1006 quidem
2556 941 2805 1007 surgunt,
2837 934 2963 1008 quia
3009 934 3244 990 sublime
3286 933 3526 991 oﬂieium
3579 934 3760 1004 datur,

2154 1021 2388 1079 sublime
2418 1023 2694 1095 recipitur.
2719 1021 2840 1092 Quo
2869 1023 2929 1078 in
2959 1022 3080 1081 loco
3109 1030 3192 1078 est
3218 1021 3368 1079 aliud
3422 1021 3720 1079 notandum
3747 1037 3763 1080 :

2156 1110 2286 1183 quia
2312 1110 2478 1167 ambo
2509 1111 2663 1182 prius
2690 1119 3057 1180 surrexerunt,
3099 1110 3299 1168 deinde
3352 1110 3587 1177 Samuel
3632 1110 3767 1168 Saul

2155 1199 2392 1269 vocavit,
2425 1199 2616 1256 dicens
2646 1217 2661 1256 :
2691 1200 2871 1272 Surge
2889 1204 2950 1256 et
2966 1199 3255 1257 dimittam
3278 1203 3354 1256 te.
3374 1199 3483 1255 Sed
3505 1200 3578 1256 ad
3597 1200 3768 1257 histo-

2155 1286 2292 1342 riam
2322 1288 2369 1342 si
2399 1288 2564 1344 ambo
2592 1296 2964 1356 surrexerunt,
2993 1303 3029 1344 a
3056 1303 3250 1344 somno
3289 1286 3438 1356 Saul,
3468 1287 3596 1359 quia
3622 1304 3763 1344 con-

2155 1391 2379 1448 surgere
2401 1376 2735 1447 prarcipitur,
2784 1375 2855 1430 ad
2901 1391 3040 1446 opus
3085 1375 3380 1447 praeparari
3419 1376 3762 1433 admonetur.

2156 1460 2297 1534 Quia
2322 1479 2450 1520 vero
2479 1471 2589 1519 tam
2619 1464 2817 1520 summi
2845 1463 3174 1533 sacerdotes,
3205 1479 3369 1535 quam
3397 1464 3510 1533 ille,
3555 1463 3648 1537 qui
3689 1465 3762 1521 ad

2155 1551 2398 1608 ordinem
2457 1551 2859 1626 praedicationis
2909 1552 3234 1618 assumitur,
3290 1551 3421 1608 tanti
3478 1553 3764 1610 ministerii

2156 1653 2292 1696 Onus
2320 1649 2520 1697 attente
2547 1641 2914 1708 considerant,
2946 1640 3097 1712 quasi
3124 1641 3333 1712 pariter
3348 1641 3643 1709 dormiunt,
3663 1658 3767 1713 pa-

2155 1728 2286 1785 riter
2311 1738 2559 1802 surgunt.
2593 1730 2702 1787 Sed
2729 1729 2823 1804 qui
2851 1730 3064 1786 noviter
3090 1728 3422 1785 ordinandus
3475 1737 3574 1799 est,
3626 1747 3759 1786 sur—

2152 1833 2289 1890 gens
2316 1834 2348 1873 a
2376 1834 2585 1887 somno,
2620 1819 2693 1875 ad
2729 1834 2870 1890 opus
2906 1818 3037 1874 item
3073 1833 3296 1889 surgere
3325 1816 3545 1888 iubetur
3572 1833 3588 1874 :
3627 1818 3760 1891 quia

2152 1904 2223 1962 ad
2277 1906 2613 1963 altitudinem
2667 1906 2872 1963 ordinis
2927 1922 3238 1979 quanquam
3291 1921 3523 1977 pensare
3577 1906 3759 1963 medi-

2151 1995 2318 2052 tando
2346 1996 2570 2065 studuit,
2602 1997 2914 2069 pertingere
2949 1995 3115 2051 debet
3152 2001 3335 2050 tamen
3370 2009 3471 2066 per
3507 1995 3762 2053 meritum

2151 2084 2595 2142 conversationis.
2627 2085 2869 2157 Surgens
2895 2099 3032 2157 ergo
3060 2097 3286 2156 surgere
3307 2082 3542 2154 iubetur,
3574 2093 3634 2140 ut
3658 2100 3758 2140 su-

2151 2170 2377 2229 blimem
2406 2172 2670 2240 ordinem,
2703 2189 2865 2245 quem
2892 2171 3076 2228 subire
3103 2170 3392 2237 deliberat,
3409 2186 3626 2243 aequare
3644 2188 3759 2228 me-

2152 2259 2267 2316 ritis
2291 2269 2582 2332 proponat.
2613 2262 2772 2319 Unde
2798 2270 2853 2318 et
2880 2261 2934 2316 in
2963 2260 3162 2316 salario
3190 2268 3414 2317 vocatur
3443 2274 3458 2315 :
3505 2260 3632 2332 quia
3684 2260 3758 2317 ad

2151 2348 2261 2405 alta
2289 2349 2474 2406 conari
2504 2348 2836 2423 praecipitur.
2869 2349 2974 2418 Qui
3002 2348 3168 2404 etiam
3197 2347 3328 2405 dicit
3350 2363 3364 2404 :
3384 2349 3454 2405 Et
3468 2349 3762 2406 dimittam

2153 2441 2229 2495 te.
2262 2437 2453 2511 Surgit
2482 2437 2685 2509 quippe
2714 2446 2772 2494 ut
2793 2437 3095 2493 dimittatur
3125 2452 3139 2493 :
3172 2436 3297 2509 quia
3326 2436 3417 2493 ille
3457 2436 3600 2493 liber
3642 2453 3764 2495 esse

2149 2525 2206 2582 in
2237 2525 2541 2583 ministerio
2569 2524 2977 2599 praedicationis
3004 2525 3225 2597 poterit,
3256 2524 3348 2597 qui
3376 2525 3434 2581 in
3475 2525 3767 2584 altitudine

2150 2630 2364 2689 magna:
2391 2615 2815 2672 conversationis
2843 2613 3109 2671 excrevit.
3146 2613 3392 2670 Surrexit
3415 2614 3637 2687 quidem
3667 2615 3765 2687 qui

2148 2711 2459 2760 surrexerat
2491 2721 2504 2759 :
2537 2704 2667 2776 quia
2696 2704 2786 2776 qui
2831 2701 3225 2760 considerando
3267 2701 3457 2759 didicit
3510 2702 3765 2759 altitudi-

2148 2808 2275 2850 nem
2305 2792 2605 2866 dignitatis,
2638 2791 2692 2848 in
2727 2793 2923 2849 eadem
2975 2789 3257 2864 dignitatis
3310 2790 3592 2848 altitudine
3644 2791 3765 2847 eri-

2150 2897 2281 2955 gere
2308 2897 2366 2938 se
2394 2881 2602 2938 curavit
2626 2896 2727 2953 per
2751 2879 3137 2936 sublimitatem
3160 2878 3310 2936 vitae.
3332 2879 3489 2937 Unde
3500 2887 3553 2936 et
3572 2878 3767 2937 subdi-

2152 2977 2238 3026 tur
2268 2988 2281 3026 :

2224 3058 2410 3130 (νει-ε.
2442 3062 2561 3133 26.)
2592 3060 2663 3115 Et
2692 3057 2957 3116 surrexit
2983 3056 3144 3115 Saul.

429 3129 667 3202 qualiter
690 3130 1030 3189 subditorum
1059 3147 1229 3189 onera
1259 3131 1456 3189 debeat
1481 3140 1719 3204 portare.
1740 3109 1882 3192 Nam
1901 3137 1947 3192 si
2072 3109 2126 3179 ο
2221 3109 2435 3205 Deinde

434 3217 619 3273 seculi
650 3217 1004 3277 intentionem
1024 3220 1238 3293 vigilat,
1264 3221 1366 3278 hoc
1384 3222 1629 3295 profecto
1648 3223 1783 3296 agit,
1805 3232 1863 3281 ut
1884 3233 2044 3283 tantae

431 3304 775 3364 discretionis
801 3307 1007 3366 bonum
1039 3308 1095 3364 in
1123 3308 1328 3365 intimis
1354 3325 1465 3366 non
1492 3310 1747 3383 requirat.
1789 3312 2046 3374 Dormire

432 3392 602 3467 igitur
629 3396 815 3465 debet,
842 3400 901 3453 ut
928 3395 1210 3454 saecularia
1255 3398 1406 3454 nulla
1451 3399 1656 3472 cogitet
1687 3415 1701 3456 :
1749 3402 1878 3474 quia
1923 3403 2043 3476 spi-

430 3482 652 3540 ritualia
675 3479 972 3559 disponere
1019 3501 1311 3558 oppressus
1356 3486 1713 3544 smeularibus
1767 3507 2044 3563 nunquam

433 3578 633 3644 potest.
662 3571 774 3630 Sed
801 3581 854 3630 et
882 3573 1132 3632 dormire
1159 3590 1270 3632 non
1298 3575 1523 3646 poterit,
1552 3575 1645 3648 qui
1666 3576 1769 3632 sibi
1788 3594 1897 3635 non
1913 3588 2045 3638 ster.

438 3658 519 3715 nit
549 3678 563 3716 :
595 3661 723 3733 quia
751 3661 1008 3719 nimirum
1041 3662 1088 3719 si
1118 3662 1381 3720 bonorum
1411 3663 1687 3737 exempla,
1735 3666 1851 3724 sive
1895 3668 2047 3727 dicta

439 3763 552 3805 non
579 3749 787 3823 cogitat
815 3750 1159 3823 impossibile
1186 3758 1293 3818 est,
1324 3759 1383 3808 ut
1429 3751 1501 3808 ab
1547 3753 1901 3811 exterioribus
1952 3774 2046 3815 re-

440 3834 709 3909 quiescat.
745 3839 909 3896 Velut
932 3839 1123 3896 mollia
1149 3840 1372 3913 quidem
1400 3839 1560 3897 nobis
1601 3827 1767 3897 226
1817 3844 2046 3917 subjici-

441 3940 580 3992 mus,
611 3926 830 4000 quando
852 3928 1153 3986 electorum
1177 3928 1503 3998 doctrinam,
1533 3937 1627 3986 aut
1653 3938 1821 3988 vrtam
1840 3934 2047 4009 cogita-

437 4029 579 4071 mus.
610 4015 672 4071 ln
698 4015 907 4073 eisdem
935 4033 1152 4090 quoque
1180 4016 1490 4073 stramentis
1518 4017 1823 4077 dormimus
1852 4038 1868 4078 :
1919 4024 2049 4096 quia

441 4102 721 4177 quiescere
734 4111 863 4162 tunc
885 4105 1027 4163 bene
1045 4104 1479 4163 consideratione
1496 4121 1805 4178 possumus,
1827 4112 2047 4183 quando

442 4192 499 4248 in
526 4193 688 4250 rebus
713 4194 1088 4267 spiritualibus
1116 4210 1474 4267 occupamur.
1509 4193 1669 4252 Dicat
1696 4210 1830 4269 ergo
1863 4214 1879 4254 :
1903 4199 2047 4267 Quia

440 4284 649 4341 strauit
659 4283 765 4341 sibi
776 4282 942 4352 Saui,
954 4287 1014 4341 et
1024 4283 1317 4351 dormivit,
1330 4290 1388 4338 ut
1397 4281 1586 4339 electa
1602 4284 1770 4339 menti
1783 4284 2014 4343 insinuet
2028 4306 2044 4345 :

437 4370 567 4440 quia
594 4371 643 4426 si
670 4371 1014 4444 negligenter
1041 4371 1111 4426 ad
1137 4370 1409 4426 exteriora
1435 4384 1495 4425 se
1541 4378 1791 4442 occupat,
1840 4372 2045 4434 intime

2224 3235 2400 3308 (Vers.
2432 3238 2549 3309 26.)
2581 3238 2911 3311 Egressique
2938 3239 3078 3294 sunt
3108 3234 3308 3299 ambo;
3336 3235 3456 3293 idae
3499 3234 3767 3294 uidelicet

2154 3325 2410 3385 Samuel.

2226 3418 2314 3472 62.
2348 3415 2535 3472 Pastor
2558 3414 2852 3491 egreditur,
2883 3413 3100 3487 quando
3130 3430 3163 3470 a
3188 3420 3397 3471 secreto
3439 3413 3761 3471 meditatio-

2150 3501 2237 3560 nis
2264 3503 2413 3560 venit
2438 3504 2509 3559 ad
2531 3503 2812 3574 publicum
2840 3502 3038 3576 operis.
3071 3501 3303 3571 Quando
3324 3502 3470 3558 enim
3493 3501 3760 3574 disponit,

2152 3608 2275 3665 quae
2296 3591 2419 3648 vult
2445 3607 2632 3666 agere,
2664 3592 2807 3648 intus
2833 3599 2914 3648 est
2944 3609 2958 3646 :
2988 3590 3206 3662 quando
3234 3593 3416 3645 autem
3445 3604 3513 3647 ea
3539 3590 3655 3663 agit
3670 3590 3761 3646 fo-

2151 3680 2246 3749 ris,
2276 3696 2398 3752 quae
2426 3681 2708 3754 cogitavit,
2739 3679 2896 3754 quasi
2925 3680 3062 3736 exit.
3093 3678 3237 3736 Exiit
3258 3678 3422 3735 etiam
3452 3678 3606 3748 Saul,
3629 3678 3768 3752 quia

2154 3767 2210 3823 in
2236 3767 2490 3825 exteriori
2518 3768 2803 3843 dignitate,
2838 3769 2883 3823 is
2912 3767 3003 3840 qui
3032 3774 3403 3839 promovetur,
3433 3764 3571 3823 illud
3589 3767 3767 3823 susci-

2152 3855 2234 3930 pit
2255 3856 2423 3929 quod,
2457 3873 2527 3913 an
2555 3865 2700 3914 esset
2744 3856 3169 3929 suscipiendum,
3217 3854 3421 3910 diutius
3474 3854 3760 3927 cogitavit.

2151 3945 2328 4003 Ambo
2347 3945 2514 4019 igitur
2539 3945 2792 4003 dicuntur
2817 3944 3044 4019 egressi,
3079 3943 3206 4015 quia
3233 3942 3396 3999 ambo
3424 3942 3640 3999 fuerunt
3664 3943 3764 4002 in-

2154 4041 2238 4089 tus
2269 4049 2284 4090 :
2313 4034 2445 4091 dum
2474 4034 2566 4092 ille
2591 4035 2820 4093 sollicita
2849 4042 3032 4090 mente
3086 4030 3419 4103 praviderit,
3475 4030 3607 4105 quid
3662 4041 3766 4090 aut

2151 4121 2237 4178 cui
2266 4122 2457 4188 daret;
2487 4122 2580 4180 ille
2609 4123 2739 4180 item
2768 4123 3024 4179 attentius
3050 4119 3339 4192 cogitaret,
3369 4118 3548 4192 qualis
3591 4129 3763 4189 esset,

2151 4210 2243 4285 qui
2273 4219 2380 4267 tam
2403 4227 2618 4268 summa
2645 4211 2965 4284 perciperet.
3009 4208 3150 4280 Quia
3202 4223 3339 4280 ergo
3394 4206 3763 4265 ministerium

2150 4307 2358 4356 sancte
2408 4298 2817 4371 praedicationis
2844 4313 2969 4353 cum
3022 4310 3238 4351 summa
3272 4293 3599 4351 discretione
3656 4295 3764 4352 tri-

2148 4384 2434 4443 buendum
2453 4396 2616 4460 atque
2636 4385 3004 4460 recipiendum
3024 4391 3121 4455 est,
3145 4383 3277 4440 dum
3297 4397 3395 4438 rex
3415 4381 3630 4439 Isi-aclis
3646 4400 3761 4439 un-

439 4456 634 4549 quietis
917 4457 1321 4549 nongacquirat.
1481 4457 1576 4531 (ιιιὶ
1591 4458 1892 4549 spiritualia
1905 4462 2043 4522 bene
2070 4463 2124 4526 D
2147 4475 2316 4547 gitur,
2355 4484 2410 4532 et
2435 4456 2545 4533 rei
2562 4484 2616 4532 et
2643 4456 2907 4549 ριεοξδιιθιι
3221 4487 3367 4541 eum,
3390 4470 3595 4544 δειδωεὶ
3614 4488 3762 4543 per-

437 4545 553 4601 vult
579 4545 973 4603 considerando
998 4546 1308 4619 disponere,
1339 4545 1516 4603 donec
1542 4561 1610 4601 ea
1637 4547 1780 4603 intus
1796 4551 2038 4621 perfecte

435 4632 670 4702 ordinet,
701 4633 773 4691 ad
800 4650 866 4691 ea
892 4650 1018 4708 qua
1045 4634 1180 4692 foris
1202 4642 1345 4703 sunt,
1376 4632 1639 4709 evigilare
1685 4651 1796 4692 non
1851 4639 2033 4697 debet.

428 4721 571 4795 Apte
596 4737 730 4796 ergo
765 4722 1112 4798 subjungitur
1137 4736 1154 4780 :

502 4819 678 4889 (Vera.
709 4820 826 4892 26.)
867 4820 1120 4895 Cumque
1162 4836 1334 4878 usaue
1379 4821 1791 4892 surrexissent,
1823 4826 1883 4881 et
1906 4823 2036 4897 jam

430 4908 822 4980 dilucesceret,
839 4912 1053 4969 vocavit
1068 4909 1309 4969 Samuel
1325 4909 1465 4968 Sani
1482 4909 1546 4966 in
1563 4911 1793 4982 salario,
1805 4910 1999 4970 dicens
2015 4933 2035 4971 :

428 4998 628 5071 Surge,
659 5003 717 5056 et
748 4999 1040 5057 dimittam
1068 5002 1145 5057 te.

503 5100 591 5155 Gl.
623 5099 782 5156 Iane
809 5099 1031 5175 quidem
1055 5097 1297 5166 lucescit,
1348 5096 1566 5171 quando
1615 5097 1814 5173 quietae
1865 5101 2031 5157 menti

431 5186 670 5244 veritatis
696 5188 959 5260 splendor
985 5188 1260 5262 seaperit.
1320 5187 1568 5243 Humana
1621 5186 1823 5243 etenim
1879 5204 2033 5245 mens

428 5290 529 5348 per
554 5277 916 5349 ignorantiam
946 5277 1249 5347 tenebrosi,
1279 5283 1333 5332 et
1358 5292 1459 5348 per
1483 5275 1897 5332 illustrationem
1927 5293 2028 5335 ve-

427 5365 601 5421 ritatis
626 5364 805 5421 lucida
833 5364 913 5423 ﬁt.
943 5366 1207 5439 Ignorans
1234 5379 1386 5437 ergo,
1418 5364 1473 5419 in
1518 5372 1677 5419 nocte
1730 5372 1848 5429 est;
1902 5379 2028 5421 cum

424 5452 744 5522 illustratur,
777 5451 833 5508 in
861 5449 972 5509 die.
1004 5447 1159 5509 Mane
1210 5462 1393 5509 autem
1445 5451 1621 5524 surgit
1674 5444 1765 5525 qui
1823 5452 2029 5510 dormit

426 5538 588 5598 uicta
618 5547 635 5597 t
665 5538 883 5613 quando
909 5534 980 5598 ad
1007 5536 1220 5616 muas
1247 5550 1305 5599 se
1332 5531 1495 5614 erigit
1521 5534 1605 5610 ‘a’a',
1636 5547 1760 5613 qua
1771 5549 1871 5613 per
1889 5540 2025 5600 οὸηι

2141 4562 2414 4620 bibentur.
2455 4564 2705 4637 Plerique
2746 4547 2939 4619 autem
2999 4547 3161 4614 227
3227 4558 3443 4617 codices
3496 4560 3701 4617 habent
3736 4579 3756 4619 :

2144 4652 2397 4728 Cumque
2409 4670 2576 4712 mane
2585 4654 3000 4718 surrexissent,
3015 4667 3090 4708 au
3097 4654 3325 4723 tequam
3336 4648 3713 4706 dilucesceret
3735 4670 3759 4707 .-

2142 4741 2290 4816 quod
2318 4742 2573 4798 nimirum
2600 4741 2833 4815 intelligi
2852 4739 3239 4798 convenienter
3254 4744 3455 4809 potest.
3479 4737 3637 4793 Mane
3665 4748 3760 4796 est

2141 4829 2382 4905 quidem,
2413 4838 2703 4904 antequam
2730 4830 3043 4894 dilucescat,
3072 4826 3293 4901 quando
3342 4825 3756 4897 quodammodo

2140 4918 2381 4991 aspirare
2406 4919 2524 4975 dies
2549 4918 2759 4991 incipit,
2790 4926 2845 4976 et
2872 4926 3052 4974 tamen
3080 4916 3244 4988 plena
3271 4914 3366 4970 lux
3393 4912 3500 4969 diei
3513 4929 3623 4970 non
3644 4922 3750 4972 est.

2142 5007 2528 5066 Praedicatores
2553 5016 2735 5064 autem
2791 5014 2994 5065 sancta
3048 5004 3326 5073 Ecclesiae,
3386 5002 3517 5058 dum
3555 5017 3752 5060 eorum

2137 5095 2340 5153 bonam
2378 5096 2847 5153 conversationem
2902 5094 3246 5151 considerant
3301 5105 3436 5164 quos
3490 5089 3753 5149 ordinare

2136 5185 2450 5257 disponunt,
2482 5185 2635 5258 quasi
2663 5200 2819 5241 mane
2844 5191 2945 5242 est.
2976 5182 3085 5240 Sed
3133 5181 3261 5253 quia
3316 5194 3503 5235 eorum
3562 5179 3748 5236 futura

2135 5274 2276 5332 scire
2304 5290 2410 5331 non
2431 5282 2678 5346 possunt,
2700 5289 2861 5330 mane
2879 5280 2978 5338 est,
3001 5272 3094 5326 sed
3115 5278 3405 5343 antequam
3420 5267 3742 5325 dilucescat.

2136 5361 2295 5433 Ωυοά
2326 5364 2462 5419 bene
2490 5364 2544 5419 in
2574 5363 2693 5433 ejus
2718 5360 3055 5418 ordinatione
3084 5358 3304 5423 dicitur,
3336 5357 3428 5429 qui
3478 5356 3740 5427 omnipo-

2136 5453 2266 5508 tenti
2295 5452 2410 5509 Deo
2440 5460 2626 5524 postea
2644 5447 2985 5522 displicuisse
3015 5453 3361 5531 memoratur.
3395 5443 3740 5531 enirn

2133 5548 2313 5610 tuane,
2345 5520 2632 5612 antequam
2664 5520 3033 5607 dilucs‘sceret,
3065 5520 3332 5609 propheti
3376 5522 3514 5591 vldlt
3563 5520 3729 5591 trunci
