4034 6174
250 341 349 400 277

1063 352 1139 408 IN
1179 351 1448 411 PRIMUM
1485 351 1732 409 REGUM
1768 349 2315 408 EXPOSITIONES.
2352 383 2424 395 -
2460 353 2588 410 LIB.
2628 354 2719 412 IV.

3449 358 3552 414 278

252 468 337 539 qui
364 469 415 525 ei
444 469 501 524 in
539 469 660 528 luce
710 470 875 527 bona;
929 474 1349 531 conversationis
1403 474 1674 548 apparuit.
1734 473 1844 531 Sed
1871 473 1928 535 Α
1957 473 2187 531 dicatori
2217 477 2505 533 convenit:
2530 493 2662 533 nam
2694 479 2821 534 dum
2851 481 3070 552 pondus
3098 479 3386 552 pastoralis
3406 496 3554 539 cura)

252 558 408 631 plena
432 559 544 615 diei
572 560 797 616 claritas
819 562 1060 618 nondum
1088 572 1220 634 erat,
1253 565 1382 636 quia
1418 565 1475 619 in
1522 580 1586 621 eo
1632 564 1845 619 futuras

253 646 500 703 tenebras
519 664 619 719 per
637 658 958 720 praesentem
978 652 1301 724 cognitionis
1320 654 1495 709 lucem
1520 652 1702 709 videre
1732 667 1841 707 non

246 745 471 806 poterat.
493 736 649 807 Quod
680 738 942 795 nimirum
962 740 1116 797 toties
1135 750 1334 798 sancte
1355 742 1619 799 Ecclesia
1638 742 1839 815 agitur,

249 826 460 898 quoties
487 827 616 882 boni
643 836 790 896 sunt,
823 830 917 899 qui
947 830 1220 902 eliguntur
1258 831 1313 886 in
1357 832 1629 902 praesenti,
1661 831 1758 886 sed
1787 830 1843 885 in

247 915 439 970 eodem
469 915 620 971 bono
664 919 1063 986 perseveraturi
1111 935 1223 975 non
1275 929 1421 976 sunt.
1474 919 1648 988 Quasi
1696 920 1842 975 enim

247 1019 421 1071 mane,
442 1012 500 1059 et
527 1013 653 1060 ante
679 1005 854 1061 lucem
886 1007 1181 1080 egreditur,
1207 1009 1297 1079 qui
1318 1009 1491 1064 lucem
1515 1008 1641 1064 boni
1662 1009 1843 1079 operis

244 1101 568 1163 praesentem
598 1102 886 1164 monstrat,
918 1096 1209 1169 caliginem
1242 1097 1362 1154 vita
1393 1098 1634 1153 futuram
1662 1098 1830 1155 celat.

247 1180 349 1237 Sed
382 1183 518 1253 quid
547 1182 675 1239 inde
702 1192 881 1240 actum
910 1186 1000 1254 sit,
1031 1187 1278 1258 sequitur
1309 1205 1321 1240 :

310 1298 757 1371 (Vers.2‘7,seq.)
785 1300 1029 1373 Cumque
1051 1301 1455 1358 descenderent
1487 1304 1548 1358 in
1578 1307 1840 1359 extrema

243 1390 407 1459 parte
448 1389 726 1455 civitatis,
757 1389 989 1445 Samuel
1018 1389 1171 1446 dixit
1201 1389 1275 1445 ad
1306 1390 1443 1447 Saul
1473 1410 1491 1447 :
1523 1392 1620 1447 Dic
1663 1408 1838 1465 puero

243 1479 308 1530 ut
335 1475 647 1531 antecedat
673 1493 797 1546 nos,
830 1483 887 1532 et
916 1482 1174 1535 transeat
1205 1498 1224 1532 :
1256 1482 1321 1536 tu
1348 1484 1546 1536 autem
1599 1480 1838 1536 subsiste

238 1564 552 1636 paulisper,
583 1567 651 1619 ut
688 1566 935 1621 indicem
979 1564 1085 1622 tibi
1127 1566 1354 1623 uerbum
1384 1567 1634 1623 Domini.
1677 1570 1830 1624 Tulit

238 1656 431 1707 autem
475 1652 707 1709 Samuel
758 1656 1098 1711 lenticulam
1137 1656 1266 1723 olei,
1315 1660 1372 1713 et
1411 1656 1614 1729 effudit
1662 1673 1835 1730 super

238 1747 415 1813 caput
440 1743 587 1813 ejus,
621 1746 677 1798 et
704 1744 997 1800 osculatus
1025 1748 1110 1800 est
1139 1761 1289 1801 eum.

309 1860 400 1911 63.
434 1856 579 1926 Quid
599 1866 684 1913 est
703 1858 872 1928 enim,
896 1860 1035 1931 quod
1064 1861 1119 1915 in
1148 1867 1241 1917 ext
1269 1876 1392 1917 ema
1412 1870 1572 1933 parte
1599 1861 1834 1918 civitatis
1861 1830 1916 1892 Β

237 1962 329 2002 rex
359 1945 595 2016 ducitur,
628 1955 682 2003 et
707 1949 974 2020 ungitur?
1004 1950 1113 2006 Sed
1142 1959 1383 2006 extrema
1430 1967 1561 2021 pars
1602 1951 1836 2007 civitatis

238 2043 319 2089 est
346 2033 544 2090 ultima
572 2051 697 2107 pars
715 2036 900 2107 pOpuli
922 2036 1174 2108 subjecti.
1205 2037 1308 2104 Qui
1329 2055 1461 2111 ergo
1490 2040 1734 2094 ultimum
1759 2040 1832 2095 lo-

242 2137 363 2177 cum
396 2130 584 2178 tenent
602 2125 657 2178 in
677 2134 867 2179 sancta
888 2125 1149 2196 Ecclesia,
1173 2126 1319 2182 velut
1337 2127 1394 2181 in
1414 2136 1659 2183 extrema
1685 2138 1840 2199 parte

244 2211 479 2267 civitatis
505 2221 651 2267 sunt.
679 2213 858 2284 Ipsius
884 2222 1066 2270 autem
1095 2216 1349 2271 Eccles'a:
1368 2216 1425 2270 in
1444 2216 1633 2272 ultima
1654 2226 1836 2288 parte,

242 2300 495 2356 conversi
524 2310 841 2372 peccatores
866 2318 984 2357 esse
1014 2303 1280 2359 videntur.
1311 2305 1448 2359 Nam
1474 2305 1605 2375 justi
1635 2306 1839 2377 quique

238 2387 299 2444 in
327 2389 603 2460 superiori
630 2390 721 2445 vel
749 2391 926 2462 prima
954 2400 1076 2446 sunt
1104 2402 1280 2463 parte.
1312 2395 1428 2447 Aut
1456 2394 1682 2449 fortasse
1714 2394 1833 2464 pri-

238 2494 388 2531 mum
418 2477 598 2534 locum
628 2477 913 2551 virginitas
940 2485 1106 2548 tenet,
1146 2483 1445 2537 secundum
1475 2482 1827 2553 continentia,

237 2566 454 2621 tertium
484 2566 803 2638 conjugalis
831 2567 964 2638 vita,
987 2569 1232 2624 ultimum
1265 2572 1552 2627 conversio
1577 2580 1827 2641 peccato-

233 2671 381 2710 rum.
428 2655 489 2710 ln
518 2664 761 2711 extrema
792 2656 958 2724 igitur
980 2658 1221 2713 civitatis
1252 2668 1406 2729 parte
1435 2677 1532 2714 rex
1557 2662 1782 2730 ungitur
1821 2678 1834 2715 :

234 2739 363 2809 quia
391 2748 597 2796 sanctae
625 2741 881 2797 Ecclesiae
908 2751 1089 2798 rector
1114 2744 1416 2812 ordinatur,
1450 2760 1552 2815 pro
1581 2753 1838 2815 peccato-

236 2830 404 2892 ribus,
438 2844 545 2884 non
577 2845 681 2900 pro
704 2830 886 2901 justis.
911 2832 1045 2886 llinc
1064 2831 1212 2887 enim
1234 2849 1338 2902 per
1359 2834 1714 2903 semetipsum
1741 2832 1837 2887 Ve-

233 2915 366 2971 ritas
385 2917 550 2972 dicit:
577 2919 695 2974 Non
720 2920 844 2975 veni
871 2921 1397 2993 vocarejustos,sed
1408 2925 1732 2986 peccatores
1762 2921 1837 2976 ad

233 3007 636 3077 penitentiam
649 3007 870 3078 (Matth.
896 3024 973 3075 ix,
998 3012 1109 3078 13).
1136 3010 1483 3064 Hinciterum
1516 3009 1684 3063 dicit:
1713 3011 1832 3066 Non

232 3108 375 3166 opus
384 3094 594 3151 habent
605 3098 736 3151 sani
748 3096 874 3152 med
879 3098 985 3166 ico,
998 3097 1093 3153 sed
1107 3099 1255 3154 male
1267 3097 1695 3167 habentesUbid.
1706 3100 1835 3168 .13).

1955 563 2264 620 considerat
2293 574 2345 622 et
2371 566 2741 623 inﬁrmitatem
2773 584 2947 638 suam,
2978 570 3083 626 hoc
3119 568 3221 624 sibi
3247 585 3305 624 se
3333 585 3549 640 praece-

1949 651 2090 709 dens
2116 654 2338 726 spiritus
2365 655 2495 711 dicit
2526 673 2538 710 :
2573 656 2701 728 quia
2730 665 2941 713 tantum
2982 673 3119 714 onus
3160 666 3265 712 tam
3299 655 3552 712 inﬁmus

1949 741 2179 814 indigne
2209 744 2455 815 suscipit.
2510 744 2889 801 Praeter-mittat
2918 762 3050 818 ergo
3079 761 3189 801 non
3219 746 3417 815 solum,
3449 744 3549 800 sed

1952 832 2178 887 transire
2223 833 2385 887 faciat
2411 849 2645 904 puerum
2679 852 2691 889 :
2722 843 2781 889 ut
2809 851 2919 890 non
2944 834 3221 890 arbitrium
3253 848 3420 889 suum
3451 849 3545 888 se-

1952 920 2173 986 quatur,
2204 917 2301 972 sed
2329 915 2465 972 illud
2494 918 2784 989 suscipiat,
2816 921 2959 990 quod
2990 920 3039 975 ei
3068 917 3313 975 melioris
3352 917 3547 989 provi-

1950 1002 2103 1060 sione
2134 1004 2457 1061 decernitur.
2481 1006 2551 1062 Et
2578 1008 2649 1063 de
2677 1008 3003 1066 subsistente
3033 1006 3277 1080 protinus
3303 1004 3541 1062 additur.

2579 1133 2800 1189 CAPUT
2839 1134 2903 1190 V.

2024 1241 2066 1299 (Ι
2099 1239 2235 1311 Reg.
2270 1255 2329 1306 χ,
2364 1242 2439 1309 t.)
2498 1241 2646 1297 Tulit
2678 1244 2870 1297 atatem
2916 1239 3146 1297 Samuel
3204 1238 3542 1296 lenticulam

1949 1329 2079 1394 olei,
2112 1333 2169 1384 et
2197 1328 2396 1400 e/fudit
2425 1345 2597 1402 super
2623 1334 2796 1400 caput
2824 1331 2964 1401 ejus.

2022 1421 2073 1472 1.
2107 1417 2223 1472 Hoc
2249 1416 2493 1487 profecto
2523 1418 2625 1473 hac
2648 1419 2905 1474 unctione
2937 1417 3279 1489 exprimitur,
3311 1416 3456 1487 quod
3489 1416 3544 1471 in

1948 1513 2140 1561 sancta
2170 1505 2413 1561 Ecclesia
2443 1522 2589 1561 nunc
2619 1507 2783 1562 etiam
2813 1507 3166 1563 materialiter
3210 1505 3494 1561 exhibetur
3523 1522 3535 1559 :

1946 1593 2073 1666 quia
2104 1594 2199 1667 qui
2241 1594 2297 1648 in
2345 1593 2582 1650 culmine
2633 1595 2871 1664 ponitur,
2928 1603 3265 1651 sacramenta
3318 1592 3542 1665 suscipit

1945 1683 2233 1739 unctionis.
2263 1681 2403 1752 Qnia
2432 1698 2559 1738 vero
2588 1683 2709 1753 ipsa
2738 1683 2920 1741 unctio
2946 1692 3345 1739 sacramentum
3367 1691 3469 1749 est,
3494 1683 3540 1737 is

1946 1774 2037 1845 qui
2067 1780 2434 1843 promovetur,
2468 1772 2606 1828 bene
2637 1772 2763 1828 foris
2792 1772 3029 1846 ungitur,
3080 1773 3125 1828 si
3172 1773 3314 1828 intus
3345 1771 3540 1829 virtute

1945 1862 2269 1917 sacramenti
2296 1861 2597 1917 roboretur.
2639 1863 2791 1932 Ipsas
2816 1878 2953 1934 ergo
2983 1862 3090 1919 olei
3122 1863 3342 1919 virtutes
3381 1861 3537 1931 prius

1944 1950 2227 2005 videamus
2256 1949 2530 2005 attentius.
2566 1949 2761 2005 Oleum
2819 1951 3021 2024 quippe
3066 1949 3371 2022 liquoribus
3417 1946 3537 2004 aliis

1944 2038 2305 2109 superfertur,
2338 2038 2516 2094 oleum
2548 2038 2734 2110 ignem
2764 2041 2933 2109 fovet,
2963 2038 3140 2095 oleum
3170 2039 3397 2094 vulnera
3435 2053 3538 2095 cu-

1945 2142 2065 2181 rare
2095 2127 2390 2181 consuevit.
2428 2127 2528 2182 Per
2551 2127 2686 2181 illud
2732 2142 2864 2199 ergo
2912 2127 3294 2183 misericordiae
3337 2126 3541 2183 bonum

1947 2213 2242 2289 signiﬁcat,
2278 2217 2404 2285 quia
2433 2217 2690 2286 scriptum
2721 2215 2789 2270 de
2815 2214 3050 2270 Domino
3077 2224 3200 2270 est:
3234 2216 3539 2273 Miseratio-

1947 2321 2049 2360 nes
2094 2307 2216 2373 eius
2256 2321 2431 2376 super
2449 2306 2642 2360 omnia
2666 2320 2836 2376 Opera
2882 2305 3003 2376 ejus
3034 2304 3208 2374 (Psal.
3240 2320 3427 2373 cxuv,
3460 2307 3536 2376 9).

1949 2393 2087 2463 Quia
2115 2396 2300 2465 ignem
2352 2394 2518 2462 fovet,
2569 2392 2969 2461 praedicationis
2995 2393 3222 2464 gratiam
3268 2392 3538 2465 designat,

1950 2495 2070 2553 quin
2094 2478 2383 2533 electorum
2416 2487 2623 2533 mentes
2648 2477 2940 2531 illuminat.
2996 2475 3134 2545 Quia
3164 2492 3293 2533 vero
3320 2477 3540 2533 vulnera

1947 2585 2050 2639 per
2079 2569 2259 2623 oleum
2308 2575 2589 2635 curantur,
2648 2568 2752 2621 hoc
2805 2567 3054 2637 profecto
3102 2566 3355 2631 insinuat,
3394 2565 3538 2636 quod

1946 2657 2285 2729 detergenda
2313 2665 2435 2711 sunt
2462 2656 2693 2711 vulnera
2721 2662 3088 2727 peccatorum.
3136 2655 3383 2727 Ungatur
3411 2669 3543 2726 ergo

1949 2755 2113 2816 caput
2140 2745 2303 2816 regis,
2328 2745 2456 2816 quia
2485 2744 2753 2815 spirituali
2778 2744 2954 2816 gratia
2983 2759 3135 2798 mens
3165 2752 3247 2798 est
3274 2742 3545 2813 replenda

1948 2835 2208 2891 doctoris.
2224 2834 2497 2889 Haheatin
2518 2836 2766 2889 unctione
2786 2847 2883 2889 sua
2904 2831 3103 2898 oleum,
3123 2831 3322 2886 habeat
3336 2831 3544 2886 miseri-

1948 2925 2191 2980 cordiam
2222 2922 2606 2989 abundantem,
2630 2937 2753 2991 quae
2772 2920 2875 2975 sibi
2895 2919 3179 2975 virtutibus
3196 2920 3319 2975 aliis
3344 2919 3541 2990 prefe-

1948 3022 2121 3068 ratur.
2152 3012 2364 3067 Habeat
2383 3011 2582 3075 oleum,
2606 3018 2666 3064 ut
2691 3009 2818 3063 dum
2842 3009 3099 3064 ardorem
3121 3008 3292 3065 sancti
3313 3007 3543 3079 Spiritus

1948 3103 2002 3156 in
2033 3117 2089 3156 se
2139 3101 2330 3168 nutrit,
2379 3100 2561 3155 lucere
2607 3101 2956 3154 vehementer
3000 3096 3123 3153 aliis
3168 3112 3267 3168 per
3311 3095 3541 3154 verbum

306 3185 396 3238 6i.
429 3183 539 3240 Sed
566 3185 997 3254 puerum'Saulis
1026 3187 1364 3256 spiritualem
1406 3204 1633 3243 sensum
1683 3187 1836 3242 desi-
1867 3179 1916 3245 C
1945 3191 2136 3263 possit.
2180 3188 2390 3244 Habeat
2431 3186 2784 3244 nihilominus
2812 3186 2991 3242 oleum
3021 3186 3328 3252 medicinae,
3359 3193 3421 3240 ut
3444 3201 3537 3240 sa-

233 3287 409 3343 gnare
437 3272 696 3328 diximus.
737 3272 881 3342 Quid
918 3283 1002 3329 est
1047 3290 1201 3348 ergo,
1233 3275 1378 3345 quod
1427 3275 1734 3347 prtecedere
1781 3285 1834 3332 et

233 3361 465 3416 transire
511 3377 545 3415 a
592 3362 843 3418 Samuele
872 3362 1174 3432 imperatur
1192 3365 1221 3418 ‘?
1251 3365 1362 3420 Sed
1393 3365 1651 3434 praecedit
1677 3381 1829 3436 puer,

231 3450 452 3519 quando
490 3451 597 3506 hoc
632 3452 835 3520 agitur,
877 3452 1024 3522 quod
1062 3467 1098 3507 a
1131 3453 1397 3523 spirituali
1451 3470 1614 3509 sensu
1668 3453 1831 3508 nobis

230 3540 574 3609 suggeritur,
602 3554 715 3594 non
738 3541 891 3611 quod
919 3556 952 3595 a
980 3549 1129 3597 motu
1150 3541 1353 3597 carnali
1373 3542 1692 3612 imperatur.
1716 3543 1829 3598 Sed

231 3625 503 3695 quosdam
533 3626 792 3696 νηκερδῆ
836 3636 890 3683 et
929 3628 1141 3696 transit,
1173 3629 1443 3699 quosdam
1484 3629 1748 3700 prmcedit
1776 3640 1829 3688 et

228 3728 340 3767 non
370 3714 591 3768 u-ansit.
613 3714 735 3770 Non
766 3715 958 3770 transit
986 3716 1212 3786 quidem
1244 3718 1562 3787 praecedens
1590 3734 1726 3787 puer
1742 3736 1829 3773 ar-

227 3813 503 3872 mgantes,
534 3802 726 3858 transit
752 3803 1021 3860 humiles:
1046 3820 1172 3859 nam
1203 3806 1336 3860 dum
1366 3816 1684 3878 arrogantes
1712 3822 1828 3864 ma-

228 3904 345 3959 gna
372 3898 427 3944 et
456 3889 756 3959 spiritualia
787 3897 979 3963 agunt,
1009 3893 1064 3947 in
1093 3893 1267 3949 oculis
1300 3895 1415 3949 suis
1462 3896 1646 3967 magni
1674 3900 1821 3950 sunt.

231 3975 397 4046 Quasi
427 3980 575 4034 enim
605 3994 789 4036 secum
821 3980 1023 4037 habent
1050 3998 1299 4052 puerum,
1322 3999 1481 4053 quem
1511 3993 1822 4054 sequuntur,

228 4067 316 4135 qui
350 4066 401 4119 in
435 4066 827 4138 spiritualibus,
860 4084 989 4140 quae
1020 4078 1207 4139 agunt,
1237 4070 1551 4140 spirituales
1594 4087 1653 4127 se
1700 4088 1823 4128 esse

225 4153 547 4223 gloriantur.
581 4153 790 4224 Quibus
823 4156 1067 4224 profecto
1097 4160 1362 4228 prOplieta
1391 4159 1710 4231 exprobrat,
1743 4160 1824 4215 di-

224 4256 355 4295 cens
369 4258 382 4293 :
408 4243 490 4296 Vw
498 4244 597 4313 qui
604 4246 891 4317 sapientes
902 4248 1039 4300 estis
1054 4248 1116 4301 in
1132 4247 1312 4303 oculis
1324 4248 1537 4311 vestris,
1562 4252 1619 4304 et
1630 4265 1821 4305 coram

224 4330 629 4403 nobismetipsis
661 4333 977 4405 prudrnles
1008 4333 1139 4403 (ιω.
1173 4350 1228 4398 v.
1264 4336 1374 4405 21).
1404 4335 1575 4391 Ειεοιὶ
1604 4352 1736 4409 ergo
1765 4337 1819 4391 in

223 4417 480 4472 omnibus
508 4436 627 4491 quae
658 4429 848 4492 agunt,
881 4437 998 4477 esse
1028 4422 1241 4490 quidem
1270 4423 1578 4492 spirituales
1605 4433 1819 4494 curant,

225 4509 277 4557 et
307 4512 492 4561 tenere
537 4524 596 4562 se
642 4509 946 4577 spirituales
989 4509 1179 4568 vitant.
1221 4511 1398 4584 Magni
1448 4511 1664 4582 quilem
1694 4522 1817 4568 sunt

228 4592 441 4662 merito,
471 4594 700 4651 humiles
736 4597 1093 4654 aestimatione
1126 4616 1141 4653 :
1172 4600 1296 4671 quia
1344 4616 1561 4671 semper
1607 4618 1818 4673 magna

226 4690 413 4752 agunt,
442 4684 541 4737 sed
570 4684 624 4739 in
655 4684 866 4740 eisdem
900 4686 1112 4758 magnis
1158 4704 1218 4743 se
1264 4705 1497 4761 magnos
1537 4706 1815 4760 nunquam

226 4769 512 4839 aspiciunt.
559 4772 722 4841 Quasi
771 4790 910 4846 ergo
956 4790 1208 4847 puerum,
1256 4794 1417 4850 quem
1467 4777 1813 4848 praemittunt,

230 4858 451 4914 tramire
480 4860 713 4925 faciunt,
734 4879 855 4918 cum
885 4863 1217 4933 spiri'ualcm
1244 4882 1465 4921 sensum
1498 4876 1816 4937 praesentem

231 4945 423 5002 habent
443 4949 499 5002 in
519 4965 708 5020 opere,
730 4951 824 5007 sed
845 4950 1011 5024 longe
1032 4952 1105 5008 ab
1122 4954 1502 5010 aestimatione.
1523 4954 1667 5023 Quid
1683 4970 1815 5010 vero

231 5043 331 5094 est.
363 5038 502 5106 quod
536 5042 818 5110 paulisper
841 5040 1135 5096 subsistere
1164 5043 1322 5113 prmri
1332 5045 1490 5114 pitur,
1523 5052 1580 5097 ut
1607 5043 1656 5097 ei
1689 5059 1815 5098 ver-

231 5122 354 5177 bum
386 5126 593 5181 Domini
624 5127 938 5183 indicetur?
960 5128 1069 5185 Sed
1100 5131 1374 5201 paulisper
1392 5131 1649 5194 subsistit,
1676 5148 1816 5201 prte-

234 5211 390 5266 misso
414 5230 610 5283 puero,
644 5215 737 5286 qui
767 5214 835 5271 ad
866 5218 1058 5272 horam
1091 5234 1148 5273 se
1180 5220 1404 5290 proprio
1435 5221 1659 5274 arbitrio
1689 5219 1817 5274 sub-

232 5299 407 5365 trahit,
436 5308 490 5356 et
536 5303 774 5359 alienam
821 5305 1150 5379 voluntatem
1196 5307 1343 5362 facit.
1384 5308 1636 5363 Transire
1685 5324 1816 5379 ergo

236 5386 356 5442 facit
382 5404 623 5460 puerum,
658 5396 713 5446 et
751 5376 909 5443 228
942 5395 1227 5463 paulisper
1280 5396 1550 5463 subsistit,
1607 5398 1696 5466 qui
1747 5376 1813 5451 ad

232 5486 556 5547 Praeceptum
588 5479 818 5549 majOris
842 5471 935 5534 illa
966 5475 1151 5550 etiam,
1186 5499 1306 5553 qum
1333 5486 1491 5553 putat
1519 5485 1814 5553 sprituaiia,

233 5561 421 5619 deserit
453 5566 464 5620 Ι
495 5563 727 5642 deserit,
760 5570 817 5621 ut
846 5582 932 5633 ea,
975 5575 1096 5638 quae
1142 5565 1243 5625 sibi
1292 5566 1662 5642 ittjmigtmlur.
1695 5568 1815 5627 eiii-

235 5647 353 5706 ιιτέ
380 5640 765 5713 Μυῆρίἑίὲηιείν
785 5647 974 5723 Μειδίιί
1009 5651 1166 5726 Quod
1188 5664 1335 5715 certe
1354 5640 1655 5715 ordinando
1682 5654 1816 5727 rimi

1939 3279 2155 3349 pienter
2175 3278 2449 3348 disponat,
2472 3276 2705 3347 qualiter
2723 3283 3071 3346 peccatorum
3093 3272 3311 3330 fcetores
3333 3282 3532 3346 terget,

1939 3373 1994 3424 et
2021 3383 2198 3440 aegras
2227 3372 2439 3421 mentes
2464 3365 2626 3420 saluti
2655 3365 2921 3421 restituat.
2978 3363 3088 3419 Sed
3126 3362 3382 3420 lenticula
3403 3362 3536 3419 Saul

1937 3457 2178 3529 ungitur,
2211 3471 2321 3511 non
2349 3470 2453 3525 pro
2483 3453 2863 3526 praesignanda
2893 3451 3147 3520 doctrina,
3178 3451 3272 3507 sed
3311 3451 3382 3506 ad
3430 3466 3531 3506 ex-

1933 3545 2222 3616 primenda
2253 3544 2450 3601 futura.
2474 3542 2759 3598 Lenticula
2787 3542 3008 3612 quidem
3033 3556 3259 3610 parvum
3288 3547 3372 3596 est
3391 3556 3527 3596 vas:

1935 3634 2067 3708 quid
2096 3649 2231 3706 ergo
2259 3642 2361 3702 est,
2392 3632 2537 3703 quod
2575 3631 2831 3687 lenticula
2859 3630 2965 3686 olei
2994 3629 3121 3685 Saul
3151 3628 3397 3702 ungitur,
3426 3628 3532 3685 nisi

1934 3723 2065 3797 quia
2092 3723 2151 3778 in
2182 3722 2290 3779 line
2318 3721 2686 3792 reprobatur?
2713 3720 2855 3775 Nam
2884 3717 3011 3790 quia
3038 3717 3260 3775 obedire
3285 3718 3402 3774 Deo
3428 3733 3528 3789 po-

1930 3822 2046 3868 stea
2072 3812 2264 3878 noluit,
2296 3825 2330 3865 a
2359 3810 2613 3867 Samuele
2638 3807 2844 3863 audivit
2874 3824 2887 3861 :
2924 3806 3066 3874 Quia
3094 3807 3386 3879 proiecisti
3408 3822 3529 3864 ser-

1928 3916 1989 3956 m
2010 3915 2156 3956 mem
2197 3898 2463 3962 Domini,
2503 3896 2736 3969 projecit
2770 3899 2826 3951 te
2866 3894 3156 3958 Dominus,
3196 3910 3270 3950 ne
3304 3894 3384 3950 sis
3417 3909 3527 3950 rex

1930 3988 1984 4060 (1
1999 3992 2126 4060 Iteg.
2147 4003 2245 4053 xv,
2262 3989 2373 4058 26).
2392 3986 2547 4041 Velut
2557 3984 2701 4038 enim
2714 3982 2967 4038 lenticula
2976 3980 3082 4037 olei
3102 3997 3291 4052 parum
3308 3981 3521 4052 habuit,

1930 4073 2021 4144 qui
2044 4070 2381 4143 spiritualem
2399 4070 2632 4140 gratiam
2658 4066 3024 4138 projiciendus
3043 4065 3274 4136 accepit.
3287 4065 3445 4135 Quod
3465 4067 3525 4123 in

1926 4178 1987 4218 re
2003 4160 2455 4229 :lorihusquoque
2473 4164 2679 4212 sanctae
2699 4154 2958 4210 Ecclesiae
2977 4154 3367 4210 convenienter
3380 4156 3524 4211 acci-

1925 4250 2089 4320 pitur.
2125 4248 2450 4316 Plerumque
2477 4244 2621 4300 enim
2642 4241 2855 4300 culmen
2876 4240 3211 4312 prmlationis
3225 4241 3518 4313 accipiunt,

1927 4338 2018 4408 qui
2044 4338 2099 4391 in
2128 4335 2387 4391 charitate
2416 4333 2511 4389 Dei
2554 4339 2609 4389 et
2657 4330 2888 4401 proximi
2938 4329 3164 4402 perfecti
3214 4345 3325 4386 non
3369 4337 3516 4385 sunt.

1926 4424 2225 4495 Quemdam
2270 4437 2504 4492 namque
2548 4419 2801 4478 aﬂ'ectum
2848 4417 3125 4475 charitatis
3167 4417 3390 4487 habent,
3421 4418 3522 4474 sed

1844 4536 1903 4599 D
1930 4514 2321 4585 plenitudinem
2352 4511 2485 4599 ejus,
2496 4528 2607 4599 non
2628 4509 2850 4599 habent.
2885 4508 3143 4599 Illaergo
3164 4507 3318 4599 rudis
3342 4515 3396 4563 et
3408 4507 3522 4599 im:

1930 4603 2174 4674 perlecta
2204 4600 2399 4656 mentis
2428 4598 2667 4667 aﬂ'ectio,
2688 4597 2820 4668 quid
2844 4604 2927 4652 est
2952 4595 3055 4651 nisi
3084 4596 3346 4652 lenticula
3372 4596 3521 4653 olei?

1922 4692 2063 4748 Nam
2093 4691 2224 4746 dum
2272 4689 2428 4756 ungit
2475 4694 2655 4757 caput,
2687 4693 2741 4742 et
2766 4702 2876 4741 non
2910 4685 3080 4756 replet
3110 4703 3123 4739 :
3157 4693 3272 4741 tota
3300 4685 3520 4758 quidem

1923 4779 2233 4846 edunditur,
2263 4777 2362 4832 sed
2388 4792 2586 4847 parum
2614 4773 2855 4831 exhibet.
2889 4774 2931 4829 E
2960 4781 3148 4829 contra
3174 4783 3355 4831 autem
3386 4791 3517 4832 cum

1926 4868 2132 4924 electus
2160 4882 2279 4933 rex,
2331 4864 2463 4937 ungi
2511 4861 3060 4937 praecipiteneidem
3090 4864 3368 4935 prophetae
3401 4865 3519 4920 Do-

1926 4958 2105 5011 minus
2126 4954 2227 5010 ait:
2253 4954 2433 5025 Imple
2453 4968 2634 5010 cornu
2673 4954 2838 5008 tuum
2849 4952 2988 5018 oleo,
3003 4956 3058 5007 et
3073 4954 3201 5009 veni
3214 4955 3444 5008 mittam
3467 4957 3521 5009 te

1925 5044 1998 5100 ad
2039 5045 2148 5099 lsai
2180 5041 2682 5098 Bethlehemitem:
2716 5040 2936 5114 providi
2954 5041 3110 5095 enim
3137 5039 3201 5095 in
3226 5039 3366 5110 ﬁliis
3398 5042 3520 5112 ejus

1923 5133 2069 5188 mihi
2080 5146 2264 5202 regem
2284 5131 2474 5201 (lkeg.
2490 5145 2608 5199 xw,
2640 5130 2715 5194 1).
2749 5130 2889 5183 Hinc
2914 5135 3013 5195 est,
3038 5127 3185 5198 quod
3202 5127 3347 5182 idem
3368 5128 3520 5183 elec-

1928 5230 2009 5276 tus
2038 5237 2129 5275 rex
2162 5217 2549 5291 plenitudinem
2579 5217 2845 5272 unctionis
2871 5231 2982 5270 suae
3010 5215 3109 5270 Dei
3139 5215 3394 5270 laudibus
3422 5216 3523 5272 im-

1925 5318 2138 5380 putans,
2162 5310 2263 5362 ait:
2294 5306 2739 5378 Impinguastiin
2754 5304 3523 5377 oleocaputmeum,etpocu-

1929 5399 2046 5452 turn
2059 5414 2249 5452 meum
2266 5397 2554 5451 inebrians
2568 5409 2734 5465 quam
2746 5391 3088 5464 praclarum
3099 5392 3363 5461 est(Psat.
3379 5405 3522 5463 xxn,

1926 5483 2002 5556 ὃ).
2037 5479 2140 5552 Qui
2178 5496 2310 5554 ergo
2341 5484 2570 5555 gratiam
2612 5477 2896 5556 unctionis
2923 5492 3029 5556 non
3076 5489 3527 5549 perseveraturua

1926 5550 2152 5642 accepit,
2186 5550 2527 5640 dilpehwute
2555 5560 2690 5633 Deo,
2740 5574 2840 5636 per
2886 5550 3028 5620 illius
3077 5558 3218 5645 rasis
3263 5562 3529 5639 liquorem

1927 5648 2172 5731 ungluér;
2206 5665 2311 5729 uno
2340 5646 2479 5713 unctl
2512 5645 2742 5710 defectio
2773 5646 3105 5727 signaretur;
3141 5647 3395 5728 Sequitur
3424 5649 3437 5715 l
