4034 6174
495 303 601 357 270
1693 294 1938 352 δΛΝϐἸΊ
1978 297 2122 353 GRK

2233 297 2326 352 illi
2368 296 2594 354 ΜΔΟΝΙ
3670 315 3768 367 280

564 425 750 498 (νει-ε.
783 426 860 496 1.)
905 427 976 483 Et
1005 423 1296 484 osculatus
1335 423 1418 478 cst
1459 436 1612 484 cuin,
1657 425 1713 476 et
1753 425 1837 478 ait
1878 439 1898 476 :
1945 424 2082 480 Ecce
2107 421 2244 483 Aid
2274 422 2419 492 quod
2449 422 2712 480 Dsmiuus
2757 433 2868 484 non
2911 427 3120 500 quarit,
3158 430 3267 482 tota
3295 425 3645 486 sollicitudine
3685 435 3767 489 in.

493 515 670 576 unxit
701 517 758 572 te
786 515 932 575 Deus
958 529 1129 588 super
1153 511 1547 568 hereditatem
1573 525 1740 566 suam
1768 513 1830 568 in
1859 509 2088 583 princi-
2199 509 2456 579 tendunt;
2488 519 2541 568 et
2566 514 2712 585 quod
2739 515 2914 572 solum
2940 514 3146 588 quaerit,
3192 523 3434 587 querere
3480 520 3764 592 negligant.

491 618 642 676 pem,
671 607 730 662 et
759 601 1024 662 liberabis
1051 600 1326 675 populum
1351 599 1474 671 ejus
1503 598 1573 655 de
1598 613 1774 656 manu
1811 601 2089 658 inimico-
2201 597 2408 654 Dicitur
2435 611 2588 672 ergo,
2607 601 2662 657 in
2683 619 2790 674 quo
2809 619 2868 660 ae
2885 605 3232 676 negligentes
3251 603 3544 673 aspiciant;
3569 607 3770 678 dicitur,

498 705 632 750 rum
661 679 932 764 ejusfqui
960 691 1022 748 in
1043 690 1292 748 circuitu
1315 690 1438 759 eius
1463 691 1632 746 sunt.
2201 686 2256 742 in
2285 699 2394 757 quo
2423 687 2551 746 boui
2573 691 2825 748 melinreo
2853 692 3020 748 ﬁant:
3049 693 3231 751 tinuit
3253 691 3330 758 te,
3355 689 3543 763 inquit.
3561 695 3700 753 Deus
3717 693 3776 754 in

589 767 756 850 229
788 797 840 850 ε,
871 792 963 850 Ad
991 792 1206 850 culmen
1235 798 1440 847 ωηειω
1457 791 1711 846 Ecclesia;
1739 793 1914 847 ..θειω-
1929 791 2092 848 duci-
2201 775 2534 835 haereditate
2559 794 2666 836 sua
2686 781 2748 836 in
2767 781 3106 854 principem.
3133 778 3300 850 Quasi
3319 778 3492 836 dicat:
3514 781 3772 840 Heredita-

502 891 605 951 tur,
623 888 682 937 ut
704 881 809 938 hoc
834 879 1072 938 otilcium
1107 879 1318 947 habeat,
1341 895 1449 950 quo
1478 879 1618 935 inter
1638 880 1811 934 Deum
1840 888 1895 935 et
1923 880 2094 936 ltomio

2233 879 2312 920 am
2339 879 2494 921 suam
2525 873 2670 922 tuam
2699 868 2847 938 fecit,
2877 870 3004 924 vide
3033 877 3092 924 ut
3119 877 3174 924 tu
3203 868 3262 922 in
3283 883 3350 923 ea
3376 868 3530 923 aliter
3553 883 3658 926 non
3685 884 3771 928 re-

502 987 606 1026 nes
633 983 827 1040 pacem
856 977 1042 1040 ponat.
1058 968 1346 1024 Peccando
1365 967 1588 1034 etenim,
1603 967 1915 1024 inimicitias
1934 969 2097 1024 Crea-
2201 968 2357 1024 ἓιιθδο
2377 953 2660 1010 “bimus
2687 972 2820 1030 ετεο
2848 957 3114 1028 Popilium
3141 957 3212 1014 de
3240 971 3403 1012 manu
3432 957 3778 1029 ίηίπιίεοηιων

506 1059 639 1116 toris
667 1057 1016 1114 incurrimus.
1061 1058 1202 1113 Dum
1231 1071 1367 1126 ergo
1413 1056 1485 1111 ad
1527 1065 1872 1126 peccatorum
1903 1073 2092 1112 corre-

2233 1041 2294 1111 [ui
2324 1041 2381 1095 in
2407 1042 2630 1098 circuitu
2661 1045 2780 1115 ejus
2807 1053 2950 1100 sunt.
2993 1045 3228 1102 Grandis
3269 1044 3426 1100 labor
3449 1047 3782 1115 pmdicatOri

505 1145 751 1220 ptionem
783 1155 960 1203 rector
985 1146 1223 1218 ponitur,
1256 1143 1390 1200 illud
1429 1143 1497 1200 de
1536 1145 1717 1200 medio
1755 1145 1917 1213 tollit,
1950 1148 2095 1218 quod

2233 1129 2516 1199 traecipitur
2539 1147 2638 1202 per
2665 1133 2788 1201 hoc,
2820 1135 2966 1204 quod
2995 1135 3198 1190 inimici
3229 1134 3284 1188 in
3313 1133 3536 1188 circuitu
3565 1149 3680 1191 esse
3705 1148 3783 1192 re-

507 1219 604 1292 Dei
634 1250 732 1291 nos
754 1234 1010 1291 inimicos
1041 1233 1183 1288 fecit.
1211 1231 1350 1288 Bene
1371 1249 1503 1305 ergo
1526 1233 1742 1288 Samuel
1777 1230 1903 1289 Saul
1933 1242 2098 1304 caput

2233 1226 2472 1274 eruntur.
2515 1219 2656 1275 Satis
2682 1222 2826 1277 enim
2857 1239 3026 1294 grave
3053 1221 3304 1294 praelium
3335 1231 3497 1290 esset,
3529 1223 3572 1278 si
3603 1223 3658 1278 in
3685 1240 3786 1278 una

505 1323 772 1380 osculatus
801 1323 966 1378 fuisse
993 1321 1326 1393 perhibetur.
1357 1321 1641 1390 PrOpbctze
1669 1333 1903 1392 namque
1931 1337 2098 1378 oscu-

2233 1313 2358 1362 tarte
2409 1308 2776 1380 malignorum
2833 1311 3116 1380 spirituum
3153 1309 3422 1393 saginam
3479 1311 3779 1368 tolerarent.

503 1413 618 1468 ltttn
649 1405 887 1468 deﬁxum
918 1410 1009 1466 ille
1038 1417 1218 1482 portat
1235 1409 1291 1465 in
1312 1409 1508 1480 capite,
1533 1405 1624 1480 qui
1645 1409 2099 1466 reconciliationis

505 1507 704 1557 nostra:
731 1497 1047 1570 suﬁ‘ragium
1077 1506 1254 1571 portat
1283 1499 1337 1552 in
1367 1505 1551 1553 mente
1579 1515 1591 1551 :
1618 1509 1746 1552 cum
1767 1497 2016 1554 videlicet
2045 1499 2100 1553 in

506 1597 564 1643 se
593 1587 739 1643 nulla
762 1589 906 1659 gerit
924 1586 1166 1643 fomenta
1185 1583 1384 1642 divinae
1403 1585 1709 1655 discordiae,
1729 1587 1820 1658 qui
1844 1587 1901 1640 in
1923 1593 2100 1642 mente

508 1677 628 1748 paci
659 1672 886 1732 reddere
915 1673 1190 1731 discordes
1216 1675 1418 1730 studet.
1471 1673 1728 1730 Osculato
1769 1689 1900 1747 ergo
1944 1676 2100 1745 prin-

2205 1391 2346 1448 Hino
2375 1407 2474 1462 per
2493 1379 2821 1463 prophetam
2855 1379 3205 1462 denuntians,
3233 1379 3398 1451 230
3426 1398 3585 1454 dicit:
3611 1400 3671 1456 In
3690 1401 3791 1457 cir-

2205 1479 2366 1538 cuitu
2378 1478 2540 1553 impii
2559 1479 2856 1539 ambulant
2869 1485 3043 1552 (Psal.
3059 1501 3138 1552 χι,
3163 1488 3237 1556 9).
3256 1483 3392 1542 llinc
3410 1487 3597 1543 beatus
3613 1489 3788 1543 Petrus

2207 1569 2516 1638 exhortans,
2539 1565 2640 1625 ait:
2659 1568 3023 1629 Adversarius
3036 1578 3217 1630 noster
3231 1573 3509 1643 diabolus,
3525 1580 3790 1648 tanquam

2212 1658 2294 1713 leo
2319 1658 2564 1728 rugiens,
2580 1657 2785 1714 circuit
2804 1677 3062 1731 querens
3075 1678 3238 1734 quem
3263 1663 3514 1728 devoret,
3533 1666 3626 1720 cui
3642 1667 3797 1721 resis-

506 1745 644 1834 cipe,
663 1763 860 1819 dicitur
881 1777 894 1818 :
917 1765 1091 1822 Unxit
1111 1769 1164 1819 te
1177 1760 1320 1820 Dens
1335 1764 1395 1819 in
1409 1761 1725 1832 principem
1739 1745 1911 1835 super
1925 1764 2099 1820 luere-

2233 1747 2518 1846 itefortes
2554 1749 2618 1801 in
2645 1745 2760 1814 ﬁde
2781 1747 2833 1817 (Ι
2847 1750 3082 1816 Petr.v,
3107 1754 3182 1819 8).
3214 1751 3424 1807 Inimici
3453 1753 3616 1823 igitur
3635 1753 3797 1807 nostri

501 1851 745 1910 ditatem
773 1861 955 1910 suam.
993 1851 1160 1922 Quasi
1191 1853 1352 1907 rebus
1383 1867 1506 1906 eum
1533 1851 1839 1918 admoneat,
1873 1851 2094 1908 dicens:

504 1941 607 2011 Qui
639 1943 688 1996 te
719 1939 788 1996 ad
822 1941 922 1996 hoc
955 1941 1188 2011 p0situtn
1221 1939 1384 2007 nesti,
1437 1945 1495 1994 ut
1540 1940 1745 2010 peccati
1797 1941 2108 1994 inimicitias

512 2026 715 2086 debeas
743 2025 972 2096 solvere,
997 2029 1140 2100 quod
1159 2030 1211 2082 in
1237 2029 1358 2083 aliis
1383 2027 1640 2094 destruis,
1663 2025 1713 2082 in
1739 2033 1788 2083 te
1810 2041 1916 2084 non
1941 2021 2109 2084 debes

511 2116 762 2175 retinere.
795 2113 1051 2174 Nonnulli
1099 2114 1300 2173 etenim
1349 2126 1402 2172 et
1447 2125 1738 2188 unguntur,
1772 2125 1824 2172 et
1863 2117 2108 2173 osculum

513 2215 626 2262 non
675 2207 978 2276 accipiunt;
1035 2203 1265 2261 liberare
1294 2201 1549 2276 populum
1583 2205 1802 2260 Domini
1834 2209 2108 2278 satagunt,

508 2295 604 2350 sed
625 2311 682 2350 se
703 2290 1042 2351 inimicorum
1058 2295 1196 2366 jugo
1215 2292 1482 2364 subjicere
1503 2305 1609 2348 non
1633 2301 1946 2364 pavescant.
1970 2291 2112 2349 Nam

511 2384 602 2454 qui
633 2381 754 2438 aliis
780 2383 924 2439 bona
951 2382 1231 2453 praedicat,
1255 2395 1381 2451 qua:
1403 2396 1509 2436 non
1533 2381 1667 2452 agit,
1692 2381 1842 2452 quasi
1864 2383 2112 2436 osculum

517 2473 629 2537 dat,
661 2471 806 2542 quod
837 2485 944 2525 non
973 2469 1189 2540 accipit.
1223 2469 1444 2524 Amicos
1472 2469 1676 2524 etenim
1706 2465 1804 2524 Dei
1835 2469 1978 2525 alios
2023 2469 2114 2524 fa-

518 2565 645 2615 cere
674 2559 888 2629 qumrit,
910 2563 960 2613 et
991 2558 1104 2629 ipse
1135 2551 1381 2611 inimicus
1411 2572 1530 2612 €538
1559 2572 1666 2612 non
1697 2557 1914 2612 desinit.
1935 2558 2116 2612 Inimi-

517 2644 676 2702 citius
709 2644 912 2718 peccati
946 2645 998 2700 in
1029 2661 1091 2702 se
1119 2639 1372 2709 aediﬁcat,
1404 2657 1538 2715 quas
1583 2645 1636 2700 in
1687 2643 1808 2700 aliis
1840 2647 2117 2702 destruere

527 2745 626 2807 per
651 2735 875 2791 verbum
907 2739 1094 2790 tentat.
1127 2732 1267 2803 Quia
1296 2747 1429 2806 ergo
1466 2733 1559 2790 ille
1597 2734 1770 2790 solum
1803 2735 2122 2804 prteeminet

525 2817 746 2892 utiliter,
765 2825 860 2894 qui
883 2834 981 2894 per
994 2819 1250 2879 affectum
1273 2835 1490 2894 magnae
1505 2822 1782 2878 cbaritatis
1792 2824 1889 2879 Dei
1908 2823 2122 2879 amicus

533 2909 635 2980 est,
657 2909 877 2968 Samuel
898 2918 1060 2983 caput
1077 2909 1224 2984 regis
1243 2909 1518 2965 osculatus
1549 2909 1723 2967 fuisse
1753 2911 1966 2967 dicitur.
1986 2913 2124 2967 Hinc

531 3001 649 3066 ipsa
673 2996 884 3056 Veritas
913 2999 1060 3072 prius
1105 2997 1397 3067 osculatur,
1451 3013 1588 3071 quos
1631 3000 1848 3056 ordinat
1879 3019 1890 3055 :
1924 3001 2125 3057 deinde

528 3084 599 3144 ad
628 3079 942 3144 liberandos
970 3087 1109 3143 alios
1137 3085 1316 3142 mittit.
1355 3089 1470 3154 Vos,
1493 3087 1588 3155 ait,
1615 3090 1788 3146 amici
1818 3091 1937 3146 mei
1953 3091 2126 3155 estis;

2211 1833 2266 1888 in
2293 1833 2514 1888 circuitu
2541 1841 2726 1890 nostro
2755 1843 2896 1903 sunt,
2924 1837 3048 1907 quia
3079 1837 3342 1893 immundi
3374 1840 3592 1909 spiritus
3613 1841 3804 1912 cogita-

2215 1923 2344 1977 tioni
2373 1930 2588 1986 nostrae,
2615 1923 2786 1978 verbo
2817 1933 2870 1979 et
2901 1926 3202 1996 operationi
3228 1941 3447 1997 semper
3471 1924 3801 1982 insidiantur.

2213 2011 2353 2066 Nam
2386 2011 2514 2065 dum
2545 2025 2714 2081 prava
2745 2012 2904 2066 nobis
2951 2029 3246 2086 suggerere
3301 2021 3583 2085 appetunt,
3617 2017 3682 2071 ab
3712 2031 3810 2070 una

2218 2106 2370 2171 parte
2395 2105 2521 2154 sunt
2551 2117 2562 2154 :
2597 2113 2718 2155 cum
2749 2101 2820 2156 ad
2852 2102 2994 2157 mala
3039 2101 3383 2172 pertrahunt,
3416 2117 3604 2160 eorum
3633 2104 3809 2177 praelio

2218 2187 2288 2242 ab
2321 2188 2428 2242 alia
2455 2193 2606 2258 parte
2631 2189 2912 2258 pulsamur
2942 2207 2954 2244 :
2981 2205 3104 2246 cum
3127 2189 3194 2245 ad
3218 2193 3362 2247 mala
3385 2207 3554 2263 opera
3577 2193 3810 2259 invitant,

2219 2291 2285 2332 ex
2315 2282 2468 2346 parte
2501 2276 2707 2348 reliqua
2736 2275 2948 2333 bellum
3001 2277 3257 2335 excitant.
3299 2276 3360 2334 In
3405 2282 3639 2338 circuitu
3683 2297 3810 2353 ergo

2217 2365 2402 2420 hostes
2431 2364 2713 2431 habemus,
2739 2367 2828 2437 qui
2851 2367 2909 2420 in
2929 2367 3100 2435 omni,
3131 2367 3276 2438 quod
3299 2369 3623 2439 cogitamus,
3645 2368 3811 2442 loqui-

2222 2467 2346 2506 mur
2367 2459 2422 2506 et
2447 2465 2752 2522 operemur,
2785 2454 3150 2526 malignorum
3181 2455 3474 2526 spirituum
3501 2457 3644 2512 bella
3671 2456 3806 2527 pati-

2223 2555 2362 2594 mur.
2387 2540 2500 2596 Sed
2528 2541 2656 2612 quia
2685 2555 2792 2597 non
2819 2559 2852 2597 a
2880 2542 3046 2610 bello,
3071 2539 3168 2599 sed
3197 2543 3264 2600 de
3294 2545 3552 2599 manibus
3581 2543 3818 2599 inimico-

2223 2643 2343 2682 rum
2366 2627 2599 2684 liberare
2615 2630 2877 2700 populum
2894 2631 3113 2698 dicitur,
3136 2643 3338 2702 magna
3355 2628 3575 2688 virtutis
3595 2631 3818 2704 insignia

2223 2715 2676 2787 praedicatoribus
2715 2712 3102 2774 adscribuntur
3129 2737 3142 2773 :
3176 2719 3305 2794 quia
3334 2729 3449 2775 non
3477 2721 3652 2776 solum
3677 2719 3818 2774 libe-

2226 2819 2334 2873 ros,
2359 2819 2426 2859 ne
2453 2804 2754 2874 capiantur,
2779 2805 2980 2862 debent
3000 2815 3308 2880 protegere,
3333 2805 3436 2863 sed
3457 2809 3619 2864 etiam
3640 2816 3817 2878 captos

2227 2893 2297 2948 de
2322 2907 2509 2948 eorum
2541 2893 2797 2950 servitute
2825 2893 3079 2950 liberare.
3103 2895 3220 2952 Hoc
3247 2897 3439 2952 autern
3473 2905 3599 2954 tunc
3629 2913 3661 2952 a
3694 2895 3827 2968 regi-

2229 2981 2330 3036 bus
2357 2981 2552 3036 nostris
2579 2981 2776 3054 agitur,
2799 2983 3022 3054 quando
3047 2983 3124 3038 illi
3155 2999 3257 3054 per
3300 2998 3504 3040 eorum
3551 2985 3818 3056 praedica-

2231 3071 2432 3126 tionem
2465 3069 2800 3140 resipiscunt,
2825 3071 2916 3143 qui
2947 3079 3048 3142 per
3067 3071 3354 3128 audaciam
3383 3071 3826 3145 transgressionis

532 3165 730 3232 deinde
753 3173 986 3246 addidit,
1011 3175 1232 3232 dicens:
1259 3171 1431 3233 Posui
1455 3131 1588 3243 itas:
1601 3181 1668 3232 ut
1688 3176 1858 3242 eatis,
1884 3183 1942 3234 et
1960 3132 2122 3252 fruc:

2236 3162 2463 3232 subjecti
2492 3131 3094 3235 suntjugordiaboiicm
3141 3161 3446 3231 potestatis.
3509 3131 3668 3232 Quod
3723 3173 3836 3232 pro-

538 3270 662 3322 tum
679 3265 968 3336 offeratis,
991 3267 1050 3320 et
1077 3267 1306 3336 fructus
1337 3267 1523 3321 vester
1555 3269 1790 3322 maneat
1811 3265 1999 3334 (Joan.
2032 3283 2126 3337 xv,

543 3350 656 3424 14).
676 3343 814 3410 illnc
840 3354 969 3409 item
999 3362 1294 3424 resurgens
1312 3367 1344 3408 a
1365 3352 1590 3408 mortuis
1609 3353 1772 3408 dicit:
1797 3355 1922 3410 Pas:
1944 3355 2128 3420 vobis;

537 3439 738 3498 deinde
764 3435 982 3497 subdit:
1010 3439 1262 3506 Quorum
1279 3439 1619 3497 remiseritis
1645 3445 1899 3514 peccata,
1920 3445 2128 3500 remit-

538 3529 743 3588 tentur
765 3533 849 3587 eis
881 3549 899 3584 :
927 3535 986 3587 et
1033 3541 1272 3602 quorum
1308 3529 1694 3593 retinueritis.
1728 3535 1958 3588 retenta
1990 3539 2130 3588 sunt

537 3615 722 3689 (han.
741 3625 839 3687 xx,
857 3615 970 3690 εει).
989 3615 1058 3675 Ut
1072 3615 1218 3674 Velut
1237 3615 1477 3674 osculum
1497 3617 1648 3689 pacis
1667 3618 1722 3674 in
1743 3635 1929 3675 eorum
1953 3629 2131 3676 mente

537 3707 748 3780 ϐρέτει,
769 3715 906 3779 quas
930 3705 1142 3777 peccati
1171 3704 1296 3760 odia
1325 3705 1537 3762 solvere
1568 3709 1934 3778 praecepisset.
1967 3707 2136 3766 Oscu-

538 3795 678 3850 lattis
705 3801 838 3866 ergo
876 3801 970 3850 rex
992 3805 1156 3864 super
1177 3794 1493 3851 haereditate
1519 3793 1733 3850 Domini
1762 3797 2130 3867 constituitur,

544 3881 670 3954 quia
684 3878 888 3939 eiectus
905 3883 1096 3940 doctor
1109 3881 1348 3955 eligitur,
1367 3891 1424 3938 ut
1449 3880 1698 3939 ﬁdelibus
1713 3883 1939 3940 subditis
1959 3885 2136 3958 digni-

539 3981 649 4028 tate
671 3971 1044 4043 prteemineat,
1057 3971 1156 4028 sed
1175 3964 1245 4028 de
1261 3971 1576 4042 pradatione
1594 3988 1691 4028 sua
1712 3986 1818 4028 non
1837 3990 2011 4042 suum,
2035 3976 2134 4030 sed

539 4052 758 4117 Domini
803 4051 1010 4117 lucrum
1058 4067 1283 4132 quaerat.
1326 4058 1508 4129 Quare
1553 4060 1622 4115 ad
1671 4061 1776 4117 hoc
1816 4063 2136 4120 constitutus

539 4149 812 4217 assct‘itur,
829 4151 886 4204 ut
907 4148 996 4220 qui
1026 4147 1128 4204 sub
1155 4163 1224 4204 eo
1253 4156 1393 4215 sunt,
1417 4147 1484 4203 de
1514 4147 1858 4205 inimicorum
1887 4147 2137 4206 manibus

537 4239 854 4295 liberentur.
877 4235 1174 4294 Hereditas
1195 4234 1408 4292 Domini
1439 4235 1731 4292 multitudo
1761 4235 2001 4293 ﬁdelium
2033 4247 2132 4294 est.

545 4319 740 4384 Omnis
767 4337 902 4397 ergo
929 4325 1208 4380 saecularis
1255 4323 1478 4379 intentio
1526 4333 1854 4392 removetur,
1887 4341 2006 4382 cum
2038 4343 2134 4382 rex

541 4423 704 4486 super
729 4411 1044 4468 haereditate
1069 4411 1287 4466 Domini
1317 4420 1509 4465 unctus
1534 4412 1816 4470 asseritur.
1854 4411 2137 4470 Unctionis

2235 3251 2378 3307 tecto
2399 3265 2562 3322 agere
2591 3250 2666 3304 illi
2684 3249 3028 3305 solummodo
3056 3247 3456 3319 praedicatores
3476 3259 3720 3322 possunt,
3747 3250 3832 3320 qui

2235 3339 2306 3394 ad
2334 3339 2552 3394 culmen
2582 3337 2862 3409 tegitninis
2889 3337 3077 3392 divina
3104 3331 3453 3394 ordinatione
3493 3338 3828 3409 perveniunt.

2235 3429 2374 3483 Nam
2405 3441 2541 3498 quos
2568 3427 2907 3496 omnipotens
2949 3425 3094 3480 Deus
3142 3427 3388 3492 ordinat,
3439 3429 3512 3482 ad
3553 3427 3836 3484 toleranda

2235 3516 2429 3587 praelia
2470 3515 2676 3585 antiqui
2716 3513 2884 3568 hostis
2909 3511 3089 3581 mittit,
3123 3515 3218 3569 sed
3247 3529 3341 3569 eos
3370 3515 3520 3572 inter
3547 3516 3668 3586 ipsa
3698 3511 3836 3570 bella

2237 3617 2345 3658 non
2391 3602 2608 3668 deserit,
2656 3601 2782 3672 quia
2827 3600 3029 3655 milites
3056 3613 3182 3655 suos
3209 3597 3475 3673 protegit,
3509 3612 3565 3658 et
3611 3599 3837 3658 Victores

2239 3691 2386 3746 facit.
2417 3690 2525 3745 Sed
2555 3704 2677 3744 cum
2701 3690 2872 3743 sancti
2891 3687 2995 3742 viri
3014 3685 3083 3743 ad
3114 3689 3408 3759 primatum
3443 3695 3650 3748 sancta:
3673 3690 3840 3747 Eccle-

2236 3781 2332 3836 sia
2361 3778 2732 3845 sustolluutur,
2775 3774 3132 3832 vehementer
3177 3787 3573 3848 expavescunt,
3609 3791 3675 3835 ne
3704 3793 3840 3835 onus

2239 3869 2368 3924 tanti
2399 3867 2606 3923 ordinis
2625 3866 2731 3922 sibi
2747 3865 2958 3933 judicio
2975 3865 3255 3921 hominum
3277 3867 3346 3922 sit
3368 3867 3715 3940 impositum,
3740 3882 3842 3922 non

2241 3957 2584 4014 ordinatione
2605 3953 2934 4010 Conditoris.
2954 3954 3037 4010 Ad
3058 3953 3222 4010 robur
3240 3969 3372 4026 ergo
3389 3951 3694 4012 humilium
3724 3953 3849 4011 dan-

2243 4054 2330 4100 tur
2356 4044 2534 4116 signa,
2565 4042 2764 4113 quibus
2791 4057 2859 4098 se
2885 4058 2918 4096 a
2948 4041 3084 4107 Deo,
3122 4057 3230 4097 non
3259 4039 3328 4098 ab
3359 4043 3700 4113 hominibus,
3733 4043 3846 4100 ele-

2239 4143 2357 4191 ctos
2382 4133 2573 4187 sciant.
2603 4130 2784 4199 Quare
2811 4135 2863 4186 ct
2890 4128 3110 4186 Samuel
3134 4129 3496 4203 subjungens,
3529 4134 3610 4189 ait
3649 4151 3662 4188 :

2315 4233 2488 4294 (Vers.
2513 4233 2590 4304 2.)
2615 4233 2681 4288 Et
2717 4231 2818 4288 hoc
2848 4231 2952 4288 tibi
2971 4233 3223 4302 signum.
3245 4235 3380 4306 quia
3421 4235 3608 4291 unxit
3633 4239 3692 4292 te
3710 4237 3850 4291 Deus

2241 4323 2307 4378 in
2323 4323 2659 4396 principem.
2683 4320 2826 4376 Cum
2840 4319 3044 4376 abieris
3063 4337 3097 4376 a
3115 4337 3203 4376 me
3222 4317 3410 4384 hodie.
3433 4325 3497 4378 in
3507 4324 3698 4380 venies
3714 4319 3850 4380 duos

2242 4412 2393 4468 viros
2406 4411 2586 4484 juxta
2613 4409 2936 4482 sepulcrum
2959 4410 3182 4476 Rachel,
3202 4404 3265 4464 in
3277 4409 3496 4479 ﬁnibus
3517 4413 3834 4484 Beniamin,

541 4510 675 4575 ergo
705 4499 908 4556 fructus
935 4507 1036 4568 est,
1067 4497 1239 4555 cultus
1264 4493 1462 4554 divinae
1493 4499 1844 4556 haereditatis.
1883 4501 1982 4558 Ille
2006 4517 2140 4576 ergo
2167 4502 2220 4564 D
2247 4502 2312 4555 in
2367 4499 2607 4555 meridie
2661 4498 2938 4554 salientes
2984 4511 3221 4568 magnas
3268 4500 3466 4567 foveas
3486 4541 3502 4564 ,
3555 4499 3850 4572 dicentque

545 4583 778 4646 ot’ﬁcinm
825 4583 1095 4644 unctiOnis
1140 4586 1477 4660 exsequitur,
1508 4587 1598 4658 qui
1627 4589 1742 4644 sola
1769 4589 1962 4660 quaerit
1987 4592 2140 4646 lucra

545 4673 869 4734 animarum.
935 4670 1116 4747 Super
1165 4675 1481 4732 haereditate
1544 4673 1747 4749 quippe
1809 4679 2028 4734 Domini
2083 4680 2138 4736 in

543 4761 846 4839 principem
892 4781 952 4820 se
1001 4769 1220 4820 unctum
1271 4763 1532 4832 meminit,
1567 4767 1659 4837 qui
1689 4768 1793 4822 hoc
1840 4765 2018 4822 solum
2068 4770 2137 4824 de

542 4862 755 4912 terrena
774 4851 1036 4926 dignitate
1067 4851 1278 4924 quaerit,
1303 4854 1449 4924 quod
1480 4869 1580 4925 per
1597 4871 1752 4908 suum
1776 4855 2133 4913 ministerium

537 4943 782 5000 Christus
828 4941 1094 5016 quasivit.
1150 4941 1265 4998 Hoc
1312 4939 1476 5013 igitur
1524 4943 1688 4999 verbo
1739 4945 2132 5017 nogligentium

536 5039 804 5091 mutorum
835 5029 1061 5087 intentio
1088 5030 1422 5101 reprobatur.

693 5133 935 5191 Audiunt
965 5150 1215 5204 namque,
1245 5133 1369 5203 quia
1399 5149 1563 5206 super
1583 5133 1895 5188 haereditate
1918 5125 2134 5191 Domini

535 5225 678 5278 uncti
709 5232 832 5278 sunt
863 5241 876 5278 :
911 5222 1038 5293 quia
1067 5221 1136 5276 dc
1173 5230 1313 5276 terra
1358 5221 1626 5277 Dominus
1673 5222 1880 5276 nonnisi
1929 5223 2132 5278 electos

531 5311 761 5384 qltmt‘il;
811 5318 1007 5366 norunt
1055 5309 1200 5380 quad
1249 5325 1356 5363 non
1413 5316 1564 5364 terra:
1611 5309 1974 5375 latitudinem,
2019 5327 2127 5366 non

527 5399 647 5454 auri
677 5400 917 5470 cOpiam,
941 5415 1051 5454 non
1080 5397 1388 5452 divitiarum
1421 5395 1779 5466 afﬂuentiam,
1811 5397 1908 5452 sed
1936 5396 2128 5454 ﬁdeles

519 5504 645 5542 suos
674 5486 1042 5542 ittereditatent
1093 5501 1248 5540 suam
1296 5483 1460 5552 dicit,
1514 5493 1568 5540 et
1618 5493 1797 5541 tamen
1847 5492 2118 5542 terrenum

509 5583 778 5646 qutrrere,
803 5571 855 5627 et
887 5570 1030 5644 quod
1060 5573 1202 5643 perit
1229 5588 1568 5644 congregare
1599 5589 1704 5628 non
1733 5573 2008 5628 desinunt.
2035 5575 2114 5630 Ad

2249 4589 2389 4646 tibi:
2435 4587 2688 4644 Invenire
2717 4589 2854 4642 sunt
2881 4586 3076 4651 asina,
3111 4583 3190 4640 ad
3223 4603 3363 4656 quas
3411 4588 3576 4644 ieras
3621 4587 3849 4662 perqui-

2245 4677 2474 4741 rendas,
2499 4679 2554 4732 et
2592 4674 2958 4741 intermissis,
2979 4677 3146 4746 pater
3164 4679 3315 4741 tuus,
3336 4675 3545 4741 asinis,
3571 4677 3851 4733 sollicitus

2243 4771 2327 4822 est
2359 4781 2457 4839 pro
2488 4765 2653 4827 vobis,
2687 4765 2745 4818 ct
2774 4760 2918 4818 dicit
2947 4779 2958 4815 :
2996 4761 3142 4830 Quid
3180 4763 3395 4834 [aciem
3428 4763 3502 4818 de
3530 4762 3660 4836 {ilio
3688 4764 3852 4820 meo?

2314 4867 2366 4920 4.
2397 4860 2562 4934 Quasi
2594 4863 2734 4918 enim
2768 4862 2955 4917 humili
3000 4861 3230 4930 pastori,
3273 4873 3321 4918 et
3363 4865 3434 4919 de
3485 4852 3642 4921 tanto
3685 4865 3852 4920 mini-

2239 4954 2401 5009 sterio
2433 4953 2720 5024 trepidanti
2747 4951 2893 5005 dicat
2929 4968 2942 5004 :
2974 4949 3054 5005 Tu
3083 4949 3283 5006 idcirco
3326 4953 3598 5021 trepidas,
3631 4955 3760 5024 quia
3787 4969 3852 5007 an

2237 5045 2306 5095 sit
2337 5058 2403 5096 ex
2439 5042 2547 5096 Deo
2577 5041 2699 5107 hoc,
2732 5037 2878 5110 quod
2926 5039 2996 5092 de
3043 5045 3092 5093 te
3131 5047 3305 5093 actum
3351 5049 3456 5107 est,
3507 5042 3731 5108 nescis;
3761 5041 3856 5097 sed

2241 5131 2364 5197 quia
2397 5131 2500 5184 hoc
2531 5129 2667 5183 scire
2699 5135 2869 5198 potes,
2897 5125 3168 5196 trepidare
3201 5143 3304 5180 non
3328 5125 3524 5183 debes.
3554 5129 3673 5185 Hoc
3695 5130 3858 5199 igitur

2243 5219 2340 5272 tibi
2370 5219 2608 5289 signum,
2643 5217 2770 5288 quia
2802 5219 2854 5270 te
2885 5231 2990 5269 non
3023 5215 3208 5283 homo,
3240 5215 3337 5269 sed
3372 5215 3523 5270 Deus
3553 5216 3611 5270 in
3639 5219 3852 5287 princi-

2236 5323 2360 5378 pem
2391 5307 2608 5361 unxerit
2642 5321 2654 5358 :
2688 5305 2797 5358 duo
2829 5301 3086 5358 videlicet
3116 5301 3218 5356 viri
3249 5301 3330 5357 illi
3363 5300 3460 5357 tibi
3489 5303 3678 5358 dicent
3713 5323 3726 5358 :
3757 5307 3851 5360 In-

2234 5399 2562 5451 ventmsunt
2591 5395 2788 5458 asiam,
2805 5393 2877 5448 ad
2898 5408 3036 5465 quas
3059 5393 3209 5447 ieras
3227 5390 3674 5462 perquirendas.
3691 5392 3850 5462 Quasi

2233 5485 2413 5538 dicat:
2437 5485 2492 5540 Si
2521 5483 2644 5538 illos
2673 5482 2809 5536 duos
2838 5480 2984 5536 viros
3013 5480 3314 5548 inveneris,
3339 5487 3390 5535 et
3419 5480 3533 5536 hoc
3563 5480 3670 5536 tibi
3701 5483 3861 5540 dixe—
3889 5522 3898 5526 -

2227 5572 2350 5640 rint,
2382 5571 2540 5640 scito,
2571 5570 2695 5641 quia
2725 5579 2778 5625 te
2808 5569 2954 5625 Deus
2985 5567 3308 5642 principem,
3341 5583 3456 5624 non
3487 5583 3600 5640 ego
3633 5574 3846 5628 consti-
