4034 6174
1262 118 1289 127 τ..

294 273 381 325 281

1085 279 1160 332 IN
1198 280 1464 339 PRIMUM
1503 283 1748 342 REGUM
1790 287 2336 346 EXPOSITIONES.
2376 319 2448 330 -
2484 289 2612 347 LIB.
2655 293 2751 347 IV.

3463 290 3570 347 28!
3592 314 3605 322 ·

296 395 381 451 tui.
427 394 563 464 Quid
600 412 737 470 ergo
779 399 886 456 duo
916 400 1015 457 viri
1072 403 1155 459 isti
1213 407 1389 477 nobis,
1447 410 1552 464 nisi
1605 410 1872 481 perfectos
1901 416 1953 479 Α
1976 414 2072 481 plus
2106 421 2231 471 tunc
2259 414 2531 485 quaesivit,
2562 416 2777 486 quando
2807 417 2992 474 videre
3030 418 3245 473 Petrqu
3294 414 3574 487 ierosolyu

294 501 516 558 quosque
547 495 750 544 sanctae
778 488 1043 549 Ecclesiae
1088 496 1476 565 praedicatores
1530 500 1817 573 designant
1845 504 1889 556 ‘2-

290 575 397 629 Duo
422 574 640 647 quidem
659 586 802 646 sunt,
833 579 959 652 quia
988 581 1210 653 perfecti
1237 584 1294 641 in
1321 594 1550 661 utroque
1598 598 1893 662 praeoptat

290 662 544 719 chatitatis
578 683 593 730 ;
629 666 754 735 viri,
774 667 902 740 quia
915 668 972 724 in
998 680 1184 731 sancta
1208 677 1621 734 conversatione
1641 679 1876 737 robusti.

288 751 380 820 Qui
402 752 554 822 juxta
583 754 893 824 sepulcrum
946 759 1151 819 Rachel
1205 762 1439 821 inveniri
1492 768 1868 837 perhibentur,

286 838 405 911 quia
429 855 529 912 per
555 845 991 916 contemplativa;
1010 847 1136 906 vitae
1163 852 1404 909 studium
1459 855 1619 912 divisi
1647 866 1770 914 sunt
1798 858 1889 915 ab.

282 929 565 986 intentione
592 933 776 988 saeculi
811 953 825 997 ;
859 943 913 990 et
941 936 1071 992 dum
1100 939 1403 998 animarum
1434 943 1587 1001 lucra
1600 956 1865 1018 quatiunt,

282 1033 379 1073 non
405 1027 530 1073 sunt
559 1022 774 1091 sepulti.
810 1024 912 1079 Per
940 1026 1141 1083 Rachel
1171 1030 1378 1103 quippe
1431 1036 1870 1107 contemplativa

279 1107 394 1162 vita:
413 1108 817 1177 spcciositatem
846 1114 1051 1186 signari
1080 1119 1471 1176 venerabilium
1518 1132 1730 1195 patrum
1780 1126 1869 1182 in-

279 1196 507 1253 dubitata
535 1201 808 1256 sententia
834 1211 933 1258 est.
965 1206 1122 1261 Juxta
1152 1210 1460 1278 sepulcrum
1504 1229 1638 1285 ergo
1668 1216 1869 1272 Rachel

277 1291 407 1338 stant
433 1286 561 1351 viri,
594 1289 725 1359 quia
752 1290 831 1345 sic
858 1308 1110 1362 superna:
1140 1298 1585 1369 contemplationi
1640 1306 1868 1375 perfecti

277 1370 510 1428 doctores
541 1385 759 1447 vacant,
790 1388 849 1434 ut
877 1390 1083 1438 sancite
1137 1385 1394 1443 Ecclesia:
1447 1370 1864 1449 sollicitudinem

273 1470 466 1531 gerant.
498 1464 665 1519 Juxta
693 1468 1004 1536 sepulcrum
1044 1471 1246 1530 Rachel
1303 1485 1462 1545 stant,
1486 1480 1617 1549 quia
1670 1489 1865 1538 statum

270 1549 383 1605 boni
413 1554 606 1621 operis
632 1554 877 1627 dirigunt
906 1575 1007 1628 per
1033 1561 1288 1619 virtutem
1326 1569 1816 1638 comtemplationis
1846 1586 1862 1627 :

275 1648 322 1694 et
338 1640 457 1709 quia
486 1641 628 1696 nihil
655 1654 853 1715 gerunt
881 1647 934 1701 in
957 1663 1140 1718 opere,
1159 1650 1263 1707 nisi
1281 1654 1431 1724 quod
1447 1658 1865 1729 contemplando

1981 520 2127 558 metu
2156 504 2322 571 venit,
2355 512 2409 561 et
2435 520 2559 561 cum
2589 520 2675 575 eo,
2697 513 2753 561 et
2778 507 2992 562 caeteris
3020 506 3284 577 apostolis
3312 506 3572 578 Evange»

1977 589 2115 650 lium
2159 592 2409 650 contulit.
2466 594 2589 649 Non
2645 593 2791 650 enim
2848 594 2919 649 ab
2974 595 3193 650 homine
3239 609 3416 668 neque
3471 607 3602 664 per.

1978 679 2278 750 hominem,
2310 680 2407 738 sed
2437 692 2472 738 a
2499 681 2659 753 coelo,
2692 691 2923 739 vocante
2936 683 3173 739 Domino
3199 684 3574 753 Jesu,aposto-

1979 768 2148 825 latum
2174 779 2483 842 susceperat
2511 771 2655 839 (Gal.
2696 774 2736 843 ι)
2799 790 2815 838 ;
2870 779 2922 827 et
2977 779 3156 827 tamen
3212 770 3578 827 ministerium

1977 859 2248 915 unctionis
2277 875 2392 915 suae
2420 875 2522 929 per
2536 861 3207 931 coapostolorumsuorum
3225 859 3570 919 collationem

1976 946 2238 1018 probabat
2250 948 2414 1004 .Nam
2431 947 2499 1003 de
2518 947 2702 1019 seipso
2718 949 2796 1004 ait
2814 966 2829 1004 :
2854 949 3083 1004 Contuli
3096 964 3227 1004 cum
3249 947 3370 1004 illis
3383 947 3572 1002 Euan.
3596 990 3602 999 .

1973 1036 2084 1107 geli
2091 1036 2354 1101 animoin
2367 1032 3572 1103 vacuumrurrcrem,autcucurrissem(6al.

1975 1141 2034 1192 tt,
2066 1126 2141 1194 2).
2166 1126 2472 1182 Prtecursor
2499 1125 2662 1181 etiam
2691 1126 3070 1197 Redemptoris
3123 1125 3420 1196 discipulos
3464 1137 3573 1220 uti-.-
3600 1174 3605 1179 .

1975 1222 2142 1278 xerat,
2179 1214 2273 1269 sed
2307 1223 2362 1269 ut
2390 1215 2551 1283 signa
2576 1232 2694 1270 suae
2721 1215 2990 1271 unctionis
3014 1222 3393 1286 agnoscerent,
3416 1214 3569 1279 quasi

1975 1304 2040 1358 ad
2071 1302 2355 1358 salientem
2387 1319 2617 1374 magnas
2646 1304 2835 1359 foveas
2851 1304 3121 1371 mittebat,
3139 1303 3330 1358 dicens
3363 1320 3375 1355 :
3414 1302 3489 1356 Tu
3509 1315 3569 1355 es

1973 1394 2069 1463 qui
2086 1396 2361 1448 venturus
2376 1408 2538 1459 eum
2548 1394 2734 1449 alium
2747 1400 3121 1465 expectamus
3133 1390 3354 1455 (litauit.
3375 1403 3456 1452 χι.
3471 1389 3528 1459 3)
3539 1388 3568 1441 εἰ

1968 1480 2195 1536 Sciebat
2220 1480 2366 1536 enim
2403 1482 2663 1548 Joannes,
2722 1497 2882 1552 quem
2940 1480 3348 1575 praedicarem-t,

1973 1569 2375 1639 baptizaverat;
2399 1569 2496 1625 sed
2526 1570 2823 1641 discipulos
2841 1569 3103 1632 mittebat,
3130 1576 3191 1623 ut
3215 1566 3347 1622 visis
3374 1566 3568 1636 signis,

1973 1673 2080 1727 quo
2110 1656 2314 1713 ﬁrmius
2341 1658 2642 1727 crederent,
2664 1658 2944 1715 electionis
2987 1673 3099 1713 suae
3154 1655 3356 1711 indicia
3409 1666 3599 1710 δραι-ι.

267 1727 574 1797 disponunt.
610 1732 674 1785 Et
705 1734 833 1803 quia
862 1734 918 1789 in
948 1736 1063 1807 ipsa
1092 1739 1375 1798 altitudine
1421 1727 1680 1815 supernas
1724 1762 1863 1804 con-
1893 1771 1947 1833 Β
1977 1744 2088 1800 rius
2117 1746 2436 1801 tenuissent.
2471 1746 2574 1816 Qui
2605 1762 2738 1819 ergo
2768 1746 2835 1802 ad
2864 1744 3266 1818 prmdicationis
3304 1743 3594 1833 ordinem.

268 1817 626 1885 templationis
656 1835 761 1875 non
785 1827 1261 1896 praesumptionem
1290 1833 1575 1897 suam,sed
1604 1837 1867 1892 ratiOnem

269 1914 454 1960 sanctae
489 1908 758 1964 Ecclesiae
793 1919 973 1968 tenere
1013 1916 1250 1985 student,
1298 1921 1606 1990 sepulcrum
1661 1925 1865 1982 Rachel

267 1992 543 2082 innﬁnibus
564 1997 849 2065 Benjamin
878 2017 997 2057 esse
1045 2004 1386 2062 describitur.
1447 2011 1513 2066 Ut
1553 2011 1670 2080 jam
1727 2015 1860 2082 dixi,

272 2068 356 2130 23
375 2072 409 2133 1
448 2085 502 2138 in
524 2084 838 2155 Beniamin,
870 2090 961 2159 qui
980 2089 1121 2147 ﬁlius
1138 2093 1376 2153 dexterae
1402 2068 1867 2167 dicitur-Aedem:-

264 2179 373 2241 ptor
398 2172 628 2228 humani
657 2178 876 2246 generis
921 2179 1265 2252 designatur.
1334 2186 1490 2243 Fines
1542 2207 1675 2263 ergo
1722 2194 1866 2249 Ben-

261 2259 419 2328 jamin
439 2262 662 2330 regulae
690 2274 999 2323 sanctarum
1030 2270 1427 2343 Scripturarum
1449 2288 1567 2333 sunt
1603 2259 1630 2334 ἶ
1649 2282 1718 2336 de
1737 2284 1866 2352 qui-

272 2348 363 2403 bus
376 2350 630 2419 profecto
651 2350 852 2409 ﬁnibus
890 2357 1149 2429 scriptum
1190 2364 1391 2421 csum
1429 2348 1869 2439 transgredinris

263 2440 546 2507 terminos,
581 2456 723 2511 quos
741 2451 1059 2513 posuerunt
1072 2453 1265 2518 patres
1279 2454 1722 2522 tui(Prov.xxu.
1752 2461 1864 2524 ΞΒ).

265 2523 391 2593 Quia
425 2543 567 2599 ergo
596 2531 771 2585 sancti
800 2533 1202 2605 praedicatores,
1234 2554 1354 2595 cum
1386 2558 1600 2598 summa
1626 2556 1870 2602 contem-

265 2613 451 2682 plando
484 2617 706 2681 vident,
738 2634 770 2673 a
800 2619 924 2678 ﬁdei
956 2623 1149 2696 regula
1177 2643 1284 2683 non
1313 2629 1865 2706 discordant;sepul-

261 2718 419 2771 cnim,
446 2705 617 2772 juxta
648 2708 795 2776 quod
833 2717 994 2777 stant,
1053 2729 1171 2770 esse
1226 2718 1283 2771 in
1340 2717 1536 2775 ﬁnibus
1581 2705 1885 2794 Benjamin-

260 2800 395 2847 recte
424 2793 657 2849 dicitur.
692 2794 794 2864 Qui
824 2800 1073 2867 profecto
1121 2803 1224 2859 viri
1254 2805 1310 2860 in
1363 2809 1589 2864 meridie
1639 2793 1867 2885 magna:

266 2877 436 2935 foveas
466 2884 702 2951 saliunt,
735 2886 860 2955 quia
882 2905 981 2957 per
1008 2890 1282 2948 fervorem
1300 2896 1553 2965 perfecta
1567 2877 1864 2966 charitatia,

266 2966 312 3019 in
340 2984 443 3038 qua
468 2974 749 3042 assumpti
777 2984 919 3039 sunt,
950 2987 1165 3045 cuncta,
1185 2997 1305 3051 quat
1352 2984 1622 3055 videntur,
1680 2991 1867 3046 saeculi

263 3055 361 3111 alta
389 3058 737 3128 despiciunt.
775 3062 1049 3135 Quidquid
1077 3071 1223 3123 enim
1252 3072 1310 3125 in
1341 3073 1446 3128 hoc
1473 3077 1675 3131 saeculo
1696 3078 1863 3133 altum

258 3147 506 3215 cernitur,
539 3164 659 3203 non
690 3159 772 3205 est
797 3168 926 3209 vera
952 3155 1200 3225 altitudo,
1247 3160 1345 3215 sed
1378 3162 1558 3229 l‘ovea,
1589 3180 1711 3234 qua:
1739 3182 1863 3222 om-

259 3249 368 3299 nes,
399 3252 543 3306 quos
566 3238 630 3291 in
658 3254 758 3294 sua
786 3241 1085 3301 ambitione
1113 3247 1324 3318 recipit,
1357 3250 1426 3305 ad
1455 3251 1669 3308 inferna
1685 3254 1863 3325 depo-

258 3322 348 3376 nit.
387 3324 511 3379 Alta
543 3341 690 3397 ergo
720 3330 906 3385 saeculi
938 3332 1068 3387 viris
1096 3335 1466 3406 spiritualibus
1482 3340 1725 3410 vitanda,
1755 3322 1862 3399 non

257 3414 560 3482 appetenda
584 3424 734 3483 sunt,
767 3419 893 3488 quia
921 3437 989 3475 ex
1018 3424 1234 3479 occulto
1264 3441 1325 3481 se
1351 3428 1618 3497 aperiunt,
1649 3440 1702 3486 et
1725 3448 1863 3501 quos

255 3498 607 3558 absotbendo
640 3506 924 3577 recipiunt,
983 3510 1052 3564 ad
1106 3511 1321 3569 inferna
1371 3518 1693 3585 perducunt.
1744 3498 1861 3577 Viri

257 3603 377 3659 ergo
405 3592 733 3660 spirituales
762 3595 956 3651 foveas
983 3600 1182 3654 saliunt
1208 3620 1220 3663 ;
1245 3603 1372 3673 quia
1400 3604 1529 3659 dum
1557 3623 1617 3661 se
1645 3623 1744 3677 per
1756 3626 1862 3664 om...

263 3675 385 3733 leste
413 3679 759 3736 desiderium
790 3684 1026 3755 erigunt,
1060 3695 1272 3744 terrena
1300 3675 1669 3750 contemnunt.
1709 3698 1865 3753 Velut

263 3766 392 3820 enim
421 3769 557 3822 visis
586 3769 768 3825 foveis
805 3773 1005 3828 saltum
1054 3776 1203 3844 dant,
1262 3780 1479 3848 quando
1542 3791 1599 3837 ut
1655 3792 1863 3841 terrena

260 3862 630 3922 contemnant,
660 3858 731 3912 ad
761 3867 964 3917 aeterna
992 3862 1139 3919 bona
1177 3869 1612 3938 concupiscenda
1642 3889 1701 3927 se
1757 3875 1862 3930 ele-

256 3951 394 3998 vant.
434 3948 497 4000 In
532 3946 768 4002 meridie
797 3964 933 4020 ergo
963 3950 1152 4007 foveas
1179 3954 1374 4011 saliunt
1409 3974 1423 4018 ;
1458 3959 1586 4027 quia
1604 3963 1862 4017 saeculum

256 4044 353 4084 non
384 4042 624 4102 possunt
651 4044 1020 4100 contemnere.
1053 4040 1156 4095 nisi
1183 4042 1273 4112 qui
1333 4044 1550 4113 plenam
1577 4047 1753 4104 lucem
1808 4059 1865 4106 et

253 4119 495 4176 ardorem
525 4138 789 4192 supernae
818 4125 1095 4184 cbaritatis
1125 4129 1346 4187 habent.
1380 4134 1528 4191 Tunc
1556 4151 1690 4208 ergo
1736 4135 1864 4194 Saul

254 4217 461 4263 unctum
490 4226 525 4264 a
557 4211 797 4269 Domino
824 4215 882 4269 in
902 4216 1205 4289 principem
1234 4236 1295 4276 se
1322 4221 1611 4295 intelligat,
1644 4226 1861 4295 quando

254 4293 335 4350 isti
350 4297 452 4352 sibi
471 4300 691 4354 dicent:
714 4302 965 4360 Inventa
984 4310 1121 4362 sunt
1165 4293 1525 4380 astumquas
1555 4293 1856 4383 quaerebas.

256 4382 494 4442 luventas
522 4388 737 4460 quippe
765 4390 945 4447 asinae
974 4392 1102 4467 Saul
1132 4396 1334 4463 dicunt,
1367 4382 1585 4469 quando
1598 4401 1667 4456 ad
1695 4403 1857 4457 colli~

1892 3124 1940 3187 C

1974 1833 2162 1889 idonei
2190 1834 2560 1904 providentur,
2593 1836 2651 1889 in
2678 1835 2894 1907 signum
2923 1851 3038 1890 suta
3065 1832 3345 1891 electionis
3372 1831 3569 1886 inven-

1977 1929 2058 1977 tas
2088 1939 2212 1978 esse
2241 1933 2608 1994 peccatorum,
2656 1940 2788 1992 quas
2832 1931 3095 1994 quierunt,
3154 1921 3363 1978 animas
3418 1934 3594 1975 recov,

1975 2022 2262 2081 gnoscunt.
2296 2013 2364 2066 Et
2392 2012 2517 2081 quia
2546 2012 2889 2081 omnipotens
2919 2012 3065 2067 Deus
3093 2027 3202 2066 non
3226 2010 3400 2066 solum
3426 2024 3570 2080 pras-

1976 2100 2263 2163 dicatione,
2296 2100 2390 2155 sed
2439 2101 2601 2155 etiam
2656 2102 3069 2156 conversatione
3123 2100 3278 2155 electi
3334 2097 3573 2154 doctoris

1974 2190 2195 2259 gaudet,
2228 2189 2432 2256 subdit,
2466 2198 2625 2259 atque
2644 2189 2834 2244 aitzEt
2848 2188 3567 2260 intermissis,pttter'tuus,

1974 2278 2464 2343 asinis,sollicitus
2487 2282 2569 2333 est
2585 2293 2689 2349 pro
2706 2279 2875 2342 vobis,
2902 2282 2960 2334 et
2980 2277 3120 2334 dicit
3137 2293 3155 2326 ε
3181 2275 3328 2339 Quid
3355 2277 3589 2345 faciam.

1974 2366 2041 2421 de
2059 2364 2182 2434 ﬁlio
2210 2382 2332 2422 meo
2364 2366 2394 2419 ?
2419 2367 2631 2422 Patrem
2656 2365 2786 2420 Saul
2820 2366 2930 2432 Cis,
2964 2365 3230 2435 quidurus
3248 2372 3437 2419 nostro
3449 2363 3570 2419 elo-

1976 2454 2103 2523 quio
2132 2453 2344 2521 dicitur,
2377 2470 2472 2510 eos
2497 2454 2787 2526 designare
2840 2454 3097 2519 diximus,
3155 2452 3247 2522 qui
3300 2452 3469 2508 verbo
3519 2460 3574 2509 et

1975 2542 2229 2613 exemplo
2258 2546 2456 2599 docent
2490 2553 2712 2599 terrena
2739 2543 3038 2613 despicere,
3094 2551 3144 2597 et
3167 2541 3238 2596 ad
3293 2540 3579 2597 cmlestem.

1973 2633 2207 2702 patriam
2237 2649 2335 2703 per
2363 2633 2555 2688 duram
2586 2641 2640 2687 et
2666 2648 2913 2702 asperam
2940 2631 3404 2688 conversationem
3421 2628 3591 2728 festis

1975 2736 2125 2778 nare.
2158 2723 2311 2777 Hanc
2339 2737 2554 2793 quoque
2608 2722 2846 2777 ccclestis
2888 2722 3015 2777 vitae
3067 2721 3320 2776 duritiam
3349 2726 3460 2773 tam
3514 2721 3580 2772 in'

1975 2811 2165 2878 verbo,
2192 2827 2354 2883 quam
2378 2810 2433 2864 in
2462 2810 2573 2866 vita
2594 2812 2761 2865 nostri
2790 2809 3169 2880 Redemptoris
3224 2807 3568 2904 agnovimus.

1983 2887 2131 2950 232
2164 2900 2224 2956 Si
2257 2915 2390 2969 ergo
2413 2899 2484 2954 ad
2509 2915 2776 2955 summam
2808 2907 3011 2954 nostra":
3050 2896 3373 2952 eruditionis
3425 2894 3589 2965 aspi-.

1976 2989 2169 3057 cimus,
2201 2989 2292 3043 ﬁlii
2325 2988 2702 3059 Redemptoris
2730 3004 2939 3042 sumus.
2980 2989 3133 3041 Pater
3177 3000 3310 3057 ergo
3366 2992 3590 3049 noster,=

1975 3077 2214 3132 dimissis
2242 3077 2425 3141 asinis,
2457 3077 2719 3133 sollicitus
2746 3082 2938 3147 estpro
2951 3075 3108 3132 nobis
3139 3092 3154 3141 ;
3182 3075 3311 3144 quia
3327 3072 3567 3128 Redem-
3595 3135 3600 3140 _

1968 3175 2092 3238 ptor
2114 3173 2298 3223 noster
2326 3167 2407 3222 sic
2436 3166 2550 3223 vult
2579 3181 2679 3231 nos
2707 3181 2952 3237 quaerere
2981 3165 3211 3219 salutem
3240 3162 3491 3229 alienam,
3510 3169 3585 3216 ut,

1971 3271 2078 3310 non
2107 3254 2450 3328 negligemus
2474 3263 2734 3311 nostram.
2770 3254 2915 3319 Vult,
2945 3262 3003 3309 ut
3032 3260 3286 3308 vocentur
3309 3259 3594 3350 peccator:

1970 3360 2060 3399 res
2084 3345 2152 3398 ad
2184 3345 2576 3413 ptenitentiam,
2608 3343 2706 3399 sed
2739 3359 2844 3399 non
2877 3343 2989 3398 vult
3018 3351 3073 3396 ut
3116 3348 3338 3412 pereant
3383 3343 3417 3393 ii
3473 3343 3591 3412 qui.

1969 3432 2121 3502 ipsos
2150 3442 2462 3501 peccatores
2491 3433 2865 3499 vocant.Vult,
2897 3442 2952 3486 ut
2972 3444 3282 3488 conversus
3319 3436 3586 3499 peccator

1962 3519 2258 3589 justitiam,
2289 3538 2452 3593 quant
2482 3538 2590 3577 non
2603 3521 2807 3587 habuit,
2824 3520 3020 3576 habeat
3049 3538 3061 3580 ;
3096 3520 3196 3574 sed
3226 3534 3334 3574 non
3362 3516 3495 3586 vult,
3508 3521 3584 3570 ut:

1965 3610 2148 3680 justus
2177 3626 2298 3666 eam
2326 3626 2489 3681 quam
2522 3610 2705 3677 habet,
2726 3609 2970 3705 justiﬁes
2983 3610 3225 3705 palmam
3242 3607 3450 3705 pet-dat.
3469 3606 3564 3659 ln-

1972 3698 2229 3754 termissis
2256 3715 2393 3771 ergo
2421 3699 2583 3755 asinis
2614 3715 2709 3769 pro
2740 3698 2848 3754 lilio
2874 3698 3140 3753 sollicitus
3155 3706 3253 3761 est,
3285 3698 3413 3765 quia
3432 3710 3566 3762 pre-

1970 3788 2245 3843 dicatores
2297 3803 2425 3842 suos
2471 3788 2584 3845 vult
2633 3786 2704 3841 ad
2762 3787 2953 3841 horam
2982 3787 3051 3840 ab
3082 3785 3321 3840 aliorum
3338 3782 3570 3838 sollicita

1970 3874 2267 3931 intentione
2298 3876 2671 3944 quiescere,ut
2696 3875 2800 3928 sibi
2830 3874 2964 3947 ipsis
2983 3892 3080 3943 per
3094 3874 3330 3944 quietem
3351 3872 3567 3925 valeant

1972 3963 2164 4018 melius
2192 3963 2499 4032 providere.
2537 3963 2609 4018 Et
2624 3962 2750 4032 quia
2779 3962 2897 4031 ipsa
2924 3962 3443 4017 sollicitudosanctte
3457 3958 3587 4015 Ecr

1971 4050 2152 4106 clesite
2181 4067 2215 4105 a
2242 4051 2387 4107 bono
2414 4060 2624 4107 rectore
2667 4050 2990 4107 resumenda
3047 4057 3145 4115 est,
3203 4047 3568 4102 intermittitur

1972 4140 2127 4209 quies
2154 4147 2335 4194 nostra
2365 4157 2381 4206 ;
2415 4139 2537 4209 quia
2568 4138 2829 4209 praevenit
2859 4140 3000 4193 hanc
3030 4135 3338 4192 sollicitudo
3394 4134 3559 4204 prior,

1969 4229 2256 4284 comitatur
2286 4227 2574 4298 posterior.
2606 4227 2824 4283 Electus
2851 4241 2987 4297 ergo
3025 4224 3359 4295 praedicator
3412 4229 3570 4277 vacet

1968 4315 2180 4372 utilitati
2211 4317 2569 4383 subditorum,
2600 4325 2757 4371 vacet.
2786 4330 2934 4376 suae;
2969 4314 3065 4369 sed
3094 4314 3173 4369 sic
3212 4329 3321 4368 suas
3375 4327 3591 4367 curam.

1967 4405 2182 4472 habeat,
2215 4414 2273 4460 ut
2291 4406 2472 4461 statim
2502 4405 2569 4461 ad
2601 4421 2743 4469 eam,
2774 4419 2940 4474 quam
2960 4402 3180 4468 deserit,
3212 4401 3445 4456 alienam
3483 4415 3594 4456 τοι,

253 4474 421 4542 gentia
447 4477 769 4532 animarum
798 4479 949 4535 lucra
963 4481 1216 4539 idoneum
1237 4497 1483 4542 cernunt.
1515 4488 1684 4556 Quasi
1704 4490 1860 4547 aliter
1885 4483 1937 4543 D
1968 4502 2150 4548 currat
2180 4508 2194 4561 ;
2226 4494 2354 4564 quia
2387 4501 2509 4549 tunc
2536 4493 2799 4550 Conditor
2827 4499 3011 4547 noster
3056 4506 3175 4555 nos,
3233 4490 3383 4561 quasi
3428 4488 3569 4545 ﬁlios

255 4560 387 4616 dicat
417 4582 431 4618 :
466 4565 729 4619 Electum
744 4575 795 4621 te
825 4569 1431 4629 aDeoinministerium
1452 4579 1857 4646 praedicationis

252 4662 350 4703 non
378 4651 449 4705 ab
483 4652 799 4709 hominibus
826 4657 1037 4724 credas,
1069 4660 1115 4714 si
1135 4661 1213 4714 illi
1244 4661 1354 4718 hoc
1381 4663 1453 4719 de
1484 4673 1535 4719 te
1590 4666 1850 4734 indicant,

254 4737 333 4805 qui
362 4739 493 4793 dum
522 4741 632 4795 Dei
663 4742 856 4812 spiritu
884 4744 1031 4813 pleni
1053 4756 1192 4811 sunt,
1227 4766 1347 4818 quas
1372 4750 1581 4817 dicunt,
1611 4769 1719 4809 non
1747 4756 1854 4810 liu-

253 4838 423 4893 mana,
446 4828 552 4883 sed
585 4829 778 4885 divina
797 4848 918 4888 esse
946 4835 1264 4892 sentiuntur.
1298 4837 1437 4906 Quia
1465 4856 1599 4912 ergo
1612 4841 1679 4897 de
1699 4843 1856 4898 nobis

254 4927 351 4967 non
410 4917 603 4984 nobis,
662 4918 758 4973 sed
818 4921 976 4975 nobis
1030 4924 1354 4982 melioribus
1384 4928 1722 4984 credendum
1752 4939 1852 4995 est,

254 5009 365 5069 apte
394 5004 527 5059 Saul
563 5022 598 5058 a
630 5006 758 5060 viris
783 5008 837 5061 in
868 5010 1097 5066 meridie
1132 5028 1359 5083 magnas
1416 5017 1601 5072 foveas
1661 5018 1855 5073 salien-

256 5098 401 5164 tibus,
434 5118 498 5155 se
528 5116 566 5155 ι
603 5102 1134 5162 Dominounctutnin
1164 5111 1467 5183 principem
1487 5117 1852 5186 recognoscit.

254 5194 350 5249 Sed
379 5198 522 5252 alius
535 5208 626 5253 est
652 5216 686 5253 a
714 5217 823 5270 quo
852 5204 1090 5274 ungitur,
1124 5207 1317 5277 aliiqui
1348 5210 1520 5280 ipsam
1545 5212 1853 5268 unctionem

252 5293 539 5348 aDomino
592 5311 716 5350 esse
772 5304 1137 5369 attestantur;
1172 5304 1296 5373 quia
1353 5319 1515 5361 omne
1572 5309 1851 5377 negotium

257 5398 445 5446 sanctae
475 5392 763 5458 Ecclesiae,
797 5394 934 5449 sicut
963 5397 1256 5454 collatione
1286 5412 1593 5457 sanctorum
1637 5413 1850 5475 patrum

258 5488 419 5556 magis
451 5488 741 5560 probatur,
767 5491 839 5545 ita
862 5500 915 5546 et
944 5495 1118 5566 magis
1147 5497 1429 5553 robustum
1462 5509 1565 5555 est.

317 5583 367 5636 5.
398 5582 571 5653 Quasi
607 5586 749 5641 enim
767 5587 981 5660 signum
1013 5608 1127 5646 sum
1156 5595 1425 5650 unctionis
1479 5597 1671 5653 beatus
1702 5600 1847 5656 Pau-

1963 4581 2163 4654 diligit,
2220 4599 2344 4638 cum
2375 4591 2428 4637 et
2453 4582 2705 4637 subditos
2758 4589 2997 4644 nostros,
3057 4588 3311 4649 tanquam
3373 4579 3565 4634 fratres

1964 4670 2262 4742 diligimus,
2296 4678 2351 4727 et
2383 4671 2558 4741 ipsum
2589 4671 2743 4740 quasi
2776 4678 2983 4739 patrem
3012 4685 3272 4734 amamus,
3306 4669 3433 4725 dum
3471 4684 3566 4739 per

1960 4758 2210 4815 affectum
2238 4760 2620 4817 sollicitudinis
2650 4760 2765 4814 istis
2782 4758 3087 4829 jungimur.
3106 4766 3159 4813 et
3179 4758 3249 4814 ad
3281 4758 3436 4812 illum
3468 4772 3597 4827 per.

1963 4848 2200 4917 quietem
2239 4858 2499 4914 nostram,
2559 4864 2722 4919 quam
2752 4848 2955 4919 diligit,
3015 4845 3170 4916 quasi
3228 4846 3296 4900 ad
3355 4853 3563 4914 patrem

1964 4936 2301 4991 festinamus.
2338 4938 2464 4992 Haec
2491 4953 2723 5007 namque
2749 4936 2967 4991 dilectio
2997 4934 3194 5004 quietis
3249 4941 3446 4989 nostra:
3472 4948 3564 4985 CX!-

1964 5025 2213 5093 pt'imitur
2240 5026 2293 5079 in
2328 5027 2449 5091 hoc,
2481 5025 2627 5096 quod
2657 5024 2857 5079 dicitur
2877 5041 2891 5078 :
2915 5024 3056 5091 Quid
3083 5024 3295 5091 [nciam
3347 5022 3413 5075 tle
3442 5020 3563 5086 ﬁlio
3594 5048 3597 5051 λ

1964 5137 2083 5177 meo
2103 5124 2257 5178 ξηιοο
2274 5124 2519 5188 profecto
2534 5131 2687 5193 pater
2714 5121 2865 5183 dicit,
2898 5122 2990 5190 qui
3022 5126 3201 5171 tenere
3233 5117 3401 5169 tilium
3431 5116 3562 5169 dili-
3587 5138 3590 5143 η

1962 5215 2059 5286 git.
2092 5216 2208 5272 Hoc
2237 5217 2403 5288 igitur
2430 5232 2535 5271 non
2560 5216 2759 5269 dicitur
2786 5215 2858 5266 de
2892 5230 3100 5280 praesen
3129 5229 3159 5263 υ
3191 5212 3321 5271 tilio,
3346 5211 3441 5264 sed
3459 5210 3564 5264 ah-

1963 5322 2131 5367 scnte.
2159 5315 2265 5367 Sed
2288 5315 2417 5385 quin
2451 5313 2686 5384 perditas
2703 5310 2887 5364 asinos
2910 5309 3081 5376 patris
3099 5308 3308 5376 ιμιςιινίι,
3337 5308 3383 5362 ei
3400 5307 3591 5364 valde'

1961 5408 2189 5464 dilectus
2220 5417 2299 5465 est
2318 5429 2333 5475 ;
2355 5409 2480 5481 quia
2507 5409 2592 5477 qui
2611 5414 2955 5476 peccatorum
2984 5403 3196 5456 animas
3244 5408 3603 5461 converteret

1963 5507 2308 5575 praedicando
2338 5506 2540 5571 nititur,
2576 5500 2923 5570 Redemptori
2955 5508 3141 5555 nostro
3192 5502 3305 5570 jam
3333 5503 3388 5556 in
3442 5519 3565 5557 ma-

1960 5618 2071 5677 gna
2100 5601 2697 5673 charﬂate-colmlntur.
2717 5599 2825 5672 Qui
2851 5606 3009 5655 certe
3032 5612 3129 5666 per
3157 5598 3387 5652 aiiorum
3417 5590 3540 5653 solli
