4034 6174
419 300 520 354 283

1627 303 1873 359 SANCTI
1911 303 2259 361 GREGORII
2299 304 2524 360 MAGNI

3602 310 3698 367 28$

413 423 703 480 citudinem
731 425 800 479 ab
829 440 895 481 eo
924 426 1075 496 quasi
1108 425 1270 498 longe
1308 434 1407 496 est,
1442 443 1541 500 per
1591 428 1827 500 quietem
1884 443 2015 484 con-
2043 431 2100 491 Α
2129 429 2334 503 quippe
2364 428 2586 485 veniens
2617 430 2798 486 lumen
2829 431 3230 502 interpretatur.
3268 431 3466 485 Lumen
3519 435 3704 488 etenim

419 512 806 584 templationis,
837 522 892 570 et
919 513 1172 571 aﬂ'ectum
1202 516 1465 572 orationis
1495 532 1688 588 prope.
1721 517 1864 585 Quia
1890 533 2022 590 ergo

417 615 518 656 nos
547 600 650 655 sibi
681 601 886 658 vicinos
913 619 1036 660 esse
1064 611 1116 659 et
1135 619 1234 675 per
1279 605 1812 676 contemplationem,
1845 615 1896 661 et
1911 622 2025 661 ora.

419 689 621 745 tionem
649 691 876 761 appetit,
912 692 1064 764 quasi
1113 691 1346 764 diligens
1377 702 1529 765 pater
1545 695 1712 750 dicit:
1749 696 1893 764 Quid
1935 699 2019 767 fa-

422 779 572 837 ciam
605 778 671 836 de
700 781 819 849 ﬁlio
839 797 961 837 meo
981 787 1008 834 ?
1037 779 1358 850 Quasidicat
1391 802 1403 838 :
1436 782 1722 851 Quomodo
1740 785 2022 840 absentem

420 867 599 933 illum,
631 869 762 922 mihi
784 878 1113 940 prmsentem
1144 870 1416 927 exhibebo
1436 870 1620 940 ‘iQuia
1666 887 1802 928 vero
1830 873 2023 944 praedi-

421 956 648 1012 cationis
680 966 879 1013 nostra!
895 957 1313 1013 sollicitudinem
1327 960 1513 1030 magni
1540 969 1740 1017 sanctae
1761 961 2024 1017 Ecclesiae

419 1043 520 1100 viri
535 1044 780 1113 laudant,
812 1045 909 1101 sed
925 1046 1306 1102 sollicitudinis
1332 1048 1668 1104 nimietatem
1691 1049 2020 1121 vituperant,

418 1132 497 1189 illi
529 1133 622 1206 qui
652 1134 898 1189 inventas
927 1134 1798 1204 patrisasinasdicunt,sollicitum
1815 1148 2021 1210 patrem

417 1237 518 1294 [ro
550 1221 662 1276 filio
693 1231 964 1278 asserunt.
999 1222 1226 1296 Signum
1245 1241 1378 1297 ergo
1395 1241 1508 1281 suae
1537 1227 2022 1300 unctioniscogno-

419 1324 572 1364 scere
592 1309 748 1364 electi
776 1319 999 1380 possunt
1031 1327 1044 1379 ;
1077 1313 1206 1384 quia
1263 1314 1513 1369 nimirum
1573 1323 1697 1371 tunc
1727 1331 1760 1370 a
1790 1317 1902 1371 Deo
1954 1316 2024 1372 ad

429 1407 636 1454 sancta:
669 1399 931 1455 Ecclesia:
960 1400 1173 1456 culmen
1186 1401 1570 1471 perducuntur,
1594 1421 1715 1458 cum
1735 1420 1830 1475 per
1861 1405 2024 1459 verba

423 1493 475 1540 et
504 1486 757 1558 exempla
788 1487 970 1543 idonei
999 1497 1122 1543 sunt
1150 1490 1219 1544 ad
1247 1492 1476 1546 salutem
1519 1492 1770 1556 alienam,
1828 1501 1880 1547 et
1923 1511 2025 1563 per

427 1575 659 1644 quietem
702 1576 928 1630 studiosi
985 1577 1055 1631 ad
1103 1595 1254 1633 suam
1288 1594 1302 1645 ;
1335 1588 1539 1635 etcum
1591 1589 1907 1650 peccatores
1952 1583 2020 1638 ad

423 1663 620 1718 ctelum
651 1673 917 1734 quierunt,
948 1666 1271 1736 semetipsos
1301 1667 1369 1723 ad
1397 1669 1655 1724 saeculum
1697 1686 1803 1726 non
1861 1671 2023 1727 relin-

427 1760 616 1823 quunt.
650 1753 904 1824 Sequitur
935 1770 950 1807 :

495 1841 673 1911 (νει-ε..
705 1841 761 1908 3,
794 1841 1169 1913 4.)Cumindc
1187 1845 1417 1915 abieris,
1448 1850 1506 1903 et
1523 1849 1680 1904 ultra
1697 1850 2019 1918 transieris,

429 1934 486 1985 et
505 1931 728 1985 veneri:
741 1932 814 1985 ad
839 1947 1109 2003 quercum
1144 1933 1372 2001 Thabor,
1406 1938 1701 1992 invenient
1721 1942 1774 1993 te
1805 1943 1919 1993 tre:
1947 1940 2024 1994 ibi

425 2018 556 2086 viri,
580 2019 1035 2076 ascendentesad
1046 2023 1348 2078 Dominum
1391 2026 1453 2080 in
1471 2025 1685 2093 Belhel,
1717 2044 1868 2084 unus
1899 2044 2026 2100 por-

435 2110 696 2162 tamtre:
723 2105 929 2173 hwdos,
949 2114 1004 2165 et
1035 2112 1188 2166 alius
1210 2115 1326 2167 tre:
1359 2117 1537 2169 tortas
1577 2117 1767 2186 panis,
1787 2122 1842 2170 et
1875 2117 2025 2171 alius

431 2195 699 2266 tagenam
723 2197 863 2252 vini.
887 2196 1131 2270 Cumque
1149 2204 1204 2256 te
1236 2205 1638 2269 :alutaverint,
1680 2204 1895 2260 dabunt
1925 2206 2027 2260 tibi

430 2282 570 2339 duo:
593 2301 790 2354 panes,
815 2291 871 2341 et
893 2289 1135 2360 accipies
1147 2288 1213 2344 de
1235 2306 1410 2346 manu
1430 2306 1644 2348 eorum.

498 2375 551 2426 6.
583 2371 718 2428 Cum
742 2373 880 2430 bene
891 2374 1157 2445 proiicere
1173 2377 1226 2430 in
1239 2387 1424 2433 sancta
1445 2380 1846 2436 concertatione
1865 2383 2026 2438 volu-

435 2476 575 2525 mus,
593 2463 956 2517 necessarium
976 2463 1134 2519 nobis
1147 2475 1249 2533 est,
1283 2475 1334 2520 ut
1364 2467 1662 2523 electorum
1675 2469 2029 2540 plurimorum

434 2547 593 2603 nobis
623 2550 874 2620 exempla
902 2551 1224 2624 colligamus
1256 2566 1270 2622 ;
1303 2571 1428 2609 nam
1459 2565 1511 2611 et
1530 2573 1660 2627 apes
1697 2575 2028 2629 componere

431 2635 596 2691 mella
622 2648 920 2710 nequeunt,
953 2639 996 2694 si
1021 2656 1082 2696 ea
1105 2642 1158 2696 in
1192 2643 1416 2700 ﬂoribus
1465 2647 1633 2700 variis
1687 2663 2027 2721 nequaquam

431 2722 640 2796 legunt.
665 2726 807 2780 Bene
835 2743 971 2800 ergo
1002 2731 1132 2786 Saul
1161 2747 1192 2785 a
1221 2732 1349 2787 viris
1377 2734 1498 2788 aliis
1514 2735 1583 2790 ad
1597 2736 1734 2790 alios
1745 2739 2024 2807 pervenit;

431 2813 558 2884 quia
587 2815 839 2885 exempla
886 2826 1214 2887 sanctorum,
1263 2837 1370 2894 quo
1424 2825 1698 2893 copiosius
1737 2827 2024 2894 cernimus,

431 2900 624 2956 melius
639 2905 951 2960 edocemur.
975 2908 1162 2964 Flores
1181 2910 1385 2982 quippe
1395 2918 1719 2968 aeternorum
1736 2914 2023 2983 fructuum,

431 2997 556 3044 sunt
583 3007 750 3062 opera
772 3003 1105 3064 sanctorum,
1137 3014 1258 3069 qua:
1288 3000 1416 3053 dum
1429 3002 1884 3072 supemiarmoris
1898 3021 2025 3060 rore

424 3079 845 3152 perfunduntur,
869 3100 935 3138 ex
963 3083 1044 3140 eis
1071 3086 1364 3158 carpimus,
1387 3091 1529 3146 unde
1562 3091 1628 3146 ad
1659 3101 1900 3148 nostram
1929 3094 2027 3150 do-

435 3165 686 3234 ctrinam,
719 3178 770 3224 et
801 3171 867 3226 ad
898 3172 1125 3229 aliorum
1157 3177 1440 3233 utilitatem
1499 3180 1831 3250 repleamur.
1898 3183 2034 3238 Inde

429 3256 632 3311 etenim
655 3258 788 3328 abit,
823 3267 883 3316 et
909 3261 1050 3318 ultra
1081 3265 1270 3320 transit
1299 3266 1426 3322 Saul
1449 3287 1463 3334 ;
1488 3269 1706 3340 quando
1734 3271 1881 3325 rudis
1900 3287 2034 3341 prie.

430 3342 642 3402 dicator
667 3364 768 3418 per
795 3348 1086 3407 electorum
1117 3355 1371 3425 exempla
1383 3355 1615 3428 proﬁcit,
1638 3366 2032 3430 etaconspecta

431 3432 628 3490 virtute
649 3437 826 3506 unius,
859 3440 926 3494 ad
958 3441 1349 3513 explorandam
1381 3445 1600 3501 alterius
1653 3449 2031 3504 c0nversatio-

434 3535 560 3576 nem
589 3524 754 3582 vadit.
789 3526 964 3595 Quem
993 3547 1137 3602 sa-pe
1165 3532 1397 3588 delectat
1426 3535 1479 3589 in
1515 3536 1639 3590 aliis
1665 3536 1841 3591 mirari
1875 3538 2031 3592 labo—

434 3624 550 3665 rem
570 3613 998 3681 praedicationis.
1024 3621 1179 3687 233
1213 3637 1360 3692 saepe
1390 3623 1446 3676 in
1477 3623 1597 3678 aliis
1653 3625 2027 3680 fortitudinem

429 3697 557 3754 boni
579 3703 760 3771 operis
793 3718 806 3772 ;
839 3705 962 3760 illos
1016 3707 1296 3779 loquentes
1342 3721 1652 3782 veneratur,
1711 3713 1842 3768 istos
1888 3731 2026 3786 ope-

429 3791 613 3843 rantes
631 3790 826 3847 imitari
853 3794 1058 3849 nititur.
1091 3797 1218 3852 Illos
1245 3799 1458 3870 aspicit,
1479 3818 1586 3873 qua
1619 3802 2025 3873 pulchritudine

429 3874 563 3933 foris
593 3879 852 3951 fulgeant,
875 3881 1098 3939 istorum
1128 3887 1477 3958 Splendorem
1536 3906 1643 3945 non
1674 3891 1728 3946 in
1773 3892 2024 3948 exteriori

431 3969 864 4040 conversatione,
901 3973 996 4028 sed
1030 3973 1086 4028 in
1116 3975 1304 4032 intima
1348 3987 1737 4049 perscrutatur.
1794 3981 1946 4036 Unde
1975 3989 2027 4036 et

433 4053 575 4111 bene
594 4073 716 4112 cum
746 4061 954 4128 transit,
985 4063 1056 4117 ad
1087 4080 1353 4135 quercum
1384 4067 1604 4123 Tliabor
1631 4068 1817 4122 venire
1838 4069 2022 4140 perbi-

430 4141 603 4201 betur.
637 4145 880 4215 Quercus
910 4150 1059 4206 enim
1081 4153 1337 4210 umbrosa
1368 4163 1448 4210 est
1476 4156 1657 4224 arbor,
1689 4166 1740 4212 et
1763 4157 1940 4212 fortis.
1965 4159 2026 4212 In

429 4248 534 4301 qua
562 4235 812 4303 profecto
842 4239 1036 4294 arbore
1061 4243 1326 4298 secretior
1353 4245 1694 4299 conversatio
1716 4254 2025 4301 sanctorum

425 4322 764 4392 exprimitur.
790 4327 960 4396 Hujus
988 4345 1224 4400 namque
1247 4332 1670 4388 conversationis
1714 4333 1834 4400 viri,
1895 4334 2024 4388 dum

429 4409 498 4463 ad
521 4413 800 4467 exteriora
828 4430 996 4484 Opera
1026 4417 1216 4472 activa!
1247 4419 1368 4473 vita:
1399 4434 1505 4474 non
1535 4428 1756 4489 exeunt,
1797 4422 2023 4492 quasiin

2048 1788 2103 1850 Β

2129 519 2294 586 venit,
2327 518 2547 590 quando
2588 520 2776 576 electze
2825 519 2990 574 menti
3047 535 3113 574 se
3170 518 3377 572 interna
3417 519 3708 577 Conditoris

2129 605 2354 662 claritas
2383 607 2579 678 aperit.
2609 607 2852 676 Quercus
2896 623 3034 679 ergo
3079 605 3298 662 Ttiabor
3334 606 3560 663 dicitur:
3592 610 3710 680 quia

2130 701 2339 750 secreta
2361 696 2717 764 conversatio,
2769 705 2979 752 terrena
3026 693 3375 766 despiciendo
3429 696 3558 767 agit,
3611 713 3712 766 quo

2130 780 2378 836 intimam
2407 781 2714 839 Conditoris
2763 785 2939 839 lucem
2987 783 3186 838 clarius
3224 783 3460 853 aspiciat.
3521 784 3712 839 Secreti

2129 885 2365 941 namque
2395 887 2599 940 sumus,
2635 873 2850 944 quando
2873 888 3068 928 sensus
3089 880 3298 926 nostros
3326 871 3378 924 in
3409 870 3506 926 Dei
3537 872 3717 928 timore

2131 959 2485 1014 custodimus.
2517 960 2581 1014 Et
2603 968 2727 1014 tunc
2743 960 2966 1032 quidem
2997 959 3414 1015 venienslumen
3431 961 3708 1027 cernimus,

2131 1047 2257 1118 quia
2313 1063 2435 1102 cum
2475 1047 2612 1103 bene
2641 1058 2900 1120 reguntur
2945 1049 3186 1103 membra
3241 1047 3506 1118 corporis,
3562 1049 3718 1103 menti

2129 1143 2328 1191 nostrae
2372 1136 2676 1192 refunditur
2701 1137 2878 1208 gratia
2915 1137 3243 1192 Conditoris.
3304 1137 3368 1191 Et
3407 1137 3715 1203 notandum,

2131 1224 2258 1294 quia
2285 1225 2353 1280 ad
2385 1241 2646 1297 quercum
2675 1226 2891 1281 Thabor
2919 1225 3102 1281 venire
3125 1226 3334 1290 dicitur,
3360 1224 3448 1294 qui
3477 1241 3506 1278 a
3526 1225 3721 1279 salien-

2134 1313 2276 1368 tibus
2307 1314 2495 1368 foveas
2531 1313 2822 1369 sollicitum
2846 1329 2946 1384 pro
2982 1331 3040 1369 se
3097 1323 3306 1384 patrem
3356 1329 3475 1368 esse
3503 1313 3718 1368 sciebat.

2131 1403 2269 1456 Nam
2292 1403 2679 1472 praedicatores
2709 1412 2913 1458 sanctae
2936 1402 3186 1458 Ecclesia
3218 1402 3540 1472 plerumque
3567 1402 3724 1458 virtu-

2131 1498 2214 1545 tes
2234 1490 2476 1558 laudant,
2508 1490 2703 1562 quibus
2734 1491 2834 1562 ipsi
2876 1506 3071 1547 vacare
3119 1507 3227 1545 non
3283 1499 3526 1560 possunt.
3585 1489 3726 1543 Con-

2136 1577 2701 1650 templativaequidem
2760 1580 2878 1634 vitae
2936 1588 3200 1633 secretum
3257 1579 3559 1646 praedicant
3591 1597 3604 1641 ;
3635 1576 3729 1631 sed

2131 1667 2261 1722 dum
2293 1668 2514 1724 solliciti
2544 1677 2669 1722 sunt
2697 1685 2797 1738 pro
2828 1668 3174 1722 subditorum
3214 1666 3643 1733 custodia,illius
3661 1667 3731 1718 vi-

2131 1757 2496 1812 laeadliairere
2525 1759 2747 1812 secretis
2779 1756 2966 1810 vitant.
3001 1756 3166 1824 Quasi
3217 1772 3349 1826 ergo
3406 1754 3626 1809 Samuel
3646 1753 3729 1806 di-

2130 1852 2218 1899 cat
2251 1862 2262 1896 :
2295 1845 2397 1898 Viri
2430 1844 2504 1898 illi
2535 1845 2632 1898 tibi
2656 1845 3134 1914 contemplationis
3191 1844 3428 1898 studium
3461 1843 3676 1896 laudant
3715 1859 3728 1904 ;

2131 1932 2226 1986 sed
2257 1932 2382 2002 quia
2413 1932 2556 2004 quod
2586 1933 2826 1998 laudant,
2861 1942 3045 1988 tenere
3069 1949 3174 1986 non
3203 1941 3457 2002 possunt,
3510 1931 3567 1984 in
3613 1931 3732 1984 aliis

2134 2021 2485 2092 quaerendum
2516 2029 2612 2077 est.
2657 2021 2783 2076 inde
2813 2037 2948 2093 ergo
2979 2021 3048 2075 ad
3066 2037 3318 2092 quercum
3337 2020 3734 2074 Ttiabortrans-

2133 2109 2293 2175 imus,
2345 2110 2563 2181 quando
2601 2125 2634 2164 a
2663 2111 2867 2164 sanctis
2913 2109 3365 2179 praedicatoribus
3409 2108 3745 2177 contempla-

2137 2198 2260 2253 tiva)
2293 2199 2420 2252 vita:
2447 2197 3314 2263 studiumlaudabilenoscimus;
3345 2198 3442 2252 sed
3459 2197 3748 2266 perfectiO'

2137 2302 2258 2341 nem
2291 2288 2409 2356 ejus
2440 2287 2491 2341 in
2523 2287 2630 2341 illis
2652 2287 2970 2356 quaerimus,
3003 2288 3094 2358 qui
3135 2287 3205 2340 ad
3235 2302 3356 2340 eam
3380 2285 3749 2356 spiritualiter

2137 2375 2443 2430 intendunt.
2473 2375 2604 2430 Tres
2643 2391 2776 2446 ergo
2830 2375 2952 2436 viri.
3007 2376 3096 2446 qui
3145 2385 3368 2428 unctum
3425 2389 3618 2445 regem
3679 2371 3748 2425 ad

2137 2479 2393 2533 quercum
2424 2463 2640 2518 Thabor
2668 2464 2966 2530 inveniunt,
2998 2465 3119 2518 illos
3180 2461 3492 2534 designant,
3559 2461 3648 2531 qui
3698 2461 3748 2514 in

2136 2552 2570 2621 contemplativm
2599 2552 2722 2608 vitae
2767 2553 2946 2607 studio
3002 2552 3226 2623 perfecti
3258 2560 3402 2605 sunt.
3447 2551 3554 2619 Qui
3611 2549 3749 2604 bene

2137 2655 2244 2694 non
2277 2639 2503 2694 inveniri
2531 2656 2561 2694 a
2595 2656 2748 2713 rege,
2778 2641 2874 2695 sed
2901 2656 3086 2712 regem
3121 2639 3233 2695 illic
3269 2641 3522 2694 invenire
3555 2639 3744 2708 perhi-

2137 2729 2350 2783 bentur.
2381 2729 2502 2784 Non
2533 2730 2676 2783 enim
2708 2729 3050 2784 inveniuntur
3083 2729 3248 2801 ;quia
3273 2727 3584 2782 absconditi
3604 2735 3749 2781 sunt.

2137 2818 2246 2888 Ipsi
2303 2833 2431 2872 vero
2491 2834 2588 2873 nos
2643 2817 2973 2878 inveniunt;
3017 2818 3141 2887 quia
3175 2819 3352 2872 lucem
3387 2833 3506 2870 sua:
3526 2824 3753 2871 secretae

2133 2907 2562 2961 conversationis
2589 2906 2746 2961 nobis
2774 2907 3044 2976 aperiunt,
3076 2922 3197 2960 cum
3240 2906 3566 2977 dignantur.
3622 2904 3746 2958 Non

2133 2995 2526 3062 inveniuntur;
2558 2997 2690 3066 quia
2745 2994 2913 3048 vitam
2969 3010 3123 3048 suam
3154 2993 3224 3048 ab
3271 2994 3424 3049 omni
3469 2992 3754 3047 hominum

2133 3081 2440 3139 testimonio
2470 3085 2743 3138 auferunt.
2777 3083 2885 3138 Sed
2918 3099 3018 3138 nos
3046 3083 3321 3138 inveniunt
3347 3099 3361 3152 ;
3393 3084 3529 3154 quia
3541 3098 3647 3151 per
3663 3080 3753 3135 af-

2141 3172 2342 3228 fectum
2371 3172 2648 3228 cliaritatis
2702 3171 2859 3226 nobis
2911 3172 2979 3226 ad
3035 3171 3355 3226 imitandum
3391 3171 3611 3243 aliquid
3641 3185 3756 3224 suae

2138 3259 2278 3318 lucis
2306 3261 2623 3316 ostendunt.
2684 3261 2787 3328 Qui
2838 3261 2965 3315 item
3019 3261 3313 3315 imitandae
3352 3261 3599 3315 virtutes
3627 3274 3756 3312 suas

2139 3365 2251 3405 non
2281 3350 2579 3421 proferunt,
2612 3348 2713 3403 nisi
2735 3349 2825 3417 iis,
2871 3349 2960 3420 qui
2993 3363 3194 3419 magno
3223 3348 3507 3403 desiderio
3540 3363 3638 3403 eas
3668 3347 3762 3402 ob-

2139 3439 2307 3493 tinere
2363 3447 2416 3492 et
2470 3453 2723 3494 exercere
2774 3439 3184 3509 concupiscunt.
3232 3437 3387 3491 Prius
3445 3452 3593 3508 ergo
3652 3449 3756 3490 nos

2136 3536 2345 3598 oportet
2376 3525 2446 3582 ad
2475 3541 2734 3598 quercum
2763 3526 2980 3580 Tliabor
3010 3525 3211 3588 venire,
3244 3534 3301 3578 ut
3319 3525 3503 3579 aviris
3518 3524 3638 3578 illis
3657 3523 3754 3579 tri-

2136 3615 2240 3670 bus
2270 3615 2548 3670 valeamus
2568 3615 2820 3669 inveniri.
2848 3616 2986 3668 Nam
3011 3615 3153 3668 velut
3175 3614 3290 3683 jam
3322 3615 3380 3667 in
3426 3614 3634 3667 umbra
3659 3629 3757 3685 ve-

2139 3703 2332 3758 nientis
2387 3703 2606 3757 luminis
2663 3719 2866 3768 sumus,
2927 3702 3144 3774 quando
3171 3705 3250 3772 (a)
3275 3701 3494 3772 magnis
3525 3715 3760 3755 summae

2135 3791 2612 3863 contemplationis
2640 3791 2929 3846 desideriis
2959 3790 3378 3844 inﬂammantur.

2203 3879 2259 3935 7.
2291 3882 2440 3936 Tunc
2467 3895 2600 3952 ergo
2629 3879 2785 3934 nobis
2833 3887 2940 3934 tres
2990 3879 3090 3933 viri
3149 3887 3415 3949 apparent
3449 3897 3464 3934 :
3502 3879 3632 3949 quia
3666 3877 3760 3948 qui

2133 3984 2194 4024 se
2224 3969 2384 4025 nobis
2411 3968 2848 4024 desiderantibus
2879 3968 3172 4039 dignantur
3200 3968 3525 4034 ostendere,
3562 3970 3618 4020 in
3649 3983 3755 4022 cu-

2133 4059 2310 4113 stodia
2339 4057 2648 4124 locutionis,
2679 4057 3022 4128 cogitationis
3059 4064 3111 4110 et
3157 4055 3341 4127 operis
3377 4058 3550 4111 l'ortes
3610 4063 3758 4110 sunt.

2132 4151 2271 4204 Nam
2303 4146 2606 4202 secretioris
2640 4145 2762 4199 vitae
2781 4160 2901 4199 esse
2931 4161 3040 4199 non
3068 4149 3314 4216 possunt,
3339 4144 3385 4198 si
3426 4145 3759 4209 oculorum,

2133 4236 2311 4293 cordis
2338 4243 2390 4289 et
2418 4233 2528 4289 oris
2558 4233 2693 4288 ostia
2722 4242 2910 4304 aperta
2938 4233 3252 4287 tenuissent.
3313 4232 3455 4299 Quia
3489 4247 3632 4303 ergo
3665 4248 3765 4287 cor

2133 4325 2204 4382 ab
2235 4325 2420 4393 inepta
2447 4322 2804 4393 cogitatione,
2837 4337 2900 4376 os
2930 4321 3001 4374 ab
3030 4321 3204 4375 otioso
3236 4337 3519 4389 sermone,
3591 4324 3762 4388 234

2133 4422 2304 4469 totum
2325 4425 2584 4479 corpusa
2631 4425 2796 4480 prava
2853 4410 3172 4478 Operatione
3229 4410 3574 4475 custodiunt,
3644 4419 3763 4464 tres

428 4496 623 4552 umbra
653 4510 775 4554 sunt
810 4519 823 4565 ;
851 4504 975 4574 quia
1005 4503 1255 4560 incendia
1277 4506 1634 4562 tentationum
1691 4491 1889 4565 sentire
1917 4527 2024 4565 non
2052 4491 2104 4550 Ι)
2136 4512 2258 4558 sunt
2291 4516 2305 4571 ;
2330 4501 2428 4555 viri
2457 4507 2659 4566 autem,
2693 4499 2816 4570 quia
2833 4498 3083 4552 eamdem
3113 4497 3418 4552 custodiam
3442 4498 3765 4554 fortissime

431 4594 672 4657 possunt.
707 4585 849 4657 Quia
871 4591 1013 4645 enim
1047 4593 1099 4646 in
1132 4593 1338 4649 cmlesti
1359 4595 1630 4652 desiderio
1660 4599 2023 4668 requiescunt,

423 4688 536 4746 quo
569 4674 786 4748 longius
811 4679 977 4734 amoti
1008 4691 1131 4736 sunt
1159 4683 1230 4737 ab
1261 4700 1447 4738 amore
1473 4685 1681 4752 mundi,
1713 4703 1780 4741 eo
1811 4688 2031 4759 etquie-

421 4763 585 4819 tiores
614 4767 906 4822 manentia
939 4769 1130 4825 umbra
1185 4771 1472 4844 refrigerii.
1519 4773 1628 4828 Sed
1679 4774 1869 4830 umbra
1899 4778 2015 4832 haec

426 4853 578 4910 fortis
599 4863 682 4910 est
709 4855 942 4923 arboris,
966 4859 1091 4931 quia
1121 4861 1460 4916 conversatio
1517 4870 1823 4918 sanctorum
1875 4872 2022 4920 tanto

421 4943 654 5000 validius
685 4954 896 5002 terrena
917 4947 1168 5018 despicit,
1225 4958 1422 5020 quanto
1479 4951 1668 5020 purius
1697 4952 1750 5006 in
1781 4968 2019 5007 amorem

422 5033 719 5090 ccelestium
750 5036 938 5108 surgit.
974 5037 1148 5091 Fortis
1179 5050 1263 5092 est
1291 5039 1476 5105 etiam,
1536 5041 1665 5109 quia
1707 5041 1896 5094 saeculi
1956 5041 2026 5096 ad

424 5139 581 5178 versa
611 5133 859 5195 potenter
879 5125 970 5178 ιοΙι
988 5136 1127 5194 rant,
1161 5127 1250 5196 qui
1305 5128 1421 5182 sola
1473 5127 1883 5198 cwlestia,quas
1939 5129 2025 5184 vi-

425 5213 574 5278 dent,
606 5224 809 5269 amant.
844 5215 905 5268 Et
925 5215 1052 5286 quia
1085 5215 1138 5268 in
1170 5232 1369 5286 magno
1401 5216 1602 5270 lumine
1640 5215 1831 5270 interni
1853 5217 2027 5288 splen-

430 5300 583 5354 doris
612 5311 755 5369 sunt,
789 5303 878 5371 qui
913 5313 1126 5357 terrena
1151 5305 1418 5374 respicere
1465 5320 1564 5374 per
1591 5319 1834 5359 amorem
1883 5305 2029 5358 dedi-

426 5398 682 5461 gnuntur,
707 5406 942 5460 quercus
972 5393 1087 5462 ipsa
1109 5393 1330 5447 Ttiubor
1372 5405 1491 5447 esse
1546 5393 1762 5448 dicitur.
1813 5393 2030 5447 Tliabor

497 5595 576 5668 (ii)
605 5575 871 5653 Cumae.
909 5584 956 5653 iit
993 5583 1184 5665 νεύει,
1207 5584 1401 5671 iungat
1430 5580 1690 5669 minium,
1720 5593 1833 5657 etei

2135 4592 2448 4648 observant.
2471 4587 2600 4641 Tres
2621 4602 2754 4658 ergo
2784 4587 2882 4641 viri
2922 4586 3080 4640 nobis
3118 4596 3373 4656 apparent
3400 4603 3412 4638 :
3457 4587 3598 4658 quia
3632 4604 3762 4642 cum

2141 4681 2276 4735 tales
2304 4676 2591 4743 cernimus,
2623 4675 2678 4729 in
2707 4675 2785 4730 eis
2840 4673 3005 4729 robur
3045 4674 3256 4728 virtutis
3301 4675 3614 4730 intuemur.
3651 4674 3764 4743 Qui

2141 4776 2285 4824 certe
2310 4767 2364 4820 in
2397 4763 2590 4818 umbra
2613 4762 2876 4817 tenientis
2931 4771 3055 4816 sunt
3092 4761 3342 4823 luminis;
3375 4763 3515 4833 quia
3567 4765 3767 4818 videre

2129 4859 2395 4914 internum
2429 4855 2602 4907 lucem
2651 4851 2958 4906 Conditoris
3018 4859 3165 4906 tanto
3231 4850 3432 4905 clarius
3489 4860 3764 4922 possunt,

2131 4951 2332 5016 quanto
2360 4939 2649 4996 studiosius
2680 4939 2939 4994 mundum
2971 4956 3066 4994 cor
3095 4956 3124 4994 a
3156 4939 3340 4994 mundi
3363 4940 3768 5008 inquinatione

2133 5033 2459 5089 custodiunt.
2481 5028 2709 5084 Talibus
2736 5027 2954 5098 quidem
2986 5045 3018 5082 a
3051 5029 3276 5082 mortuis
3305 5043 3621 5099 resurgens
3663 5047 3766 5099 ap-

2134 5121 2306 5194 paruit
2335 5117 2620 5181 Domiuus,
2655 5118 2788 5171 tales
2817 5116 3046 5186 replevit
3075 5117 3302 5187 Spiritus
3355 5125 3618 5171 sanctus.
3686 5119 3771 5172 De

2134 5212 2228 5266 illo
2244 5211 2443 5264 etenim
2456 5215 2662 5262 secreto
2679 5205 2876 5260 dieitur
2897 5223 2909 5258 :
2937 5208 3072 5260 Cum
3095 5222 3217 5260 sero
3235 5210 3379 5260 esset
3403 5220 3530 5259 una
3551 5207 3768 5260 sublm-

2136 5302 2402 5364 torum,et
2422 5299 2572 5367 fore:
2583 5299 2768 5350 essent
2784 5295 3113 5358 clausw,ubi
3131 5298 3296 5348 erant
3315 5294 3606 5362 discipuli
3616 5313 3769 5365 pro-

2130 5392 2259 5458 pter
2287 5391 2501 5442 metum
2534 5387 2850 5440 Iudaeorum
2876 5381 3067 5452 (Ionii.
3105 5397 3201 5448 xx,
3247 5385 3354 5451 t‘J).
3383 5381 3448 5434 Et
3465 5397 3714 5437 rursum
3751 5401 3764 5437 i
