4034 6174
307 309 410 363 285

1125 308 1196 363 IN
1239 307 1503 365 PRIMUhl
1542 307 1782 364 REGUM
1825 305 2361 366 EXPOSITIONES.
2402 340 2471 351 ——
2510 310 2638 367 LIB.
2681 312 2778 366 ιν.

308 433 438 490 Post
467 431 594 490 dies
621 438 745 491 acte
772 434 988 493 iterum
1016 438 1186 492 nant
1209 434 1478 509 discipuli
1502 436 1624 507 ejus
1641 435 1821 500 intus,
1848 437 1905 491 et
1932 431 1990 495 A
2019 440 2105 489 tur
2131 440 2312 491 autem
2341 434 2490 491 Deus
2516 451 2615 508 per
2664 438 2967 508 speculum,
3018 436 3364 511 cognoscitur
3403 448 3505 506 per
3557 424 3620 487 εδ

312 521 541 580 Thomas
558 538 690 580 cum
704 525 806 593 eis,
822 524 980 580 venit
989 523 1357 594 Jesusjanuis
1371 523 1584 581 clausis
1598 526 1654 579 el
1665 523 1828 579 stetit
1844 523 1907 579 in

310 610 510 678 medio,
542 615 601 667 el
625 611 783 669 dixit
809 614 892 669 eis
909 632 929 669 :
947 615 1071 670 Pax
1090 612 1257 670 vobis.
1291 612 1372 669 De
1397 611 1509 668 alio
1540 611 1669 667 item
1698 618 1907 669 secreto

307 698 569 772 scriptum
598 708 681 756 est
711 718 725 755 :
758 700 903 757 Dum
931 702 1360 773 complerentur
1374 702 1493 758 dies
1522 702 1904 769 Pentecosles,

306 792 471 845 erant
485 804 685 845 omnes
696 790 967 862 discipuli
979 791 1203 863 pariter
1212 790 1276 846 in
1287 789 1477 847 eodem
1495 790 1633 855 loco,
1647 793 1703 846 et
1714 792 1909 860 [actus

304 881 389 934 est
401 881 638 950 repente
653 878 723 934 de
748 879 887 936 ctelo
912 894 1086 936 sonus
1100 878 1461 935 advenientis
1483 878 1724 949 spiritus
1740 877 1906 935 velte-

302 967 535 1036 mentis,
546 973 607 1024 et
621 967 861 1040 replevit
875 971 1054 1024 lotam
1069 966 1322 1035 domum,
1336 967 1431 1024 ubi
1441 970 1610 1024 erant
1623 966 1904 1025 sedentes.

307 1054 710 1128 Etapparuere
720 1056 843 1112 illis
858 1055 1145 1129 dispertire
1176 1056 1408 1127 lingua,
1444 1059 1713 1128 tanquam
1732 1056 1903 1128 ignis,

304 1143 559 1216 seditque
572 1160 743 1217 super
752 1144 1007 1217 singulos
1019 1160 1240 1211 eorum,
1253 1148 1311 1201 et
1324 1145 1527 1217 repleti
1549 1148 1688 1200 sunt
1713 1159 1909 1200 omnes

302 1232 523 1304 Spiritu
538 1239 741 1291 sancto
758 1234 983 1305 (Actu,
1004 1235 1080 1304 l).
1101 1233 1330 1289 Clausas
1348 1232 1569 1304 quidem
1580 1233 1777 1304 januas
1803 1235 1905 1289 ha-

303 1319 446 1388 bent,
480 1320 572 1392 qui
585 1329 777 1377 contra
805 1322 1026 1379 humani
1067 1322 1255 1393 lapsus
1287 1322 1679 1395 negligentiam
1725 1320 1909 1379 ofﬁcia

306 1409 569 1479 corporis,
599 1410 704 1466 sub
733 1411 861 1467 forti
904 1411 1148 1467 custodia
1203 1410 1392 1467 stricta
1444 1410 1696 1466 retinent.
1754 1413 1909 1468 Intus

304 1496 468 1554 etiam
495 1506 622 1554 sunt
650 1514 668 1569 ;
699 1498 829 1572 quia
858 1498 914 1554 in
941 1498 1157 1556 interna
1184 1498 1476 1556 dilectione
1504 1515 1755 1570 superna:
1782 1499 1908 1557 vita

304 1586 672 1657 requiescunt.
703 1586 921 1658 Quibus
937 1588 1183 1660 profecto
1204 1604 1501 1660 resurgens
1529 1587 1798 1644 Dominus
1810 1603 1907 1658 ap-

304 1681 478 1744 paret,
535 1673 665 1745 quia
718 1676 839 1746 ejus
891 1675 1121 1749 gloriam
1169 1684 1320 1732 tanto
1366 1674 1566 1731 clarius
1619 1675 1903 1747 aspiciunt,

302 1770 508 1851 quanto
536 1779 638 1837 per
662 1764 851 1819 mundi
878 1772 1246 1837 contemptum
1276 1763 1543 1835 passionis
1560 1764 1681 1834 ejus
1697 1773 1905 1836 myste-
1933 1789 1988 1851 Β

298 1850 439 1907 rium
470 1851 709 1908 strictius
748 1861 1068 1924 sequuntur.
1125 1853 1193 1908 lli
1238 1854 1405 1909 etiam
1458 1853 1657 1925 repleri
1704 1852 1905 1924 Spiritu

300 1948 512 2008 sancto,
541 1941 697 2011 quasi
727 1941 783 1995 in
810 1943 975 1997 domo
1016 1950 1241 2013 possunt
1269 1956 1285 2013 ;
1315 1941 1440 2014 quia
1466 1941 1547 1998 illi
1597 1941 1905 2014 percipiunt

298 2027 642 2085 abundanter
663 2031 968 2104 gratiarum
990 2031 1104 2100 ejus
1155 2030 1323 2096 dona,
1370 2030 1459 2101 qui
1490 2029 1559 2086 ad
1600 2046 1666 2087 ea
1716 2031 1900 2102 perci-

298 2116 500 2189 pianda
529 2133 670 2189 sese,
697 2118 933 2175 visibilis
950 2118 1368 2186 contemnendo,
1398 2126 1755 2190 paraverunt.

364 2259 427 2315 8.
463 2258 567 2330 Qui
599 2260 737 2317 bene
766 2260 838 2315 ad
865 2260 1161 2317 Dominum
1216 2260 1270 2316 in
1299 2260 1483 2316 Bethel
1505 2261 1801 2317 ascendere
1818 2262 1897 2317 di-

294 2357 509 2403 cuntur.
542 2349 727 2404 Betbel
759 2349 960 2422 quippe
1014 2349 1211 2404 dicitur
1252 2349 1446 2404 domus
1498 2349 1626 2406 Dei.
1691 2349 1898 2405 Domus

295 2451 429 2491 vero
456 2436 556 2491 Dei
585 2453 710 2508 qua:
736 2445 838 2503 est,
866 2438 969 2493 nisi
997 2438 1194 2494 domus
1241 2436 1356 2503 illa,
1416 2453 1577 2509 quam
1632 2438 1897 2494 inhabitat

292 2522 384 2579 lux
411 2524 805 2582 iuaccessibitis
832 2526 995 2581 ‘lLux
1038 2526 1199 2582 etiam
1230 2525 1620 2583 inaccessibilis
1674 2535 1774 2592 est,
1813 2544 1896 2584 re-

289 2613 493 2670 velatio
552 2614 855 2671 divinitatis
904 2615 1039 2684 ejus.
1094 2616 1218 2670 Lux
1274 2614 1477 2686 quippe
1520 2623 1647 2681 est;
1688 2616 1816 2686 quia
1863 2632 1895 2671 a

289 2701 509 2758 mundis
537 2702 795 2759 cordibus
822 2703 1268 2777 qualitercunque
1303 2703 1478 2758 videri
1525 2712 1719 2775 potest.
1766 2704 1891 2760 Ple-

289 2790 514 2847 nissima
565 2791 786 2863 quidem
842 2791 896 2846 in
951 2791 1243 2863 semetipsa
1298 2791 1474 2862 replet
1526 2792 1733 2862 omnia,
1797 2793 1892 2849 sed

288 2877 631 2935 abundanter
657 2881 876 2953 replens
901 2880 1172 2947 universa,
1227 2896 1337 2935 non
1381 2880 1612 2950 capitur.
1672 2880 1896 2952 Capitur

286 2967 528 3038 quidem,
580 2977 638 3024 ut
683 2969 919 3040 repleat,
949 2969 1046 3024 sed
1075 2969 1289 3040 replens
1333 2984 1442 3024 non
1485 2968 1712 3040 capitur,
1771 2986 1893 3043 quae

287 3054 513 3125 repletis
550 3057 825 3124 omnibus,
880 3073 988 3113 non
1043 3057 1313 3129 expletur.
1372 3057 1654 3114 Revelatio
1708 3057 1891 3129 itaque

2013 521 2210 595 ipsum.
2243 524 2347 579 Per
2373 526 2657 596 speculum
2681 526 2786 594 hic,
2841 543 2943 598 per
2968 526 3316 599 semetipsum
3344 524 3401 579 in
3454 521 3615 578 cmlo.

2014 610 2307 683 Speculum
2335 628 2467 671 vero
2495 620 2581 669 est
2609 614 2708 670 illa
2739 615 2856 682 lux,
2886 632 3051 687 quam
3067 614 3271 671 habitat
3298 613 3447 669 Deus
3469 610 3619 683 :ipse

2012 708 2191 756 autem
2219 699 2315 756 lux
2334 699 2450 771 illa,
2474 718 2597 774 qua:
2624 701 2744 774 ipse
2768 710 2851 759 est
2879 704 2928 773 (Ι
2949 704 3069 760 Cor.
3100 719 3202 770 xu,
3232 703 3342 773 η).
3402 700 3618 771 Moyses

2013 797 2193 846 autem
2224 790 2320 863 qui
2347 789 2487 847 facie
2514 790 2583 847 ad
2613 790 2811 847 faciem
2850 792 3025 848 Deum
3076 790 3262 846 videre
3312 788 3526 858 dicitur,
3560 795 3617 844 et

2012 878 2138 949 ejus
2151 877 2347 934 faciem
2360 878 2430 935 ad
2447 878 2743 935 videndum
2763 878 3038 951 postulare
3059 878 3257 949 (Exod.
3279 893 3481 945 χχχιιι,
3501 878 3613 948 t3),

2014 965 2144 1037 quid
2183 967 2381 1024 rectius
2400 966 2667 1041 designat,
2689 984 2856 1041 quam
2872 969 3265 1040 perfectionem
3295 966 3611 1034 electorum,

2014 1054 2107 1126 qui
2128 1056 2242 1127 jam
2271 1055 2549 1129 speculum
2580 1056 2723 1113 illius
2748 1074 2977 1114 summa
3004 1058 3140 1113 lucis
3196 1057 3487 1119 intuentur,
3518 1053 3613 1109 sed

2015 1152 2196 1201 tamen
2223 1144 2293 1200 ad
2312 1145 2488 1216 ipsam
2518 1145 2657 1201 lucis
2684 1145 2961 1202 veritatem
2973 1146 3280 1219 pertingere
3305 1144 3611 1201 vehemen-

2013 1239 2099 1288 ter
2122 1232 2342 1304 cupiunt
2366 1234 2396 1287 ‘l
2423 1236 2535 1290 Ista
2554 1234 2779 1305 quidem
2835 1235 3073 1307 cognitio
3128 1234 3263 1291 lucis
3315 1233 3615 1290 electorum

2014 1320 2288 1377 desideria
2316 1322 2517 1378 satiare
2545 1339 2652 1378 non
2679 1325 2852 1392 novit,
2883 1324 2979 1380 sed
3027 1323 3264 1380 excitare
3295 1337 3310 1393 ;
3341 1321 3431 1377 illa
3481 1335 3614 1378 vero

2014 1416 2070 1465 et
2095 1408 2316 1477 satiare,
2347 1413 2404 1465 et
2431 1411 2686 1467 excitare.
2710 1414 2852 1468 Nam
2882 1420 2991 1468 tam
3015 1411 3253 1482 jucunda
3299 1427 3384 1467 res
3427 1418 3526 1478 est,
3557 1416 3616 1465 ut

2014 1496 2358 1553 ineﬂabiliter
2384 1500 2803 1571 concupiscatur
2827 1520 2842 1568 ;
2876 1509 2925 1558 et
2949 1510 3058 1556 tam
3088 1499 3270 1572 plena,
3300 1507 3359 1555 ut
3386 1498 3478 1571 qui
3499 1499 3612 1569 jam

2014 1601 2232 1657 semper
2248 1586 2463 1642 hancin
2493 1604 2692 1661 magno
2739 1589 3017 1645 desiderio
3066 1588 3346 1656 viderunt,
3393 1602 3615 1658 semper

2016 1672 2275 1731 ineﬁ'abili
2330 1675 2663 1748 plenitudine
2718 1677 2997 1733 satientur.
3057 1675 3174 1734 Viri
3200 1692 3353 1748 ergo,
3402 1675 3497 1750 qui
3545 1674 3616 1731 ad

2018 1762 2312 1819 Dominum
2341 1766 2656 1830 ascendunt,
2687 1765 2742 1820 in
2769 1766 2954 1822 Bethel
2992 1765 3290 1823 ascendere
3313 1762 3565 1820 dicuntur
3594 1779 3609 1818 :

2014 1851 2142 1924 quia
2195 1866 2321 1908 cum
2379 1853 2604 1908 multum
2634 1853 2689 1908 in
2747 1853 2849 1909 ista
2892 1854 3004 1911 vita
3047 1852 3378 1925 proﬁcimus,
3422 1851 3612 1907 videre

2008 1937 2184 2012 ipsam
2214 1939 2394 1997 lucem
2421 1941 2731 1998 Conditoris
2759 1958 2860 2014 per
2886 1942 3170 2013 speculum
3199 1955 3509 2014 possumus,
3554 1938 3612 1995 in

2007 2027 2240 2100 seipsam
2272 2038 2455 2086 autem
2484 2029 2707 2087 minime
2731 2032 2995 2088 valemus.

2078 2173 2131 2226 9.
2165 2171 2232 2225 Et
2259 2170 2386 2244 quia
2440 2170 2511 2227 ad
2562 2172 2703 2228 hanc
2729 2172 3019 2229 sublimem
3071 2173 3333 2229 visionem
3392 2168 3608 2228 nonnisi

2006 2259 2237 2314 humiles
2257 2259 2580 2326 exaltantur,
2622 2261 2761 2317 bene
2809 2260 2880 2317 de
2925 2262 3126 2317 eisdem
3176 2261 3306 2317 viris
3361 2258 3604 2317 dicitur:

2007 2346 2148 2415 Quia
2161 2364 2311 2403 unus
2331 2352 2352 2402 l
2360 2364 2448 2403 res
2465 2349 2830 2418 hwdos,alius
2850 2354 2967 2406 tres
2985 2354 3171 2406 tortas
3185 2349 3354 2422 panis
3365 2347 3604 2419 ferebat.

2003 2435 2135 2491 Tres
2162 2435 2399 2509 denique
2428 2436 2620 2493 haedos
2650 2445 2846 2511 portat,
2881 2437 2974 2509 qui
3003 2454 3116 2507 ore,
3138 2438 3323 2506 corde,
3355 2444 3409 2492 et
3436 2450 3604 2506 opere

2001 2524 2376 2597 sedeliquisse
2406 2526 2719 2597 paenitendo
2766 2518 3099 2582 considerat.
3138 2525 3280 2596 Quia
3333 2526 3479 2582 enim
3509 2538 3608 2595 per

2002 2611 2207 2681 hedos,
2237 2621 2552 2685 peccatores
2591 2614 2984 2687 signiﬁcantur,
3033 2614 3072 2669 ii
3102 2613 3193 2687 qui
3248 2613 3305 2669 in
3359 2621 3604 2669 extremo

2001 2704 2253 2758 examine
2278 2703 2346 2757 ad
2376 2702 2657 2758 sinistram
2687 2703 2877 2760 eterni
2908 2703 3105 2775 iudicis
3124 2701 3396 2758 statuendi
3451 2706 3600 2770 sunt,

2001 2789 2284 2847 hmdorum
2315 2791 2536 2848 nomine
2565 2791 2961 2864 exprimuntur.
2992 2793 3124 2847 Tres
3162 2807 3294 2864 ergo
3316 2789 3503 2846 haedos
3530 2787 3603 2844 ad

1998 2878 2292 2934 Dominum
2322 2887 2522 2951 portat,
2557 2880 2649 2953 qui
2668 2889 2896 2951 peccata
2926 2880 3123 2953 Oper-is,
3171 2879 3344 2945 verbi,
3377 2881 3432 2935 et
3450 2876 3601 2951 cogi-

2000 2967 2221 3023 tationis
2247 2968 2565 3038 pmnitendo
2608 2968 2950 3026 considerare
3003 2984 3112 3025 non
3153 2960 3373 3024 desiuit.
3403 2967 3473 3023 Et
3511 2964 3600 3022 vir

1998 3054 2222 3128 quidem
2251 3064 2356 3123 est,
2413 3064 2468 3112 et
2518 3062 2697 3112 tamen
2754 3057 2941 3113 haedos
2976 3064 3148 3130 portat
3180 3075 3196 3124 ;
3227 3056 3319 3129 qui
3366 3069 3597 3127 peccare

288 3143 617 3214 Conditoris,
648 3146 779 3220 quia
806 3153 951 3201 tanta
978 3144 1310 3202 immensitas
1338 3144 1475 3200 lucis
1501 3146 1888 3215 est,utillumi-
1917 3143 1969 3207 Ο
1996 3142 2203 3200 fortiter
2228 3153 2410 3212 cavet,
2441 3144 2538 3201 sed
2567 3144 2720 3217 quasi
2751 3151 3008 3217 peccator
3060 3161 3168 3201 non
3199 3143 3397 3201 desinit
3441 3143 3599 3199 satia-

288 3240 378 3288 net
404 3234 610 3300 omnia,
640 3241 693 3289 et
734 3242 1072 3306 angustetur,
1104 3234 1157 3289 in
1187 3231 1337 3289 nullo
1370 3251 1384 3298 ;
1417 3233 1545 3289 dum
1592 3234 1808 3291 videtur
1835 3243 1889 3291 et

291 3336 398 3376 non
428 3321 930 3392 comprehenditur,
963 3321 1058 3378 lux
1077 3329 1161 3378 est
1176 3321 1583 3379 inaccessibilis.
1607 3322 1724 3379 Viri
1749 3339 1887 3397 ergo

290 3409 344 3463 hi
375 3418 487 3465 tres
514 3410 584 3465 ad
612 3411 903 3467 Dominum
933 3411 1238 3467 ascendunt
1269 3425 1284 3481 ;
1315 3410 1441 3484 quia
1487 3410 1579 3483 qui
1608 3427 1668 3467 se
1698 3411 1751 3466 in
1806 3428 1888 3467 se-

283 3497 498 3554 a'etiori
524 3499 637 3554 vita
669 3499 995 3569 custodiunt,
1024 3499 1078 3554 in
1108 3498 1310 3556 divina:
1357 3498 1492 3554 lucis
1541 3501 1885 3571 contempla-

284 3584 426 3642 tione
451 3586 830 3644 sublimantur.
864 3588 973 3645 Sed
1002 3587 1130 3660 quia
1158 3588 1230 3643 ad
1284 3588 1455 3659 ipsam
1482 3587 1583 3643 Dei
1627 3588 1883 3661 omnipo-

285 3675 446 3730 tentis
473 3676 711 3748 speciem
739 3677 919 3733 adhuc
934 3676 1241 3749 pertingere
1269 3691 1379 3732 non
1417 3685 1664 3747 possunt,
1692 3676 1749 3732 in
1775 3678 1883 3733 Be-

282 3763 388 3818 thel
418 3764 716 3821 ascendere
746 3764 1014 3821 dicuntur.
1046 3764 1324 3838 Quidquid
1352 3765 1500 3821 enim
1538 3765 1608 3821 de
1626 3766 1883 3839 omnipo-

283 3858 423 3907 lente
445 3852 556 3909 Deo
585 3854 822 3911 humana
850 3870 1004 3909 mens
1032 3861 1207 3926 potest
1260 3854 1523 3927 cogitare,
1581 3854 1729 3910 Deus
1775 3871 1882 3911 non

282 3946 381 3995 est.
437 3940 548 3997 Sed
602 3942 733 3997 dum
788 3942 1082 4015 cogitando
1111 3950 1305 3999 cuncta
1349 3942 1699 4015 transcendit,
1751 3943 1881 4000 dum

285 4026 549 4100 quidquid
576 4037 752 4101 potest
780 4030 990 4088 intima
1016 4030 1171 4096 lueis,
1200 4030 1469 4102 quidquid
1494 4029 1720 4088 internae
1760 4048 1880 4088 sua-

284 4113 462 4170 vitatis
487 4125 539 4172 et
565 4117 891 4186 dulcedinis,
922 4117 1186 4190 quidquid
1216 4116 1515 4191 spiritualis
1556 4117 1879 4176 delectatio-

282 4201 366 4257 nis
397 4203 499 4259 sibi
546 4204 774 4277 ﬁngere,
829 4205 1007 4262 minus
1052 4206 1145 4263 illa
1166 4222 1287 4262 esse
1306 4205 1560 4274 creditur,
1593 4206 1662 4263 ad
1691 4224 1879 4281 quam-

285 4290 409 4346 dam
433 4292 610 4350 lucem
637 4302 819 4350 tamen
846 4294 1120 4367 pervenit,
1152 4311 1273 4366 qua:
1298 4310 1406 4350 non
1435 4303 1518 4351 est
1560 4295 1724 4365 Deus,
1782 4295 1878 4352 sed

283 4395 443 4451 quam
469 4380 733 4437 inhabitat
761 4382 925 4438 Deus.
946 4381 1012 4439 Et
1037 4382 1164 4453 quia
1202 4390 1325 4439 tunc
1354 4382 1512 4439 electi
1540 4382 1723 4438 anima
1764 4383 1875 4439 mi-

1995 3232 2195 3289 lacere.
2217 3234 2357 3288 Nam
2378 3233 2461 3287 vir
2485 3240 2622 3302 erat,
2665 3241 2721 3290 et
2748 3232 2936 3289 haedos
2962 3233 3226 3306 portabat,
3274 3234 3403 3306 quia
3452 3232 3598 3289 dice-

1993 3319 2124 3376 bat:
2153 3321 2217 3378 In
2249 3322 2455 3379 multis
2481 3321 2818 3394 oﬂ‘endimus
2846 3338 3040 3380 omnes
3087 3320 3231 3395 (Jac.
3279 3338 3359 3391 ιιι,
3390 3322 3467 3389 2).
3525 3322 3596 3378 Et

1992 3407 2119 3481 quia
2146 3418 2389 3480 peccata,
2413 3426 2534 3480 qua
2561 3408 2904 3477 confitentur,
2933 3409 3117 3467 delere
3144 3409 3460 3482 paenitendo
3478 3418 3593 3465 sat-

1992 3506 2162 3570 agunt
2194 3515 2207 3552 :
2238 3515 2377 3553 unus
2432 3507 2537 3554 tres
2565 3497 2771 3565 haedos,
2789 3498 2927 3554 alius
2955 3514 3085 3556 vero
3116 3506 3228 3555 tres
3256 3506 3428 3556 tortas
3482 3515 3589 3570 pa-

1988 3585 2077 3642 nis
2104 3594 2305 3659 portat.
2335 3586 2529 3643 Tortas
2553 3586 2756 3661 quippe
2773 3587 2933 3660 panis
2957 3586 3202 3660 superius
3222 3587 3291 3643 ad
3349 3586 3589 3644 atllictio-

1988 3690 2117 3732 nem
2145 3675 2475 3748 pamitentiae
2504 3676 2785 3733 retulimus
2817 3694 2830 3741 ;
2864 3678 2991 3749 quia
3025 3676 3070 3733 si
3097 3677 3257 3748 panis
3296 3675 3591 3751 aliquando

1988 3762 2401 3822 delectationem
2430 3766 2712 3839 praesentis
2730 3766 2855 3823 vitm
2873 3765 3161 3838 significat,
3191 3766 3591 3839 panistorque-

1990 3859 2092 3918 tur,
2145 3869 2270 3910 cum
2325 3870 2424 3925 pro
2466 3854 2740 3925 praeterita
2777 3855 2953 3911 carnis
3001 3854 3357 3912 delectatione
3385 3854 3594 3911 crucia~

1988 3956 2139 3997 mur.
2202 3941 2358 3999 Unde
2392 3946 2447 3998 et
2500 3957 2601 3998 rex
2634 3943 2892 4000 Ezechias
2920 3959 3043 4001 cum
3081 3943 3395 4015 pceuitendo
3440 3958 3590 4001 com-

1985 4029 2263 4101 pungitur,
2282 4029 2666 4087 delectationes
2683 4031 2867 4104 regias
2896 4047 2958 4087 se
2986 4038 3258 4087 tortorum
3293 4031 3585 4103 promittit,

1985 4116 2177 4175 dicens
2197 4135 2210 4172 :
2235 4118 2561 4189 Recogilabo
2574 4134 2770 4175 omnes
2784 4120 2904 4175 dies
2935 4135 3088 4175 meos
3105 4120 3168 4175 in
3186 4119 3586 4176 amaritudine

1984 4207 2198 4263 animae
2231 4206 2793 4278 mew(lsai.xxxvm,
2825 4207 2934 4277 15).
2967 4205 3199 4276 Quando
3228 4206 3430 4261 etenim
3460 4221 3584 4263 car-

1983 4294 2126 4350 nalis
2152 4309 2308 4350 mens
2335 4294 2390 4350 in
2407 4295 2586 4368 culpa
2621 4294 3005 4351 delectationes
3058 4293 3369 4364 resolvitur,
3424 4294 3581 4368 quasi

1982 4382 2127 4439 diem
2169 4383 2332 4439 habet
2376 4398 2393 4454 ;
2444 4383 2574 4455 quia
2602 4384 2706 4440 hoc
2731 4383 2878 4457 quod
2916 4382 3050 4456 agit,
3096 4382 3342 4440 latenter
3396 4383 3573 4441 videt.

3507 308 3614 362 286
3676 332 3681 341 ε

286 4467 520 4563 [sialiter
545 4468 932 4539 inflammatur,
964 4470 1287 4528 mirabiliter
1315 4469 1569 4541 reficitur,
1628 4469 1875 4527 ineﬁ‘abi-
1902 4502 1957 4563 Β
1982 4470 2111 4527 Dies
2138 4487 2275 4544 ergo
2302 4473 2503 4528 mentis
2530 4471 2775 4544 reprobus
2801 4480 2926 4528 sunt
2952 4472 3339 4529 delectationes
3391 4472 3576 4530 malm.

286 4553 404 4610 liter
416 4556 774 4615 delectatione
803 4557 1022 4626 fruitur,
1052 4557 1294 4631 cogitare
1330 4558 1686 4629 compellitur
1711 4574 1874 4630 quam
1902 4553 1951 4563 ”
1983 4558 2187 4615 Omnes
2212 4575 2345 4633 ergo
2373 4560 2491 4617 dies
2518 4576 2650 4617 suos
2679 4566 2936 4632 peccator
2961 4562 3262 4635 recogitet;
3296 4562 3423 4634 quia
3459 4578 3580 4619 cum

288 4642 566 4700 iaeﬂ’abilis
604 4646 719 4715 lux,
774 4645 1031 4706 dulcedo.
1062 4655 1118 4703 et
1148 4646 1438 4704 delectatio
1466 4646 1559 4714 sit,
1590 4664 1714 4720 quae
1758 4648 1877 4719 ipse
1981 4664 2082 4720 per
2106 4647 2349 4706 divinam
2370 4650 2605 4723 gratiam
2656 4649 2936 4721 resipiscit,
2968 4650 3279 4707 satisfacere
3331 4667 3436 4722 pro
3455 4651 3581 4706 uni-

288 4739 385 4799 est,
412 4733 455 4787 si
484 4742 592 4789 tam
620 4734 886 4790 immensa
904 4735 997 4790 lux
1024 4742 1106 4791 est
1149 4733 1263 4801 illa,
1298 4750 1459 4807 quam
1507 4735 1791 4803 inhabitat,
1822 4744 1877 4793 et
1982 4736 2151 4794 versis
2204 4736 2363 4794 malis
2393 4752 2505 4794 non
2549 4736 2774 4794 desinit.
2832 4737 2986 4794 Prius
3021 4739 3167 4795 enim
3214 4739 3414 4801 dicitur
3441 4756 3579 4795 unus

291 4834 391 4875 non
417 4830 493 4878 est
518 4822 669 4895 ipse.
705 4824 786 4879 Ad
814 4823 1106 4880 Dominum
1136 4823 1339 4897 quippe
1366 4824 1424 4879 in
1452 4823 1638 4881 Bethel
1667 4825 1876 4897 Moyses
1982 4834 2200 4900 portare
2229 4834 2340 4882 tres
2366 4825 2575 4895 haedos,
2605 4826 2804 4883 deinde
2831 4826 2971 4883 alius
3000 4834 3114 4884 tres
3160 4834 3327 4884 tortas
3376 4829 3533 4900 panis
3559 4846 3574 4893 ;

291 4909 615 4980 ascenderat,
643 4910 865 4985 quando
907 4926 1032 4969 cum
1079 4928 1146 4969 eo
1192 4912 1247 4968 in
1294 4921 1479 4969 monte
1526 4912 1870 4986 loquebatur.

293 4996 388 5053 Sed
406 4998 496 5072 qui
524 4999 595 5057 ad
620 5000 799 5057 lucem
822 5009 1160 5072 pervenerat,
1191 5018 1356 5075 quam
1386 5001 1652 5057 inhabitat
1697 5002 1872 5072 Deus,

289 5084 467 5156 lucem,
524 5105 647 5162 quae
690 5089 809 5160 ipse
865 5088 1012 5144 Deus
1067 5094 1204 5158 erat,
1259 5089 1554 5162 quaerebat,
1610 5089 1800 5146 dicens
1856 5109 1869 5146 :

292 5173 512 5234 Ostende
525 5178 672 5234 mihi
687 5177 897 5250 faciem
916 5180 1074 5233 luam
1091 5179 1283 5248 (Exod.
1305 5194 1513 5247 xxxiii,
1534 5182 1643 5250 l3).
1672 5179 1752 5235 De
1764 5194 1872 5251 quo

291 5263 433 5320 etiam
461 5268 724 5337 scripturn
764 5273 863 5333 est,
918 5266 1064 5333 quia,
1120 5267 1474 5340 Loquebalur
1502 5269 1672 5341 Moysi
1709 5270 1867 5338 235

288 5351 704 5427 Dominus/acie
721 5355 795 5411 ad
811 5354 1241 5427 faciem(lbid.).
1279 5354 1424 5425 Quid
1453 5364 1552 5424 est,
1587 5356 1732 5429 quod
1782 5356 1869 5412 fa-

282 5440 435 5497 eiead
465 5443 658 5501 faciem
690 5444 907 5514 onses
934 5458 1059 5499 cum
1106 5443 1340 5500 Domino
1370 5444 1630 5517 loquitur,
1682 5455 1737 5502 et
1783 5455 1868 5503 tad-

280 5540 392 5585 mea
419 5528 709 5588 Dominum
737 5535 1010 5601 obsecrat,
1040 5539 1101 5587 ut
1147 5530 1347 5588 faciem
1395 5546 1550 5588 suam
1604 5531 1870 5591 Dominus

1981 4922 2040 4971 ut
2074 4913 2234 4971 electi
2280 4914 2548 4987 cujusque
2577 4915 2745 4970 virtus
2763 4922 3044 4988 appareat,
3093 4916 3183 4987 qui
3239 4916 3391 4972 fortis
3419 4924 3499 4971 est
3528 4915 3579 4970 in

1980 5003 2126 5059 bono
2153 5018 2341 5075 opere,
2370 5002 2589 5059 humilis
2612 5020 2709 5075 per
2723 5005 3160 5070 aestimationem,
3216 5002 3450 5061 aﬁlictus
3479 5018 3578 5074 per

1980 5092 2363 5148 contritionem
2395 5092 2750 5164 poenitentiae.
2783 5093 2849 5149 Et
2876 5092 3003 5166 quia
3034 5100 3194 5147 tanta:
3230 5089 3576 5162 perfectionis

1979 5195 2098 5237 esse
2128 5187 2423 5253 nequeunt,
2448 5180 2547 5236 nisi
2578 5181 2668 5251 qui
2696 5197 2880 5237 amore
2906 5190 3230 5241 aeternorum
3287 5178 3577 5249 bonorum,

1977 5269 2355 5342 temporalium
2386 5267 2540 5325 obliti
2574 5277 2720 5338 sunt,
2772 5268 2958 5324 tertius
3000 5268 3252 5340 lagenam
3283 5268 3396 5322 vini
3454 5281 3579 5338 por—

1979 5366 2092 5415 tare
2113 5358 2335 5415 dicitur.
2373 5357 2652 5431 Lageuam
2675 5357 2877 5428 quippe
2907 5356 3014 5413 vini
3064 5363 3258 5427 portat,
3287 5353 3381 5429 qui
3426 5371 3574 5412 men-

1978 5455 2084 5504 tem
2107 5445 2336 5518 replevit
2363 5446 2545 5503 calore
2575 5444 2809 5516 Spiritus
2834 5445 3030 5513 sancti,
3081 5459 3189 5514 quo
3218 5453 3272 5500 et
3296 5448 3572 5502 anteriora

1976 5531 2184 5592 fortiter
2199 5533 2470 5592 currendo
2484 5537 2725 5604 appetat,
2755 5538 2809 5586 et
2837 5546 2902 5586 ea
2947 5543 3070 5603 qua
3115 5539 3264 5590 retro
3291 5539 3434 5601 sunt,
3488 5532 3577 5592 vel

278 5604 507 5677 Wst
534 5608 564 5676 9
592 5608 705 5677 Sed
731 5611 910 5677 ante:
923 5604 1023 5679 Bst
1042 5610 1285 5693 conuitio
1300 5610 1425 5692 eius
1444 5612 1543 5679 est:
1561 5611 1866 5694 Cognoui-
1973 5611 2061 5681 lat
2086 5611 2143 5680 ιιι
2171 5626 2370 5697 magna
2399 5610 2672 5680 ebrietatis
2698 5610 2975 5678 obtivtotte
3002 5612 3376 5697 dsrhtinthatt
3433 5611 3576 5679 Nam
