4034 6174
453 276 559 335 287

1646 275 1893 331 SANCTl
1934 270 2280 328 GBEGDRII
2323 274 2547 331 MAGNI

3636 283 3729 339 288

452 401 643 458 haedos
669 400 939 474 portabat,
991 403 1084 475 qui
1105 403 1322 461 dicebat
1352 420 1366 459 :
1396 405 1554 461 Venit
1576 404 1833 461 Christus
1850 415 2046 459 vocare
2073 400 2133 461 Δ
2159 401 2570 459 sexut‘mcunda
2597 410 2679 460 est
2703 403 3020 475 pcenltentis
3050 401 3270 459 afﬂictio
3307 417 3322 472 ;
3353 402 3477 475 quia
3504 420 3605 475 quo
3629 414 3734 470 sea.-

452 505 623 564 pecco
631 494 795 557 tores,
813 506 1050 565 quorum
1062 494 1285 566 primus
1300 509 1396 565 ego
1415 509 1542 550 sum
1560 492 1607 563 (1
1640 492 1777 548 Tim.
1795 502 1835 560 t,
1859 491 1968 560 15).
1988 489 2056 544 Et

457 579 584 652 quia
608 579 773 635 etiam
795 587 985 636 tortam
1012 582 1169 653 panis
1189 580 1458 652 portabat,
1473 582 1635 638 dicit:
1657 583 1877 653 Castigo
1922 594 2056 635 cor-ﬁ

456 684 563 742 pus
572 676 785 737 meum,
804 671 939 726 etin
952 672 1287 727 servitutem
1309 671 1498 743 redigo
1515 671 1563 741 (l
1578 674 1700 727 Cor.
1720 670 1921 740 ix,2'7).
1946 666 2062 723 Sed

461 757 619 825 quasi
639 758 919 827 amphorae
945 759 1075 814 vino
1104 759 1314 827 ebrius,
1337 758 1467 815 dicit
1499 774 1513 816 :
1547 759 1680 827 Quae
1706 763 1860 815 retro
1913 762 2061 814 sunt

462 845 813 914 obliviscem,
845 847 918 903 ad
946 858 1016 904 ea
1039 864 1186 916 vero,
1208 849 1707 921 qummntprioru,
1738 846 2061 903 “tandem

460 934 760 1005 meipsnm,
789 936 865 991 ad
903 935 1259 994 destinatum
1289 950 1592 1010 persequor
1622 936 1778 1006 236
1794 935 2055 992 brevium

461 1034 723 1096 supernae
753 1025 1071 1082 vocationis
1095 1027 1216 1091 Dei,
1244 1028 1309 1083 in
1342 1028 1563 1083 Christo
1593 1028 1726 1082 Iesu
1756 1025 1936 1096 (Phil.
1974 1038 2055 1091 Ill,

464 1113 870 1185 t3)..Viriergo
891 1117 1002 1169 tres
1043 1115 1113 1169 ad
1160 1115 1457 1170 Dominum
1494 1115 1813 1181 ascendunt,
1873 1122 1925 1167 et
1950 1121 2063 1167 tres

464 1201 740 1267 bedos,et
758 1210 866 1257 tres
883 1204 1241 1274 panistortas,
1261 1212 1314 1259 et
1332 1204 1445 1258 vini
1465 1204 1715 1276 lagonam
1760 1201 2011 1256 deferunt
2043 1217 2062 1256 :

466 1288 907 1359 quiaremotioris
925 1291 1051 1348 vitae
1070 1292 1537 1364 studiisdediti,ad
1552 1290 2061 1361 contemplationem

465 1378 576 1435 reri
591 1378 804 1433 luminis
846 1388 1162 1451 surguntex
1182 1381 1370 1436 merito
1393 1380 1734 1436 humilitatis.
1772 1380 1881 1435 Sed
1933 1386 2065 1448 qua-5

467 1466 553 1521 les
582 1475 706 1521 sunt
732 1468 787 1522 in
818 1484 895 1535 se,
915 1469 1102 1539 quales
1138 1485 1267 1525 vero
1292 1470 1532 1525 sintaliis
1560 1469 1802 1540 exponit,
1833 1467 2022 1523 dicens
2047 1481 2061 1521 :

468 1553 710 1627 Cumque
730 1563 781 1612 te
792 1558 1416 1624 salutaverint,dabunt
1429 1560 1531 1615 tibi
1544 1563 1660 1614 tres
1683 1562 1863 1614 tortas
1871 1557 2060 1629 panis,

467 1647 524 1699 et
539 1645 860 1716 accipiesde
876 1662 1053 1703 manu
1069 1663 1288 1703 eorum.
1327 1647 1573 1702 Salutant
1609 1662 1710 1703 nos
1741 1646 1841 1701 viri
1872 1645 2062 1712 sancti,

2160 490 2282 562 pius
2309 492 2540 565 quisque
2564 492 2968 566 eompungitar,
2992 506 3059 548 eo
3106 500 3163 548 et
3187 491 3418 566 largiora
3466 494 3518 548 ei
3570 494 3736 567 lacryc

2162 592 2371 636 marum
2395 581 2594 638 ﬂuenta
2623 582 3018 637 ministrantur.
3053 581 3179 637 Sani
3200 594 3334 653 ergo
3353 594 3458 636 non
3481 597 3616 637 unus
3643 595 3739 652 pas

2162 669 2267 739 nis,
2298 670 2393 726 sed
2422 671 2531 727 duo
2561 672 2778 741 dantur,
2830 671 2956 741 quia
2987 671 3121 727 ﬂere
3174 669 3508 740 praedicatori
3543 684 3639 741 pro
3690 686 3744 729 se

2164 759 2285 814 solo
2304 773 2414 816 non
2441 760 2656 818 sufficit.
2676 756 2928 830 Accipiat
2954 770 3089 831 ergo
3131 759 3201 815 de
3230 758 3461 815 virorum
3512 759 3744 816 manibus

2166 847 2303 903 duos
2333 862 2499 920 panes
2530 856 2629 916 ;ut
2656 848 2909 905 videlicet
2934 848 3067 904 ﬂere
3092 847 3350 918 exemplo
3395 848 3745 919 perfecturum

2167 937 2359 1006 discat,
2392 937 2490 993 sed
2521 939 2705 994 ﬂetum
2727 937 3092 993 necessarium
3131 935 3257 1005 sibi,
3290 944 3343 991 et
3368 944 3549 1007 prose
3585 937 3747 992 subdit

2168 1027 2235 1081 tis
2261 1035 2638 1098 recognoscat.
2671 1028 2738 1082 Et
2756 1027 2883 1098 quia
2903 1027 2958 1081 in
2980 1040 3145 1082 manu
3196 1025 3483 1096 aliquando
3527 1022 3749 1095 potestas

2169 1116 2446 1187 accipitur,
2507 1116 2607 1171 viri
2648 1124 2757 1172 tres
2782 1130 2950 1187 panes
2978 1116 3177 1170 habent
3197 1114 3251 1169 in
3272 1130 3470 1180 manu;
3503 1114 3622 1185 quia
3666 1113 3750 1184 qui

2169 1206 2413 1275 provecti
2437 1214 2562 1260 sunt
2591 1205 2646 1259 in
2668 1221 2847 1259 arcem
2878 1203 3366 1275 contemplationis,
3421 1203 3611 1258 ﬂetum
3668 1204 3754 1257 ha-

2172 1296 2297 1349 bent
2330 1293 2383 1347 in
2404 1295 2602 1349 virtute
2641 1293 2939 1364 potestatis.
2990 1292 3131 1361 Quia
3185 1289 3327 1347 enim
3386 1291 3571 1347 nolunt
3625 1292 3752 1346 vana

2173 1380 2357 1437 laetitia
2409 1381 2633 1438 dissolvi
2683 1396 2805 1438 cum
2848 1389 3096 1452 possunt,
3125 1386 3349 1451 possunt
3402 1380 3589 1434 merito
3632 1380 3755 1434 ﬂere

2172 1485 2295 1526 cum
2326 1470 2533 1526 volunt.
2564 1472 2679 1526 Nos
2698 1471 2900 1543 quippe
2920 1468 3116 1523 infirmi
3146 1477 3198 1523 et
3228 1468 3527 1525 custodiam
3572 1464 3757 1522 mentis

2173 1567 2368 1616 nostrai
2396 1558 2755 1632 negligentes,
2777 1558 2941 1613 etiam
2967 1572 3091 1613 cum
3121 1556 3420 1628 compungi
3449 1563 3502 1611 et
3529 1555 3756 1624 ﬂerepro

2172 1649 2413 1721 peccatis
2442 1648 2641 1703 nostris
2663 1647 2926 1712 volumus,
2969 1660 3079 1701 non
3137 1645 3400 1702 valemus.
3451 1643 3586 1714 Quia
3621 1644 3759 1699 enim

469 1733 685 1805 quando
714 1733 871 1789 nobis
896 1735 1027 1790 boni
1073 1743 1277 1792 aeterna
1303 1737 1496 1792 salutis
1551 1736 1893 1791 annuntiant.
1958 1731 2061 1803 Qui
2088 1753 2144 1816 Β
2174 1754 2243 1794 ex
2264 1753 2461 1809 magno
2490 1736 2703 1793 fervore
2731 1735 2950 1807 spiritus
2990 1733 3297 1806 spirituales
3333 1736 3491 1803 237
3525 1733 3760 1803 lacrytnm

467 1836 596 1875 vero
618 1836 716 1876 nos
744 1838 844 1892 per
862 1838 1057 1893 corpus
1083 1823 1334 1895 salutant,
1377 1833 1538 1895 caput
1567 1824 1843 1891 inclinant,
1898 1831 1957 1878 ut
1983 1838 2063 1877 re-

470 1908 771 1965 verentiam
797 1910 1039 1966 salutatis
1063 1913 1375 1969 exhibeant.
1408 1914 1546 1968 Viris
1589 1920 1772 1969 autem
1819 1912 2071 1984 spiritua-

467 1995 608 2050 libus
636 2008 794 2069 caput
824 1998 1101 2070 inclinare,
1134 2011 1214 2056 est
1256 2010 1495 2058 mentem
1516 2017 1549 2057 a
1569 2017 1802 2057 summa
1830 2009 2071 2057 contcms

469 2084 708 2155 plalione
759 2086 1054 2157 deponere.
1113 2091 1251 2144 Nam
1309 2091 1356 2145 si
1415 2101 1573 2163 caput
1628 2107 1738 2164 non
1786 2091 2067 2159 inclinant,

470 2166 701 2229 Salutare
755 2191 862 2229 non
900 2186 1166 2247 possunt:
1204 2178 1326 2249 quia
1356 2196 1454 2235 nos
1492 2181 1710 2234 salutari
1768 2179 2071 2234 eruditione

470 2275 578 2316 non
612 2262 894 2330 instruunt,
927 2264 970 2320 si
1020 2275 1255 2322 mentem
1286 2286 1317 2322 a
1345 2285 1558 2324 summa
1613 2268 2070 2340 contemplatione

473 2349 772 2407 caelestium
804 2369 914 2408 non
948 2355 1243 2424 deponunt.
1274 2357 1426 2412 Tune
1454 2358 1595 2429 enim
1636 2356 1792 2412 nobis
1812 2370 2070 2430 magnam

473 2442 829 2495 reverentiam
883 2443 1200 2499 exhibent:
1254 2446 1374 2515 quia
1427 2461 1543 2510 eos,
1607 2462 1702 2517 pro
1761 2445 1956 2518 quibus
2000 2446 2070 2501 ab

475 2524 583 2582 alto
604 2543 700 2582 suo
732 2530 965 2585 eulmine
996 2531 1323 2589 descendere
1353 2533 1667 2606 dignantur,
1726 2550 1923 2606 parvos
1955 2550 2072 2589 esse

473 2627 580 2668 non
604 2621 801 2669 tenent.

547 2754 640 2807 10.
679 2753 788 2810 Sed
818 2757 942 2811 dum
974 2757 1187 2814 futurus
1226 2777 1323 2817 rex
1350 2761 1629 2829 salutatur,
1664 2763 1772 2819 duo
1801 2762 1851 2818 ei
1907 2776 2081 2835 panes

478 2839 766 2899 tribuatur.
824 2845 943 2900 Duo
966 2847 1108 2902 enim
1165 2866 1332 2920 panes
1384 2852 1691 2907 ordinando
1730 2853 2079 2923 praedicatori

481 2928 694 2999 dantur,
716 2934 933 3004 quando
950 2935 1081 2991 ﬂere
1108 2938 1336 2993 docetur
1366 2950 1587 3012 peccata
1607 2957 1713 2996 non
1753 2942 1929 2997 solum
1955 2957 2070 3008 sua,

475 3017 570 3075 sed
598 3020 803 3077 aliena.
832 3024 1010 3080 Habet
1029 3042 1164 3097 ergo
1192 3040 1387 3097 partem
1418 3045 1581 3084 unum
1614 3039 1827 3098 tortum,
1860 3031 2076 3103 quando

483 3121 582 3176 pro
601 3111 834 3178 peccatis
852 3113 962 3167 suis
992 3113 1269 3186 afﬂigitur,
1302 3116 1463 3172 habet
1484 3121 1667 3182 alium,
1701 3120 1915 3189 quando
1944 3119 2076 3173 sub-

481 3195 714 3253 ditorum
746 3211 966 3270 peccata
992 3204 1259 3275 plangere
1300 3216 1545 3262 conatur.
1577 3208 1686 3264 Sed
1733 3218 1782 3263 et
1814 3211 1953 3263 hunc
1983 3222 2078 3277 pa-

480 3296 605 3339 nem
638 3286 916 3344 Psalmista
947 3291 1145 3346 clarius
1166 3293 1462 3364 insinuans,
1498 3296 1606 3352 ait:
1631 3298 1871 3369 Surgite,
1918 3300 2081 3369 post-

486 3388 652 3445 quam
675 3377 957 3449 scderitis,
976 3382 1070 3452 qui
1088 3384 1450 3439 manducetis
1459 3400 1663 3457 panem
1684 3386 1888 3443 doloris
1902 3387 2076 3453 (Paci.

482 3477 674 3531 cxxvn,
696 3466 772 3529 ‘2).
806 3467 946 3522 Hinc
991 3470 1221 3525 Domino
1251 3470 1552 3536 conﬁtetur,
1601 3475 1783 3530 dicens
1813 3493 1831 3530 :
1866 3474 2081 3532 Cibabis

480 3562 582 3607 nos
596 3566 743 3625 pane
764 3556 1166 3627 Iacrymarum,
1185 3564 1241 3615 et
1258 3568 1453 3632 potum
1474 3563 1634 3618 dabis
1648 3562 1807 3619 nobis
1824 3565 1880 3618 in
1902 3565 2097 3636 tueri/‘-

480 3640 1017 3701 miscummemura
1039 3649 1212 3715 (Psal.
1237 3666 1422 3719 Lxxtx,
1441 3652 1519 3718 9).
1556 3652 1712 3706 Panis
1759 3668 1890 3725 ergo
1920 3661 2097 3719 torta,-

488 3729 646 3798 punis
676 3742 756 3785 est
785 3732 1006 3801 doloris,
1039 3746 1088 3789 et
1118 3742 1274 3807 panis
1320 3738 1697 3811 lacrymarum.
1751 3743 1817 3797 Et
1854 3743 2097 3796 fortasse-

494 3816 696 3873 idcirco
727 3820 819 3875 illo
848 3822 934 3876 vir
961 3840 1097 3877 unus
1128 3833 1232 3879 tres
1262 3829 1421 3897 panis
1462 3837 1626 3884 tortas
1655 3830 1937 3901 portabat:
1957 3828 2082 3899 quia

483 3912 592 3961 tres
619 3916 788 3976 erant,
813 3910 902 3979 qui
922 3911 1087 3966 simul
1117 3916 1451 3986 pergebant,
1484 3924 1538 3971 ut
1566 3930 1686 3971 cum
1738 3919 1880 3973 inter
1904 3934 1965 3973 se
1988 3932 2099 3973 eos

487 3994 811 4063 dividerent,
834 3999 1034 4072 singuli
1073 4003 1318 4074 singulos
1376 4020 1547 4076 panes
1593 4006 1871 4062 baberent.
1923 4006 2082 4075 Quod

484 4084 646 4139 etiam
674 4086 743 4140 de
773 4086 949 4143 haedis
972 4090 1202 4165 intelligi
1230 4095 1617 4149 convenienter
1665 4100 1855 4166 potest.
1881 4095 1996 4164 Qua
2027 4096 2081 4149 in

486 4188 542 4226 re
574 4177 701 4243 quid
734 4178 1036 4232 notandum
1067 4189 1167 4248 est,
1200 4182 1298 4236 nisi
1328 4183 1455 4254 quia
1486 4182 1792 4238 remotioris
1814 4185 1944 4238 vitae
1975 4184 2082 4238 viri

485 4261 611 4316 dum
634 4264 962 4335 singularem
993 4271 1453 4325 conversationem
1509 4280 1706 4339 tenent,
1764 4272 2080 4327 sollicitudi-

488 4367 612 4406 nem
640 4354 867 4408 aliorum
898 4372 1006 4410 non
1030 4358 1227 4413 habent
1256 4360 1284 4411 ἢ
1316 4360 1488 4416 Unum
1546 4376 1682 4429 ergo
1736 4358 1971 4429 haedum,
2033 4369 2087 4416 et

2171 1827 2563 1899 producuntur,
2617 1824 2709 1895 qui
2746 1824 3099 1896 negligentia:
3155 1831 3358 1878 nostra:
3398 1821 3597 1893 frigore
3643 1834 3763 1875 cona

2174 1915 2513 1986 stringimur,
2562 1913 2897 1968 insolescere
2943 1913 3056 1968 cito
3111 1911 3179 1966 ad
3228 1912 3497 1983 lacrymas
3527 1909 3763 1981 prohibe-

2177 2020 2316 2059 mur.
2336 2005 2480 2059 Bene
2504 2018 2636 2075 ergo
2663 2016 2834 2073 panes
2864 2000 2917 2055 in
2962 2000 3233 2055 manibus”
3262 1999 3466 2055 habere
3504 1999 3766 2063 dicuntur;

2177 2093 2270 2163 qui
2291 2093 2359 2147 ad
2391 2104 2648 2162 quercum
2677 2089 2896 2144 Thabor
2928 2090 3106 2144 futuro
3125 2089 3248 2160 regi
3304 2100 3568 2158 apparere
3603 2085 3768 2156 perbio

2177 2181 2417 2246 bentur;
2450 2180 2577 2252 quia
2620 2178 2709 2251 qui
2756 2178 2811 2232 in
2868 2178 3330 2248 contemplatione
3382 2176 3507 2243 vitae
3553 2175 3766 2246 privata:

2177 2268 2400 2341 perfecti
2431 2276 2576 2334 sunt,
2601 2267 2809 2321 lucrum
2838 2265 3041 2321 habent
3093 2264 3434 2321 subditorum
3475 2279 3576 2336 pro
3596 2260 3771 2330 obser-

2178 2358 2391 2413 vatione
2414 2357 2665 2412 virtutum
2680 2396 2694 2411 .

2251 2467 2339 2519 11.
2371 2465 2436 2519 Ει
2480 2462 2795 2529 notandum,
2827 2461 2953 2537 quia
2981 2469 3140 2517 uncto
3160 2460 3282 2533 regi
3315 2459 3538 2519 Samuel
3593 2456 3775 2532 praeci—

2178 2553 2277 2625 pit,
2310 2552 2523 2608 dicens:
2550 2554 2620 2608 Et
2634 2552 2882 2624 accipies
2903 2551 2970 2607 de
2988 2567 3167 2606 manu
3187 2566 3406 2607 eorum.
3435 2548 3600 2619 Cujus
3610 2545 3773 2614 verbi,

2180 2658 2309 2712 qua!
2325 2641 2516 2696 melior
2545 2640 2676 2697 ratio
2705 2639 2891 2710 colligi
2919 2647 3113 2709 potest,
3146 2655 3312 2712 quam
3344 2654 3411 2694 ea
3428 2653 3551 2709 qua:
3606 2634 3779 2708 palam

2180 2732 2421 2787 cernitur
2452 2746 2465 2783 :
2499 2729 2625 2799 quia
2652 2727 2905 2785 videlicet
2932 2728 2986 2781 in
3017 2728 3220 2783 sanctis
3257 2726 3389 2782 viris
3438 2725 3779 2781 aﬂlictionem

2183 2835 2292 2876 non
2340 2818 2571 2875 libenter
2591 2816 2910 2875 aemulemur
2935 2816 2964 2871 ?
2994 2817 3135 2871 Nam
3167 2814 3257 2887 qui
3288 2817 3556 2871 honorem
3586 2811 3777 2885 praela-

2184 2908 2360 2971 tionis,
2412 2913 2467 2961 et
2515 2905 2835 2977 dignitatem
2882 2904 3141 2969 ambiant,
3198 2903 3474 2959 innumeri
3504 2909 3658 2957 sunt:
3692 2899 3779 2972 qui

2183 3012 2315 3053 vero
2352 2995 2596 3051 laborem
2628 2993 2930 3059 ministerii,
2971 3000 3024 3048 ct
3081 2992 3443 3048 afﬂictionem
3491 2991 3667 3047 carnis
3718 2989 3786 3044 de

2104 3103 2153 3168 ρ
2184 3083 2375 3140 eadem
2405 3082 2719 3155 praelatione
2745 3088 3022 3153 appetant,
3052 3079 3234 3152 pauci.
3264 3079 3542 3168 Libenter
3568 3077 3781 3168 quidem

2186 3172 2436 3229 volumus
2481 3187 2645 3242 super
2691 3170 2830 3225 alios
2863 3167 3277 3234 sublimari,sed
3306 3183 3503 3222 eorum
3532 3166 3788 3237 plangere

2185 3270 2412 3332 peccata
2458 3261 2709 3316 vitamus.
2766 3260 2918 3315 Tunc
2973 3258 3120 3314 enim
3147 3272 3318 3327 panes
3371 3256 3539 3313 nobis
3584 3254 3790 3310 oblatos

2188 3351 2453 3418 videmus,
2484 3349 2580 3404 sed
2608 3350 2678 3404 de
2699 3347 2947 3402 manibus
2974 3334 3316 3402 oﬂ‘crentium
3348 3345 3602 3416 recipere
3643 3340 3787 3398 nolu-

2189 3455 2308 3493 mus
2357 3454 2370 3494 :
2413 3437 2539 3509 quia
2579 3437 2635 3490 in
2680 3436 2866 3493 electis
2921 3435 3049 3490 viris
3086 3432 3435 3489 aﬂlictionem
3492 3431 3803 3498 cernimus,,

2188 3542 2351 3597 quam
2409 3541 2519 3582 non
2567 3524 2864 3580 imitamur.
2900 3522 3179 3592 Praecipiet
3204 3537 3340 3593 ergo
3390 3522 3680 3594 prepheta,
3719 3517 3791 3573 di-

2187 3631 2316 3671 cens
2348 3632 2362 3669 :
2401 3616 2646 3687 Accipies
2665 3612 2732 3669 de
2759 3627 2933 3667 manu
2962 3627 3178 3667 eorum.
3211 3610 3287 3664 Ut
3315 3611 3416 3682 qui
3430 3610 3661 3665 idoneus
3678 3622 3795 3669 esse

2187 3703 2390 3774 appetit
2418 3711 2596 3761 rector
2621 3700 2902 3768 Ecclesiae,
2930 3699 3075 3771 quod
3126 3696 3330 3754 dictum
3361 3706 3473 3767 est,
3521 3709 3807 3755 assumere,

2188 3807 2530 3863 nequaquam
2554 3793 2705 3846 vitet.
2739 3791 2881 3845 Bene
2911 3803 3133 3860 quoque
3178 3786 3309 3859 Saul
3349 3786 3510 3857 prius
3548 3786 3623 3843 ad
3655 3784 3795 3839 viros

2189 3882 2447 3937 salientes
2476 3894 2704 3952 magnas
2733 3877 2916 3933 foveas
2944 3875 3180 3940 ducitur,
3206 3874 3404 3930 deinde
3428 3874 3502 3933 ad
3533 3890 3651 3941 eos,
3702 3870 3793 3945 qui

2188 3986 2377 4040 panes,
2409 3968 2614 4031 haedos,
2632 3976 2690 4023 et
2719 3966 2903 4021 vinum
2946 3972 3164 4037 portant
3193 3982 3206 4020 :
3236 3972 3293 4019 ut
3343 3964 3499 4019 rudis
3543 3961 3800 4033 praedica-

2191 4067 2271 4117 tor
2289 4058 2342 4113 in
2373 4057 2493 4112 aliis
2521 4056 2714 4123 discat,
2744 4053 2929 4109 smeuli
2962 4052 3068 4108 alta
3124 4052 3427 4124 despicere,
3474 4060 3533 4109 et
3589 4051 3643 4105 in
3682 4046 3800 4103 aliis

2188 4146 2362 4201 carnis
2378 4144 2748 4205 alllictionem,
2806 4149 2859 4196 et
2904 4142 3267 4213 lacrymarum
3313 4140 3523 4195 hostias
3571 4152 3677 4207 pro
3722 4151 3800 4202 se,

2191 4243 2245 4289 et
2297 4232 2531 4289 subditis
2560 4230 2919 4302 omnipotenti
2938 4230 3052 4287 Deo
3074 4227 3290 4284 offerre.
3342 4227 3456 4282 Sed
3509 4234 3566 4283 et
3623 4224 3801 4279 adhuc

2191 4323 2463 4395 profectus
2483 4322 2602 4391 ejus
2631 4335 2895 4375 sumntum
2917 4316 3198 4375 insinuans
3240 4318 3531 4388 propheta,
3583 4312 3799 4383 subjun-

485 4452 649 4492 unum
680 4457 877 4510 panem
908 4444 1123 4513 habent,
1156 4447 1243 4515 qui
1268 4462 1371 4516 pro
1400 4448 1530 4505 solis
1559 4450 1668 4502 suis
1689 4450 1922 4518 peccatis
1944 4465 2076 4504 com-

2194 4413 2294 4483 git,
2327 4411 2510 4467 dicens
2540 4430 2553 4465 :

487 4536 816 4598 panguntur,
848 4540 902 4585 et
927 4532 1119 4588 alienis
1150 4548 1244 4603 per
1266 4536 1533 4604 pastorale
1563 4535 1803 4591 ol'licium
1834 4553 1937 4592 non
1956 4555 2077 4610 gra-

487 4624 703 4669 vantur.
737 4619 803 4674 Et
830 4621 978 4689 quia,
1010 4624 1100 4691 qui
1121 4623 1369 4690 ejusdem
1402 4626 1660 4694 perlecta:
1705 4628 2075 4682 conversatio-

489 4703 573 4758 nis
600 4714 740 4776 sunt,
775 4706 829 4760 in
858 4709 1053 4778 seipsis
1070 4710 1419 4766 aﬂlictionem
1465 4715 1646 4768 carnis
1701 4716 2030 4770 aemulantur
2060 4730 2075 4786 ;

489 4791 629 4848 bene
658 4802 765 4848 tres
785 4811 947 4865 panes
976 4814 1130 4865 unus,
1156 4804 1209 4853 et
1235 4800 1371 4853 alius
1399 4810 1506 4856 tres
1564 4801 1770 4869 haedos,
1814 4812 1863 4858 et
1898 4804 2082 4859 tertius

489 4881 597 4936 vini
630 4883 879 4954 lagonam
902 4896 1106 4955 portat.
1154 4888 1481 4943 Velutenim
1511 4904 1648 4945 unus
1696 4900 1893 4962 portat,
1938 4890 2080 4964 quod

489 4972 742 5041 obluturi,
765 4984 855 5027 aut
877 4976 1166 5030 coniesturi
1195 4984 1316 5030 sunt
1362 4994 1546 5033 omnes
1573 4999 1585 5042 ;
1620 4989 1668 5033 el
1694 4996 1884 5035 oumes
1938 4994 2083 5035 man.

489 5062 688 5118 ducant
732 5063 818 5117 \‘cl
872 5063 1120 5129 alierum,
1169 5062 1315 5135 quod
1357 5075 1528 5133 portat
1573 5084 1726 5131 unus,
1760 5070 1977 5138 quando
2000 5070 2087 5139 pia

489 5151 831 5206 temulalioue
863 5168 1048 5207 eorum
1079 5156 1311 5223 quisque
1364 5170 1674 5220 succensus,
1727 5158 1779 5209 in
1811 5174 1866 5211 sc
1928 5158 2090 5212 habet

491 5237 631 5292 bona
661 5240 914 5309 exempla
942 5256 1041 5310 pro
1086 5242 1221 5307 aliis,
1256 5250 1303 5296 et
1329 5243 1488 5307 bona,
1551 5261 1672 5313 qum
1726 5245 1923 5299 habent
1977 5247 2087 5311 alii,

490 5343 598 5379 non
627 5329 854 5399 negligit
884 5329 1102 5383 imitari.
1139 5330 1203 5383 Et
1223 5330 1347 5401 quia
1378 5330 1637 5385 feminino
1666 5346 1872 5402 genere
1907 5333 2096 5389 «licun-

493 5423 580 5468 tur
608 5424 760 5468 torlte
790 5418 964 5484 panis,
1001 5419 1105 5472 hoc
1143 5420 1385 5487 profecto
1430 5418 1663 5473 insinuat
1696 5433 1708 5477 :
1745 5421 1871 5490 quia
1900 5421 1990 5490 qui
2024 5428 2097 5476 ex

492 5504 877 5576 consuetudine
899 5508 1300 5577 compuugitur,
1326 5507 1373 5561 ei
1407 5507 1661 5561 nimirum
1724 5522 1792 5562 ex
1846 5509 2119 5579 laerymls’

492 5590 613 5645 aliis
667 5592 788 5647 alia:
834 5592 1018 5662 plores
1046 5594 1357 5648 oriuntur;
1386 5594 1551 5662 Quasi
1592 5594 1735 5650 enim
1765 5596 1819 5651 in
1865 5596 2100 5653 femineo

2270 4511 2443 4579 (Vers.
2473 4512 2527 4575 ὅ,
2560 4509 2638 4577 6.)
2668 4509 2800 4563 Post
2822 4507 2938 4562 haec
2968 4506 3155 4561 venies
3185 4503 3259 4560 ad
3284 4503 3488 4559 collem
3550 4497 3801 4565 Domini,

2185 4600 2280 4654 ubi
2289 4604 2372 4655 est
2384 4599 2555 4653 statio
2572 4596 2677 4652 Phi
2682 4595 3070 4658 tisthinorum,
3088 4597 3286 4649 etcum
3306 4593 3601 4662 ingressus
3616 4590 3801 4659 fuerit

2183 4686 2631 4753 urbem,aboium
2649 4684 2868 4747 habebis
2877 4697 3100 4753 gregem
3130 4680 3545 4751 prophetarum
3572 4678 3807 4734 descen-

2186 4776 2415 4832 dentem
2443 4776 2509 4832 de
2520 4774 2761 4837 excelso,
2793 4776 2849 4827 et
2869 4776 3004 4826 ante
3019 4768 3479 4838 eospsalterium,
3499 4771 3560 4823 et
3582 4772 3806 4836 tympa-

2188 4869 2412 4933 num,et
2443 4865 2660 4926 tibiam,
2677 4872 2732 4917 et
2748 4860 3033 4917 citharam
3054 4860 3338 4930 :ipsosquc
3352 4857 3801 4927 prophetarit“.

2193 4956 2259 5009 Et
2276 4953 2498 5008 insiliat
2517 4954 2580 5005 in
2612 4956 2666 5006 te
2681 4950 2919 5020 spiritus
2940 4947 3178 5013 Domini,
3211 4950 3267 5000 et
3283 4943 3658 5016 prophetam:
3676 4955 3821 5005 cum.

2193 5043 2295 5105 eis,
2329 5046 2387 5097 et
2418 5040 2723 5096 minaberis
2755 5040 2816 5092 in
2849 5038 3029 5092 virum
3062 5037 3271 5091 alium.

2270 5145 2355 5194 12.
2379 5139 2565 5204 Collis,
2588 5137 2811 5191 altitudo
2841 5143 2923 5190 est
2956 5134 3179 5188 montis.
3210 5132 3354 5201 Quid
3383 5140 3513 5186 vero
3548 5130 3607 5183 in
3670 5126 3814 5183 collo

2200 5231 2303 5285 huc
2328 5230 2527 5283 rectius
2547 5226 2822 5294 accipitur,
2855 5240 3017 5294 quam
3043 5231 3227 5277 sancta
3270 5219 3497 5274 intentio
3553 5217 3813 5285 Scriptu-

2200 5333 2380 5373 rarum
2409 5319 2436 5370 ί]
2466 5315 2706 5370 Altitudo
2735 5313 2954 5382 quidem
2979 5311 3174 5365 montis
3201 5317 3281 5364 est
3306 5324 3319 5363 :
3353 5318 3473 5377 quia
3518 5322 3636 5360 non
3663 5305 3819 5372 jacet

2205 5406 2257 5460 in
2280 5405 2439 5475 plano
2471 5404 2685 5464 litterae,
2717 5400 2816 5454 sed
2844 5399 3005 5453 nimis
3024 5406 3203 5453 erecta
3233 5406 3316 5451 est
3342 5397 3397 5450 in
3435 5393 3816 5463 spiritualium

2207 5516 2459 5558 sensuum
2497 5499 2854 5553 sublimitate.
2913 5497 3076 5551 [teuto
3124 5495 3294 5565 igitur
3339 5494 3606 5548 virtutum
3630 5488 3815 5545 itineri

2210 5597 2357 5654 rudis
2396 5595 2637 5651 innititur
2689 5592 3030 5664 praedicator,
3095 5590 3141 5644 si
3196 5596 3477 5663 postquam
3553 5578 3833 5658 puniit-lis
