4034 6174
447 301 543 352 291

1639 278 1886 334 SANCTI
1927 275 2266 333 GREGORII
2303 275 2528 332 MAGNI

3630 296 3728 349 292

447 417 695 480 Ascende
707 415 836 483 huc,
859 416 916 470 et
929 411 1224 470 ostendam
1238 408 1342 466 tibi
1360 407 1492 483 quid
1512 408 1766 478 oporteat
1777 403 1906 474 ﬁeri
1918 406 2042 477 post
2073 401 2127 462 A
2157 401 2212 455 in
2243 407 2574 456 mortuorum
2604 400 2887 458 hominum
2927 401 3172 474 exequiis
3213 402 3400 460 haberi
3439 407 3622 478 soleat,
3665 413 3727 470 de

453 508 568 564 lucc
589 505 774 574 (Apoc.
809 515 886 563 iv,
917 497 990 567 1).
1024 495 1276 565 Quicum
1297 491 1650 558 ascendisset,
1669 505 1870 574 agnum
1888 503 2052 559 quem

451 573 667 660 Moyses
687 581 1042 642 occidendum
1100 578 1448 652 figuraverat,
1507 583 1561 630 et
1614 575 1730 645 ipse
1787 573 1840 627 in
1895 586 2054 628 cruce

451 678 692 736 oblatum
723 672 950 737 viderat,
975 669 1093 739 jam
1121 674 1440 740 regnantem
1471 662 1758 734 conspexit
1791 669 1844 716 et
1876 676 2054 733 agno-

450 769 564 824 vit:
599 777 651 821 et
679 769 912 835 quantas
966 759 1172 831 gratias
1229 762 1451 828 agerent
1502 753 1554 808 ei
1610 751 1648 806 ii
1703 766 1804 822 pro
1862 749 2056 820 quibus

453 854 668 911 occisus
697 851 895 916 fuerat,
927 845 1136 901 didicit.
1162 843 1240 899 De
1261 841 1480 897 excelso
1497 836 2058 912 igiturprzedicatores

452 943 676 1002 veniunt
706 956 720 994 :
753 937 876 1008 quia
905 933 1052 1008 quod
1082 931 1388 988 minoribus
1415 928 1734 1001 praedicant,
1766 926 1821 981 in
1850 924 2057 982 caelesti

453 1026 913 1100 contemplatione
940 1022 1260 1078 didicerunt.

528 1123 622 1177 15.
661 1119 805 1173 Bene
832 1113 992 1170 etiam
1023 1126 1154 1185 grex
1189 1109 1574 1181 prophetarum
1625 1104 1754 1162 Saul
1799 1119 2059 1162 occursus

455 1210 514 1267 in
540 1209 790 1281 ingressu
818 1201 966 1259 urbis
991 1197 1286 1260 asseritur;
1319 1198 1445 1269 quia
1485 1209 1727 1250 summos
1785 1192 2057 1264 praedica-

456 1279 828 1358 tores—sancta:
884 1289 1140 1345 Ecclesiae
1195 1287 1306 1343 illic
1353 1285 1550 1341 videre
1604 1298 1916 1355 possumus,
1967 1279 2058 1336 ubi

457 1383 813 1448 descendunt,
834 1395 942 1435 non
963 1376 1056 1433 ubi
1075 1375 1450 1431 sublimantur.
1476 1373 1554 1427 Ea
1571 1371 1736 1438 enim,
1760 1386 1882 1441 quae
1901 1368 2061 1425 nobis

459 1473 699 1550 parvulis
729 1469 934 1534 dicunt,
963 1465 1261 1522 audimus:
1322 1462 1420 1518 sed
1474 1477 1538 1518 ea
1593 1476 1719 1550 quin
1767 1459 1952 1515 vident
2003 1457 2061 1550 in

459 1547 792 1628 ixnlestibus,
825 1554 1097 1629 quomodo
1135 1551 1377 1619 videant,
1436 1558 1528 1606 aut
1576 1547 1811 1605 dulciter
1855 1549 2058 1614 ament,

459 1669 570 1711 non
595 1651 861 1708 videmus.
893 1642 1096 1700 Paulus
1127 1655 1361 1710 namque
1405 1637 1685 1710 apostolus
1730 1643 1917 1708 raptus
1977 1637 2061 1691 est

2162 489 2464 564 Evangelia
2486 488 2806 546 didicimus:
2841 491 2968 563 quia
2995 491 3123 546 dum
3153 492 3416 549 Dominus
3450 497 3734 570 archisyna.

2160 575 2289 648 gogi
2323 574 2488 630 ﬁliam
2517 575 2840 631 resuscitare
2869 575 3050 644 vellet,
3079 576 3150 632 de
3177 577 3341 634 domo
3396 578 3532 636 illius
3566 583 3737 640 tibici-

2161 679 2258 720 nes
2287 664 2472 735 ejecit,
2503 673 2554 719 et
2585 664 2796 719 turbam
2828 665 3244 721 tumultuantem
3274 667 3481 738 eXpulil
3508 669 3740 739 (Matth.

2161 768 2237 819 ιιι,
2270 755 2380 818 25).
2414 753 2552 821 Quid
2585 769 2719 826 ergo
2765 753 2820 808 in
2876 753 3028 822 tibia,
3076 754 3180 810 nisi
3235 763 3537 813 sanctorum
3583 760 3742 820 luctus

2162 842 2525 914 exprimitur?
2552 843 2696 898 Nam
2725 841 2855 897 dum
2885 859 2944 898 se
2971 843 3041 897 ab
3067 842 3159 899 illa
3187 842 3296 898 vita
3338 853 3552 917 aeterna,
3596 867 3741 922 quam

2163 939 2442 1003 appetunt,
2521 933 2794 1002 projectos
2871 930 3160 1002 aspiciunt,
3227 933 3547 1007 semetipsos
3598 941 3744 1010 quasi

2162 1026 2406 1075 mortuos
2435 1018 2721 1092 plangunt.
2756 1019 2976 1075 Cithara
3003 1027 3181 1076 autem
3213 1021 3374 1077 valde
3393 1021 3569 1078 letum
3599 1027 3747 1083 musi-

2164 1123 2289 1164 cum
2320 1116 2404 1164 est
2450 1109 2894 1164 instrumentum.
2945 1108 3065 1178 Quo
3108 1109 3363 1166 nimirum
3415 1109 3748 1174 instrumento

2163 1196 2389 1253 verbum
2417 1195 2595 1252 solatii
2624 1197 2923 1253 electorum
2954 1206 3077 1268 apte
3106 1196 3376 1270 ﬁguratur
3405 1216 3417 1253 :
3449 1201 3569 1271 quia
3613 1205 3750 1260 velut

2164 1283 2237 1336 ad
2265 1297 2455 1337 sonum
2485 1282 2710 1337 citharae
2742 1281 3138 1348 hilarescimus,
3197 1283 3411 1353 quando
3455 1301 3551 1340 nos
3603 1287 3749 1345 electi

2167 1369 2551 1440 praedicatores
2579 1370 2717 1427 inter
2742 1387 3011 1427 aerumnas
3038 1372 3319 1442 praesentis
3355 1374 3529 1429 exsilii
3561 1391 3747 1433 conso-

2166 1457 2358 1514 lantur.
2430 1459 2749 1515 Psalterium
2809 1475 2943 1533 ergo
3000 1459 3237 1530 primum
3299 1461 3354 1516 in
3410 1463 3752 1534 promissione

2168 1547 2587 1620 praedicatorum
2620 1548 2880 1618 ponitur:
2930 1549 3057 1621 quia
3111 1555 3236 1606 ante
3291 1551 3476 1608 omnia
3529 1553 3756 1610 caalestis

2166 1637 2322 1710 regni
2351 1636 2526 1711 gloria
2553 1637 2900 1708 prmdicanda
2923 1647 3006 1694 est
3029 1655 3042 1700 ;
3073 1639 3269 1694 utdum
3291 1638 3492 1695 bonum
3513 1642 3760 1713 agnosci-

464 1743 516 1798 in
548 1738 884 1814 paradisum,
916 1742 971 1789 et
998 1737 1308 1801 assumptus
1334 1735 1416 1784 cst
1442 1726 1512 1783 ad
1568 1726 1783 1822 tertium
1839 1721 2060 1822 coelum,
2091 1758 2144 1822 Β
2174 1741 2294 1781 mus
2323 1725 2467 1798 quod
2495 1741 2760 1794 amemus,
2793 1725 3043 1782 laborare
3085 1743 3185 1798 pro
3231 1728 3427 1785 eodem
3465 1729 3608 1787 bono
3645 1730 3758 1787 adi-

463 1811 672 1888 audivit
699 1825 859 1883 etiam
891 1835 1093 1878 arcana
1121 1819 1310 1886 verba,
1341 1832 1464 1889 quae
1509 1831 1619 1871 non
1675 1813 1800 1868 licet
1853 1811 2062 1868 homini

461 1918 610 1992 loqui
641 1917 717 1988 (11
743 1916 865 1972 Cor.
898 1925 1000 1978 xu,
1059 1910 1136 1980 ι).
1187 1905 1513 1992 Οιιίεῃθιςο
1559 1902 1802 1959 invenire
1857 1907 2062 1992 tantum

463 1983 880 2078 praedicatorem
909 1993 1076 2068 possit
1105 1992 1159 2046 in
1188 1989 1503 2078 paradisum
1557 1994 1794 2078 raptum,
1848 1993 1939 2040 aut
1994 1983 2064 2041 ad

465 2075 677 2149 tertium
707 2087 903 2145 cmlum
929 2087 1265 2152 assumptum
1290 2079 1318 2132 ἢ
1340 2077 1449 2135 Sed
1478 2076 1581 2132 ista
1606 2075 1678 2132 de
1733 2090 1792 2130 se
1845 2081 2065 2130 coactus

465 2181 657 2238 beatus
684 2176 882 2234 Paulus
909 2170 1064 2229 dixit.
1096 2169 1255 2226 Unde
1283 2175 1336 2223 et
1365 2166 1418 2221 in
1447 2163 1556 2222 fine
1585 2163 1848 2237 exposite
1887 2161 2063 2218 subli-

464 2269 668 2328 mitatis
695 2283 755 2322 se
784 2261 1098 2329 humilians,
1128 2258 1206 2312 ait
1237 2275 1251 2312 :
1275 2255 1491 2311 Factus
1516 2270 1640 2310 sum
1659 2253 1957 2322 insipiens,
1974 2267 2067 2308 vos

465 2376 556 2418 me
585 2355 844 2430 coegistis
871 2349 953 2422 (It
977 2351 1097 2406 Cor.
1120 2362 1220 2412 xu,
1253 2345 1363 2416 Η).
1395 2342 1614 2412 Quanta
1659 2356 1794 2414 ergo
1845 2340 2068 2430 fuerunt

467 2449 582 2517 illa,
613 2429 735 2518 quae
761 2442 946 2499 dicere
970 2435 1164 2506 noluit,
1194 2433 1239 2489 si
1270 2432 1340 2488 ad
1356 2433 1474 2486 haec
1495 2429 1897 2486 manifestanda
1917 2442 2069 2485 coac-

466 2546 556 2596 tu
584 2534 780 2594 venit?
807 2531 948 2586 Nam
976 2533 1030 2582 et
1058 2523 1152 2596 qui
1181 2521 1387 2577 audivit
1415 2529 1470 2577 et
1517 2536 1641 2593 quae
1695 2518 1903 2575 homini
1955 2534 2068 2574 non

471 2627 598 2684 licet
622 2621 795 2696 loqui,
825 2617 961 2676 vidit
991 2631 1112 2687 quae
1140 2611 1346 2668 homini
1377 2624 1488 2667 non
1535 2609 1661 2665 licet
1699 2608 1858 2664 scire.
1906 2607 2068 2696 Dicas

468 2695 741 2772 fortasse:
772 2708 829 2765 Si
858 2705 1042 2772 vellet,
1074 2703 1314 2758 humana
1344 2708 1523 2754 tamen
1567 2697 1843 2768 quomodo
1887 2695 2069 2752 dicere

469 2809 653 2876 posset
676 2796 973 2862 locutione,
1023 2791 1169 2848 illius
1226 2787 1363 2844 tertii
1419 2787 1545 2876 coeli
1589 2784 2064 2876 pulchritudinem,

472 2874 676 2950 intima
720 2887 868 2943 illius
920 2879 1176 2940 claritatis
1228 2877 1404 2933 lucem
1460 2875 1690 2942 referre,
1748 2874 2068 2947 angelorum

471 2981 741 3053 fulgorem
770 2969 1208 3036 inenarrabilem,
1227 2971 1281 3024 et
1303 2965 1727 3053 inaccessibilem
1747 2963 2068 3053 claritatem,

472 3051 634 3142 quam
663 3065 895 3123 dulciter
920 3062 990 3118 de
1021 3054 1508 3132 plenitudineillius
1534 3052 1689 3109 electi
1719 3060 1772 3142 et
1807 3051 1954 3142 beati
1991 3052 2070 3110 illi

473 3140 662 3216 aeterni
714 3155 863 3212 cives
891 3163 1083 3207 omnes
1139 3144 1426 3216 accipiant,
1485 3157 1646 3215 quam
1701 3140 2072 3197 desideranter

469 3253 706 3314 sumant,
741 3257 907 3315 quam
961 3236 1194 3310 pleniter
1244 3232 1572 3306 repleantur,
1618 3244 1778 3301 quam
1834 3228 2071 3285 suaviter

469 3335 669 3395 divinae
697 3329 954 3389 bonitatis
982 3323 1323 3382 dulcedinem
1351 3328 1588 3394 gustent,
1620 3334 1780 3390 quam
1826 3318 2070 3376 delecta-

472 3426 568 3483 bili
598 3419 932 3497 plenitudine
961 3414 1233 3471 satientur
1258 3426 1272 3466 :
1300 3409 1390 3482 qui
1420 3407 1740 3497 splendores
1783 3413 1908 3462 sunt
1951 3407 2068 3497 sin-

465 3495 615 3590 gulis
643 3513 712 3567 de
739 3524 847 3566 una
874 3502 1136 3562 ineffabili
1166 3501 1260 3590 illa
1288 3495 1767 3590 luceConditoris,
1810 3512 1935 3590 qua;
1986 3496 2068 3553 εί..

475 3584 588 3659 mu]
619 3598 860 3656 omnium
890 3594 959 3650 de
987 3608 1094 3647 una
1143 3589 1235 3646 illa
1289 3586 1467 3661 gloria
1520 3584 1901 3656 pulchritudo:
1962 3601 2070 3659 qua

470 3687 792 3749 excellentia
836 3678 1116 3756 dignitatis
1171 3677 1262 3732 alii
1317 3673 1709 3746 praeemineant
1761 3671 1903 3742 aliis,
1961 3690 2070 3744 qua

469 3787 592 3836 sunt
620 3776 746 3834 boni
774 3771 1097 3830 melioribus
1126 3764 1420 3822 ineffabilia
1452 3762 1674 3834 justitiae
1722 3763 2066 3835 jucunditate

467 3865 699 3940 subjecti
727 3867 755 3918 ‘i

541 3939 628 4013 {6.
659 3955 743 4010 Ad
789 3953 894 4009 hoc
944 3962 1076 4021 ergo
1132 3943 1410 4002 excelsum
1468 3941 1693 3998 Paulum
1750 3939 1904 4013 sequi
1957 3955 2067 3997 non

464 4059 774 4122 possumus,
805 4039 903 4098 sed
932 4037 1128 4094 urbem
1153 4033 1512 4107 ingredimur,
1533 4031 1597 4122 in
1622 4044 1741 4122 qua
1787 4029 1939 4122 velut
1994 4028 2066 4085 ab

464 4119 574 4194 alto
603 4131 960 4196 descendens,
992 4125 1150 4182 nobis
1175 4122 1393 4180 obviam
1423 4119 1588 4178 venit.
1619 4120 1756 4174 Nam
1798 4119 1890 4189 qui
1936 4132 2066 4175 cer-

469 4241 597 4284 nere
625 4239 733 4280 non
762 4232 1066 4293 possumus.
1094 4214 1204 4269 alta
1259 4227 1380 4282 quae
1431 4209 1816 4280 prmdicatores
1857 4206 2062 4274 vident,

462 4311 848 4372 venerabiliter
876 4305 1067 4362 audire
1109 4301 1374 4358 debemus
1428 4297 1612 4368 plana,
1671 4311 1792 4365 quae
1846 4295 2062 4350 docent.

467 4386 634 4457 240
663 4395 773 4456 Sed
801 4407 927 4449 cum
952 4384 1304 4450 descendunt,
1337 4389 1461 4436 ante
1489 4379 1896 4450 sepsalterium,
1918 4385 2064 4448 tym-

2098 3114 2150 3178 C

2173 1813 2435 1885 piscando
2457 1814 2761 1886 cupiamus.
2795 1815 2931 1871 Hinc
2962 1823 3044 1872 est
3069 1815 3215 1888 quod
3243 1831 3370 1872 cum
3394 1817 3448 1873 in
3477 1818 3765 1893 Evangelio

2172 1903 2460 1959 Mattheus
2488 1903 2754 1975 principia
2785 1903 3084 1960 Dominicae
3116 1906 3511 1963 Incarnationis
3564 1923 3767 1964 assere-

2173 1998 2275 2060 ret,
2306 1992 2472 2048 dixit:
2489 1991 2665 2065 Ccepit
2683 1993 2932 2050 Joannes
2953 1994 3283 2066 prtedicare,
3299 1999 3356 2052 et
3372 1996 3555 2054 dicere
3568 2015 3586 2053 :
3599 1998 3775 2056 Pani-

2177 2083 2424 2139 tentiam
2462 2083 2633 2154 agite,
2691 2082 3170 2156 appropinquabit
3213 2099 3458 2156 regnum
3509 2087 3766 2143 castorum

2176 2171 2398 2244 (Matth.
2416 2187 2492 2240 iv,
2519 2171 2632 2241 t7).
2662 2170 2770 2226 Sed
2795 2170 2920 2241 quia
2939 2185 3063 2227 cum
3085 2172 3327 2230 coelestia
3345 2173 3633 2244 noscimus,
3646 2174 3688 2230 si
3702 2175 3766 2230 ad

2175 2277 2241 2320 ea
2271 2261 2555 2334 pervenire
2576 2259 2842 2328 volumus,
2862 2274 3086 2318 necesse
3104 2269 3206 2330 est,
3226 2270 3284 2316 ut
3304 2263 3588 2333 passiones
3602 2263 3769 2320 carnis

2173 2348 2579 2414 mortiﬁcamus,
2622 2349 3007 2419 praedicatores
3061 2357 3268 2406 sancta:
3326 2350 3586 2408 Ecclesia:
3635 2353 3772 2408 velut

2174 2447 2298 2512 post
2325 2438 2663 2511 psalterium,
2696 2454 2886 2494 sonum
2915 2439 3155 2510 tympani
3183 2438 3414 2495 faciunt.
3453 2442 3577 2512 Ipsa
3602 2448 3771 2498 autem

2175 2527 2514 2585 mortiﬁcatio
2544 2526 2788 2598 corporis
2815 2526 2945 2598 quid
2971 2535 3053 2584 est
3081 2526 3249 2594 aliud,
3272 2545 3440 2600 quam
3459 2527 3773 2601 praeparatio

2175 2625 2392 2674 eterna:
2422 2615 2768 2673 beatitudinis
2792 2617 2821 2669 ‘2
2843 2615 3090 2672 Caelestis
3119 2632 3256 2690 ergo
3277 2619 3587 2690 praeparari
3607 2618 3776 2692 diligi-

2175 2723 2315 2772 mus,
2346 2714 2403 2762 et
2428 2704 2818 2761 ardentissimis
2846 2705 3062 2761 fletibus
3089 2719 3158 2762 ea
3185 2705 3467 2776 postulem
3496 2707 3769 2779 jubemur.

2176 2794 2345 2865 Quasi
2373 2793 2518 2851 enim
2557 2792 2693 2849 tibia
2722 2798 2963 2850 mortuos
2989 2793 3321 2868 plangimus,
3343 2797 3570 2867 quando
3622 2796 3778 2853 vehe-

2176 2888 2388 2940 menter
2412 2882 2680 2950 dolemus,
2712 2882 2840 2952 quia
2870 2881 3046 2940 adhuc
3072 2882 3129 2938 in
3158 2882 3253 2938 illa
3277 2891 3485 2940 eterna
3513 2885 3623 2942 vita
3674 2899 3779 2941 non

2176 2973 2426 3030 vivimus.
2460 2973 2586 3028 Post
2624 2979 2936 3043 tympanum
2965 2986 3120 3045 ergo,
3169 2971 3564 3042 praedicatores
3616 2972 3778 3030 nestn'

2177 3061 2367 3118 tibiam
2397 3060 2621 3130 habent,
2643 3060 2863 3132 quando
2893 3068 2947 3116 et
2975 3060 3224 3116 membra
3245 3069 3432 3117 nostra
3460 3077 3562 3118 nos
3588 3062 3780 3119 docent

2178 3149 2528 3219 mortiﬁcare,
2559 3157 2611 3205 et
2636 3165 2738 3219 pro
2768 3163 2954 3205 amore
2981 3157 3201 3205 aeternae
3229 3149 3355 3205 vita:
3396 3150 3778 3224 ingemiscere.

2175 3236 2449 3294 Citharam
2479 3250 2697 3306 quoque
2714 3241 2838 3305 post
2866 3234 3054 3289 tibiam
3097 3233 3345 3290 ducunt:
3403 3237 3533 3309 quia
3587 3234 3781 3307 preci-

2174 3324 2330 3396 piunt
2359 3323 2441 3381 sic
2468 3323 2667 3379 deﬂere
2696 3337 2966 3378 aerumnas
2987 3322 3274 3394 presentis
3301 3323 3509 3392 exsilii,
3540 3332 3599 3379 ut
3638 3339 3779 3397 gau-

2174 3413 2401 3471 deamus
2427 3412 2496 3468 de
2540 3410 2904 3482 promissione
2957 3426 3176 3468 eterna:
3221 3411 3588 3469 hereditatis.
3645 3414 3779 3468 Nam

2174 3501 2492 3576 psalterium
2517 3499 2804 3557 insonabat
2831 3501 3096 3572 propheta
3127 3517 3379 3572 magnus,
3443 3518 3571 3558 cum
3625 3501 3778 3559 dice-

2175 3591 2268 3648 bat
2291 3609 2305 3646 :
2326 3591 2460 3648 Oves
2473 3605 2613 3647 mete
2637 3605 2821 3647 vocem
2839 3605 3024 3645 meam
3046 3589 3312 3658 audiunt,
3335 3595 3399 3647 et
3421 3595 3600 3648 vitam
3620 3595 3780 3648 reter-

2173 3697 2311 3739 nam
2332 3680 2400 3737 do
2420 3681 2500 3737 eis
2516 3678 2706 3750 (toan.
2722 3694 2781 3747 x,
2805 3680 2916 3748 27).
2942 3677 3255 3734 Psalterium
3277 3679 3411 3734 item
3448 3680 3776 3750 percutiens,

2173 3771 2284 3826 ait:
2318 3769 2584 3826 Exattari
2612 3770 2831 3841 oportet
2855 3766 3042 3836 ﬁlium
3071 3766 3338 3834 hominis,
3361 3773 3434 3824 ut
3462 3771 3653 3826 omnis
3683 3769 3781 3841 qut

2172 3859 2353 3918 credit
2368 3860 2432 3915 in
2445 3874 2597 3924 eum,
2614 3873 2730 3914 non
2743 3860 2962 3930 pereat,
2974 3855 3070 3912 sed
3081 3855 3282 3912 habeat
3293 3857 3477 3914 vitam
3493 3862 3773 3915 retentam

2173 3950 2360 4020 (Joan.
2402 3963 2483 4016 ιιι,
2533 3946 2643 4018 lt),
2690 3946 3029 4016 Tympanum
3082 3945 3328 4014 sonabat,
3381 3946 3482 4020 qui
3521 3947 3775 4004 dicebat:

2173 4039 2504 4108 Mortiﬁcate
2523 4034 2775 4092 membra
2794 4038 3002 4102 vestra,
3023 4050 3148 4108 qua
3160 4038 3299 4091 sunt
3317 4051 3495 4109 super
3529 4040 3743 4093 terram
3757 4053 3778 4091 :

2171 4123 3094 4200 fornicationem,immunditiam,
3115 4123 3441 4192 libidinem,
3473 4126 3780 4198 concupis-

2171 4214 2668 4286 centiam(Cotoss.
2689 4227 2770 4279 ιιι,
2793 4212 2870 4283 5).
2893 4211 3105 4267 Tibiam
3127 4211 3376 4280 sonabat,
3413 4215 3509 4284 qui
3527 4213 3777 4271 dicebat:

2171 4306 2358 4362 Miseri
2372 4307 2566 4370 estote,
2593 4303 2797 4373 lugete,
2820 4301 2971 4358 risus
2984 4305 3440 4358 vestervertatur
3450 4304 3518 4360 in
3536 4304 3776 4372 tactum,

2170 4398 2227 4451 et
2236 4391 2510 4467 gaudium
2531 4392 2592 4447 in
2612 4405 2908 4448 mererem
2927 4389 3068 4461 (lac.
3094 4405 3170 4457 Iv,
3203 4391 3277 4456 9).
3301 4391 3651 4462 Tympanum
3681 4406 3776 4447 so-

461 4505 685 4564 panum,
716 4483 927 4549 tibiam,
985 4484 1040 4531 et
1092 4473 1356 4530 citharam
1411 4468 1680 4564 deferunt.
1740 4466 2058 4564 Psalterium
2085 4473 2137 4536 D
2166 4466 2347 4551 nabat,
2363 4482 2452 4552 qui
2465 4479 2714 4537 dicebat:
2750 4481 2986 4550 Propter
3007 4482 3062 4535 te
3077 4480 3502 4548 mortiﬁcamur
3523 4485 3648 4537 tota
3663 4480 3782 4549 die,

465 4555 677 4653 quippe
694 4572 917 4634 habent,
949 4565 1073 4636 quia
1094 4577 1321 4653 regnum
1364 4558 1630 4653 caelorum
1685 4555 2011 4653 annuntiam
2045 4573 2058 4610 ε

466 4644 778 4742 tympanum
805 4658 1027 4724 habent,
1059 4651 1187 4724 quia
1241 4648 1569 4742 pmdicant_
1595 4644 2062 4742 mortiﬁcationem

465 4734 643 4817 carnis
674 4770 689 4808 :
722 4749 912 4806 tibiam
941 4743 1162 4810 habent,
1193 4739 1322 4812 quia
1340 4738 1469 4793 flere
1491 4735 1736 4792 subditos
1750 4734 1944 4807 jubent
1962 4750 2062 4806 pro

465 4842 817 4920 acquisitione
843 4845 1065 4894 eterna
1095 4829 1327 4920 laetitias:
1373 4827 1633 4920 citharam
1687 4839 1903 4899 quoque
1958 4825 2064 4879 ha-

465 4913 616 5005 bent,
647 4930 776 5006 quia
803 4924 1042 5000 gaudere
1069 4919 1190 4992 pios
1217 4932 1319 4990 pro
1375 4913 1691 5006 certitudine
1741 4921 2064 5006 aeternorum

467 5002 737 5085 bonorum
763 5018 1010 5076 edocent.
1043 5006 1358 5066 Psalterium
1387 5004 1630 5078 quidem,
1669 5002 1762 5075 qui
1817 5017 1850 5057 a
1903 5017 2062 5072 supe-

466 5123 599 5183 riori
648 5125 803 5194 parte
857 5120 1088 5177 resonat,
1146 5105 1311 5162 etiam
1367 5111 1690 5160 aetemorum
1743 5099 2066 5174 gaudiorum

468 5217 913 5295 praedicationem
942 5207 1194 5280 designat
1226 5219 1240 5258 :
1272 5201 1364 5276 qui
1407 5202 1536 5259 dum
1559 5279 1568 5286 ἢ
1591 5213 1828 5272 superna
1880 5211 2064 5254 amare

468 5316 735 5391 suggerit,
761 5310 922 5387 quasi
947 5324 979 5364 a
1011 5301 1282 5376 superiori
1309 5306 1462 5373 parte
1489 5314 1600 5356 sum
1628 5295 1929 5353 dulcedinis
1967 5309 2063 5351 so-

469 5430 600 5472 num
629 5411 811 5467 mittit.
835 5410 1174 5480 Tympanum
1201 5415 1332 5459 vero
1381 5396 1510 5472 quia
1537 5394 1607 5451 de
1635 5391 1829 5449 mortui
1859 5391 2066 5448 anima-

466 5513 538 5572 lis
555 5509 704 5570 corio
734 5507 987 5572 tenditur,
1018 5504 1075 5561 in
1114 5517 1182 5560 eo
1236 5513 1344 5557 non
1392 5491 1833 5554 inconvenienter
1884 5488 2064 5548 carnis

465 5619 663 5676 nostra
689 5603 1035 5666 mortiﬁcatio
1080 5601 1359 5673 ﬁguratur.
1415 5593 1626 5653 Tibiam
1678 5597 1879 5661 autem,
1938 5586 2063 5660 quia

2166 4570 2440 4629 testimati
2463 4585 2678 4637 sumus,
2697 4569 2844 4625 sicut
2855 4582 2980 4624 oves
2990 4569 3288 4624 occisionis
3302 4569 3484 4638 (Psat.
3500 4584 3656 4636 me,
3672 4569 3785 4640 22),

2167 4659 2377 4716 Tibiam
2399 4673 2526 4714 vero
2547 4666 2672 4713 ante
2699 4673 2760 4713 se
2780 4656 2963 4725 habet,
2995 4655 3088 4726 qui
3116 4655 3247 4712 item
3269 4655 3392 4714 Deo
3415 4658 3688 4729 loquitur,
3712 4655 3790 4712 di-

2169 4764 2301 4806 cens
2325 4765 2337 4803 :
2364 4746 2586 4804 Cibabis
2603 4761 2708 4802 nos
2723 4761 2874 4818 pane
2890 4745 3303 4817 tacrymarum.
3321 4749 3380 4802 et
3398 4751 3608 4818 potum
3627 4745 3787 4803 dabis

2169 4834 2326 4891 nobis
2346 4834 2411 4889 in
2434 4847 2705 4888 mensura
2729 4829 2899 4901 (Psat.
2942 4845 3134 4899 una,
3174 4829 3248 4899 6).
3286 4829 3505 4885 Tibiam
3555 4839 3686 4886 ante
3725 4843 3785 4885 se

2170 4921 2404 4978 habebat
2420 4918 2700 4983 Dominus,
2717 4933 2840 4975 cum
2861 4917 3100 4974 dicebat:
3121 4918 3297 4974 Amen
3312 4918 3439 4974 dico
3457 4918 3632 4985 vobis,
3654 4919 3789 4993 quia

2169 5006 2466 5081 plorabitis
2481 5008 2538 5062 et
2555 5003 2764 5073 ﬂebitis
2794 5019 2906 5069 vos,
2944 5001 3195 5059 mundus
3240 5005 3441 5059 autem
3487 5003 3782 5075 gaudebit,

2171 5111 2265 5152 uos
2284 5111 2410 5151 vero
2429 5089 3116 5161 contristabimini(Joan.
3157 5107 3280 5159 1m,
3324 5093 3440 5161 20).
3481 5090 3597 5148 Sed
3636 5091 3786 5148 velut

2169 5191 2392 5250 citharae
2411 5206 2604 5249 sonum
2625 5189 2983 5263 subjungens,
3002 5189 3079 5244 ait
3102 5206 3115 5243 :
3144 5189 3402 5246 Tristitia
3435 5193 3634 5247 vestra
3653 5203 3783 5247 ver-

2172 5294 2332 5348 tetur
2344 5290 2408 5346 in
2421 5289 2694 5363 gaudium
2708 5288 2848 5358 (Ibid
2855 5287 2914 5359 .).
2935 5286 3102 5357 Quasi
3129 5287 3390 5344 citharam
3420 5287 3592 5344 nobis
3627 5303 3787 5344 sona-

2172 5387 2286 5459 bat,
2309 5388 2400 5460 qui
2422 5386 2639 5444 dicebat
2661 5398 2674 5441 :
2703 5384 2949 5443 Gaudete
2985 5369 3090 5436 24
3106 5369 3141 5436 1
3167 5384 3230 5442 in
3256 5384 3497 5444 Domino
3533 5400 3782 5458 semper,

2169 5487 2383 5544 iterum
2395 5486 2538 5555 dico,
2555 5485 2795 5558 gaudete
2809 5506 2827 5545 :
2841 5483 3119 5542 modestia
3138 5488 3328 5543 vestra
3342 5487 3491 5542 nota
3510 5487 3592 5542 sit
3608 5483 3791 5542 omnis

2168 5583 2266 5645 bus
2281 5585 2628 5655 hominibus;
2653 5581 3466 5659 Dominuspropeest(Phitip.
3493 5597 3575 5654 iv,
3599 5584 3679 5656 ι).
3713 5579 3794 5636 Ci-
