4034 6174
302 278 390 335 293

1087 272 1158 330 IN
1205 272 1475 330 PRIMUM
1516 271 1768 328 REGUM
1809 268 2346 328 EXPOSITIONES.
2380 304 2448 314 —-
2487 273 2613 330 LIB.
2657 276 2747 330 IV.

3463 287 3566 345 294

303 406 486 458 tharam
521 398 674 491 nobis
714 407 893 491 sonat,
941 399 1031 470 qui
1063 398 1301 491 civitatis
1343 405 1543 491 nostrae
1574 396 1717 491 bona
1763 410 1853 449 an-
1879 394 1934 454 A
1964 393 2122 491 dixit:
2145 397 2332 491 [tegam
2349 400 2760 491 terrcecantate
2774 401 3004 476 Deo,qui
3021 408 3458 484 ascenditsuper
3475 415 3576 491 cm:

300 491 540 556 nuntians,
561 489 662 543 ait:
702 489 992 544 Gaudium
1021 493 1078 544 et
1100 489 1305 544 latitia
1333 487 1660 543 invenietur
1687 485 1749 540 in
1779 499 1866 550 ea,

297 582 587 652 gratiarum
615 579 767 634 actio
801 582 859 633 et
882 593 986 633 v0.1:
1005 577 1190 633 laudis
1216 577 1348 645 (lsa.
1368 590 1440 643 LI,
1464 576 1544 647 3).
1576 573 1716 642 Quia
1735 587 1869 644 ergo

294 669 649 741 praedicatores
692 671 896 721 sanctae
929 665 1190 722 Ecclesia:
1228 665 1452 720 caeleste
1498 678 1730 736 regnum
1763 678 1870 717 an-

293 758 529 824 nuntiant,
578 764 634 811 et
667 771 769 826 pro
797 755 989 811 eodem
1020 770 1193 827 regno
1222 752 1595 825 adipiscendo,
1630 749 1866 807 mortiﬁ-

292 862 400 903 care
424 861 652 909 carnem,
685 845 816 900 ﬂere
845 843 1230 916 captivitatem,
1263 843 1316 897 in
1345 859 1441 914 spe
1473 842 1667 897 futurae
1697 839 1866 896 beati-

291 934 467 990 tudinis
494 949 594 988 nos
631 932 900 989 exsultare
928 932 1253 1002 praecipiunt
1285 951 1296 986 :
1329 933 1609 1003 prOpheta:
1651 929 1723 984 ab
1759 943 1867 985 ex-

292 1023 418 1080 celso
457 1021 870 1086 descendentes,
899 1025 1025 1076 ante
1053 1036 1114 1076 se
1141 1019 1481 1092 psalterium,
1533 1027 1868 1090 tympanum,

292 1112 477 1178 tibiam,
520 1118 576 1166 et
620 1110 887 1164 citharam
934 1108 1139 1165 habere
1195 1108 1567 1180 perhibentur.
1617 1107 1686 1162 Et
1732 1121 1871 1179 grex

291 1200 487 1272 quidem
515 1200 911 1269 prophetarum
941 1198 1159 1264 dicitur,
1192 1198 1317 1270 quia
1347 1197 1500 1252 multi
1539 1202 1663 1253 sunt
1693 1204 1872 1268 pasto-

289 1307 366 1346 res
390 1296 591 1344 sanctre
625 1287 908 1355 Ecclesiae,
940 1293 995 1342 et
1021 1295 1295 1358 pastorem
1323 1303 1490 1342 unum
1520 1286 1722 1343 habent
1753 1290 1868 1345 Do-

290 1379 468 1434 minum
496 1381 680 1434 .Iesum
712 1379 980 1436 Christum
995 1419 1009 1433 .

347 1491 431 1543 17.
469 1488 536 1542 Et
565 1485 862 1542 notandum
889 1486 1018 1558 quia
1051 1485 1387 1556 psalterium,
1424 1492 1760 1557 tympanum,
1793 1484 1868 1540 ti-

285 1576 428 1644 biam,
461 1583 515 1631 et
563 1576 826 1632 citharam
870 1581 995 1630 ante
1024 1590 1086 1629 se
1132 1573 1336 1630 habere
1366 1576 1648 1645 prophetae
1678 1574 1868 1645 perhi-

283 1666 478 1732 bentur,
519 1671 585 1720 ut
610 1664 906 1720 electorum
936 1663 1350 1736 praedicatorum
1380 1661 1555 1719 forma
1597 1664 1868 1721 videatur.

285 1753 498 1826 Reprobi
545 1769 780 1825 namque
823 1759 946 1824 post
982 1768 1060 1820 se,
1111 1767 1232 1822 qua:
1277 1751 1583 1823 pradicant,
1629 1752 1863 1807 habent:

281 1843 393 1914 quia
424 1843 617 1898 dicunt
662 1849 717 1897 et
762 1855 868 1896 non
899 1840 1124 1906 faciunt,
1168 1840 1450 1913 negligant
1501 1840 1647 1896 bona
1673 1856 1866 1917 agere,

283 1948 390 2004 qua:
416 1938 780 2003 cognoscunt.
813 1929 967 1986 Unde
996 1937 1047 1985 et
1072 1929 1253 1985 adhuc
1282 1929 1399 2002 regi
1431 1929 1580 1996 Saul,
1605 1928 1722 1999 jam
1754 1929 1872 1983 Do-

282 2020 394 2076 mini
427 2019 696 2075 mandata
723 2019 1112 2085 contemnenti,
1142 2017 1370 2072 dicitur:
1410 2018 1551 2087 Quia
1577 2017 1872 2090 projecisti

281 2125 588 2167 sermonem
601 2109 846 2176 Domini,
864 2109 1103 2179 proiecit
1126 2111 1182 2162 te
1205 2107 1496 2173 Dominus,
1512 2122 1584 2163 ne
1604 2107 1683 2162 sis
1698 2122 1805 2163 rex
1823 2106 1871 2176 (Ι

1977 483 2058 540 tos
2079 485 2346 541 certorum
2375 486 2448 541 ad
2473 487 2756 543 orientem.
2778 492 2949 559 (Psal.
2975 509 3139 564 vau,
3170 500 3256 565 33,
3290 483 3399 560 3t).
3437 483 3575 561 Pro:-

1975 573 2153 643 phetze
2191 589 2324 646 ergo
2361 574 2429 630 de
2467 576 2682 633 excelso
2726 577 3084 649 descendunt,
3135 566 3365 654 quando.
3401 593 3575 650 sancti

1983 661 2370 753 praedicatores
2403 661 2497 753 illa
2529 675 2866 722 sacramenta
2893 669 3051 724 nobis
3080 675 3410 747 annuntiant,
3452 697 3574 753 quae

1975 749 2084 804 alta
2113 752 2572 822 contemplatione
2603 753 2859 810 didicere.
2896 758 2964 812 Et
2991 759 3331 832 psalterium,
3365 749 3572 838 tibiam,

1975 841 2036 893 et
2080 838 2344 895 citharam
2388 840 2619 897 dicunt:
2689 843 2818 915 quia
2863 845 3277 918 Redemptorem
3330 864 3572 916 nostrum

1975 927 2164 983 aeterni
2199 929 2354 1001 regni
2386 929 2682 986 Dominum
2724 943 2996 1003 asserunt,
3043 943 3099 992 et
3139 953 3240 1009 per
3285 942 3572 1003 humanam

1975 1015 2339 1073 conditionem
2385 1018 2743 1085 humiliatum,
2775 1024 2829 1076 et
2872 1031 3045 1081 morte
3069 1041 3162 1082 sua
3191 1031 3452 1087 mundum
3484 1052 3576 1092 re-

1977 1104 2201 1175 dimere,
2234 1113 2287 1162 et
2316 1107 2660 1178 resurgendo
2689 1109 2922 1166 caelestia
2951 1129 3221 1184 reparare.
3241 1117 3374 1188 Quae
3401 1122 3570 1179 nimi-

1976 1210 2094 1249 rum
2123 1193 2309 1286 laudis
2331 1195 2689 1286 instrumenta
2712 1206 2839 1254 ante
2867 1216 2932 1257 se
2969 1206 3126 1272 342
3152 1205 3386 1266 habent:
3441 1214 3578 1286 quia

1975 1299 2061 1351 ea,
2107 1299 2228 1353 quae
2258 1284 2458 1374 dicunt,
2491 1285 2818 1359 intelligunt.
2870 1290 2915 1344 E
2945 1301 3132 1350 contra
3177 1312 3312 1354 vero
3342 1284 3576 1374 Caiphas

1975 1374 2304 1444 pmphetare
2331 1372 2523 1464 dicitur
2559 1375 2742 1445 (Joan.
2783 1378 2878 1447 XI),
2911 1383 2966 1436 et
3011 1397 3044 1435 a
3072 1399 3194 1453 qua:
3236 1386 3390 1459 dixit,
3423 1372 3581 1464 igua.

1973 1477 2130 1529 mre;
2161 1477 2286 1552 cum
2317 1461 2502 1517 tibiam
2532 1464 2829 1522 Dominicae
2851 1469 3062 1540 mortis,
3093 1489 3258 1545 quam
3297 1461 3491 1552 tetigit,
3525 1491 3579 1540 et

1975 1566 2084 1606 non
2113 1558 2171 1604 ut
2198 1550 2403 1607 electus
2420 1553 2682 1623 propheta
2713 1555 2936 1612 haberet
2956 1567 3081 1616 ante
3108 1577 3187 1630 se,
3219 1567 3318 1622 sed
3347 1550 3574 1639 postse.

1975 1640 2118 1695 Bene
2127 1652 2267 1733 ergo
2289 1639 2359 1733 de
2387 1640 2574 1733 electis
2595 1645 2878 1733 propgetis
2894 1647 3268 1722 subjungitur:
3317 1656 3578 1733 Ipsosque

1975 1726 2402 1800 prophetantes.
2422 1728 2562 1797 Quia
2579 1730 2708 1786 dum
2729 1732 2916 1790 vident
2931 1752 3054 1808 qua
3069 1737 3265 1809 dicant,
3287 1726 3431 1802 velut
3453 1726 3577 1807 ante

1978 1831 2038 1872 se
2049 1815 2763 1890 habentinstrumenta,quae
2780 1829 3025 1895 tangant;
3045 1835 3098 1883 et
3111 1828 3238 1884 dum
3257 1834 3557 1903 ρι-ωάίοεηι,

1979 1906 2112 1962 illud
2128 1907 2432 1976 proferunt,
2462 1909 2606 1979 quod
2637 1912 2988 1981 przevidendo
3015 1896 3413 1990 cognoverunt.
3451 1896 3578 1986 Sani

1979 2011 2113 2070 ergo
2133 1996 2200 2051 ad
2222 1995 2416 2052 collem
2432 1997 2651 2054 Domini
2683 2001 2845 2071 venit,
2871 2007 3095 2075 quando
3123 2009 3331 2068 electus
3352 2023 3404 2071 et
3422 2017 3576 2075 rudis

1978 2083 2302 2176 praedicator
2327 2083 2593 2176 spirituali
2622 2088 2844 2145 scientia
2889 2091 3124 2162 proiicit,
3168 2107 3220 2155 et
3249 2101 3579 2176 Redempto-

280 2199 403 2270 Βία.
423 2215 514 2266 xv,
534 2199 652 2266 23).
678 2196 814 2251 Hinc
831 2173 931 2266 per
944 2173 1268 2266 prophetam
1289 2195 1358 2250 de
1376 2193 1585 2251 Judaeis
1606 2173 1869 2252 Dominus
1895 2176 1949 2237 Β
1978 2173 2601 2270 ζεπηιὴιιξξιεέοξεςηοιζίε
2640 2191 2748 2270 ηοιῖ
2776 2177 2831 2232 in
2871 2179 3035 2250 Plano
3073 2183 3445 2262 humanitatis,
3461 2173 3574 2252 sed

281 2288 517 2357 queritur,
544 2285 741 2342 dicens
767 2302 778 2337 :
806 2286 1176 2353 Proiecerunt
1197 2299 1284 2340 me
1309 2289 1436 2356 post
1473 2299 1673 2356 corpus
1703 2299 1874 2340 suum

289 2374 381 2442 (Il!
406 2377 531 2447 Reg.
571 2389 687 2440 xxv,
721 2375 796 2443 9).
829 2372 1010 2428 Sancti
1042 2387 1174 2443 ergo
1194 2371 1460 2442 doctores,
1493 2373 1617 2444 quia
1647 2373 1750 2428 iter
1777 2388 1876 2427 su-

280 2480 450 2534 perna:
485 2461 948 2529 conversationis,
980 2462 1126 2532 quod
1155 2460 1470 2532 praedicant,
1502 2462 1757 2517 continuo
1784 2461 1876 2515 in—

280 2569 417 2607 cessu
460 2551 603 2608 boni
645 2550 828 2622 operis
870 2557 1110 2618 servant,
1149 2549 1208 2604 in
1262 2565 1444 2605 eorum
1489 2557 1616 2622 typo
1659 2550 1874 2618 dicitur,

280 2641 392 2712 quia
418 2638 716 2713 prophetae
745 2639 1087 2711 psalterium,
1128 2646 1464 2710 tympanum,
1495 2638 1683 2694 tibiam
1711 2646 1765 2693 et
1793 2637 1879 2695 ci-

280 2729 473 2785 tharam
521 2731 660 2784 ante
704 2744 764 2783 se
810 2727 1201 2784 descendentes
1264 2726 1590 2782 habuerunt.
1644 2728 1875 2782 Possunt

280 2819 410 2874 enim
430 2820 552 2874 haec
583 2816 947 2872 instrumenta
966 2814 1035 2871 ad
1055 2815 1497 2886 praedicationem
1518 2815 1881 2886 redemptoris

281 2906 474 2963 referri.
507 2906 591 2961 Et
635 2905 761 2976 quia
790 2919 896 2962 non
926 2905 1088 2961 valde
1117 2904 1387 2976 superius,
1430 2905 1631 2961 collem
1661 2904 1881 2961 Domini

283 2993 445 3066 ipsum
474 3010 610 3052 esse
637 2993 1059 3065 Redemptorem
1091 2993 1348 3062 diximus,
1381 3008 1709 3066 organorum
1741 3009 1879 3049 con-

285 3085 622 3140 venientiam
652 3083 978 3138 intueamur.
1011 3081 1112 3151 Qui
1141 3081 1298 3154 regni
1325 3081 1512 3138 (eterni
1540 3097 1665 3138 eum
1693 3097 1882 3155 regem

285 3173 544 3242 nominat,
603 3171 766 3228 nobis
795 3171 1041 3242 profecto
1081 3170 1398 3242 psalterium
1445 3178 1624 3227 sonat.
1683 3171 1747 3226 Et
1791 3171 1885 3244 qui

283 3260 626 3331 disciplinam
645 3258 1077 3316 mortificationis
1108 3266 1309 3316 nostra
1337 3259 1390 3314 in
1413 3274 1478 3315 eo
1499 3259 1715 3330 asserit,
1736 3260 1888 3316 velut

281 3355 600 3421 tympanum
626 3347 770 3404 ferit.
790 3347 1006 3403 Tibiam
1024 3354 1198 3418 sonat,
1230 3347 1321 3420 qui
1351 3356 1624 3404 mortuum
1656 3349 1886 3404 Redem-

281 3445 478 3506 ptorem
510 3452 626 3509 pro
654 3436 829 3492 salute
871 3435 1060 3492 mundi
1091 3437 1396 3492 denuntiat.
1426 3436 1700 3493 Citharam
1748 3453 1884 3509 per-

1978 2261 2034 2353 in
2049 2261 2156 2316 alta
2183 2260 2476 2353 divinitatis
2503 2263 2618 2332 ejus
2643 2265 2927 2336 majestate
2951 2274 3259 2343 cognoscit.
3297 2260 3444 2336 Tunc
3464 2282 3584 2353 qui-

1980 2349 2106 2406 dem
2151 2350 2542 2442 prpphetarum
2589 2353 2786 2409 choros
2831 2357 3178 2419 concinentes
3223 2366 3401 2422 audit:
3448 2349 3576 2442 quia

1983 2452 2175 2496 omnes
2201 2438 2540 2511 Scriptum,
2572 2457 2695 2513 quae
2723 2442 2795 2498 de
2821 2443 2944 2516 ipso
2971 2457 3116 2517 sunt,
3149 2453 3384 2523 perfecte
3411 2438 3579 2516 intel-

1985 2528 2123 2598 ligit.
2158 2526 2263 2617 Qui
2293 2528 2467 2601 igitur
2492 2529 2638 2587 viros
2680 2547 2908 2604 magnas
2933 2536 3121 2594 foveas
3138 2541 3395 2599 salientes
3420 2546 3575 2617 vidit,

1987 2617 2078 2688 qui
2127 2615 2336 2684 bardos,
2361 2623 2424 2708 et
2452 2620 2831 2708 tortasgpanis,
2864 2631 2916 2678 et
2945 2629 3264 2698 amphoram
3294 2632 3406 2688 vini
3447 2615 3582 2708 por;-

1989 2711 2161 2794 tantes
2189 2705 2418 2776 aspexit,
2464 2707 2531 2762 ad
2560 2706 2758 2765 collem
2798 2711 3017 2768 Domini
3047 2718 3331 2786 pervenit;
3363 2705 3583 2794 quando

1986 2793 2055 2862 is,
2086 2794 2176 2865 qui
2205 2810 2306 2864 per
2330 2795 2623 2852 electorum
2663 2801 2921 2870 exempla
2948 2804 3242 2873 profecisse
3280 2793 3584 2882 cognosci-

1987 2889 2089 2949 tur,
2122 2884 2192 2939 ad
2218 2884 2436 2973 culmen
2475 2885 2716 2942 scientiae
2745 2887 3090 2963 sublimatur,
3143 2901 3197 2950 et
3242 2897 3577 2973 Redempto-

1988 2971 2456 3062 remisublimiter
2497 2973 2696 3042 sciens,
2745 2975 3094 3036 ineﬂ‘abiliter
3149 2982 3349 3058 diligit,
3398 2971 3588 3062 alquo

1989 3061 2136 3133 quod
2164 3060 2297 3117 item
2336 3060 2475 3118 scire
2503 3062 2571 3118 de
2600 3079 2668 3120 eo
2695 3065 2920 3136 appetit,
2945 3069 3101 3141 quasi
3134 3070 3416 3132 familiaris
3441 3060 3590 3134 ami-

1990 3165 2086 3206 cus
2119 3150 2308 3221 possit.

2064 3259 2151 3312 18.
2183 3255 2326 3314 Bene
2356 3257 2434 3329 (τι)
2463 3256 2731 3316 subditur:
2761 3262 3060 3323 Etinsiliet
3077 3268 3137 3324 in
3155 3271 3462 3344 tespiritus
3475 3275 3587 3334 Do-

1990 3343 2219 3413 mini,et
2239 3347 2593 3418 prophetabis
2617 3364 2749 3406 cum
2773 3351 2881 3408 eis.
2910 3354 2970 3407 In
2990 3353 3110 3412 ilire
3127 3357 3352 3429 spiritus
3372 3363 3588 3421 Domini

1991 3433 2206 3503 dicitur,
2239 3433 2368 3506 quia
2411 3435 2706 3494 electorum
2735 3438 2900 3496 corda
2947 3441 3105 3500 donis
3142 3447 3259 3516 ejus
3285 3449 3464 3507 subito
3493 3469 3589 3510 re-

282 3526 418 3590 num,
468 3527 566 3596 qui
608 3540 737 3615 ψη,
783 3539 839 3615 ιΔ
858 3524 1089 3615 mortuis
1135 3524 1457 3595 surrexisse,
1497 3533 1555 3592 et
1599 3525 1669 3581 ad
1705 3525 1880 3615 caelos
1907 3529 1958 3594 ο
1996 3521 2234 3615 plentur.
2265 3521 2366 3615 Qui
2409 3532 2605 3615 statem
2651 3529 2974 3600 prophetare
3012 3531 3313 3604 incipiunt:
3347 3539 3470 3610 quia
3498 3541 3591 3615 qui

282 3615 587 3671 ascendisse
607 3613 772 3669 dicat.
806 3613 916 3670 Sed
943 3614 1014 3668 ad
1044 3618 1315 3669 tantorum
1343 3629 1672 3687 organorum
1695 3614 1890 3685 jucun-

286 3702 496 3758 ditatem
521 3701 927 3769 hilarescimus,
959 3703 1005 3758 si
1035 3703 1214 3773 ipsum
1244 3705 1632 3774 prophetarum
1663 3719 1888 3776 gregem

283 3790 625 3848 insonantem
641 3790 948 3846 audiamus.
972 3791 1148 3847 David
1169 3807 1402 3864 namque
1427 3792 1557 3848 dicit
1581 3793 1648 3848 :A
1668 3807 1889 3850 summa

284 3884 408 3939 casto
420 3883 670 3950 egressio
685 3882 891 3946 eius,et
901 3896 1170 3938 occursus
1180 3895 1353 3953 usque
1363 3883 1436 3936 ad
1445 3882 1890 3952 summum(Psat

288 3985 436 4035 xviri,
469 3973 503 4025 7
504 3971 560 4037 ).
594 3969 882 4024 Hincitem
913 3968 1566 4025 dicitzAdorabanteum
1595 3985 1788 4028 omnes
1806 3986 1892 4027 re-

281 4074 365 4127 ges
397 4062 596 4126 terra,
615 4073 810 4114 omnes
823 4065 1020 4127 gentes
1044 4057 1295 4114 servient
1315 4060 1369 4113 ei
1389 4059 1564 4128 (Psat.
1587 4073 1740 4128 uxr,
1774 4060 1884 4130 11).

285 4144 432 4202 Velut
474 4147 629 4202 enim
670 4145 990 4215 psalterium
1038 4145 1093 4200 in
1123 4145 1340 4200 laudem
1387 4145 1770 4217 Redemptoris
1801 4155 1886 4202 te-

283 4236 415 4302 nuit,
468 4236 566 4308 qui
613 4235 952 4305 superiorem
983 4241 1188 4304 partem
1220 4233 1394 4290 laudis
1421 4234 1673 4304 obtinuit,
1706 4244 1758 4290 et
1786 4237 1888 4292 Re-

283 4322 582 4395 demptoris
639 4323 934 4378 adventum
985 4339 1018 4376 a
1066 4338 1279 4378 summo
1335 4323 1476 4378 ccelo
1531 4323 1878 4393 praedicavit.

286 4411 626 4483 Tympanum
659 4410 1090 4468 mortiﬁcationis
1117 4411 1235 4482 ejus
1263 4411 1434 4467 Isaias
1465 4411 1644 4484 tetigit
1667 4412 1883 4469 dicens:

289 4499 357 4556 Et
375 4501 627 4558 vidimus
649 4517 802 4569 eum,
817 4507 873 4556 et
891 4517 1006 4556 non
1023 4505 1146 4555 erat
1160 4504 1422 4572 aspectus
1453 4503 1510 4556 et
1541 4501 1887 4558 desideravi-

278 4604 396 4645 mus
411 4591 931 4662 eum,despectum,
950 4593 1006 4645 et
1023 4590 1395 4645 novissimum
1421 4590 1888 4658 virorum,virum

286 4677 629 4742 datarum,ct
642 4680 917 4734 scientem
931 4677 1410 4746 inﬁrmitatemzet
1423 4678 1584 4750 quasi
1593 4677 1891 4736 abscondi-

281 4769 370 4822 tus
386 4768 587 4822 vultus
600 4767 723 4836 ejus
735 4771 794 4822 et
815 4765 1140 4838 despectus;
1178 4766 1328 4821 unde
1353 4781 1457 4821 nec
1503 4768 1892 4838 reputavimus

1997 3610 2180 3667 divino
2227 3611 2418 3682 spiritu
2464 3613 2611 3684 pleni
2642 3624 2786 3684 sunt,
2826 3617 2928 3674 Dei
2965 3622 3240 3695 magnalia
3280 3633 3456 3685 tacere
3485 3610 3595 3688 non

1995 3708 2236 3772 possunt.
2273 3699 2365 3756 Vel
2396 3702 2810 3773 pmphetaturus
2835 3708 3112 3778 asseritur,
3144 3712 3231 3769 cui
3253 3713 3474 3773 Samuel
3501 3718 3595 3775 di-

1995 3789 2110 3844 vini
2158 3789 2314 3845 verbi
2361 3791 2590 3863 gratiam
2632 3793 2939 3863 pollicetur.
2972 3797 3130 3867 Quod
3181 3801 3287 3858 tale
3315 3812 3414 3874 est,
3457 3823 3521 3864 ac
3547 3806 3596 3863 si

1995 3877 2177 3933 dicat:
2229 3877 2333 3946 Qui
2379 3878 2542 3967 modo
2587 3879 2644 3934 in
2690 3881 2784 3937 illa
2831 3884 3166 3944 abundantia
3215 3890 3274 3945 in
3321 3900 3373 3948 te
3400 3911 3596 3967 super-

1995 3967 2265 4022 venientis
2292 3967 2508 4038 spiritus
2525 3966 2672 4039 loqui
2704 3985 2812 4026 non
2842 3980 3019 4043 potes,
3044 3977 3262 4047 quando
3291 3979 3381 4036 illa
3411 3966 3476 4038 se
3498 3984 3597 4040 tibi

1995 4055 2275 4127 plenitudo
2305 4055 2580 4123 infuderit,
2612 4057 2870 4130 loquendi
2899 4062 3058 4133 cepia
3085 4064 3409 4124 abundabis.
3443 4072 3600 4130 Hunc

1995 4143 2198 4217 quippe
2219 4143 2544 4199 insilientem
2578 4145 2828 4218 spiritum
2849 4148 3132 4222 discipulis
3152 4156 3474 4225 promittens
3493 4161 3598 4217 Do-

1995 4234 2177 4288 minus
2205 4232 2444 4290 ait:Cum
2464 4236 2685 4291 venerit
2703 4234 2803 4292 itte
2825 4239 3067 4309 spiritus
3078 4242 3355 4313 veritatis,
3377 4245 3595 4305 docebit

1994 4337 2087 4380 vos
2098 4337 2321 4379 omnem
2333 4322 2715 4392 veritatem,“
2728 4341 2852 4397 qua
2866 4341 2968 4383 ven
2975 4333 3104 4385 tura
3115 4336 3271 4399 sunt,
3286 4349 3488 4390 annun
3496 4335 3597 4392 tia-

1994 4412 2076 4468 bit
2091 4411 2429 4482 vobis(Joan.
2456 4427 2575 4481 xvi,
2601 4414 2710 4484 13).
2741 4415 2801 4468 In
2830 4430 2924 4471 eos
2953 4417 3173 4487 quidem
3202 4422 3596 4494 superveniens

1996 4501 2219 4573 spiritus
2247 4500 2437 4569 insilit,
2470 4516 2700 4573 quorum
2725 4504 2896 4560 corda
2925 4514 3149 4577 repente
3175 4510 3418 4580 veniens,
3460 4511 3595 4569 illu-

1996 4589 2184 4646 stravit
2227 4589 2383 4661 (Act.
2432 4606 2489 4654 ιι,
2522 4593 2599 4658 2),
2661 4592 2732 4647 Et
2776 4591 2937 4648 illusti
2996 4598 3418 4669 praphetavere,
3469 4602 3597 4673 quia

1997 4674 2420 4760 Redemptorem
2467 4676 2690 4732 humani
2738 4679 2956 4748 generis
2991 4681 3140 4738 omni
3197 4682 3386 4758 lingua
3448 4703 3596 4760 prae-

1999 4759 2336 4815 dicaverunt.
2387 4759 2547 4828 Quod
2593 4765 2739 4817 certe
2785 4761 2842 4817 in
2888 4773 3077 4822 sancta
3139 4767 3382 4826 Ecclesia
3428 4773 3597 4828 etiam

290 4855 576 4925 eum(Isa.
600 4871 716 4924 LIII,
735 4856 810 4924 3).
833 4854 1040 4910 Tibiam
1060 4855 1247 4910 mortis
1264 4855 1383 4924 ejus
1401 4853 1529 4909 item
1546 4854 1886 4924 sonans,ait:
1915 4878 1971 4941 Β
1999 4863 2146 4905 nunc
2172 4847 2615 4941 ﬁeri-cernimus:
2650 4850 2776 4941 quia
2814 4867 2959 4924 serpe
2988 4855 3078 4927 qui
3109 4855 3293 4913 divina
3320 4857 3466 4931 loqui
3496 4875 3601 4933 ap-

290 4943 582 5016 Tanquam
593 4941 714 5000 ovis
727 4943 801 5000 ad
820 4943 1156 5000 occisionem
1175 4943 1434 5009 ducetur,
1452 4946 1511 4999 et
1527 4943 1689 5015 quasi
1707 4959 1891 5015 agnus

284 5030 573 5087 obmutuit
593 5031 784 5102 (Ibid.,
803 5032 880 5102 7).
901 5030 1171 5087 Citharam
1187 5029 1601 5088 resurrectionis
1625 5030 1800 5087 David
1815 5030 1892 5085 iu-

283 5119 662 5191 erepitans,ait
680 5138 692 5174 :
717 5121 1040 5178 Commovea
1047 5124 1142 5176 tur
1152 5136 1187 5176 α
1201 5121 1352 5191 facie
1363 5121 1484 5191 eius
1495 5121 1764 5177 universa
1785 5123 1893 5177 ter-

287 5222 366 5276 ra,
385 5209 571 5265 dicite
584 5207 1073 5283 ingentibus,un
1086 5209 1358 5266 Dominus
1376 5209 1634 5281 regnavit
1651 5225 1686 5265 α
1703 5209 1854 5282 tigno
1871 5227 1892 5266 :

285 5297 495 5352 etenim
507 5299 785 5369 fermavit
803 5299 986 5354 orbem
1011 5304 1198 5366 terra,
1213 5299 1312 5370 qui
1320 5313 1436 5354 non
1453 5297 1894 5356 commovebitur

287 5385 457 5453 (Paul.
493 5402 624 5454 xcv,
657 5387 770 5458 10).
805 5387 1074 5443 Citharam
1090 5385 1426 5442 ascensionis
1452 5385 1612 5441 etiam
1637 5394 1886 5458 tangens,

351 5610 431 5683 (α)
462 5609 651 5671 Vatic.
699 5619 758 5671 et
786 5609 978 5686 Gilot.,
1011 5609 1150 5674 bene
1177 5613 1391 5689 itaque.

1999 4945 2210 5011 petunt,
2262 4937 2331 4994 ab
2359 4938 2555 4995 eodem
2597 4940 2795 5012 spiritu
2825 4942 3003 5000 subito
3047 4944 3328 5015 docentur,
3369 4955 3425 5004 et
3453 4947 3600 5019 loqui

1998 5028 2202 5099 Optime
2229 5043 2292 5083 ea
2319 5027 2484 5084 etiam
2531 5034 2779 5100 possunt,
2811 5047 2934 5103 qua
2959 5031 3420 5103 praemeditatione
3451 5034 3599 5093 nulla

1997 5117 2254 5174 didicere.
2282 5117 2382 5174 Pro
2410 5117 2659 5175 custodia
2685 5119 2886 5192 quippe
2915 5120 3293 5177 mandatorum
3321 5122 3442 5193 Dei,
3471 5140 3597 5196 per-

1999 5206 2208 5280 cipiunt
2229 5207 2460 5280 gratiam
2482 5207 2636 5265 verbi
2664 5207 2720 5262 in
2740 5208 2962 5264 sublimi
2982 5208 3316 5267 revelatione
3355 5211 3595 5270 Redem-

1999 5297 2198 5367 ptoris.
2237 5296 2379 5366 Quid
2418 5297 2559 5353 enim
2593 5295 2820 5366 mirum,
2853 5297 2900 5353 si
2932 5297 3106 5354 lucem
3137 5298 3384 5357 scientiae
3411 5301 3596 5372 per-ci-

1997 5401 2132 5457 pere
2175 5387 2355 5443 subito
2402 5393 2644 5458 possunt,
2694 5387 2786 5459 qui
2815 5401 2916 5456 per
2952 5385 3077 5445 vite
3103 5386 3399 5459 puritatem
3438 5391 3598 5449 sedes
