4034 6174
242 292 332 351 297
1044 291 1118 349 IN
1155 293 1425 351 PRIMUM
1453 292 1697 353 REGUM
1727 292 2265 357 EXPOSI'I'IONES.
2294 332 2366 344 -
2394 300 2526 360 LIB.
2565 300 2655 363 IV.

3386 322 3488 377 298

242 436 430 475 sursum
462 419 598 473 videt
626 419 772 489 quod
798 419 1021 474 inferius
1067 420 1311 486 exhibet,
1371 420 1522 491 quasi
1577 420 1643 475 ad
1701 422 1810 477 alta
1840 429 1893 488 A
1923 426 2537 497 monesimpugnamus,
2570 446 2668 500 per
2696 432 3061 493 obedientiam
3091 440 3380 501 vincimus.
3422 446 3523 501 Vi-

241 510 548 575 sublevatur,
579 518 630 563 et
659 509 727 563 ad
757 510 866 563 ima
895 509 1200 580 deponitur.
1234 510 1375 564 Nam
1390 510 1535 582 quod
1559 510 1815 566 obedien-

241 608 306 654 tes
331 598 543 652 inferius
596 607 783 670 agunt,
839 615 1049 653 sursum
1109 599 1348 665 tollunt;
1409 600 1535 669 quia
1593 601 1812 669 quando

236 689 554 759 praelatorum
578 687 751 756 jussis
780 688 1064 751 obediunt,
1099 697 1309 743 terrena
1339 696 1462 741 sunt
1493 705 1614 759 quae
1672 705 1810 759 ope-

232 786 397 831 rantur
426 792 437 844 ;
470 777 563 830 sed
590 776 660 831 de
691 778 948 844 terrenis,
972 793 1094 847 qua:
1133 777 1355 844 faciunt,
1390 792 1627 847 superna
1660 794 1807 848 pra;—

234 867 327 921 mia
350 866 748 935 praestolamur.
817 868 949 919 Item
1002 866 1150 935 quod
1207 881 1427 920 sursum
1478 866 1702 930 habent,
1739 866 1809 922 ad

234 964 404 1010 terram
432 955 670 1024 ﬂectunt,
690 955 814 1025 quia
836 967 892 1009 ut
911 955 1048 1009 bene
1091 963 1300 1009 terrena
1330 963 1515 1025 agant,
1570 955 1807 1010 ccelestia

231 1045 654 1115 contemplantur,
687 1053 739 1098 et
766 1044 898 1097 illud
924 1043 1264 1098 solummodo
1304 1052 1618 1114 operantur,
1660 1044 1805 1113 quod

228 1149 427 1188 summae
463 1133 539 1186 illi
580 1132 824 1187 felicitati
870 1132 1161 1188 convenire
1219 1132 1582 1201 conspiciunt.
1654 1134 1805 1188 Hanc

228 1223 443 1294 profecto
462 1230 643 1276 rotam
672 1221 884 1276 ﬂectere
912 1221 1080 1292 Moysi
1126 1222 1394 1276 Dominus
1451 1222 1800 1291 praecipiens,

227 1313 285 1366 ait
299 1312 512 1367 :Omnia
521 1314 617 1381 fac
630 1313 1078 1367 sicutostensum
1092 1314 1176 1365 est
1192 1310 1299 1365 tibi
1321 1312 1382 1365 in
1399 1314 1587 1366 monte
1599 1311 1798 1380 (Exod.

224 1416 334 1465 xxv,
361 1401 471 1469 40).
496 1398 603 1468 Qui
630 1400 774 1454 enim
806 1400 861 1453 in
890 1400 1113 1453 summis
1146 1398 1299 1465 vidit,
1329 1398 1473 1471 quod
1506 1398 1634 1454 fecit
1653 1400 1703 1452 in
1727 1399 1802 1453 in-

224 1488 379 1542 timis:
406 1489 666 1542 nimirum
686 1488 1020 1557 superiorem
1050 1496 1182 1543 rotae
1212 1497 1422 1557 partem
1481 1488 1548 1543 ad
1604 1496 1799 1543 terram

222 1576 364 1631 ﬂexit.
395 1577 719 1631 Inferiorem
752 1592 971 1648 quoque
1001 1585 1210 1646 partem
1244 1577 1313 1630 ad
1370 1576 1649 1647 superiora
1697 1593 1798 1631 ex-

222 1666 403 1730 tulerat,
439 1666 533 1736 qui
559 1665 773 1720 dicebat
812 1681 825 1716 :
868 1665 1006 1720 Vivit
1045 1666 1311 1720 Dominus
1350 1666 1411 1721 in
1459 1666 1623 1735 cujus
1660 1681 1797 1721 con-

220 1760 387 1827 specta
414 1759 496 1810 sto
518 1754 629 1821 (III
643 1757 768 1844 Reg.
793 1769 927 1844 xvn,
964 1754 1033 1844 t).
1086 1755 1145 1844 in
1175 1754 1286 1808 imo
1337 1754 1559 1844 quidem
1618 1754 1797 1808 stabat
1825 1785 1879 1844 B

220 1860 300 1914 per
324 1844 679 1898 humilitatem
709 1842 1055 1911 obedientise,
1073 1842 1203 1896 dum
1231 1842 1347 1913 regi
1378 1841 1585 1911 perfido
1607 1858 1798 1912 expro-

219 1931 405 1997 braret;
435 1934 539 1987 sed
574 1932 852 2009 planitiem
879 1932 1058 2002 operis
1108 1930 1165 1985 in
1222 1930 1549 1985 sublimitate
1605 1931 1802 1985 extulit

220 2017 388 2070 divina:
414 2016 924 2085 contemplationis,
950 2024 1008 2069 ut
1056 2014 1204 2071 velut
1262 2022 1565 2071 currentem
1621 2023 1797 2070 rotam

219 2107 393 2175 Optime
422 2105 701 2173 volveret,
734 2105 866 2160 dum
895 2104 951 2159 in
982 2113 1191 2159 terreno
1213 2119 1397 2175 Opere,
1422 2103 1553 2176 quid
1574 2104 1797 2159 cmleste

217 2201 498 2259 mereretur,
532 2194 835 2263 aspiceret.
875 2194 1002 2248 Hzec
1036 2194 1282 2263 profecto
1309 2193 1483 2248 forma
1514 2193 1797 2249 estelectm

216 2282 546 2345 obedientia;
575 2291 633 2338 ut
661 2283 717 2338 in
747 2283 918 2349 omni,
950 2283 1094 2353 quod
1116 2281 1249 2338 foris
1264 2281 1494 2355 agimus,
1521 2282 1587 2336 ad
1609 2290 1796 2353 poten-

217 2373 321 2426 tiam
348 2372 659 2427 Conditoris
688 2371 885 2440 ubique
913 2379 1238 2441 prasentem
1277 2371 1648 2440 respiciamus.
1705 2371 1796 2426 Sic

214 2461 441 2515 nimirum
473 2461 529 2515 in
594 2460 904 2515 subditione
952 2459 1277 2515 obedientiae
1334 2467 1533 2515 nostrae
1592 2460 1795 2515 habere

212 2565 474 2620 possumus
505 2558 569 2605 et
596 2549 972 2604 rectitudinem
1012 2548 1211 2619 aperis,
1242 2556 1293 2603 et
1317 2548 1647 2604 incrementa
1689 2550 1791 2605 de-

212 2640 432 2697 votionis.
462 2639 626 2694 Βεειί
659 2638 881 2710 quidem
914 2645 1038 2693 tunc
1066 2654 1253 2692 sumus
1280 2653 1464 2708 opere,
1516 2638 1643 2707 quia
1692 2654 1792 2708 pro

211 2742 281 2798 eo,
310 2745 460 2800 quem
484 2728 794 2794 cernimus,
819 2744 923 2783 nos
952 2727 1007 2780 in
1036 2727 1224 2783 labore
1255 2727 1584 2783 obedientiae
1604 2714 1792 2783 -exer-«

209 2819 610 2873 cemes.Devoti
640 2816 810 2871 etiam
863 2832 1070 2881 sumus,
1133 2816 1257 2885 quia
1313 2815 1364 2870 ei
1418 2833 1519 2872 nos
1574 2816 1791 2886 placere

208 2906 468 2971 credimus,
534 2922 703 2977 quem
763 2905 1122 2976 inspectorem
1174 2913 1480 2960 nostrorum
1537 2905 1789 2960 laborum

210 2995 536 3060 attendimus,
567 3003 619 3048 et
649 2994 970 3065 largitorem
994 3002 1210 3048 aeterna
1268 2988 1660 3049 retributionis.
1720 2996 1790 3049 Et

207 3086 316 3152 quia
341 3085 613 3153 majorum
627 3083 859 3153 imperia
880 3082 1114 3153 perfecta
1135 3082 1429 3136 humilitate
1443 3082 1787 3138 observanda

1921 521 2095 569 ctores
2115 532 2245 587 ergo
2275 526 2416 581 sunt,
2450 519 2538 587 qui
2561 521 2837 592 obediunt,
2867 527 2993 595 quia
3022 529 3151 583 dum
3181 532 3518 591 voluntatem

1920 619 2068 691 suam
2102 604 2222 657 aliis
2256 606 2490 675 perfecte
2518 609 2829 679 subjiciunt,
2864 614 2968 685 ipsi
3015 617 3180 688 lapsis
3226 638 3325 691 per
3381 623 3521 680 obe-

1918 690 2174 746 dientiam
2204 694 2426 765 Angelis
2446 695 2811 755 dominantur.

1989 783 2081 835 22.
2122 781 2227 836 Sed
2260 784 2555 838 notandum
2578 796 2656 841 est
2687 789 2812 857 quia
2836 792 3056 849 Samuel
3086 801 3212 853 ante
3269 815 3330 854 se
3385 802 3518 858 Saul

1916 868 1969 921 in
2001 869 2233 937 Galgata
2263 871 2591 928 descendere
2620 878 2885 948 praecipit,
2911 882 3027 937 sine
3058 901 3118 939 se
3149 895 3329 942 autem
3389 906 3514 946 eum

1916 956 2111 1011 offerre
2143 959 2472 1016 oblationem
2497 971 2549 1017 et
2579 964 2829 1023 victimas
2874 969 3067 1025 noluit.
3133 974 3273 1028 Nam
3322 977 3459 1033 dixit
3497 995 3516 1037 :

1913 1042 2023 1133 Ego
2040 1043 2261 1133 quidem
2280 1045 2615 1103 descendam
2629 1050 2700 1104 ad
2728 1055 2780 1106 te
2805 1057 2871 1107 ut
2909 1054 3109 1123 oﬁ‘eras
3153 1059 3513 1133 oblationem,

1912 1132 1969 1182 et
1990 1130 2250 1187 immoles
2280 1135 2541 1190 victimas
2572 1140 2855 1207 paciﬁcus.
2886 1139 3123 1214 Septem
3148 1146 3341 1204 diebus
3376 1130 3514 1207 ears;-

1907 1221 2156 1289 pectabis
2186 1237 2295 1292 me,
2310 1223 2483 1279 donec
2502 1228 2722 1281 veniam
2743 1227 2820 1283 ad
2849 1235 2923 1295 te,
2952 1237 3010 1288 et
3055 1236 3350 1293 ostendam
3401 1242 3513 1296 tibi

1910 1323 2032 1378 qua:
2048 1310 2265 1377 facias.
2306 1311 2447 1378 Quid
2477 1317 2560 1367 est
2592 1316 2693 1370 hoc
2714 1317 2812 1371 nisi
2847 1319 2974 1388 quia
3004 1320 3119 1391 ipsa
3148 1323 3294 1379 bona
3324 1336 3511 1383 nostra

1911 1403 1963 1450 et
1993 1395 2246 1464 ignorare
2268 1401 2561 1471 sapienter,
2587 1410 2640 1457 et
2678 1405 2815 1460 scire
2846 1408 3143 1478 aliquando
3175 1414 3377 1469 utiliter
3404 1416 3508 1472 de-

1910 1482 2147 1541 bemus?
2178 1489 2491 1557 Ignorauda
2522 1492 2743 1562 quidem
2774 1504 2917 1563 sunt,
2952 1513 3018 1552 ne
3072 1498 3302 1556 inﬁrmis
3348 1506 3507 1561 nobis

1909 1571 2195 1628 elationem
2218 1575 2499 1644 prmbeant
2528 1595 2541 1632 :
2575 1581 2671 1635 sed
2720 1597 2752 1636 a
2808 1585 3224 1653 perfectioribus
3282 1590 3507 1651 scienda

1908 1667 2054 1727 sunt,
2088 1669 2143 1715 ut
2172 1679 2268 1732 per
2323 1664 2669 1723 devotionem
2727 1681 2990 1727 crescant.
3050 1675 3203 1731 Unde
3258 1687 3313 1733 et
3366 1680 3508 1741 bene

1908 1746 1963 1801 in
1995 1750 2290 1822 Evangelio
2310 1753 2377 1806 de
2398 1754 2679 1811 Elisabetli
2706 1769 3018 1831 praegnante
3054 1764 3266 1820 dicitur:
3301 1768 3370 1824 Et
3409 1784 3506 1827 oc-

1908 1838 3028 1917 cultabatsemensibusquinque(Luc.1,
3059 1853 3172 1923 24).
3206 1854 3311 1922 Qui
3352 1860 3503 1916 enim

1908 1926 2214 2019 spirituales
2243 1945 2306 1983 ac
2336 1929 2502 1985 fortes
2533 1948 2650 1987 esse
2682 1946 2954 2008 nequeunt
2983 1940 3182 2009 adhuc,
3225 1961 3324 2015 per
3378 1949 3504 2019 qui-

1907 2014 2123 2068 narium
2155 2033 2435 2072 numerum
2467 2019 2839 2091 designantur.
2874 2025 3007 2094 Quae
3056 2014 3239 2085 autem
3290 2014 3504 2093 noviter

1905 2103 2163 2173 concipit,
2197 2106 2433 2177 quinque
2463 2124 2523 2163 se
2550 2111 2826 2167 mensibus
2855 2115 2995 2170 celat
3028 2134 3040 2171 :
3073 2118 3196 2189 quia
3227 2136 3327 2189 per
3380 2141 3500 2181 sen-

1902 2206 1993 2244 sus
2022 2193 2266 2263 corporis
2285 2193 2427 2250 bona
2449 2197 2591 2268 agit:
2612 2199 2706 2254 sed
2728 2202 2857 2271 quia
2876 2204 3172 2274 spiritualis
3189 2224 3252 2265 ac
3275 2211 3427 2267 fortis
3444 2215 3501 2272 in

1903 2278 2005 2333 hoc
2021 2280 2164 2337 bono
2181 2298 2347 2352 opere
2371 2286 2612 2340 nondum
2638 2295 2945 2362 est,eaquae
2963 2294 3364 2367 agitsapienter
3375 2301 3501 2357 abs-

1901 2368 2109 2423 condit.
2161 2370 2254 2425 Ille
2301 2387 2432 2444 ergo
2491 2374 2741 2432 victimas
2795 2379 2932 2443 Deo.
2990 2382 3084 2438 ille
3161 2385 3498 2447 oblationem

1900 2455 2073 2525 oﬂ‘ert,
2116 2458 2205 2527 qui
2262 2469 2470 2532 septem
2526 2462 2723 2520 diebus
2783 2479 3102 2539 exspectans
3160 2474 3492 2551 venientem,

1898 2547 2217 2638 prophetam
2241 2550 2434 2620 recipit
2467 2569 2478 2605 :
2504 2553 2631 2623 quia
2660 2561 2786 2610 tunc
2816 2556 2929 2613 Deo
2960 2559 3183 2631 dignum
3217 2572 3302 2619 est
3352 2547 3499 2638 quod

1897 2634 2184 2705 impendit,
2217 2653 2338 2692 cum
2363 2638 2687 2709 impendens
2702 2644 2876 2712 justus
2898 2654 2977 2703 est
3006 2649 3199 2706 virtute
3224 2634 3495 2713 obedien-

1900 2722 2007 2791 tim,
2040 2732 2092 2778 et
2121 2725 2322 2782 divina}
2352 2727 2729 2786 immensitatis
2785 2736 3217 2795 consideratione
3274 2744 3492 2801 timoru-

1898 2817 2018 2877 tus;
2047 2829 2168 2903 cum
2192 2830 2250 2868 se
2281 2815 2427 2869 aliud
2459 2832 2579 2873 esse
2600 2835 2707 2875 non
2736 2822 2928 2892 credit,
2960 2826 3061 2880 nisi
3104 2830 3253 2898 quod
3311 2834 3496 2903 majo-

1896 2915 2014 2990 rum
2036 2902 2353 2970 probatione
2384 2908 2682 2978 cognoscit.
2715 2909 2875 2978 Quasi
2895 2914 3059 2983 enim,
3083 2928 3350 2986 praesente
3368 2902 3493 2990 piro-

1894 2989 2075 3058 pheta,
2108 2989 2404 3059 offerimus,
2447 2997 2663 3065 quando
2691 2999 2781 3053 illa
2809 3001 3150 3059 solummodo
3182 3021 3346 3077 Opera
3368 2989 3493 3066 ἧλος)⁴

1895 3084 1975 3131 tra
2005 3078 2167 3150 digna
2191 3096 2307 3135 esse
2336 3082 2521 3138 divina
2544 3087 2878 3155 susceptione
2893 3092 3186 3163 credimus,
3203 3112 3324 3166 quae
3337 3114 3493 3157 sanc-

206 3142 325 3239 sunt,
357 3142 491 3228 behe
524 3173 660 3228 Saul
691 3142 894 3226 dicitur
908 3186 921 3224 :
942 3172 1165 3242 Septem
1183 3171 1375 3227 diebus
1407 3174 1778 3243 exspectabis.

1898 3173 2065 3221 torqu
2099 3169 2515 3238 praedicatorum
2531 3142 2734 3243 judicio
2759 3142 3234 3247 comprobantur?l
3255 3142 3495 3259 Iit'q‘ui'a

206 3260 520 3331 Septenarius
558 3261 763 3331 quippe
788 3276 1041 3315 numerus
1060 3268 1283 3331 pr0pter
1295 3260 1435 3315 dona
1455 3262 1785 3331 septiformis

203 3349 403 3419 Spiritus
429 3360 537 3406 est.
578 3352 797 3421 Septem
827 3350 1017 3405 diebus
1045 3350 1297 3406 doctores
1344 3350 1604 3406 Ecclesiae
1652 3369 1782 3407 exs-

204 3447 475 3512 pectamus,
511 3439 741 3511 quando
772 3455 874 3509 per
894 3439 1142 3494 virtutem
1168 3439 1498 3509 septiformis
1522 3440 1779 3510 Spiritus,

204 3534 371 3583 tantam
401 3530 618 3583 intima}
640 3528 943 3583 devotionis
979 3528 1279 3584 claritatem
1326 3528 1669 3597 suscipimus,
1718 3537 1781 3585 ut

202 3630 354 3671 eorum
370 3625 652 3689 praecepta
674 3616 1359 3688 nullatenusnegligamus.
1377 3601 1538 3667 245
1571 3617 1690 3686 Quo
1724 3619 1781 3672 in

200 3702 299 3761 loco
322 3708 627 3761 notandum
649 3714 751 3773 est,
785 3706 910 3777 quia
932 3722 1041 3760 non
1072 3706 1209 3760 dixit
1248 3724 1262 3759 :
1309 3705 1526 3773 Septem
1585 3706 1780 3762 diebus

200 3793 285 3848 eris
309 3795 357 3849 in
386 3796 651 3867 Galgata,
675 3795 772 3850 sed
796 3812 806 3848 :
830 3797 1050 3866 Septem
1068 3795 1258 3851 diebus
1287 3796 1640 3866 exspectabis
1664 3812 1774 3861 me,

197 3888 458 3956 postquam
476 3885 839 3941 descenderis
856 3889 991 3939 ante
1022 3900 1129 3939 me.
1177 3886 1311 3939 Ante
1361 3884 1777 3954 praedicatorem

199 3969 570 4041 descendimus,
595 3973 811 4042 quando
851 3975 954 4029 hoc
983 3972 1220 4044 agimus,
1244 3974 1389 4044 quod
1446 3973 1564 4042 ejus
1620 3973 1779 4029 nobis

193 4056 369 4125 judicio
398 4063 717 4132 imperatur.
751 4062 899 4116 Tunc
929 4062 1151 4131 quidem
1181 4061 1507 4117 descendere
1528 4061 1774 4131 dicimur,

196 4149 297 4216 quia
331 4156 543 4206 mentes
599 4159 813 4205 nostras
857 4166 1044 4206 eorum
1099 4150 1331 4221 imperio
1384 4150 1765 4222 subjugamus.

195 4234 383 4306 Septem
415 4255 548 4295 vero
581 4238 780 4293 diebus
810 4247 1133 4309 exspectare
1163 4248 1243 4294 est
1270 4239 1471 4295 bonum
1503 4239 1773 4294 obedien-

192 4323 261 4379 tiaa
286 4327 422 4381 omni
450 4328 579 4383 luce
608 4327 789 4382 cordis
818 4326 1062 4398 implere.
1088 4325 1250 4395 Quod
1276 4335 1402 4383 tunc
1446 4336 1590 4382 certe
1646 4328 1771 4400 agi-

190 4426 287 4466 mus
321 4416 536 4484 quando
569 4415 838 4484 majorum
870 4416 1119 4470 mandata
1163 4432 1265 4470 nec
1306 4416 1444 4470 dura
1485 4431 1587 4471 nec
1630 4416 1772 4471 levia

1891 3270 2072 3346 coram
2092 3259 2352 3327 pr0pheta
2369 3259 2653 3317 immolare
2667 3263 2879 3334 dicitur,
2898 3269 2998 3323 hoc
3012 3270 3254 3339 profecto
3272 3274 3486 3346 signat:

1892 3344 2017 3414 quia
2042 3346 2491 3419 Operibus[Forte
2522 3352 2581 3406 in
2604 3354 2881 3427 operibus]
2901 3358 3102 3413 nostris
3151 3344 3488 3431 sapiedtibus

1890 3440 2050 3502 atque
2079 3435 2449 3504 spiritualibus
2479 3439 2604 3493 viris
2633 3443 2850 3498 credere
2870 3445 3149 3502 debemus.
3175 3448 3313 3518 Quia
3358 3454 3488 3510 item

1888 3528 2092 3589 septem
2123 3522 2313 3579 diebus
2361 3535 2642 3597 exspectat
2696 3530 2846 3600 Saul,
2906 3536 3232 3603 praedicator
3278 3548 3485 3601 sanctas

1888 3607 2145 3665 Ecclesia:
2172 3612 2425 3703 virtutem
2452 3615 2680 3686 subjecti
2703 3619 2991 3690 disponere
3005 3626 3280 3696 sapienter
3299 3630 3479 3703 debet,

1887 3705 1945 3751 ut
1973 3712 2155 3753 coram
2188 3716 2252 3756 eo
2273 3701 2417 3757 bona
2446 3704 2564 3773 ejus
2592 3721 2699 3761 non
2728 3707 2912 3764 laudet
2940 3711 3043 3765 nisi
3066 3718 3285 3784 quando
3307 3701 3484 3778 laudis

1887 3801 1997 3841 suae
2027 3796 2374 3845 contemnere
2430 3790 2666 3848 favorem
2723 3805 2917 3866 potest.
2969 3801 3122 3857 Unde
3179 3813 3231 3860 et
3287 3808 3482 3865 eadem

1886 3874 2085 3928 oblatio
2143 3884 2196 3931 et
2253 3879 2487 3935 victimas
2541 3881 2657 3937 Deo
2690 3884 2766 3954 (α)
2810 3885 2988 3943 oﬂ'erri
3035 3906 3064 3944 a
3112 3892 3238 3948 Saul
3292 3897 3483 3965 praedi-

1886 3971 2097 4058 cuntur,
2131 3969 2186 4019 et
2216 3982 2323 4020 non
2353 3967 2479 4021 sibi.
2512 3969 2627 4024 Deo
2658 3973 2856 4044 quippe
2887 3976 3133 4034 victimas
3153 3980 3326 4050 oﬁ'crt,
3387 3985 3482 4058 qui

1884 4051 1951 4105 de
1982 4052 2176 4107 virtute
2207 4069 2370 4123 quam
2394 4056 2553 4110 habet
2600 4057 2832 4114 inaniter
2880 4080 2988 4119 non
3036 4070 3329 4139 extollitur,
3382 4051 3480 4132 sed

1882 4154 2040 4195 omne
2063 4140 2207 4212 quod
2244 4141 2448 4212 perficit
2500 4147 2694 4217 gratiae
2751 4150 2942 4205 tribuit
2988 4156 3305 4214 conditoris.
3362 4162 3480 4220 Hoc

1881 4228 2065 4293 etiam,
2083 4230 2211 4299 quia
2225 4230 2515 4287 doctorum
2534 4234 2843 4307 magisterio
2861 4239 3139 4309 discimus,
3175 4245 3309 4302 bene
3368 4250 3478 4306 Sa-

1881 4318 2023 4371 muel
2042 4334 2356 4374 sermonem
2370 4322 2718 4390 concludens,
2722 4326 2812 4410 ait
2825 4344 2837 4380 ε
2843 4330 2914 4410 Et
2927 4333 3223 4390 ostendam
3239 4338 3340 4392 tibi
3353 4356 3478 4410 qua:

1878 4406 2081 4474 facias.
2113 4408 2450 4478 Exspectanti
2473 4412 2692 4480 quidem
2719 4400 2882 4467 246
2901 4435 3022 4490 quae
3039 4400 3473 4491 faciat,indicat:

186 4504 527 4568 premimus.
570 4504 795 4559 Nullam
825 4503 1024 4573 quippe
1053 4503 1263 4558 dierum
1296 4503 1365 4557 ab
1385 4504 1621 4559 hacluce
1665 4521 1760 4560 va-
1794 4498 1846 4558 1)
1875 4495 2099 4584 quando
2122 4496 2187 4561 is,
2212 4497 2791 4567 quiperlecteobedire
2824 4509 3188 4578 cognoscitur,
3249 4516 3479 4584 qualiter

185 4598 370 4645 cantem
399 4593 671 4649 Dominus
698 4609 820 4649 esse
842 4592 1078 4659 volebat,
1114 4600 1316 4661 quanto
1336 4592 1552 4647 dicebat
1588 4610 1601 4648 :
1664 4593 1769 4660 Qui

188 4679 384 4736 solverit
402 4698 587 4737 unum
604 4683 670 4737 de
694 4682 980 4736 mandatis
997 4682 1124 4736 istis
1138 4682 1415 4745 minimis,
1443 4686 1498 4737 et
1513 4681 1769 4738 docuerit

184 4767 827 4835 sichomines,minimus
852 4770 1141 4825 vocabitur
1176 4772 1237 4824 in
1284 4786 1455 4840 regno
1499 4772 1765 4826 calorum

186 4854 379 4921 (Natta.
398 4862 583 4927 v,19).
609 4860 675 4913 Et
690 4860 815 4930 quia
829 4858 1063 4928 perfecta
1080 4859 1391 4913 obedientia
1421 4876 1579 4930 quam
1596 4859 1766 4915 homi-

186 4944 320 4999 nibus
346 4947 671 5001 exhibemus
707 4964 901 5001 munus
930 4956 1010 5002 est
1056 4947 1362 5016 Creatoris;
1413 4948 1503 5020 qui
1552 4957 1763 5017 septem

188 5028 350 5087 diebus
376 5043 657 5104 exspectat
676 5035 1007 5090 oblationem
1025 5034 1216 5091 offerre
1233 5036 1429 5091 dicitur
1447 5044 1498 5091 et
1515 5036 1765 5108 pacificas

185 5118 403 5177 victimas
427 5125 730 5179 immolare.
764 5123 980 5179 Oblatio
1010 5124 1229 5194 quidem
1260 5125 1469 5181 Domini
1501 5134 1579 5181 est
1635 5127 1765 5195 quia

186 5204 470 5265 hominibus
501 5229 597 5282 pro
629 5214 744 5268 Deo
780 5211 1025 5281 offertur,
1058 5214 1154 5269 sed
1185 5214 1370 5269 oblata
1395 5215 1704 5270 hominibus
1732 5232 1765 5270 a

186 5293 281 5352 Deo
297 5300 604 5369 suscipitur.
630 5302 877 5357 Victimae
908 5310 1034 5358 sunt
1062 5303 1328 5374 obsequia
1368 5304 1758 5373 obedientium,

186 5384 291 5453 quia
308 5403 424 5442 cum
451 5389 766 5446 hominibus
794 5406 897 5462 pro
936 5392 1052 5447 Deo
1097 5391 1438 5462 subjicimur,
1498 5392 1764 5464 superbos

183 5473 380 5544 spiritus
405 5493 749 5549 superamus.
783 5480 1010 5539 Caeteris
1040 5481 1258 5554 quidem
1304 5480 1591 5542 virtutibus
1644 5482 1762 5545 daa-

235 5620 301 5697 (a)
331 5620 522 5691 Gilot.,
544 5624 807 5699 o/ferre...
834 5628 1205 5703 praedicetur.

363 5722 608 5788 Panos.
646 5725 896 5790 LXXIX.

1876 4583 2149 4651 imperare
2167 4584 2287 4638 aliis
2308 4586 2521 4655 debeat,
2555 4590 2829 4647 edocetur.
2865 4595 2969 4649 Sed
2990 4596 3130 4654 istud
3146 4583 3278 4656 Saul
3295 4604 3478 4664 adhuc

1873 4685 1982 4725 non
1999 4673 2299 4742 exhibetur,
2324 4675 2418 4729 sed
2440 4679 2784 4746 promittitur.
2810 4684 2931 4738 Non
2962 4687 3104 4741 enim
3136 4690 3362 4748 mittitur
3404 4696 3477 4754 ad

1872 4757 2286 4828 immolandum,
2317 4764 2413 4817 sed
2435 4765 2503 4819 ad
2535 4772 2992 4838 exspectandum.
3028 4777 3096 4832 Ut
3128 4781 3251 4848 quia
3306 4798 3473 4840 sanc-

1874 4855 2047 4903 torum
2076 4850 2434 4908 collocatione
2466 4855 2796 4928 proficimus,
2830 4871 2956 4931 apte
2985 4863 3194 4921 illatum
3227 4878 3329 4924 est.

1942 4938 2113 5006 (Vers.
2150 4940 2224 5009 9.)
2246 4941 2599 5030 ltaque,cum
2620 4949 2919 5006 avertisset
2938 4953 3240 5011 humerum
3275 4975 3464 5030 suum,

1872 5029 1938 5081 ut
1965 5027 2147 5082 abiret
2174 5045 2207 5083 a
2231 5026 2518 5099 Samuele,
2535 5034 2862 5093 immutauit
2880 5043 2932 5096 ei
2950 5043 3092 5097 Deus
3110 5058 3205 5097 cor
3233 5047 3416 5105 aliud.

1944 5118 2031 5209 ἓξ.
2067 5117 2340 5209 ϐοπᾷξηίιη
2362 5121 2509 5175 aliud
2530 5123 2861 5195 immutatur,
2896 5131 3110 5199 quando
3178 5134 3245 5187 ad
3295 5151 3473 5209 appe-

1872 5205 2034 5259 tenda
2089 5207 2316 5263 meliora
2369 5210 2668 5282 dirigitur;
2729 5231 2823 5271 cor
2885 5219 3045 5272 etiam
3101 5205 3468 5301 immutatur;

1872 5294 2090 5388 quando
2131 5295 2198 5351 ad
2241 5297 2440 5352 malum
2498 5301 2776 5357 deseritur.
2837 5305 2893 5359 In
2951 5306 3078 5361 Saul
3136 5319 3310 5368 autem
3379 5294 3472 5388 qui

1871 5385 2031 5474 prius
2074 5384 2264 5455 bonus,
2317 5396 2507 5458 postea
2560 5391 2735 5446 malus
2783 5391 2902 5459 fuit,
2957 5398 3233 5467 quomodo
3289 5384 3471 5474 potius

1871 5472 2100 5550 intelligi
2120 5475 2186 5532 ad
2207 5475 2761 5538 Iitteramdabeatuon
2772 5480 2929 5545 valde
2943 5483 3150 5546 clarum
3169 5497 3266 5548 est.
3285 5472 3388 5552 Sed
3420 5495 3465 5563 si

2902 5743 2976 5829 Ν
