4034 6174
506 324 611 382 299

1716 296 1963 362 SANCTI
1993 292 2333 358 GREGORII
2357 288 2587 353 MAGNI

3668 301 3759 362 300

503 450 747 522 profectu
772 447 891 518 ejus
912 444 1127 509 dicitur,
1151 454 1244 497 cor
1261 436 1602 494 immutatum
1649 430 1904 496 habebat,
1965 426 2093 497 quia
2118 426 2176 488 Α
2206 423 2399 478 viderit
2426 425 2480 477 in
2513 422 2705 478 virtute
2732 421 3100 492 perfectionis.
3142 420 3381 478 Primum
3412 438 3538 497 ergo
3566 427 3765 499 signum

506 517 597 610 qui
652 517 834 593 asinas
890 531 1195 605 quaesierat,
1246 529 1364 598 jam
1420 524 1487 578 de
1543 519 1696 591 regni
1742 517 2096 589 dispositione

500 607 792 700 cogitabat.
827 624 888 680 Si
919 639 1047 679 vero
1074 620 1276 675 malum
1306 631 1400 671 cor
1429 620 1553 667 tunc
1582 607 1849 678 recepisse
1861 620 2096 677 cognos-

498 692 654 785 citur,
684 730 866 771 coram
893 713 1156 783 propheta
1202 703 1423 761 humilis
1479 700 1621 755 fuit:
1675 696 1769 752 sed
1820 702 1876 749 ut
1932 692 2096 764 cmpit

502 804 806 871 discedere,
832 801 1036 873 pariter
1063 796 1227 868 ccepit
1249 798 1302 850 et
1327 788 1627 862 superbire.
1661 788 1721 840 In
1764 791 1943 839 mente
1997 797 2094 836 sua

498 897 613 968 jam
644 910 753 950 non
783 872 902 947 esse
930 887 1211 961 parvulum
1231 882 1328 939 sed
1349 895 1540 951 regem
1570 875 1863 947 cogitabat.
1897 872 2094 928 Adhuc

501 961 612 1040 non
641 990 755 1039 erat
779 977 1027 1035 sublimis
1054 976 1271 1040 ordine,
1311 970 1406 1026 sed
1436 975 1548 1024 erat
1574 963 1819 1020 sublimis
1849 961 2093 1016 aestima-

502 1075 664 1131 tione.
698 1069 805 1126 Sed
837 1068 965 1141 quia
992 1081 1088 1138 per
1113 1065 1258 1119 hanc
1298 1073 1510 1115 sacram
1571 1052 1877 1141 historiam,
1910 1048 2094 1103 adhuc

502 1166 573 1221 de
602 1163 721 1233 ejus
758 1138 1011 1230 superbia
1049 1160 1232 1225 aperte
1283 1147 1417 1205 nihil
1475 1143 1691 1211 dicitur,
1749 1138 1950 1196 rectius
1993 1151 2093 1191 nos

505 1227 720 1325 quoque
748 1227 987 1321 agimus,
1027 1246 1074 1299 si
1133 1241 1312 1297 iterim
1364 1234 1509 1309 quod
1565 1233 1633 1288 de
1690 1245 1756 1286 eo
1813 1227 2093 1324 sinistrum

500 1315 671 1402 videri
698 1315 881 1413 potest
904 1334 1220 1391 reticemus.
1259 1326 1420 1397 Quod
1447 1338 1584 1379 vero
1628 1320 1806 1375 adhuc
1857 1315 2093 1413 manenti

502 1433 616 1501 ejus
635 1403 958 1484 innocentiae
987 1419 1273 1492 suffragari
1299 1421 1495 1487 potest,
1520 1413 1573 1466 in
1594 1406 1939 1480 sequentibus
1953 1403 2094 1460 dici-

502 1499 619 1577 tur:
656 1517 793 1587 Quia
813 1515 964 1585 ﬁlius
980 1512 1152 1568 unius
1180 1506 1323 1563 anni
1361 1506 1486 1560 erat
1517 1499 1673 1563 Saul,
1706 1514 1834 1553 cum
1858 1508 2096 1565 regnare

501 1584 837 1680 cepissenet
852 1600 1062 1658 duobus
1075 1599 1245 1653 annis
1258 1593 1536 1666 regnavit,
1551 1603 1719 1680 super
1730 1584 1953 1680 lar-astu
1964 1584 2027 1680 Ite
2038 1599 2092 1654 g.

501 1670 620 1765 xui,
653 1695 726 1766 1).
760 1670 817 1750 Si
847 1690 994 1747 enim
1023 1686 1235 1743 duobus
1262 1681 1417 1739 annis
1438 1677 1658 1734 humilis
1679 1690 1772 1729 rex
1798 1672 1926 1738 fuit,
1986 1670 2095 1724 im-

2203 514 2355 584 prius
2385 516 2591 567 attente
2621 512 2936 581 conspiciat,
2982 510 3234 567 videlicet
3274 511 3319 565 si
3365 515 3605 583 exemplo
3632 516 3765 572 viro-

2201 618 2318 656 rum
2350 601 2515 656 salire
2539 602 2656 671 jam
2700 617 2928 674 magnas
2959 600 3146 655 foveas
3176 600 3329 654 sciat.
3359 600 3593 672 Sequens
3619 606 3768 660 etiam

2202 690 2420 762 signum
2451 699 2765 762 cognoscat,
2809 690 2851 744 si
2883 690 2951 744 ad
2985 705 3241 759 quercum
3271 690 3484 745 Thabor
3511 698 3617 747 tres
3640 694 3772 750 viros

2201 780 2392 835 obvios
2419 779 2623 848 habuit,
2658 794 2796 851 quos
2827 779 3009 833 haedos
3037 783 3091 832 et
3122 778 3278 849 panis
3298 786 3462 833 tortas
3490 788 3693 850 portare
3718 782 3769 837 in

2201 869 2387 924 Bethel
2417 869 2485 922 ad
2516 869 2737 923 domum
2769 867 2990 922 Domini
3020 867 3177 935 vidit,
3229 866 3274 921 si
3323 882 3489 937 panes
3543 869 3672 924 duos
3711 869 3774 926 de

2201 973 2386 1013 eorum
2419 957 2666 1011 manibus
2694 955 3198 1028 acceptit.Tertium
3228 955 3570 1011 nihilominus
3590 958 3771 1028 videat,

2199 1046 2244 1100 si
2274 1046 2342 1100 ad
2371 1046 2566 1100 collem
2598 1045 2815 1100 Domini
2865 1044 3033 1113 venit,
3085 1044 3128 1098 si
3177 1045 3552 1115 prophetantes
3592 1061 3775 1101 cuneos

2201 1135 2428 1206 aspexit,
2461 1134 2506 1188 si
2534 1134 2589 1189 in
2620 1150 2745 1190 eum
2775 1133 2997 1204 spiritus
3033 1132 3253 1188 Domini
3282 1132 3505 1188 insilivit
3531 1141 3581 1189 et
3607 1134 3659 1188 in
3684 1150 3774 1191 eo-

2200 1240 2318 1279 rum
2348 1223 2529 1278 medio
2558 1225 2882 1294 prophetare
2904 1221 3022 1292 jam
3066 1222 3255 1291 possit.
3301 1222 3369 1277 Et
3406 1220 3552 1277 viros
3579 1222 3780 1294 quidem

2201 1311 2455 1368 salientes
2482 1312 2667 1367 foveas
2689 1311 2839 1379 vidit,
2871 1312 2918 1365 si
2948 1310 3315 1381 perfectorum
3341 1310 3586 1380 exemplo
3613 1312 3781 1367 omnia

2202 1401 2388 1458 saeculi
2421 1401 2696 1456 confutare
2720 1401 2833 1471 jam
2891 1399 3095 1455 didicit.
3150 1400 3232 1454 Ad
3291 1415 3543 1470 quercum
3588 1399 3784 1456 Thabor

2204 1491 2367 1560 venit,
2427 1491 2473 1545 si
2536 1489 2967 1561 contemplativa
3020 1488 3144 1545 vitm
3211 1489 3578 1544 fortitudinem
3632 1492 3782 1560 atque

2203 1580 2571 1635 amoenitatem
2602 1578 2831 1650 experiri
2868 1579 2984 1648 jam
3027 1578 3196 1633 novit.
3230 1578 3289 1632 In
3320 1592 3430 1650 qua
3459 1585 3508 1632 et
3536 1577 3712 1633 haedos
3737 1584 3787 1633 et

2205 1669 2359 1740 panis
2388 1676 2556 1724 tortas
2604 1675 2656 1723 et
2704 1668 2894 1721 vinum
2939 1667 3011 1721 ad
3057 1666 3350 1722 Dominum
3395 1670 3665 1737 portantes
3700 1681 3783 1721 as-

497 1754 765 1844 mutatum
796 1780 845 1836 ei
871 1794 963 1835 cor
997 1774 1257 1832 asseritur
1284 1786 1381 1844 pro
1405 1769 1594 1838 vigore
1636 1760 1923 1835 propositi,
1982 1774 2092 1814 non
2122 1787 2176 1848 Β
2210 1757 2374 1829 pexit,
2408 1758 2535 1829 quia
2564 1757 2634 1812 ab
2672 1755 3007 1812 amatoribus
3044 1755 3169 1812 vitae
3215 1754 3643 1825 contemplativa:
3682 1756 3786 1824 jam

499 1891 597 1949 pro
608 1870 849 1929 novitate
862 1865 1113 1923 tumoris.
1128 1865 1187 1918 In
1210 1876 1274 1917 eo
1287 1873 1422 1931 ergo
1454 1855 1596 1928 quod
1617 1853 1956 1908 immutatum
1992 1863 2096 1949 cor

502 1938 635 2021 Saul
661 1961 863 2016 habere
884 1955 1103 2020 dicitur,
1120 1950 1275 2007 novis
1296 1942 1738 2020 prmdicatoribus
1763 1946 1962 1995 sanctae
1992 1938 2093 1991 Ec-

499 2048 679 2109 clesia:
708 2046 1005 2113 simulatur,
1022 2041 1247 2112 quicum
1270 2035 1515 2093 ordinem
1531 2027 1936 2103 praedicationis
1947 2024 2093 2081 acci-

500 2142 673 2216 piunt,
691 2154 790 2211 per
819 2112 1053 2191 divinam
1096 2127 1331 2202 gratiam
1374 2122 1630 2179 meliores
1673 2118 1828 2173 ﬁunt.
1878 2112 2096 2215 Samuel

504 2205 708 2302 quippe
727 2224 853 2282 Saul
874 2219 1246 2294 inprincipem
1282 2212 1455 2281 unxit,
1487 2210 1640 2265 Deus
1683 2214 1865 2263 autem
1914 2205 1964 2260 ei
1997 2218 2098 2259 cor

500 2298 984 2375 aliudﬁimmutavit,
1020 2307 1145 2379 quia
1166 2317 1445 2361 sacrorum
1466 2298 1727 2355 ordinum
1759 2298 2098 2350 sacramenta

500 2407 570 2464 ab
590 2403 847 2462 Ecclesiae
864 2397 1177 2455 doctoribus
1189 2392 1318 2449 foris
1330 2387 1649 2459 accipimus,
1673 2383 1771 2439 sed
1792 2396 2098 2437 sacramen-

502 2505 675 2553 torum
703 2492 896 2548 virtute
913 2486 982 2542 ab
995 2482 1363 2553 omnipotente
1378 2476 1493 2532 Deo
1514 2473 1736 2529 interius
1755 2471 2093 2527 roboramur.

497 2585 680 2640 Virtus
706 2593 837 2635 vero
867 2569 1191 2632 sacramenti
1222 2567 1397 2641 gratia
1416 2571 1495 2620 est
1510 2562 1726 2634 spiritus
1747 2557 2095 2630 septiformis.

505 2672 679 2741 Quam
706 2675 849 2724 certe
878 2662 1110 2738 gratiam
1141 2658 1232 2731 qui
1257 2654 1550 2726 accipiunt,
1584 2648 1856 2721 quasialio
1878 2653 2099 2716 accepto

506 2733 670 2817 gorde
698 2733 1067 2813 immutantur,
1102 2747 1227 2819 quia
1256 2760 1392 2818 quos
1422 2741 1597 2814 gratia
1616 2754 1708 2793 sua
1727 2743 1946 2792 sanctus
1969 2733 2100 2804 Spi—

504 2850 636 2908 ritus
654 2847 892 2910 roborat,
916 2856 1033 2897 esse
1064 2853 1158 2894 eos
1188 2834 1317 2891 facit
1348 2831 1594 2903 protinus
1624 2828 1768 2900 quod
1794 2830 2093 2880 nouerant.

509 2944 600 3002 Sic
629 2940 878 2997 nimirum
893 2943 945 2992 et
956 2928 1334 3002 Redemptoris
1348 2924 1597 2996 discipuli
1617 2929 1741 2977 ante
1754 2918 2066 2975 metuebant
2084 2934 2097 2979 ;

508 3032 606 3089 sed
633 3030 725 3086 ubi
756 3043 852 3100 per
879 3025 1175 3080 adventum
1212 3017 1385 3073 sancti
1418 3013 1653 3084 Spiritus
1695 3026 1789 3065 cor
1824 3008 1969 3062 aliud
2026 3005 2104 3061 eis

506 3094 846 3178 immutatum
876 3121 973 3179 est,
1006 3109 1233 3166 verbum
1253 3105 1349 3161 Dei
1365 3120 1488 3159 curn
1516 3094 2103 3197 ﬁduciaprzedicabant
2130 3143 2181 3207 Ο

513 3212 659 3281 (Act.
691 3222 766 3277 tv,
801 3204 910 3273 31).
938 3199 1096 3256 Aliud
1125 3195 1327 3269 quippe
1356 3194 1500 3281 Deus
1531 3205 1628 3245 cor
1657 3188 1735 3281 eis
1778 3183 2099 3281 immutavit,

512 3272 707 3373 quibus
737 3272 1046 3365 linguarum
1077 3286 1320 3342 omnium
1340 3280 1587 3353 peritiam
1646 3275 1826 3331 tribuit
1851 3272 2018 3373 .(Act:
2043 3288 2104 3341 ιι,

512 3362 590 3460 ἑ).
624 3383 789 3440 Aliud
820 3362 1019 3453 quippe
1049 3391 1144 3432 cor
1171 3373 1253 3428 eis
1282 3368 1603 3432 immutavit,
1626 3379 1763 3435 quos
1790 3362 1929 3460 mira
1949 3363 2106 3460 .cha-

513 3449 671 3534 ritate
700 3449 873 3528 induit
905 3449 958 3523 et
987 3465 1244 3521 virtutum
1272 3457 1509 3515 omnium
1541 3450 1919 3525 splendoribus
1946 3449 2108 3505 illus-

512 3565 691 3623 travit.
726 3562 787 3617 Et
819 3554 1133 3619 notandum,
1167 3549 1294 3621 quia
1319 3555 1445 3602 tunc
1475 3553 1525 3601 et
1553 3545 1698 3598 Deus
1723 3556 1818 3597 cor
1834 3537 1981 3593 aliud
1998 3538 2107 3591 im-

512 3651 766 3717 mutavit,
801 3644 1017 3719 quando
1044 3649 1104 3696 ut
1132 3639 1306 3694 abiret
1335 3652 1364 3689 a
1380 3633 1642 3706 prOpheta
1660 3632 1939 3684 humerum
1957 3641 2107 3719 aver-

514 3743 596 3800 tit.
631 3713 797 3809 Quasi
820 3713 971 3790 -enim
999 3738 1056 3786 ut
1085 3728 1264 3793 abeat,
1297 3726 1584 3779 humerum
1628 3717 1841 3782 avertit,
1892 3713 2109 3809 quando

513 3833 562 3889 is
580 3800 674 3901 qui
686 3819 1084 3899 praedicationis
1106 3816 1350 3873 ordinem
1380 3809 1621 3881 suscipit,
1655 3807 1710 3862 id
1740 3802 2013 3901 quodsibi
2042 3800 2110 3900 de

512 3890 766 3994 pastorali
796 3910 974 3968 ofﬁcio
1005 3904 1317 3980 praecipitur
1345 3914 1508 3973 agere
1558 3894 1812 3994 disponit.
1857 3890 2112 3994 Disponit

515 3980 756 4083 quidem,
791 4001 890 4057 sed
916 4014 1025 4054 non
1055 3992 1332 4068 praevalet,
1363 3991 1412 4045 si
1443 3990 1587 4043 Deus
1617 3985 1668 4040 ei
1697 3998 1791 4039 cor
1824 3980 1984 4078 aliud.
2002 3994 2112 4034 non

511 4067 779 4161 immutat,
798 4089 922 4162 quia
938 4081 1347 4141 summuslocus
1367 4079 1507 4134 bene
1518 4090 1624 4130 non
1647 4072 1868 4145 regitur,
1883 4067 1987 4123 nisi
1999 4082 2113 4123 rec-

514 4185 645 4245 toris
658 4158 995 4238 mensdivini
1009 4173 1255 4230 muneris
1265 4182 1477 4224 summa
1490 4163 1659 4236 gratia
1678 4160 1970 4232 repleatur.
1984 4158 2115 4211 Haec

513 4282 714 4338 autem,
736 4268 863 4341 quia
890 4266 939 4321 ei
970 4264 1024 4317 in
1056 4262 1236 4316 futuro
1263 4254 1614 4327 promittitur,
1635 4249 1983 4318 subjunctum
2004 4253 2110 4299 est:

548 4334 916 4434 (Vers.t-0.)Et
932 4352 1209 4409 venerunt
1226 4348 1279 4401 ei
1291 4345 1484 4400 omnia
1499 4342 1661 4411 signa
1677 4338 1794 4434 haec
1810 4335 1872 4389 in
1986 4334 2108 4388 illa.

581 4454 672 4509 24.
704 4421 959 4503 Doctrina
991 4437 1193 4494 etenim
1224 4432 1385 4489 electi
1413 4425 1812 4501 praedicatoris,
1845 4421 1978 4495 quid
2033 4428 2113 4476 est

2205 1846 2410 1914 didicit,
2443 1855 2497 1903 et
2524 1854 2861 1918 peccatorem
2901 1862 2957 1901 se
3002 1844 3368 1901 indesinenter
3397 1858 3704 1915 agnoscere,
3742 1858 3790 1910 ει

2200 1951 2304 2008 pro
2334 1935 2541 1990 eisdem
2569 1935 2805 2006 peccatis
2833 1950 3054 1990 carnem
3101 1933 3367 2004 afﬂigere,
3412 1940 3466 1987 et
3504 1930 3791 1987 afﬂictionis

2202 2041 2316 2081 suae
2345 2024 2589 2079 dolorem
2620 2022 2972 2093 omnipotenti
3018 2022 3135 2077 Deo
3183 2028 3464 2094 gratanter
3491 2019 3695 2076 oﬂ‘erre.
3719 2017 3792 2073 Ad

2202 2115 2399 2171 collem
2434 2112 2655 2168 Domini
2684 2112 2854 2177 venit,
2885 2111 2930 2166 si
2971 2111 3041 2166 ad
3090 2111 3390 2166 revelatam
3422 2110 3663 2165 intimam
3691 2108 3791 2163 Re-

2205 2202 2503 2274 demptoris
2549 2201 2783 2274 gloriam
2822 2209 2916 2256 aut
2948 2200 3342 2272 Scripturarum
3393 2198 3676 2254 sublimem
3711 2196 3792 2250 in-

2208 2293 2476 2348 tellectum
2524 2289 2855 2362 proficiendo
2904 2289 3242 2346 conscendit.
3299 2287 3538 2344 Obvium
3579 2300 3792 2359 gregem

2204 2382 2587 2452 prophetarum
2616 2378 2825 2447 habuit,
2858 2378 2905 2433 si
2931 2379 3350 2449 praedicatorum
3383 2383 3582 2433 sanctae
3610 2374 3793 2430 Eccle-

2205 2469 2301 2525 siae
2330 2468 2654 2525 concordem
2684 2468 2967 2523 scientiam
2997 2466 3275 2522 intellexit.
3299 2467 3357 2521 In
3382 2481 3605 2537 quorum
3624 2462 3794 2519 medio

2205 2558 2529 2613 insilientem
2547 2557 2601 2611 in
2648 2572 2706 2611 se
2724 2556 2977 2626 spiritum
3024 2555 3243 2612 Domini
3289 2556 3479 2625 sensit,
3512 2554 3587 2625 (η)
3619 2553 3670 2607 in
3706 2550 3796 2606 illa

2207 2646 2467 2703 ineffabili
2512 2646 2770 2701 suavitate
2826 2645 3053 2701 internas
3114 2644 3468 2715 experientiae
3510 2642 3565 2697 in
3606 2655 3662 2696 se
3713 2638 3799 2693 do-

2207 2752 2337 2791 num
2368 2734 2793 2807 supervenientis
2831 2734 3129 2789 divinitatis
3157 2732 3402 2806 agnovit,
3428 2740 3481 2788 et
3510 2737 3647 2786 notae
3674 2742 3798 2800 gra-

2210 2825 2300 2880 tiae
2353 2824 2740 2879 abundantiam
2805 2822 3079 2895 loquendo
3144 2820 3356 2877 effudit.
3420 2821 3549 2876 Haec
3601 2816 3799 2889 quoties

2211 2913 2379 2969 sancti
2408 2914 2798 2983 praedicatores
2835 2911 3165 2982 imperfectis
3193 2910 3350 2966 nobis
3379 2907 3686 2969 ostendunt,
3713 2919 3802 2975 per

2209 3003 2533 3071 doctrinam,
2566 3017 2675 3073 qua
2720 3017 2823 3056 nos
2874 3000 3200 3069 illuminant,
3255 3000 3412 3071 quasi
3458 2995 3801 3055 clarissimum

2212 3093 2355 3148 diem
2379 3092 2635 3161 produnt.
2669 3091 2739 3146 Et
2767 3090 2873 3144 ista
2911 3089 3130 3159 quidem
3186 3088 3371 3144 omnia
3424 3089 3537 3158 jam
3582 3079 3802 3157 promoti

2214 3181 2617 3253 praedicatores,
2650 3178 3049 3250 exponentibus
3076 3176 3502 3247 ordinatoribus,
3525 3175 3711 3231 sciunt.

2286 3273 2382 3324 25.
2421 3267 2560 3337 Quia
2580 3282 2714 3339 ergo
2746 3267 2890 3322 diem
2921 3267 3205 3339 signorum
3249 3265 3473 3333 habent,
3532 3260 3807 3318 salubriter

2214 3358 2558 3413 attendantsi
2580 3356 2842 3429 promissa
2872 3356 3031 3427 signa
3062 3355 3180 3424 jam
3236 3353 3473 3410 videant.
3532 3352 3668 3408 Nam
3723 3346 3807 3420 qui

2215 3446 2406 3502 mundi
2428 3446 2661 3518 gloriam
2687 3453 3033 3500 contemnere
3060 3443 3301 3499 nondum
3332 3442 3529 3497 didicit
3582 3438 3805 3511 primum

2216 3538 2439 3607 signum
2470 3534 2660 3589 audire
2684 3532 3011 3602 promissum
3044 3531 3236 3603 potuit,
3269 3530 3365 3585 sed
3399 3546 3509 3587 non
3540 3528 3669 3586 vidit
3717 3540 3805 3581 os-

2216 3631 2448 3679 tensum.
2482 3621 2544 3676 Si
2570 3621 3005 3692 contemplativae
3033 3621 3157 3676 vita
3184 3619 3352 3675 robur
3378 3625 3436 3674 et
3473 3616 3806 3673 dulcedinem

2218 3712 2409 3779 nescit,
2443 3710 2721 3781 sequentis
2741 3710 2882 3782 signi
2912 3709 3114 3764 bonum
3144 3707 3328 3763 videre
3348 3722 3461 3763 non
3490 3703 3700 3761 meruit.
3755 3700 3810 3757 Si

2219 3800 2559 3856 altitudinem
2580 3799 2985 3869 Scripturarum
3012 3813 3111 3869 per
3139 3796 3344 3851 intimae
3373 3794 3694 3850 eruditionis
3712 3806 3808 3846 no-

2221 3889 2389 3944 titiam
2421 3905 2528 3945 non
2556 3887 2888 3953 conscendit,
2929 3886 2999 3941 ad
3053 3884 3251 3941 collem
3308 3884 3529 3939 Domini
3579 3880 3809 3938 nondum

2219 3979 2385 4033 venit.
2419 3979 2477 4032 Si
2499 3974 2931 4047 supervenientis
2950 3974 3005 4028 in
3035 3990 3096 4028 se
3126 3973 3366 4044 Spiritus
3425 3972 3597 4028 sancti
3649 3970 3811 4027 virtu-

2219 4075 2327 4122 tem
2358 4066 2598 4122 nondum
2629 4065 2810 4133 habet,
2842 4063 3168 4134 prophetare
3198 4076 3307 4116 non
3336 4068 3537 4131 potest.
3570 4059 3696 4114 Sine
3723 4056 3811 4113 illo

2221 4155 2420 4211 etenim
2443 4154 2632 4225 spiritu
2655 4160 2838 4224 pastor
2866 4151 3100 4208 carnalis
3141 4158 3241 4220 est,
3271 4157 3323 4204 et
3375 4149 3528 4221 quod
3567 4147 3810 4219 loquitur,

2221 4260 2329 4299 non
2354 4242 2423 4298 ad
2453 4242 2773 4314 dignitatem
2796 4239 3203 4311 praedicationis
3232 4237 3426 4293 referri
3469 4244 3663 4308 potest,
3721 4230 3815 4289 sed

2222 4332 2293 4388 ad
2320 4347 2507 4388 ausum
2538 4330 2874 4386 temeritatis.
2907 4327 3028 4397 Qua
3056 4343 3190 4401 ergo
3213 4326 3509 4382 formidine
3524 4342 3625 4381 nos
3641 4320 3814 4379 miseri

2219 4421 2410 4477 terreri
2440 4436 2724 4491 possumus
2750 4419 2778 4473 ?
2800 4421 2940 4476 Ecce
2970 4418 3112 4473 enim
3143 4417 3374 4472 aliorum
3403 4415 3663 4472 ducatum
3704 4426 3815 4467 sus-

515 4500 685 4606 aliud‘,
706 4500 870 4607 quam
902 4529 1019 4585 dies
1049 4523 1244 4581 eruditi
1273 4515 1529 4589 discipuli
1558 4517 1586 4568 ‘l
1614 4515 1755 4569 Nam
1786 4511 1876 4582 qui
1907 4511 1967 4607 in
2019 4510 2106 4565 die
2135 4502 2188 4562 D
2214 4510 2478 4580 cepimus,
2511 4508 2602 4580 qui
2625 4508 2875 4563 virtutem
2905 4505 3135 4577 suscepti
3167 4504 3454 4577 regiminis
3500 4518 3609 4559 non
3658 4500 3815 4556 habe-

512 4599 773 4690 ambulat,
807 4619 951 4676 videt
980 4624 1033 4671 et
1060 4613 1229 4685 plana
1258 4624 1380 4681 quae
1410 4604 1669 4668 ambulet,
1701 4608 1754 4656 et
1808 4599 2107 4690 praecipitia

511 4731 633 4790 quae
662 4687 922 4767 declinet.
963 4704 1052 4761 Sic
1080 4701 1354 4763 nimirum,
1385 4696 1517 4750 dum
1553 4698 1857 4746 sanctorum
1898 4687 2104 4790 praedi:

506 4772 749 4864 datorum
767 4793 1023 4852 doctrinis
1038 4789 1418 4853 illuminamur,
1438 4781 1583 4855 quod
1594 4778 1871 4852 agendum
1890 4784 1942 4831 et
1962 4772 2107 4847 quod

506 4891 785 4954 vitandum
810 4893 893 4941 est
920 4884 1172 4955 patenter
1190 4875 1505 4948 aspicimus.
1559 4872 1619 4924 In
1669 4868 1766 4922 illa
1821 4880 1958 4938 ergo
1990 4864 2105 4955 Adio

507 4996 615 5057 qua
644 4953 935 5053 prOpheta'
962 4968 1240 5057 praedicat,
1291 4964 1467 5018 bonus
1492 4957 1766 5057 auditor.
1795 4970 1906 5010 suae
1944 4953 2104 5057 ξιξοᾶ

507 5027 1098 5140 ἓξὲἱέἐὶἔῐέὶνρένὲἱρὶῑ,
1117 5055 1207 5129 qui
1226 5027 1281 5109 in
1297 5069 1355 5109 se
1374 5067 1441 5107 ea
1455 5050 1712 5107 virtutum
1734 5045 1879 5100 dona
1911 5131 1925 5140 .
1936 5027 2100 5140 .247

504 5131 773 5231 conspicit
819 5131 946 5226 quae
1003 5131 1123 5203 ante
1173 5144 1223 5199 ei
1280 5140 1512 5197 aﬂ'utura
1567 5152 1694 5191 suus
1776 5131 2105 5231 praedicator

507 5220 760 5309 ostendit.
788 5220 960 5314 Signa
990 5235 1205 5308 quidem
1228 5238 1369 5298 sunt,
1402 5227 1529 5300 quia
1558 5241 1655 5314 per
1683 5226 1889 5314 hmose
1917 5235 1950 5275 ο,
1991 5220 2107 5274 Deo

507 5339 709 5395 electos
739 5310 1043 5401 intelligunt
1073 5321 1164 5396 qui
1193 5320 1264 5375 ad
1290 5312 1691 5390 praedicationis
1722 5310 1968 5401 ordinem
1987 5321 2107 5401 pro-

508 5431 813 5485 moventur.
846 5396 1076 5475 Unctum
1108 5424 1243 5482 ergo
1274 5422 1333 5463 se
1361 5402 1555 5475 aliquis
1581 5401 1649 5456 ad
1671 5397 1931 5455 Ecclesiae
1960 5396 2107 5467 prin-

512 5514 751 5589 cipatum
780 5522 888 5565 non
920 5508 1117 5571 teneat,
1148 5497 1242 5572 qui
1276 5494 1383 5552 diei
1411 5492 1555 5549 illius
1584 5490 1741 5562 signa
1769 5486 1959 5543 adesse
1997 5498 2110 5542 non

584 5663 662 5752 (α)
689 5658 869 5726 Vatic.
890 5664 941 5718 et
959 5653 1161 5729 Gilot.,
1194 5649 1245 5710 at
1260 5648 1360 5710 illa
1375 5641 1653 5725 ίηεπαὸίιί
1680 5638 1980 5713 suavitate,
2001 5638 2108 5701 etc.

2213 4616 2354 4655 mus.
2389 4599 2558 4671 Signa
2585 4596 2881 4668 spiritualis
2908 4594 3210 4667 praelationi
3239 4593 3552 4649 audivimus
3587 4606 3708 4661 quas
3761 4588 3815 4643 in

2211 4688 2372 4745 nobis
2400 4704 2498 4759 per
2524 4687 2699 4741 lucem
2727 4684 3071 4757 experientia:
3105 4698 3214 4738 non
3270 4681 3540 4737 videmus.
3585 4680 3816 4735 Terrena

2213 4776 2662 4848 concupiscimus,
2711 4774 2855 4828 curis
2921 4771 3285 4828 exterioribus
3354 4784 3707 4841 occupamur,
3766 4770 3817 4820 et

2212 4874 2359 4922 tanto
2388 4864 2602 4936 longius
2636 4879 2669 4918 a
2717 4862 2922 4919 coelesti
2976 4859 3433 4931 contemplatione
3476 4856 3814 4927 repellimur,

2214 4962 2422 5027 quanto
2446 4962 2776 5009 terrenorum
2824 4958 3037 5006 actuum
3088 4947 3450 5005 sollicitudine
3509 4956 3817 5017 praegrava-

2213 5061 2353 5101 mur.
2384 5044 2499 5098 Hac
2524 5057 2740 5114 quoque
2771 5048 2999 5095 terrenae
3010 5039 3137 5094 vitae
3152 5037 3296 5093 mole
3312 5035 3580 5107 depressi,
3604 5029 3815 5104 quando

2213 5132 2369 5187 illum
2399 5130 2747 5203 splendorem
2778 5128 2977 5183 intimas
3005 5126 3201 5199 gloriae
3228 5123 3609 5194 Redemptoris
3653 5119 3815 5176 attin-

2214 5237 2368 5294 gere,
2393 5219 2607 5292 quando
2627 5218 2696 5273 ad
2726 5217 3024 5273 altissimos
3052 5222 3362 5271 sanctarum
3410 5211 3815 5282 Scripturarum

2215 5327 2410 5367 sensus
2438 5324 2731 5382 possumus
2768 5306 3054 5378 pervenire
3081 5305 3111 5358 ‘I
3141 5303 3250 5361 Sed
3279 5310 3336 5359 et
3376 5299 3643 5367 cmlestia,
3700 5310 3819 5368 qua

2216 5400 2504 5466 nescimus,
2536 5397 2684 5470 loqui
2713 5395 2866 5469 quasi
2897 5402 3022 5451 nota
3051 5408 3179 5463 non,
3212 5404 3521 5464 possumus.
3582 5388 3652 5444 Et
3706 5383 3799 5457 qui

2216 5505 2315 5565 per
2340 5489 2575 5565 quietem
2605 5486 2780 5546 amori
2828 5485 3053 5544 internae
3096 5481 3221 5542 vitae
3275 5493 3474 5542 vacare
3525 5476 3808 5548 nolumus,
