4034 6174
240 331 316 392 301
1018 319 1092 380 IN
1131 315 1398 379 PRIMUM
1440 315 1688 379 REGUM
1724 315 2264 380 EXPOSITIONES.
2300 349 2363 362 -
2403 317 2528 378 LIB.
2563 317 2653 377 IV.
3365 329 3472 387 302

239 457 502 515 insilientem
520 451 568 505 in
585 464 685 505 nos
700 448 948 520 spiritum
965 449 1184 504 Domini
1203 463 1310 502 non
1335 448 1766 502 sentimus.Nota
1795 447 1853 509 Α
1884 447 1922 501 I.
1947 447 2071 504 Cor.
2109 461 2189 512 ιιι,
2222 448 2299 515 7).
2340 446 2485 500 Talis
2515 454 2651 515 erat,
2685 445 2776 518 qui
2819 445 3180 519 gloriabatur,
3230 451 3422 508 dtcens
3456 471 3468 507 :

237 562 337 618 ergo
362 549 406 599 et
429 557 527 595 non
556 539 737 594 habita
763 539 922 610 signa
949 553 1049 593 nos
1071 545 1302 592 terreant
1327 554 1338 590 :
1369 545 1426 590 ut
1453 553 1572 591 cum
1603 537 1764 604 248
1876 538 1981 594 Nos
1999 541 2190 592 autem
2212 536 2461 591 revelata
2478 537 2626 606 facie
2641 535 2881 606 gloriam
2898 539 2992 594 Dei
3009 542 3390 611 speculantes,
3411 543 3473 598 in

235 651 314 706 pro
337 631 654 703 negligentia
686 637 888 683 nostra
916 627 1278 681 immensitate
1327 625 1770 696 compungimur,
1878 626 2126 681 eamdem
2160 626 2471 696 imaginem
2485 628 2987 696 transformamur,
3015 633 3287 701 tanquam
3315 648 3348 686 a
3378 632 3478 688 Do-

235 726 433 781 virtutem
461 717 691 786 suscepti
720 716 927 772 ordinis
954 732 1054 786 per
1072 714 1227 769 ﬂetus
1247 717 1302 768 et
1327 714 1558 768 lamenta
1580 713 1771 784 requi-
1881 715 2030 769 mini
2057 716 2269 785 spiritu
2307 713 2356 782 (Ι
2377 713 2503 768 Cor.
2529 729 2610 780 III,
2641 717 2749 784 18).
2776 715 2932 770 Tales
2951 717 3137 788 utique
3158 726 3327 786 erant,
3349 735 3482 789 quos

235 827 396 868 ramus.
424 809 546 862 Hinc
577 806 856 860 Psalmista
887 819 1021 859 voce
1052 802 1388 857 infirmorum
1415 801 1669 871 deplorat
1698 801 1777 855 di-
1885 802 2119 872 Spiritus
2150 811 2368 857 sanctus
2399 801 2714 871 repleverat.
2741 803 2895 858 Unde
2918 812 2970 858 et
2991 805 3080 874 qui
3103 806 3156 858 in
3181 805 3481 862 Jerusalem

232 900 507 967 cens:Signa
527 890 1774 962 nostranonvidimus,iamnonestpropheta
1884 899 2268 958 convenerant,
2320 890 2657 944 admirantes
2695 891 2879 946 dicunt
2922 910 2932 946 :
2981 894 3176 949 Nonne
3223 895 3340 961 isti,
3391 898 3486 966 qui

233 989 375 1060 (Psal.
405 1000 584 1048 Lxmt,
610 987 685 1052 9).
733 984 871 1036 Nam
902 981 1169 1051 propheta
1207 988 1308 1046 est,
1341 995 1464 1034 cum
1489 980 1604 1049 jam
1636 978 1779 1033 dicta
1890 981 2218 1052 loquuntur,
2263 979 2482 1035 ϐαΙὶιωὶ
2508 983 2643 1034 sunt
2675 980 2818 1050 (Aet.
2845 997 2903 1046 ιι,
2935 981 2993 1052 ’7)
3013 981 3041 1034 ‘l
3073 982 3486 1055 lnterrogabant

232 1081 318 1134 hac
330 1074 602 1147 pmpbetia
619 1072 780 1144 signa
796 1071 843 1127 ei
861 1071 1052 1126 adesse
1065 1069 1475 1140 pravidendur.
1493 1069 1548 1124 Si
1565 1084 1700 1139 ergo
1712 1067 1780 1122 ad
1891 1069 2112 1140 quippe,
2153 1075 2210 1122 ut
2235 1068 2430 1124 scirent
2459 1069 2602 1138 quod
2642 1069 2957 1138 audiebant,
2983 1078 3034 1126 et
3063 1070 3202 1127 scire
3231 1087 3344 1128 non
3383 1088 3490 1144 po-

231 1168 402 1222 culmen
422 1161 743 1234 praelationis
759 1159 1066 1228 assumitur,
1092 1173 1202 1212 non
1232 1173 1290 1212 se
1314 1165 1510 1225 teneat,
1537 1157 1682 1226 quod
1703 1163 1784 1212 est
1891 1166 2081 1212 terant.
2115 1156 2219 1226 Qui
2250 1165 2427 1212 autem
2457 1166 2721 1212 noverant
2750 1158 2898 1227 Saul,
2931 1159 3000 1215 de
3019 1175 3081 1216 re
3112 1177 3234 1232 qua
3261 1161 3310 1216 ei
3342 1162 3491 1220 acci-

1892 1247 1971 1301 dit
2017 1246 2349 1301 admirantes
2390 1245 2762 1319 interrogant;
2802 1248 2929 1319 quia
2971 1263 3068 1304 eos
3116 1249 3407 1319 aliquando
3436 1252 3491 1306 in

1892 1335 2162 1390 humiliori
2188 1335 2375 1390 ordine
2403 1343 2601 1390 sancta
2624 1335 2878 1391 Ecclesia
2911 1337 3142 1393 humiles
3171 1346 3223 1393 et
3251 1338 3487 1411 despec-

1893 1431 1978 1479 tos
2012 1423 2296 1493 cernimus,
2346 1425 2508 1492 249
2553 1439 2689 1496 Quos
2733 1424 2860 1479 dum
2907 1434 3120 1481 sanctus
3157 1427 3389 1498 Spiritus
3426 1428 3496 1485 ad

217 1521 340 1586 dona
361 1518 567 1588 spiritus
588 1531 888 1582 cernerem,
909 1514 1103 1586 quibus
1123 1513 1403 1583 prophetae
1424 1527 1664 1581 persona
1689 1511 1788 1566 ful-
1896 1512 2144 1568 ordinem
2196 1512 2596 1582 praedicationis
2641 1514 2884 1578 assumit,
2929 1515 3228 1587 gratiarum
3275 1533 3494 1573 suarum

231 1624 336 1679 gere
359 1607 527 1662 debet.
564 1605 666 1673 Qui
696 1619 828 1676 ergo
853 1602 1088 1671 suscepti
1119 1601 1323 1656 ordinis
1353 1599 1643 1670 pastoralis
1667 1616 1790 1669 per—
1897 1601 2278 1671 splendoribus
2305 1601 2477 1656 induit
2506 1609 2558 1657 et
2586 1602 2641 1656 in
2672 1603 2878 1658 eisdem
2910 1603 3294 1673 splendoribus
3323 1607 3498 1662 mira-

228 1697 471 1753 fectionem
515 1694 726 1749 audivit
753 1707 916 1762 quam
947 1692 1003 1744 in
1038 1707 1094 1744 se
1132 1690 1376 1745 obtinere
1405 1689 1638 1744 vivendo
1680 1704 1787 1743 non
1898 1690 2034 1744 biles
2061 1690 2314 1745 ostendit.
2367 1691 2474 1745 Sed
2513 1691 2649 1746 bene
2675 1700 2984 1747 sanctorum
3011 1693 3235 1749 virtutes
3257 1694 3498 1750 admira-

231 1786 407 1851 meruit,
435 1784 666 1838 idoneus
695 1790 903 1837 sanctae
943 1779 1196 1834 Ecclesia
1227 1777 1416 1833 doctor
1444 1793 1552 1832 non
1583 1785 1690 1832 est.
1732 1777 1787 1830 In
1827 1803 1874 1862 Β
1903 1795 2042 1846 mur,
2092 1796 2214 1833 cum
2245 1795 2338 1834 eas
2377 1779 2600 1835 bonitati
2632 1781 2926 1836 conditoris
2952 1781 3287 1837 ascribimus.
3321 1783 3501 1852 Quare

231 1875 376 1945 primo
399 1875 562 1946 igitur
582 1887 733 1941 rege,
765 1877 1051 1940 pastorum
1067 1868 1311 1923 omnium
1327 1874 1526 1921 sancta:
1538 1866 1794 1922 Ecclesia
1905 1876 1957 1923 et
1983 1869 2190 1937 Moyses
2218 1868 2450 1923 Domino
2476 1868 2736 1924 conﬁtens
2755 1871 2832 1923 ait
2866 1887 2877 1922 :
2908 1869 3046 1934 Quis
3079 1871 3285 1927 similis
3318 1873 3417 1928 tibi
3438 1874 3503 1929 in

233 1964 470 2033 profectus
498 1960 823 2026 ostenditur,
854 1958 984 2012 dum
1015 1957 1208 2011 dicitur
1241 1971 1252 2010 :
1289 1957 1570 2012 Venerunt
1601 1956 1653 2010 ei
1683 1971 1797 2010 om-
1906 1957 2032 2024 diis,
2069 1957 2322 2022 Domine,
2355 1959 2479 2028 quis
2503 1959 2711 2013 similis
2742 1958 2844 2012 tibi
2871 1960 3144 2029 gloriosus
3174 1961 3235 2015 in
3266 1964 3506 2030 sanctis,

233 2054 311 2107 nia
347 2054 493 2123 signa
545 2052 666 2106 haec
709 2050 770 2104 in
813 2048 902 2103 die
934 2049 1058 2103 illa.
1093 2047 1158 2100 Et
1201 2061 1308 2116 qua
1346 2043 1489 2099 idem
1519 2044 1798 2113 profectus
1906 2046 2186 2101 mirabilis
2215 2046 2278 2100 in
2311 2047 2638 2117 majestate,
2670 2048 2889 2117 faciens
2914 2047 3505 2120 prodigia(Exod.xv,

237 2141 488 2196 electorum
517 2138 943 2210 praedicatorum
973 2133 1232 2190 mirabilis
1260 2140 1362 2199 est,
1395 2133 1636 2202 sequitur
1668 2151 1680 2187 :
1910 2132 2022 2206 11).
2055 2133 2192 2189 Hinc
2215 2133 2530 2189 Psalmistas
2557 2133 2686 2188 dicit
2712 2151 2726 2191 :
2752 2135 3021 2191 Mirabilis
3042 2138 3189 2192 Deus
3208 2137 3272 2192 in
3293 2140 3512 2196 sanctis

288 2231 442 2298 (Vers,
462 2230 584 2295 11.)
615 2227 870 2282 Videntes
891 2229 1084 2280 autem
1100 2240 1250 2288 eum,
1270 2222 1364 2293 qui
1381 2225 1801 2278 noveranteum
1910 2223 2030 2279 suis
2060 2225 2180 2294 ipse
2211 2222 2363 2277 dabit
2396 2224 2686 2292 virtutem,
2719 2227 2776 2279 et
2803 2224 3207 2294 fortitudinem
3228 2227 3376 2298 plebi
3395 2244 3513 2285 sua

235 2317 333 2374 heri
357 2323 406 2374 et
430 2317 878 2380 nudiustertius,
912 2313 1053 2386 quod
1083 2315 1228 2368 esset
1259 2327 1387 2366 cum
1415 2309 1802 2382 praphetis,et
1911 2313 2086 2382 (Psal.
2119 2325 2287 2378 van,
2320 2313 2412 2382 36)
2441 2312 2469 2364 ‘l
2521 2313 2666 2368 Bene
2696 2311 3038 2384 subjungitur
3067 2331 3083 2368 :

230 1254 463 1309 altitudine
490 1250 718 1316 ordinis,
753 1249 847 1304 sed
886 1247 1030 1320 quod
1060 1254 1140 1302 est
1184 1247 1376 1300 virtute
1410 1244 1782 1315 perfectionis.

231 1341 688 1412 Dicatergo:8igna
705 1343 898 1395 nostra
912 1353 1025 1393 non
1041 1335 1424 1405 vidimusjam
1436 1351 1551 1391 non
1563 1339 1647 1391 est
1660 1350 1786 1407 pro-

228 1433 381 1504 pheta.
404 1429 555 1498 Quasi
581 1428 727 1482 dicat
751 1445 761 1480 :
784 1426 913 1480 Esse
938 1441 1081 1480 nunc
1111 1426 1432 1495 prophetam
1456 1423 1715 1490 dicerem,
1736 1422 1785 1478 si

231 2406 868 2480 prophetaret,dixerunt
885 2403 956 2457 ad
971 2402 1215 2458 invicem
1236 2419 1251 2453 :
1276 2401 1547 2469 Quaenam
1577 2415 1667 2454 res
1695 2402 1801 2467 est,

231 2514 330 2566 quae
364 2497 575 2552 accidit
599 2495 717 2563 ﬁlio
751 2493 845 2548 Cis
879 2493 908 2545 Ρ
930 2493 1074 2547 Num
1107 2490 1243 2546 Saul
1272 2490 1430 2544 inter
1454 2489 1758 2560 prophetas
1784 2490 1806 2543 .’

287 2588 359 2639 26.
390 2585 524 2653 Quid
555 2591 660 2648 est,
683 2582 828 2654 quod
859 2580 1041 2636 dicunt
1073 2597 1086 2633 :
1119 2579 1250 2646 Quae
1283 2593 1370 2633 res
1402 2581 1488 2632 est
1507 2592 1628 2648 qua:
1649 2575 1804 2632 acci-

229 2674 311 2739 dit,
357 2674 448 2728 nisi
479 2672 646 2728 valde
690 2669 966 2734 admirari,
1012 2667 1157 2740 quod
1202 2667 1270 2720 ab
1310 2668 1392 2720 eis
1433 2680 1542 2719 non
1593 2667 1810 2736 poterat

230 2761 637 2833 comprehendi!
687 2759 981 2814 Hominem
1037 2755 1273 2812 hominis
1322 2753 1498 2810 filium
1543 2759 1808 2808 noverant

224 2852 476 2920 prophetis
517 2850 795 2906 sociatum
846 2847 1103 2902 videbant
1139 2865 1150 2900 :
1195 2844 1470 2900 carnalem
1521 2848 1807 2910 noverant,

225 2940 524 3008 spiritualem
571 2937 838 2993 videbant
869 2954 881 2990 :
916 2934 1219 3006 simplicem
1262 2939 1543 3000 noverant,
1575 2931 1810 3002 prophe-

227 3038 313 3083 tam
328 3030 605 3085 videbant.
624 3029 823 3082 Dicunt
852 3040 1012 3096 ergo:
1047 3024 1314 3092 Quaenam
1343 3038 1432 3078 res
1462 3021 1672 3077 accidit
1690 3021 1810 3090 ﬁlio

1984 2401 2164 2465 (Vers.
2209 2400 2324 2472 12.)
2352 2400 2651 2473 Respondit
2682 2402 2834 2457 alter
2879 2402 2950 2457 ad
2978 2402 3247 2472 alterum,
3280 2403 3514 2464 dicens:

1912 2491 1982 2546 Et
2014 2490 2138 2562 quis
2165 2493 2332 2562 pater
2359 2505 2551 2546 eorum
2578 2489 2607 2542 ?

1981 2580 2068 2634 2'7.
2103 2578 2246 2641 Quid
2287 2585 2369 2634 est
2406 2577 2551 2650 quod
2580 2577 2867 2650 hucusque
2896 2577 2964 2634 de
2992 2579 3108 2636 solo
3139 2580 3268 2638 Saul
3291 2582 3519 2640 diceba-

1916 2675 2030 2722 tur:
2069 2665 2339 2731 Quaenam
2373 2683 2462 2724 res
2491 2667 2700 2723 accidit
2726 2659 2846 2736 ﬁlio
2869 2668 2955 2724 Cis
2973 2669 2999 2716 ?
3019 2668 3086 2723 Et
3107 2686 3250 2725 nunc
3279 2672 3433 2743 quasi
3457 2674 3525 2730 de

1914 2755 2098 2811 multis
2117 2756 2445 2826 repondetur
2476 2774 2487 2810 :
2522 2756 2591 2810 Et
2620 2756 2743 2828 quis
2773 2765 2940 2827 pater
2967 2773 3162 2814 eorum
3181 2757 3208 2805 ?
3241 2759 3349 2815 Sed
3378 2762 3422 2816 si
3453 2762 3523 2819 ad

1916 2845 2198 2900 historiam
2227 2844 2577 2916 intelligatur,
2609 2853 2751 2900 stare
2781 2845 2929 2900 nullo
2959 2846 3122 2902 modo
3145 2852 3343 2918 potest.
3379 2850 3520 2905 Res-

1918 2942 1990 2988 tat
2035 2949 2167 3005 ergo
2209 2941 2267 2988 ut
2297 2949 2485 2991 sensus
2514 2933 2604 3005 qui
2649 2933 2840 2989 littera
2880 2933 3115 2989 demitur
3152 2936 3208 2989 in
3251 2936 3524 3007 spirituali

1919 3021 2314 3094 signiﬁcatione
2357 3023 2681 3092 requiratur.
2727 3022 2862 3077 Cum
2908 3038 3042 3095 ergo
3091 3023 3334 3080 dicitur:
3381 3025 3521 3092 Quis

230 3118 346 3172 (Iis?
382 3118 480 3186 Qui
527 3131 702 3172 nosse
745 3115 888 3184 quod
938 3112 1116 3222 fuerat
1155 3118 1403 3222 poterint
1427 3128 1448 3210 ,ε
1483 3110 1629 3180 quod
1669 3115 1803 3222 errat,
1838 3159 1887 3222 Ο
1917 3117 2082 3184 pater
2105 3111 2483 3168 eorum?Non
2504 3111 2678 3165 solum
2702 3111 2827 3166 Saul
2857 3113 3190 3182 prophetans
3208 3115 3518 3185 attenditur,

224 3207 470 3276 qualitere
500 3222 568 3261 se
598 3212 778 3276 posset
807 3202 1148 3275 ignorabant.
1185 3203 1286 3256 ilic
1316 3200 1553 3270 denique
1580 3198 1806 3269 profec-

225 3300 293 3348 tus
323 3295 621 3364 spiritualis
666 3290 1046 3364 pradicatoris
1083 3297 1183 3356 est,
1213 3298 1270 3343 ut
1315 3289 1407 3358 qui
1447 3288 1500 3342 in
1531 3288 1806 3343 communi

222 3382 311 3437 vita
336 3381 634 3454 aliquando
654 3387 811 3435 notus
858 3385 959 3445 est,
986 3378 1041 3432 in
1071 3376 1334 3447 superiori
1365 3374 1558 3431 ordine
1586 3375 1802 3441 habeat,

223 3472 340 3540 quod
365 3473 674 3542 ignoretur.
697 3469 826 3523 Tres
857 3467 1082 3537 quidem
1115 3465 1317 3537 gradus
1349 3463 1692 3536 perfectionis
1723 3479 1806 3519 os-

221 3561 335 3614 teusi
362 3568 504 3626 sunt,
527 3557 660 3629 quia
682 3556 813 3612 dicit
840 3573 853 3612 :
883 3556 1032 3619 lteri,
1057 3559 1112 3610 et
1135 3554 1576 3609 nudiustertius.
1597 3553 1656 3606 In
1673 3553 1806 3608 duo-

222 3647 302 3701 bus
325 3649 539 3719 quidem
557 3645 759 3701 diebus
774 3645 1102 3714 pradicator
1117 3643 1446 3715 agnoscitur,
1465 3642 1520 3696 in
1537 3641 1692 3696 tertio
1714 3643 1808 3696 ha-

221 3735 290 3791 bet
315 3738 449 3809 quod
477 3737 652 3792 etiam
677 3733 735 3800 ii,
765 3733 856 3804 qui
878 3740 1160 3799 noverant,
1184 3747 1290 3786 non
1322 3739 1678 3802 cognoscant.
1697 3729 1805 3785 Pri-

219 3841 317 3879 mus
335 3842 575 3897 namque
595 3823 715 3878 dies
730 3822 1070 3876 auditoribus
1091 3821 1344 3890 pertinet,
1365 3820 1632 3874 secundus
1644 3819 1806 3874 soda-

217 3912 554 3981 libus,tertius
580 3921 665 3968 est
695 3911 1125 3982 praedicationis.
1147 3909 1383 3963 Primum
1406 3924 1638 3978 namque
1661 3909 1804 3962 diem

217 4012 375 4070 pastor
390 4003 610 4069 habuit,
636 4000 853 4072 quando
874 3997 1108 4069 praelatis
1129 3998 1240 4052 suis
1259 3997 1338 4068 (a)
1362 3996 1656 4067 discipulus
1679 3995 1806 4051 obe-

217 4089 346 4144 divit.
375 4090 546 4160 Quasi
582 4090 732 4144 enim
753 4090 811 4142 in
842 4103 1042 4159 magna
1071 4086 1191 4142 luce
1224 4085 1477 4151 cernitur,
1499 4086 1589 4157 qui
1620 4086 1674 4138 in
1694 4085 1806 4140 vir-

218 4186 309 4235 tute
331 4181 646 4236 obedicnta
681 4178 910 4232 devotus
938 4183 1035 4230 est.
1070 4175 1375 4230 Secundum
1408 4175 1552 4228 diem
1593 4173 1800 4242 habuit,

217 4269 410 4338 quando
460 4269 759 4323 meliorum
796 4265 1082 4333 coadjutor
1137 4279 1260 4318 esse
1306 4265 1420 4331 jam
1467 4263 1644 4332 capit.
1699 4265 1805 4318 Ista

212 4359 393 4428 quippe
424 4358 656 4413 claritas
685 4369 904 4425 magna
932 4351 1386 4419 conversationis,
1419 4351 1474 4405 in
1503 4351 1802 4406 electorum

211 4448 440 4516 exemplo
468 4445 775 4500 maximum
807 4442 948 4497 diem
994 4441 1144 4498 facit.
1179 4442 1329 4495 Hanc
1361 4440 1509 4494 diem
1539 4441 1804 4495 Dominus

210 4534 577 4600 insinuans,ait
592 4552 605 4587 :
623 4534 712 4590 Sic
728 4532 916 4588 luceat
937 4532 1042 4587 tua:
1059 4535 1242 4587 vestra
1259 4545 1448 4585 coram
1467 4530 1805 4598 hominibus,

209 4628 264 4677 ut
290 4625 516 4680 uideant
541 4625 733 4678 vestra
756 4621 902 4676 bona
930 4635 1123 4691 opera.
1148 4622 1203 4674 et
1231 4618 1551 4689 gloriﬁcent
1578 4621 1804 4674 Patrem

206 4717 456 4781 vestrum,
489 4713 595 4783 qui
623 4711 687 4764 in
715 4709 869 4765 caelis
900 4713 984 4764 est
1014 4706 1276 4774 (Math.v,
1305 4708 1412 4775 15).
1443 4707 1656 4762 Tertius
1678 4723 1805 4764 vero

207 4800 308 4855 dies
347 4799 648 4856 insilientis
701 4798 922 4868 spiritus
955 4803 1054 4860 est,
1097 4803 1148 4850 et
1177 4795 1501 4865 prophetia.
1556 4799 1616 4850 In
1650 4797 1804 4852 tertio

206 4889 386 4960 quippe
435 4889 531 4944 die
594 4893 781 4957 pastor
831 4884 1110 4954 aspicitur,
1163 4884 1381 4956 quando
1419 4883 1804 4940 sublimitatem

206 4976 468 5046 dignitatis
527 4992 646 5030 sua
702 4975 954 5044 adaequat
1005 4973 1294 5042 splendore
1348 4974 1801 5043 conversationis,

197 5067 415 5135 quando
465 5063 684 5121 caelesti
715 5063 911 5118 virtute
946 5062 1187 5129 indutus,
1219 5077 1283 5117 ea
1313 5062 1422 5118 vita
1468 5076 1639 5133 eaque
1669 5062 1806 5118 doc-

208 5155 325 5209 trina
360 5154 608 5210 subditis
637 5153 796 5218 lucet,
842 5158 898 5206 ut
935 5151 1106 5206 videri
1156 5149 1226 5205 ab
1256 5151 1338 5205 eis
1366 5151 1558 5220 possit,
1593 5150 1802 5220 discuti,

207 5247 251 5295 et
291 5243 528 5312 judicari
583 5257 694 5297 non
743 5240 932 5311 possit.
967 5240 1114 5294 Talis
1145 5238 1361 5310 quidem
1416 5248 1533 5296 erat
1570 5241 1803 5311 Moyses,

209 5333 409 5399 quando
459 5329 810 5387 lucidissimo
864 5328 1013 5383 vultu
1053 5344 1084 5382 a
1113 5335 1294 5383 monte
1324 5328 1624 5396 descendit,
1657 5331 1809 5397 cujus

207 5419 386 5475 subditi
412 5421 694 5492 fulgorem
722 5417 1000 5484 videvant,
1039 5416 1135 5472 sed
1165 5415 1220 5471 in
1257 5417 1556 5489 fulgentem
1585 5417 1806 5474 clarita-

206 5515 300 5566 tem
326 5509 621 5568 intendam
652 5507 840 5566 visum
863 5521 972 5563 non
1003 5509 1254 5578 poterant
1272 5505 1474 5578 (Exod.
1494 5522 1686 5573 xxxrv,
1711 5511 1804 5574 35;

1921 3201 2019 3257 sed
2059 3202 2236 3256 omnis
2285 3201 2378 3254 ille
2422 3215 2625 3256 cuneus
2671 3201 3076 3271 prophetarum.
3112 3202 3216 3270 Qui
3263 3203 3518 3260 nimirum

1911 3291 2192 3362 propheta
2239 3305 2450 3356 omnes,
2483 3289 2608 3361 quia
2650 3288 2810 3344 valde
2851 3289 3156 3359 spirituales
3196 3300 3367 3360 erant,
3409 3308 3518 3348 non

1913 3395 1980 3434 ex
2002 3377 2202 3435 carnali
2234 3377 2511 3449 progenie,
2540 3377 2637 3432 sed
2661 3392 2733 3432 ex
2757 3378 2959 3432 coelesti
2982 3379 3193 3450 origine
3218 3380 3518 3435 censeban-

1914 3476 2014 3522 tur.
2045 3469 2198 3523 Pater
2229 3467 2445 3537 quidem
2472 3469 2856 3536 prophetarum
2887 3466 2977 3521 ille
3015 3475 3116 3536 est,
3149 3471 3240 3538 qui
3268 3483 3368 3537 per
3394 3469 3515 3524 Ma-

1912 3556 2142 3611 lachiam
2187 3556 2444 3627 exquirit,
2476 3555 2666 3610 dicens
2691 3573 2708 3612 :
2738 3557 2797 3611 Si
2828 3554 3114 3611 Dominus
3142 3572 3287 3624 sum,
3312 3558 3406 3613 ubi
3430 3563 3517 3616 est

1915 3646 2084 3701 timor
2101 3661 2259 3700 meus
2282 3645 2312 3698 ?
2341 3645 2406 3699 Et
2433 3647 2482 3699 si
2519 3649 2684 3716 pater
2725 3661 2873 3710 sum,
2907 3646 3001 3700 ubi
3036 3649 3123 3700 est
3158 3662 3318 3702 amor
3355 3663 3516 3704 meus

1913 3735 2173 3800 (Malach.
2192 3750 2231 3803 1,
2266 3734 2365 3803 6)?
2386 3732 2524 3802 Quia
2545 3735 2691 3788 enim
2715 3733 3068 3804 omnipotenti
3089 3735 3200 3789 Deo
3229 3734 3283 3789 in
3315 3751 3517 3808 magna

1911 3822 2170 3879 charitate
2200 3822 2470 3890 conjuncti
2500 3829 2641 3889 sunt,
2665 3821 2800 3890 ejus,
2827 3838 2987 3893 quem
3011 3823 3168 3894 quasi
3200 3831 3414 3893 patrem
3437 3825 3518 3880 di-

1911 3912 2103 3982 ligunt,
2138 3909 2232 3964 ﬁlii
2262 3911 2628 3965 nominantur.
2662 3909 2818 3978 Quod
2843 3925 2996 3966 nova
3030 3911 3289 3968 Ecclesia
3319 3914 3517 3984 pradi-

1911 3999 2186 4054 catoribus
2243 4005 2392 4052 tanto
2441 3997 2718 4052 decentius
2763 4001 3017 4053 convenit
3059 4009 3259 4071 quanto
3297 4001 3388 4056 ille
3419 4017 3515 4059 eos

1909 4089 1965 4144 in
2007 4087 2276 4143 calestem
2319 4086 2658 4141 nobilitatem
2690 4086 2847 4141 altius
2873 4087 3083 4156 extulit,
3117 4089 3206 4159 qui
3236 4090 3316 4144 eis
3346 4091 3512 4145 clari-

1910 4186 2074 4232 tatem
2119 4175 2252 4231 tanti
2298 4176 2512 4247 generis
2549 4175 2605 4229 in
2650 4174 2824 4229 forma
2864 4175 3066 4230 detexit
3103 4175 3377 4232 orationis.
3421 4179 3513 4236 Sic

1908 4266 2100 4336 inquit,
2119 4262 2353 4322 orabitis
2375 4283 2394 4320 :
2426 4265 2596 4320 Pater
2630 4267 2822 4320 noster
2842 4264 2936 4336 qui
2959 4280 3016 4319 es
3050 4265 3112 4319 in
3141 4266 3293 4320 ctelis
3317 4266 3514 4337 (Math.

1908 4371 1982 4420 γι,
2013 4355 2088 4419 9).
2137 4352 2296 4421 Quod
2342 4353 2446 4409 tale
2485 4361 2582 4416 est,
2618 4369 2680 4407 ac
2721 4351 2765 4406 si
2813 4351 2957 4406 dicat
2998 4369 3010 4406 :
3058 4352 3287 4408 Mirandi
3334 4363 3520 4413 essent

1910 4443 2084 4498 sancti
2121 4443 2528 4512 praedicatores,
2561 4441 2602 4496 si
2635 4441 2766 4495 mira
2796 4457 2916 4511 qua
2957 4449 3146 4512 agunt,
3179 4457 3276 4497 sua
3317 4444 3516 4501 virtute

1837 4522 1888 4582 D
1916 4531 2280 4603 perficerent:
2321 4547 2464 4587 nunc
2511 4530 2704 4585 mirum
2754 4546 2863 4586 non
2919 4537 3002 4585 est
3048 4530 3195 4603 quod
3237 4533 3514 4599 cernitur;

1916 4621 2040 4691 quia
2070 4637 2166 4691 per
2193 4636 2290 4675 eos
2320 4620 2411 4674 ille
2442 4622 2543 4675 hoc
2573 4619 2685 4690 agit
2709 4619 2796 4675 cui
2827 4618 3032 4690 aliquid
3063 4618 3283 4676 difﬁcile
3303 4636 3408 4677 non
3441 4623 3520 4679 vi-

1914 4709 2087 4765 detur.
2121 4710 2278 4764 Dicat
2308 4724 2442 4780 ergo
2473 4709 2608 4763 alter
2623 4708 2691 4762 ad
2722 4708 2987 4762 alterum:
3020 4709 3085 4763 Et
3107 4710 3231 4781 quis
3252 4715 3418 4782 pater
3437 4727 3524 4770 eo-

1913 4795 2086 4854 rum?
2128 4797 2303 4867 Quasi
2349 4798 2490 4852 dicat
2521 4814 2534 4851 :
2566 4795 2706 4864 Quid
2739 4796 2930 4851 mirum
2972 4805 3072 4865 est,
3118 4797 3163 4852 si
3199 4798 3520 4856 mirabiliter

1914 4887 2142 4943 doceant
2172 4903 2293 4941 cum
2325 4902 2434 4940 non
2460 4885 2564 4957 ipsi
2603 4885 2728 4951 sint,
2763 4885 2854 4957 qui
2893 4885 3230 4958 loquuntur:
3265 4887 3361 4942 sed
3397 4889 3520 4957 spi-

1912 4977 2044 5030 ritus
2091 4976 2263 5046 patris
2311 4991 2496 5031 eorum
2545 4974 2636 5046 qui
2694 4973 2932 5045 loquitur
2968 4973 3023 5027 in
3062 4975 3183 5029 eis?
3232 4975 3355 5029 Non
3384 4989 3518 5046 ergo

1913 5065 2110 5120 dicitur
2141 5083 2155 5120 :
2195 5066 2328 5135 Quis
2369 5068 2533 5136 pater
2569 5065 2690 5136 ejus
2731 5063 2925 5134 (Joan.
2956 5077 3033 5129 Vl,
3062 5063 3196 5129 42)?
3225 5063 3327 5130 Ne,
3368 5063 3520 5133 quod

1913 5153 2159 5224 pluribus
2183 5153 2437 5208 convenit
2479 5151 2621 5218 ﬁliis,
2669 5154 2829 5207 unico
2868 5150 3203 5207 conferatur.
3244 5149 3403 5205 Solus
3431 5158 3518 5206 et-

1915 5242 2059 5298 enim
2089 5241 2200 5310 ille,
2234 5241 2327 5313 qui
2357 5250 2550 5297 natura
2571 5240 2739 5296 Filius
2769 5249 2869 5306 est,
2903 5238 3084 5293 dicere
3115 5237 3275 5293 audet
3301 5254 3314 5292 :
3347 5239 3523 5298 Pater

1915 5347 2075 5387 meus
2115 5348 2287 5404 usque
2321 5330 2480 5387 modo
2518 5334 2787 5402 operatur
2814 5329 2998 5397 (Joan.
3029 5343 3080 5395 v,
3108 5328 3214 5397 17).
3243 5325 3314 5382 Ει
3342 5327 3470 5384 item
3504 5342 3519 5385 :

1915 5419 2189 5477 Dominus
2228 5418 2384 5476 dixit
2412 5418 2485 5475 ad
2511 5434 2618 5485 me,
2644 5419 2821 5474 Filius
2841 5431 2999 5472 meus
3033 5430 3091 5472 es
3133 5419 3218 5485 tu,
3238 5432 3332 5490 ego
3363 5417 3523 5477 hodie

1915 5511 2089 5583 genui
2130 5513 2182 5567 te
2219 5509 2394 5584 (Psal.
2425 5523 2487 5579 ιι,
2519 5510 2598 5581 7).
2642 5504 2782 5565 Nam
2825 5513 2885 5566 ut
2917 5506 3194 5584 utriusque
3240 5505 3524 5582 dignitatis

267 5654 341 5734 (a)
371 5656 435 5716 In
460 5655 597 5717 aliis
628 5654 799 5718 Editis
830 5654 1046 5735 legitur,
1081 5653 1417 5735 discipulis;
1443 5653 1587 5733 quod
1617 5653 2016 5718 emendandum
2042 5654 2435 5735 judicavimus.
