4034 6174
529 317 628 376 303

1731 308 1976 371 SANCTI
2007 303 2348 371 GREGORII
2378 306 2604 372 MAGNI

3699 325 3790 387 30L

534 444 892 500 differentiam
941 451 1236 514 promeret,
1280 443 1464 498 Maria:
1506 441 1841 514 Magdalenae
1868 441 2122 511 loquitur,
2156 442 2212 504 Α
2241 441 2620 512 principatum.
2653 441 2791 496 Dum
2823 455 2928 512 ego
2952 447 3060 495 tam
3079 451 3334 514 magnum
3352 453 3670 515 peccatorem
3689 467 3802 510 con-

535 535 722 591 dicens
754 553 766 589 :
796 535 1054 589 Ascendo
1085 535 1154 588 ad
1179 536 1405 588 Patrem
1437 549 1645 595 meum,
1671 536 1726 586 et
1760 533 1986 585 Patrem
2017 547 2135 585 ves~

537 631 689 680 trum
709 645 727 685 ,-
751 626 924 679 Deum
944 639 1152 689 meum,
1173 627 1226 678 et
1250 624 1425 677 Deum
1444 625 1693 676 vestrum
1719 623 2005 683 (Joan.xx,
2025 619 2131 687 t7).

534 714 756 784 Quoties
813 729 944 784 ergo
1004 729 1146 765 unus
1200 711 1532 780 praedicator
1591 708 1826 762 mirabili
1883 710 1991 762 vita
2046 711 2139 760 aut

534 803 923 874 praedicatione
979 802 1164 856 clarus
1221 801 1501 870 aspicitur,
1566 799 1617 852 in
1674 813 1908 866 superna
1962 813 2133 868 gene-

533 895 741 949 ratione
776 908 883 946 non
927 891 1093 957 solus,
1121 890 1214 944 sed
1243 905 1366 944 cum
1396 888 1520 942 aliis
1550 887 1850 940 innumeris
1880 885 2093 940 videtur
2118 905 2130 948 ;

531 985 658 1054 quia
695 982 1038 1050 omnipotens
1071 979 1214 1033 Deus
1258 978 1348 1047 qui
1379 976 1640 1030 mirabilis
1669 976 1720 1029 in
1751 990 1858 1028 uno
1889 975 2131 1030 ostendi-

530 1081 614 1126 tur
640 1069 1023 1125 mirabiliorem
1053 1067 1212 1122 valde
1250 1065 1545 1119 hominium
1585 1063 1999 1118 admirationem
2041 1062 2129 1117 fa-

530 1162 626 1228 cit,
661 1176 781 1214 cum
829 1155 1250 1211 innumerabiles
1279 1153 1640 1214 attenduntur,
1674 1152 1761 1222 qui
1792 1151 1866 1216 id,
1899 1151 2042 1221 quod
2075 1151 2128 1205 in

529 1264 636 1304 uno
661 1248 940 1312 mirantur,
972 1244 1292 1298 habuerunt.
1332 1241 1489 1310 Quod
1529 1249 1706 1295 tamen
1734 1240 1800 1294 ad
1833 1239 2127 1294 detractio-

533 1355 656 1394 nem
697 1333 996 1392 carnalium
1045 1331 1234 1387 referri
1289 1330 1673 1385 convenienter
1708 1336 1884 1397 potest
1933 1343 1945 1381 :
2001 1343 2127 1382 nam

525 1425 650 1486 eum
680 1423 1038 1496 spiritualium
1086 1421 1317 1474 virorem
1367 1418 1561 1472 famam
1608 1418 1847 1471 minuere
1897 1419 2125 1484 tentant,

527 1532 713 1573 eorum
738 1513 978 1569 carnalia
1009 1510 1292 1581 explorant
1317 1525 1438 1578 quas
1469 1507 1536 1560 ad
1568 1506 1971 1577 derogationem
1995 1521 2126 1576 pro-

525 1607 719 1664 ferant.
751 1603 818 1658 Et
846 1602 1162 1672 plerumque
1194 1597 1247 1650 in
1278 1604 1464 1651 sancta
1496 1595 1740 1650 Ecclesia
1770 1594 1958 1648 miram
1981 1611 2130 1650 sanc-

525 1695 691 1751 titatis
752 1693 950 1746 famam
1019 1688 1218 1742 habent
1291 1685 1382 1756 qui
1429 1684 1746 1738 saecularem
1787 1683 2123 1738 altitudinem

2244 546 2479 597 versum,
2512 541 2623 585 tam
2652 531 2864 584 sublimi
2902 530 3164 602 dignitate
3194 547 3224 585 a
3253 533 3478 590 Domino
3510 537 3800 600 honoratum

2243 619 2622 690 conspicimus,
2692 627 3038 689 peccatorum
3096 627 3392 674 nostrorum
3436 623 3663 681 invenire
3708 645 3802 685 nos

2243 724 2407 776 posse
2450 708 2826 762 remissionem
2866 723 3275 779 praesumamus.
3316 710 3650 768 Proverbium
3683 732 3804 790 ergo

2242 806 2481 850 nostrum
2527 797 2579 850 id
2618 805 2697 851 est
2741 797 2883 866 quod
2915 796 2983 850 ad
3014 796 3494 868 evangelizandum
3519 813 3808 870 persecutor

2241 887 2550 951 assumitur,
2585 885 2729 956 quod
2773 886 2876 939 hoc
2923 885 3231 956 mysterium
3262 887 3531 950 continet;
3573 890 3657 959 qui
3684 906 3806 948 con-

2239 989 2429 1028 versus
2475 981 2734 1043 peccator
2781 989 2889 1027 non
2938 973 3110 1027 solum
3155 989 3373 1044 sperare
3413 991 3444 1029 a
3474 977 3692 1035 Domino
3721 996 3807 1036 ve-

2239 1063 2401 1126 niam,
2435 1062 2528 1116 sed
2580 1063 2721 1131 quod
2766 1061 2994 1117 viriliter
3033 1063 3290 1118 certando
3327 1065 3627 1136 pertingere
3657 1070 3843 1128 valeat.

2236 1151 2304 1206 ad
2331 1167 2610 1206 coronam.
2645 1151 2752 1206 Sed
2789 1152 2891 1206 hoc
2919 1150 3119 1206 distare
3162 1151 3304 1207 inter
3323 1154 3562 1208 carnales
3589 1163 3638 1210 et
3663 1157 3814 1226 spiri-

2237 1240 2412 1294 tuales
2455 1239 2836 1310 praedicatores
2880 1239 3040 1304 solet,
3102 1241 3224 1310 quia
3273 1243 3517 1296 carnales
3563 1253 3676 1312 post
3715 1245 3814 1302 alta

2235 1329 2400 1384 verba
2426 1328 2852 1396 praedicationis,
2877 1329 2946 1382 ad
2971 1328 3078 1382 ima
3104 1329 3434 1384 descendunt
3462 1332 3609 1400 pravi
3632 1333 3810 1403 operis,

2233 1416 2538 1488 spirituales
2577 1432 2705 1470 vero
2744 1426 2866 1486 post
2908 1417 3156 1471 sublimia
3195 1434 3318 1488 quae
3348 1418 3636 1489 loquuntur
3662 1421 3711 1474 in
3739 1421 3817 1476 al-

2236 1506 2370 1560 tiora
2421 1505 2579 1560 valde
2621 1505 2853 1559 crelestis
2895 1506 3064 1574 parias
3107 1505 3380 1561 desideria
3427 1523 3485 1562 se
3533 1509 3815 1567 sustollant.

2235 1595 2386 1650 Unde
2416 1603 2469 1648 et
2502 1594 2747 1648 subditur
2775 1613 2786 1648 :

2304 1685 2476 1752 (Vers.
2507 1683 2618 1754 13.)
2649 1681 2893 1738 Cessavit
2913 1687 3106 1739 autem
3132 1684 3494 1757 prophetare,
3519 1691 3575 1742 et
3595 1688 3739 1744 venit
3754 1687 3821 1743 ad

524 1784 730 1840 nullam
778 1779 995 1834 habent.
1044 1777 1176 1830 Cum
1207 1789 1339 1846 ergo
1373 1773 1616 1828 carnales
1646 1773 1844 1842 quique
1881 1779 1972 1825 aut
1999 1788 2124 1826 car-
2150 1799 2203 1857 Β
2233 1773 2543 1827 excelsum.

520 1873 608 1929 nis
637 1869 904 1943 originem
941 1873 1033 1921 aut
1069 1871 1441 1935 paupertatam
1481 1863 1536 1915 in
1578 1862 1658 1916 eis
1699 1861 2117 1931 reprehendunt,

523 1962 615 2033 qui
655 1959 837 2014 divina
878 1954 1225 2028 generatione
1266 1951 1385 2020 jam
1429 1949 1614 2022 magni
1661 1957 1714 2004 et
1751 1949 1948 2003 divites
1973 1957 2117 2016 sunt,

525 2049 676 2123 quasi
713 2043 1096 2102 subsannando
1145 2041 1214 2096 de
1241 2039 1620 2110 prophetarum
1650 2045 1804 2107 patre
1835 2037 2119 2092 sciscitan-

526 2148 627 2194 tur.
662 2138 729 2190 Et
767 2134 892 2205 quia
937 2147 1036 2202 pro
1075 2145 1134 2184 re
1171 2129 1329 2184 valde
1361 2142 1502 2182 nova
1539 2126 1739 2180 habent
1777 2127 1922 2197 quod
1964 2126 2118 2195 parvi

518 2226 767 2283 homines
783 2222 970 2278 saeculi
983 2228 1092 2275 tam
1108 2218 1292 2288 magni
1307 2216 1471 2270 videri
1489 2222 1731 2286 possunt,
1747 2214 2116 2286 subiungitur:

612 2308 1073 2382 350(lbidem.)
1100 2309 1400 2377 PrOpterea
1432 2320 1654 2360 versum
1687 2307 1772 2358 est
1805 2305 1866 2358 in
1895 2318 2119 2374 prover-

520 2379 719 2461 bium}
743 2379 894 2458 Νέωνι
931 2398 1067 2454 Saul
1096 2398 1250 2451 inter
1273 2393 1574 2464 prophetas
1593 2392 1622 2443 ?

588 2495 677 2546 28.
706 2488 861 2557 Quod
892 2486 1143 2539 nimirum
1174 2483 1217 2535 si
1251 2481 1420 2536 oculis
1450 2479 1627 2535 cordis
1651 2481 1728 2547 (a)
1763 2480 2112 2549 inspicerent,

517 2595 614 2652 pro
661 2593 802 2632 nova
848 2591 904 2629 re
951 2588 1058 2627 non
1103 2570 1388 2624 haberent.
1427 2569 1604 2623 More"
1625 2568 1822 2624 etenim
1874 2584 1970 2622 suo
2001 2569 2117 2639 agit

516 2667 749 2739 Spiritus
777 2671 1012 2727 sanctus,
1045 2675 1169 2715 cum
1193 2658 1261 2712 ad
1285 2658 1549 2712 virtutum
1581 2657 1791 2712 culmen
1823 2671 2110 2727 pauperes,

516 2755 766 2822 humiles,
799 2761 957 2821 atque
985 2747 1260 2818 simplices
1288 2746 1464 2816 erigit.
1491 2745 1628 2799 Nam
1659 2746 1726 2800 de
1755 2761 1819 2799 eo
1850 2745 2112 2816 scriptum

512 2853 626 2902 est:
651 2845 754 2912 Qui
767 2842 929 2914 ponit
949 2836 1195 2895 humiles
1212 2838 1273 2891 in
1291 2836 1611 2903 sublime,et
1629 2837 1928 2889 maerentes
1943 2835 2113 2905 erigit

511 2934 781 3005 sospitate
807 2929 946 2999 (Job.
980 2943 1034 2996 v,
1067 2927 1176 2994 11).
1206 2923 1343 2978 Hinc.
1364 2924 1712 2992 omnipotens
1741 2923 1896 2976 Pater
1920 2922 1986 2976 de
2009 2938 2109 2976 eo-

511 3023 635 3079 dem
680 3019 1050 3086 omnipotente
1088 3029 1183 3068 suo
1227 3012 1432 3082 Spiritu
1461 3026 1560 3080 per
1583 3012 1903 3080 prophetam
1931 3011 2061 3064 dicit
2095 3030 2107 3066 :

511 3112 688 3182 Super
699 3123 862 3180 quem
879 3102 1425 3176 requiescitspiritus
1437 3101 1735 3166 meus,nisi
1747 3101 2112 3170 superimmi-

464 3234 470 3238 -
515 3215 648 3272 lem,
671 3201 726 3253 et
747 3196 1020 3268 quietum,
1051 3195 1106 3246 et
1134 3194 1469 3246 trementem
1491 3204 1776 3243 sermones
1805 3204 1956 3242 meos
1979 3189 2108 3257 (Isa.

513 3301 663 3354 ιινι,
685 3288 738 3352 2)
763 3285 790 3335 ‘?
811 3283 946 3336 Hinc
958 3279 1156 3335 Paulus
1179 3279 1280 3331 ait:
1304 3279 1422 3332 Non
1439 3275 1610 3331 multi
1627 3276 1911 3346 sapientes
1923 3291 2120 3331 secun-

511 3378 646 3434 dum
669 3388 922 3437 carnem,
945 3367 1246 3424 nonmulti
1271 3365 1504 3430 nobiles,
1523 3365 1618 3420 sed
1639 3365 1956 3435 quastulla
1982 3369 2120 3420 sunt

511 3463 715 3521 mundi
735 3461 907 3530 elegit
929 3461 1094 3523 Deus,
1120 3460 1184 3511 ut
1205 3453 1525 3524 con/undat
1543 3455 1723 3522 fortia
1739 3472 1755 3506 :
1770 3456 1824 3507 et
1848 3453 2120 3522 ignobilia

512 3552 720 3609 mundi
746 3551 914 3620 elegit
945 3547 1110 3612 Deus,
1140 3549 1203 3599 ut
1235 3560 1320 3610 ea,
1351 3559 1474 3615 qua:
1506 3546 1662 3605 sunt,
1688 3541 2033 3603 destrueret,-
2056 3547 2120 3598 ut

512 3658 630 3700 non
658 3639 934 3712 glorietur
959 3635 1141 3690 omnis
1165 3647 1296 3688 caro
1328 3633 1389 3686 in
1409 3633 1716 3702 conspectu
1735 3631 1856 3701 ejus
1874 3630 1918 3696 (1
1935 3630 2053 3684 Cor.
2077 3644 2118 3704 ι,

515 3736 606 3799 26,
671 3728 821 3796 etc.).
885 3724 1044 3792 Quod
1085 3730 1230 3778 certe
1295 3719 1651 3790 proverbium
1718 3719 1878 3772 etiam
1935 3718 2122 3772 electis

516 3819 711 3878 ascribi
746 3821 939 3888 potest.
972 3814 1093 3868 Non
1123 3811 1268 3866 enim
1311 3809 1488 3862 minor
1525 3807 1809 3861 admiratio
1840 3807 2019 3860 habita
2041 3814 2120 3861 est

516 3911 585 3966 de
611 3909 766 3963 beato
799 3903 968 3958 Paulo
1000 3900 1269 3971 apostolo,
1304 3897 1518 3967 quando
1547 3895 1790 3949 auditum
1824 3905 1901 3949 est
1927 3897 1993 3950 ab
2021 3898 2120 3952 Eo-

515 3999 686 4058 clesia
729 3994 853 4066 quia
884 3993 974 4046 ille
1003 3989 1420 4059 evangelizaret,
1455 3986 1544 4056 qui
1573 3985 1872 4039 Ecclesiam
1905 3986 2118 4039 minan-

517 4089 588 4144 do
609 4094 662 4142 et
685 4082 952 4140 caedendo
983 4091 1300 4150 expugnare
1332 4075 1564 4138 solebat,
1596 4090 1736 4128 nunc
1777 4074 2118 4144 praedicando

516 4173 854 4234 defenderet.
886 4170 1037 4225 Tunc
1066 4168 1285 4238 quidem
1323 4164 1359 4218 ii
1389 4164 1478 4234 qui
1509 4163 1796 4217 audiebant
1829 4163 2008 4217 dicere
2031 4178 2120 4232 po-

520 4272 738 4324 terant:
769 4263 912 4316 Num
958 4257 1154 4313 Saulus
1198 4255 1336 4308 inter
1372 4251 1686 4320 apostolos?
1732 4251 1990 4319 Nunquid
2030 4251 2119 4306 ille

517 4357 700 4411 Jesum
731 4349 1014 4421 praedicat,
1057 4343 1148 4415 qui
1190 4343 1371 4397 Jesum
1413 4339 1664 4409 persequi
1703 4337 1963 4392 solebat?
2011 4339 2119 4394 Sed

519 4445 622 4498 hoc
648 4441 762 4510 jam
800 4438 854 4491 in
890 4435 1184 4490 electorum
1215 4427 1562 4500 proverbium
1596 4443 1806 4480 versum
1846 4434 1942 4480 est.
1979 4428 2118 4481 Pro-

2302 1862 2390 1914 29.
2423 1860 2500 1914 Ad
2547 1859 2821 1914 excelsum
2870 1868 2994 1931 post
3023 1863 3318 1932 prophetia:
3350 1863 3702 1918 ministerium
3730 1879 3820 1922 ve-

2228 1949 2327 2014 nit,
2367 1949 2454 2018 qui
2489 1949 2556 2002 ad
2588 1949 2829 2004 ccelestia
2870 1949 3090 2020 gaudia,
3122 1967 3243 2021 quae
3285 1951 3570 2021 praedicat,
3598 1961 3819 2009 mentem

2228 2037 2390 2109 erigit
2422 2057 2432 2092 :
2468 2045 2524 2091 et
2553 2037 2622 2091 ad
2644 2053 2706 2092 ea
2743 2037 2974 2092 amando
3018 2053 3078 2092 se
3108 2038 3381 2104 sublevat,
3414 2056 3535 2109 qua:
3561 2040 3821 2111 loquendo

2226 2133 2509 2180 monstrat.
2562 2127 2818 2180 Doctores
2874 2125 3091 2195 quidem
3149 2141 3272 2182 cum
3316 2127 3624 2183 minoribus
3668 2129 3822 2200 plana

2225 2214 2542 2284 praedicant,
2567 2229 2690 2268 cum
2721 2213 2800 2268 eis
2845 2229 2983 2284 quos
3027 2215 3220 2268 docent
3244 2216 3344 2284 (b),
3379 2216 3534 2286 quasi
3577 2217 3629 2270 in
3670 2217 3824 2286 plano

2225 2310 2367 2356 sunt.
2412 2303 2478 2355 Et
2525 2302 2652 2373 quia
2696 2310 2816 2372 post
2861 2301 3028 2356 verba
3066 2303 3473 2372 praedicationis
3510 2305 3576 2360 ad
3616 2321 3826 2376 prome-

2223 2391 2388 2445 renda
2429 2406 2494 2445 ea
2532 2407 2656 2459 quae
2701 2391 2994 2461 praedicant
3022 2406 3079 2446 se
3119 2390 3279 2446 bonis
3319 2393 3584 2462 operibus
3619 2410 3830 2464 praepa-

2224 2487 2365 2543 rant,
2418 2480 2485 2532 ad
2536 2479 2814 2534 excelsum
2859 2479 3046 2534 venire
3104 2481 3479 2550 perhibentur.
3537 2482 3640 2551 Qui
3695 2491 3829 2538 certe

2224 2568 2483 2622 sublimes
2511 2567 2678 2622 verbo
2715 2576 2769 2621 et
2811 2583 2979 2637 opere
3025 2576 3172 2633 sunt,
3215 2570 3552 2641 cogitatione
3597 2571 3834 2626 elationis

2222 2673 2329 2712 non
2360 2664 2498 2710 sunt.
2553 2656 2747 2726 Magna
2791 2656 3009 2727 quidem
3047 2673 3268 2729 semper
3307 2668 3501 2730 agunt,
3537 2660 3634 2714 sed
3657 2669 3835 2731 magni

2221 2745 2394 2801 videri
2424 2761 2696 2814 nunquam
2728 2753 3006 2814 appetunt.
3043 2746 3183 2801 Bene
3214 2761 3350 2818 ergo
3380 2747 3735 2820 subjungitur
3765 2765 3777 2801 :

2293 2835 2474 2903 (Vers.
2514 2835 2598 2895 14,
2635 2834 2700 2887 15
2729 2841 2781 2887 et
2812 2833 2926 2904 16.)
2959 2833 3132 2889 Dixit
3164 2839 3362 2891 autem
3403 2841 3658 2908 patruus
3703 2837 3838 2892 Saul

2220 2923 2292 2978 ad
2321 2938 2472 2987 eum,
2501 2929 2558 2976 et
2585 2922 2657 2976 ad
2679 2937 2921 2992 puerum
2952 2923 3075 2992 ejus
3104 2943 3121 2977 :
3149 2923 3262 2990 Quo
3292 2924 3505 2980 abistis
3524 2925 3555 2977 ?
3591 2927 3694 2994 Qui
3717 2939 3830 2980 res-

2218 3012 2464 3082 pondere
2488 3028 2506 3062 :
2542 3010 2798 3077 Quaerere
2828 3011 3041 3074 asinos,
3076 3029 3218 3083 quas
3239 3029 3371 3067 eum
3394 3029 3510 3069 non
3545 3015 3835 3086 reperisse-

2220 3115 2345 3155 mus
2374 3100 2626 3154 venimus
2647 3099 3148 3154 adSamuelem.Et
3165 3101 3317 3156 dixit
3334 3103 3390 3157 ei
3405 3107 3660 3174 patruus
3675 3117 3839 3158 suus:

2143 3154 2192 3216 C'
2229 3154 2421 3242 Indica
2451 3187 2611 3254 mihi,
2632 3187 2765 3259 quid
2784 3188 3001 3243 dixerit
3017 3154 3282 3244 Samuel.

2229 3277 2299 3330 ad
2326 3280 2604 3348 patruum
2627 3291 2791 3330 suum
2819 3296 2836 3327 :
2884 3275 3166 3330 Indicavit
3196 3277 3379 3344 nobis,
3415 3281 3555 3350 quia
3595 3282 3840 3335 inventas

2229 3370 2366 3420 sunt
2393 3367 2592 3419 asinos.
2628 3365 2949 3420 Sermonem
2979 3369 3173 3419 autem
3204 3367 3366 3436 regni
3404 3385 3525 3425 non
3575 3369 3848 3425 indicavit

2229 3454 2299 3517 ei,
2320 3469 2482 3525 quem
2515 3454 2734 3508 locutus
2764 3453 2816 3507 ei
2836 3453 3064 3508 Samuel
3083 3459 3296 3523 fuerat.

2302 3545 2388 3594 30.
2415 3541 2607 3596 Sermo
2653 3541 2810 3611 regni
2842 3549 2924 3595 est
2956 3542 3283 3596 honorabilis
3317 3543 3582 3616 dignitas
3620 3553 3854 3616 pastora-

2233 3630 2320 3684 lis.
2367 3630 2486 3700 Ipsa
2525 3631 2666 3684 enim
2725 3631 3205 3698 representatione
3251 3647 3344 3686 sua
3394 3634 3698 3705 loquitur:
3732 3633 3854 3704 quia

2229 3725 2453 3789 patruus
2482 3733 2586 3773 non
2616 3726 2696 3773 est
2717 3718 2804 3788 qui
2829 3727 2977 3774 tanto
3005 3719 3192 3774 ordine
3226 3719 3588 3776 sublimatur.
3619 3722 3858 3777 Verbum

2229 3824 2360 3879 ergo
2412 3807 2562 3878 regni
2607 3823 2698 3860 rex
2739 3822 2848 3861 non
2887 3807 3134 3861 indicat:
3174 3809 3301 3878 quia
3343 3819 3552 3879 pastor
3600 3810 3856 3865 Ecclesia

2229 3913 2431 3967 magno
2470 3895 2766 3949 divinitatis
2806 3897 3097 3964 splendore
3128 3896 3394 3967 loquitur,
3467 3899 3572 3954 sed
3623 3898 3858 3954 elatione

2229 4001 2337 4040 non
2371 3985 2623 4056 loquitur.
2659 3982 2761 4051 Qui
2787 3993 2938 4038 verot
2959 3986 3187 4039 verbum
3220 4001 3326 4040 non
3354 3986 3580 4043 indicat
3611 3989 3747 4042 illud
3778 4001 3862 4042 ce-

2230 4074 2303 4127 lat
2355 4073 2497 4143 quod
2557 4073 2811 4143 loquitur.
2851 4071 3089 4127 Verbum
3140 4072 3282 4127 enim
3330 4089 3566 4147 semper
3624 4074 3862 4146 loquitur

2229 4161 2323 4216 cui
2356 4161 2578 4214 verbum
2608 4168 2709 4228 est,
2730 4159 2969 4231 alioquin
2986 4160 3210 4217 verbum
3233 4177 3339 4216 non
3361 4171 3475 4217 est.
3499 4164 3747 4219 Verbum
3771 4179 3864 4219 er-

2228 4265 2301 4319 go
2348 4249 2502 4320 regni
2552 4249 2715 4303 habet
2753 4249 2845 4321 qui
2891 4265 2957 4304 ea
3003 4252 3423 4307 conversatione
3486 4253 3694 4326 fulget,
3748 4267 3867 4324 qua

2229 4337 2475 4408 exempla
2517 4337 2753 4392 caelestis
2784 4336 2994 4392 itineris
3032 4338 3155 4392 aliis
3195 4338 3348 4408 quasi
3379 4339 3682 4411 loquendo
3719 4357 3870 4414 pra:-

2228 4426 2338 4480 bct.
2388 4427 2620 4481 Verbum
2674 4441 2805 4497 ergo
2855 4441 2962 4481 non
3023 4426 3228 4482 indicat
3267 4428 3360 4496 qui
3406 4431 3869 4502 magnitudinem

518 4530 764 4589 verbium
804 4522 1020 4596 quidem
1072 4527 1173 4586 est,
1223 4515 1440 4589 quando
1479 4516 1533 4570 in
1581 4531 1667 4582 eo,
1709 4515 1853 4586 quod
1907 4515 2122 4577 dicitur,
2151 4510 2203 4570 D
2232 4515 2529 4570 sanctitatis
2567 4530 2664 4584 per
2701 4530 2890 4568 vanam
2933 4514 3167 4585 gloriam
3224 4529 3336 4569 non
3401 4517 3655 4574 revelat.
3698 4518 3875 4574 Habet

520 4617 670 4676 aliud
696 4614 1016 4670 occultatur.
1051 4605 1345 4663 Conversio
1389 4611 1568 4659 autem
1603 4603 1746 4658 beati
1779 4603 1928 4657 Pauli
1952 4620 2119 4674 apos-

520 4707 638 4771 toli,
674 4704 812 4759 facta
859 4707 941 4756 est
987 4695 1339 4768 proverbium
1376 4692 1706 4763 peccatoris.
1746 4693 1941 4747 Audiat
1987 4709 2119 4766 ergo

517 4793 884 4866 unusquisque
925 4794 1188 4859 peccator
1225 4783 1368 4839 beati
1414 4782 1563 4836 Pauli
1595 4781 2024 4845 conversionem,
2067 4790 2118 4837 et

516 4900 624 4942 non
655 4885 905 4953 desperet
933 4877 1001 4933 de
1031 4873 1322 4933 criminum
1353 4870 1715 4926 multitudine.
1745 4871 1939 4926 Saulus
1972 4871 2116 4925 enim

515 4975 731 5047 spirans
760 4970 1026 5025 minarum
1057 4962 1290 5021 etcaedis
1319 4961 1373 5015 in
1401 4960 1695 5029 discipulos
1717 4959 1953 5026 Domini,
1987 4959 2112 5012 ubi-

515 5081 619 5137 que
658 5062 859 5118 electos
914 5053 1213 5128 afﬂigebat,
1258 5049 1617 5121 lapidantium
1661 5055 2114 5137 protomartyrem

512 5136 846 5223 Stephanum
905 5145 1222 5200 vestimenta
1276 5138 1548 5204 servabat,
1599 5145 1652 5191 et
1681 5136 1827 5190 velut
1873 5136 2114 5190 omnium

509 5242 761 5298 manibus
786 5235 1080 5306 lapidabat,
1102 5230 1192 5303 qui
1223 5227 1506 5298 expeditos
1535 5225 1602 5279 ad
1636 5224 1980 5293 lapidandum
2002 5239 2115 5278 om-

511 5346 610 5385 nes
647 5325 906 5383 reddebat
945 5325 1091 5393 (Act.
1123 5336 1200 5386 ix,
1237 5321 1259 5372 1
1295 5318 1448 5385 seq.).
1489 5313 1592 5368 Sed
1629 5313 1718 5383 qui
1753 5312 1874 5367 talis
1914 5311 2116 5366 exstitit

513 5417 786 5472 Christum
818 5425 1166 5483 persequens,
1205 5407 1273 5461 ad
1305 5403 1570 5459 Christum
1609 5416 1929 5468 conversus,
1953 5408 2114 5471 caput

512 5504 733 5567 effectus
762 5511 840 5558 est
868 5501 1164 5565 nationum,
1201 5495 1329 5568 quia
1373 5491 1599 5551 obtinuit
1645 5489 1810 5548 totius
1855 5489 2115 5549 Ecclesia

581 5629 661 5720 ςα)
693 5626 857 5689 Gilot.
888 5630 1035 5683 recte
1065 5622 1430 5698 inspicerent.

2227 4604 2449 4674 quidem
2495 4602 2638 4669 quod
2669 4601 2889 4667 indicet,
2933 4603 3030 4656 sed
3067 4602 3213 4674 quod
3247 4618 3349 4673 per
3388 4605 3654 4676 seipsum
3692 4616 3875 4662 osten-

2226 4691 2372 4746 ditur
2421 4692 2666 4746 indicare
2707 4705 2815 4745 non
2863 4691 2994 4745 vult.
3033 4691 3171 4744 Nam
3209 4691 3299 4762 qui
3334 4707 3555 4765 magna
3594 4695 3875 4768 dignitate

2226 4795 2534 4852 magnaque
2576 4779 2858 4835 sanctitate
2897 4779 3089 4844 radiat,
3134 4779 3297 4834 multa
3327 4781 3585 4838 vivendo
3628 4783 3878 4839 ostendit

2225 4884 2343 4938 qute
2373 4867 2646 4938 loquendo
2671 4883 2778 4922 non
2809 4867 2964 4922 dicit.
3004 4869 3118 4922 Hoc
3143 4867 3388 4937 profecto
3429 4872 3602 4942 regni
3635 4872 3876 4928 verbum

2221 4957 2424 5012 habere
2475 4955 2737 5010 Dominus
2786 4955 3195 5024 praedicatorem
3258 4956 3460 5023 voluit,
3520 4960 3756 5030 quando
3817 4962 3876 5015 in

2221 5054 2373 5101 veste
2421 5043 2691 5114 pontiﬁcis
2735 5044 3099 5098 tintinnabula
3146 5044 3272 5115 poni
3311 5046 3613 5103 mandavit
3664 5048 3878 5121 (Exod.

2222 5149 2420 5199 xxvm,
2455 5136 2570 5202 34).
2612 5133 2786 5187 Vestis
2815 5133 3035 5202 quidem
3057 5131 3327 5202 pontiﬁcis
3348 5142 3433 5190 est
3467 5138 3742 5194 ostensio
3773 5139 3872 5194 bo.

2221 5240 2304 5278 nae
2350 5221 2796 5278 conversationis.
2850 5219 2984 5289 Quae
3034 5221 3186 5290 quasi
3236 5221 3641 5279 tintinnabulis
3684 5225 3880 5282 multis

2221 5312 2496 5380 inseritur,
2523 5311 2741 5382 quando
2773 5325 2942 5380 opera
2971 5309 3114 5364 bona
3143 5310 3469 5381 multiplicat
3504 5330 3646 5384 qua
3664 5316 3741 5371 ad
3764 5316 3881 5371 mi-

2223 5417 2416 5456 norum
2467 5401 2778 5469 exemplum
2818 5398 3069 5454 clamant.
3123 5399 3230 5454 Sed
3262 5399 3517 5455 indicare
3563 5419 3667 5459 rex
3710 5404 3878 5477 regni

2221 5489 2444 5547 verbum
2475 5505 2584 5545 non
2607 5487 2801 5545 audet:
2835 5487 2960 5560 quia
2988 5496 3324 5562 praeceptum
3350 5496 3434 5548 est
3459 5492 3883 5555 sacerdotibus

2283 5614 2358 5690 (ὁ)
2387 5614 2511 5675 Huc
2543 5614 2732 5673 desunt
2770 5612 2825 5674 in
2865 5613 3132 5676 Gussanv.
