4034 6174
231 309 312 371 308

991 310 1065 370 IN
1106 311 1375 373 PRIMUM
1412 313 1658 373 REGUM
1699 309 2229 371 EXPOSITIONES.
2272 346 2340 355 ——
2381 315 2505 371 LIB.
2549 309 2642 372 ιν.

3362 310 3470 370 306

230 446 274 493 ut
297 451 457 494 coram
483 433 706 495 Domino
762 439 928 496 vestis
981 439 1228 498 decorem
1284 450 1517 513 portent.
1577 442 1766 496 Coram
1797 440 1854 502 Α
1882 441 2332 512 afﬂigebantvos.
2357 448 2452 497 Vos
2465 447 2658 497 autem
2677 439 2835 498 hodie
2848 439 3160 512 proiecistis
3173 438 3472 496 Dominum

227 527 421 584 Domino
446 527 652 599 quidem
682 529 848 584 vestis
895 529 1145 586 decorem
1176 540 1358 602 portat
1410 539 1463 586 et
1493 531 1581 602 qui
1630 531 1774 586 bona

229 617 435 683 ostendit,
466 624 516 671 et
541 615 605 672 de
635 618 945 675 ostensione
974 620 1241 677 bonorum
1273 637 1502 692 cperum
1533 637 1639 676 non
1669 621 1774 675 ho-

228 706 427 759 minibus
454 721 551 775 per
577 707 868 762 vanitatem
902 708 1052 774 foris,
1085 711 1178 765 sed
1213 711 1324 764 Deo
1346 712 1485 764 intus
1511 727 1608 780 per
1628 725 1776 764 amo-

227 810 318 850 rem
332 795 526 864 placere
543 796 771 866 appetit.
805 798 953 853 Tunc
1007 808 1151 854 certe
1181 799 1434 854 sacerdos
1493 807 1648 862 tacet,
1681 800 1776 853 sed

228 883 329 937 dum
360 883 544 938 incedit
573 885 716 954 quod
745 895 920 955 portat
957 888 1152 942 clamat
1184 888 1346 958 ;quia
1402 887 1602 942 electus
1629 903 1776 958 prm-

229 969 400 1026 dicator
425 988 480 1026 se
505 972 770 1042 jactando
800 991 905 1031 non
935 976 1154 1044 indicat,
1195 977 1288 1030 sed
1345 976 1485 1031 bene
1542 976 1779 1030 vivendo

225 1059 344 1131 loqui
370 1077 701 1133 nequaquam
719 1071 914 1119 cessat.
965 1066 1186 1120 Dicatur
1214 1081 1345 1137 ergo
1375 1065 1443 1119 de
1474 1066 1622 1133 Saul,
1656 1066 1781 1136 quia

225 1158 380 1219 patruo
425 1166 516 1205 suo
544 1167 851 1207 sermonem
908 1155 1060 1225 regni
1107 1170 1216 1210 non
1266 1155 1524 1210 indicavit
1584 1169 1596 1208 :
1658 1155 1783 1224 quia

227 1237 350 1293 electi
379 1239 495 1306 viri,
528 1255 653 1296 cum
684 1242 1036 1312 splendorem
1059 1243 1343 1316 dignitatis
1365 1251 1456 1299 aut
1486 1243 1644 1298 bonae
1661 1244 1783 1298 vitae

227 1326 516 1383 incrementa
565 1331 892 1400 percipiunt,
952 1349 1049 1402 per
1102 1334 1352 1404 exempla
1407 1349 1466 1388 se
1510 1331 1788 1402 proferunt

225 1415 302 1468 sed
327 1417 526 1472 silentio
559 1420 852 1475 occultant.
908 1421 974 1474 Et
1003 1421 1130 1492 quia
1159 1422 1281 1476 aliis
1337 1422 1524 1477 electis
1555 1437 1618 1476 se
1667 1437 1787 1477 esse

225 1504 397 1560 meritis
431 1506 671 1562 minores
700 1509 949 1576 credunt,
995 1510 1086 1565 ille
1111 1512 1195 1566 cui
1228 1527 1528 1566 sermonem
1560 1527 1665 1566 non
1697 1511 1785 1565 in-

223 1591 338 1646 dicat
363 1595 470 1664 ejus
491 1604 718 1665 patruus
748 1613 872 1652 esse
901 1599 1113 1654 dicitur.
1148 1601 1375 1654 Patruus
1413 1601 1613 1671 quippe
1644 1599 1788 1654 dici-

223 1689 290 1735 tur
309 1682 461 1738 frater
489 1687 682 1755 patris.
715 1687 1049 1758 Redemptor
1102 1698 1284 1744 autem
1314 1689 1527 1758 generis
1569 1689 1791 1744 humani

1881 530 2054 584 Deum
2075 535 2344 596 vestrum,
2363 534 2459 602 qui
2495 532 2647 586 solus
2682 532 2924 586 saluauit
2964 547 3054 587 vos
3096 531 3161 585 de
3193 531 3470 586 universis

1881 620 2050 674 malis
2071 624 2125 674 et
2146 620 2605 675 tribulationibus
2633 622 2855 684 vestris,
2879 622 2932 675 et
2950 621 3182 676 dixistis
3205 640 3223 676 ε
3245 621 3471 691 Nequa-

1883 725 2072 780 quam,
2095 709 2189 763 sed
2220 725 2324 764 rex
2351 711 2768 774 eritsupernos.

1954 801 2041 851 32.
2077 799 2293 851 Auente
2317 798 2535 866 quidem
2587 798 2822 851 ostendit
2869 798 2946 852 eis
2972 807 3022 852 et
3055 799 3196 853 bona
3252 815 3371 870 quae
3400 800 3478 854 eis

1885 886 2151 956 impendit
2191 886 2450 940 Dominus
2493 896 2544 940 et
2601 887 2742 940 mala
2800 903 2920 955 qua:
2974 888 3208 942 Domino
3237 887 3476 942 fecerunt

1887 976 1987 1046 ipsi
2038 983 2094 1028 ut
2145 983 2295 1029 tanto
2345 976 2568 1044 gravius
2612 990 2671 1029 se
2727 975 3024 1045 deliquisse
3068 985 3477 1048 cognoscerent,

1888 1071 2090 1137 quanto
2147 1063 2299 1116 illum
2356 1064 2631 1132 peccando
2660 1062 2940 1118 offendere
2979 1064 3100 1118 ausi
3146 1073 3288 1130 sunt,
3321 1080 3483 1134 aquo

1871 1159 2036 1221 tanta
2066 1152 2210 1206 bona
2239 1160 2607 1221 perceperant.
2645 1152 2787 1218 Quid
2822 1169 2947 1207 vero
2978 1153 3047 1207 sit
3077 1153 3317 1222 abjicere
3363 1155 3484 1208 Do-

1890 1241 2114 1306 minum,
2148 1248 2202 1294 et
2230 1240 2460 1311 qualiter
2488 1239 2783 1294 secundum
2820 1240 3056 1296 litteram
3087 1249 3142 1296 et
3187 1241 3488 1297 secundum

1891 1329 2230 1400 spiritualem
2255 1345 2469 1382 sensum
2487 1328 2719 1400 intelligi
2748 1328 2959 1396 debeat,
2991 1330 3238 1399 superius
3258 1330 3367 1385 late
3388 1347 3489 1386 ex-

1894 1417 2124 1489 positum
2155 1426 2234 1471 est
2258 1418 2463 1488 (Supra
2478 1418 2539 1471 in
2557 1418 2797 1488 exposit.
2821 1435 2962 1474 vers.
3008 1420 3061 1483 7,
3083 1421 3366 1490 cap.viti),
3399 1419 3492 1474 ubi

1895 1506 1964 1560 ad
1994 1506 2306 1560 Samuelem
2331 1506 2594 1560 Dominus
2624 1507 2697 1561 ait
2730 1525 2742 1560 :
2776 1508 2895 1564 Non
2922 1511 2974 1562 te
3019 1507 3373 1578 abjecerunt,
3397 1510 3493 1564 sed

1898 1611 2004 1662 me,
2014 1596 2195 1664 juxta
2213 1596 2408 1652 omnia
2423 1611 2589 1667 opera
2609 1612 2734 1663 sua,
2754 1612 2876 1667 quae
2905 1600 3169 1666 fecerunt
3187 1613 3222 1650 a
3238 1595 3346 1662 die,
3380 1613 3492 1668 qua

1898 1685 2073 1741 eduxi
2093 1684 2260 1740 eosde
2284 1689 2435 1740 terra
2458 1685 2701 1757 Egi/pii.
2762 1684 2871 1739 Sed
2927 1684 3056 1754 quia
3112 1685 3283 1740 sancti
3340 1701 3489 1756 pras-

223 1780 442 1844 quotquot
470 1773 599 1830 ﬁdei
629 1792 744 1830 sum
773 1786 826 1831 et
851 1778 1111 1833 doctrinae
1139 1779 1490 1834 sacramentis
1531 1779 1780 1846 instituit,
1810 1795 1865 1857 Β
1898 1773 2166 1828 dicatores
2219 1788 2312 1828 eos
2342 1788 2478 1844 quos
2515 1772 2796 1838 arguendo
2827 1781 3219 1845 compungunt,
3249 1774 3496 1830 docendo

223 1860 276 1914 ad
300 1860 799 1920 immarcescibilem
826 1874 1043 1922 aeternae
1065 1869 1394 1922 haereditatis
1438 1868 1672 1939 gloriam
1705 1875 1786 1924 tot

226 1949 340 2004 ﬁlios
367 1951 504 2006 facit.
545 1951 649 2022 Qui
673 1954 814 2008 enim
847 1954 1196 2010 instituuntur
1223 1957 1275 2010 in
1308 1957 1569 2023 Ecclesia,
1631 1957 1787 2026 quasi

223 2039 396 2106 parvuli
424 2041 609 2097 adhuc
633 2041 896 2099 ﬁliisunt.
963 2044 1090 2112 Sed,
1123 2045 1213 2115 qui
1261 2047 1436 2116 magis
1491 2046 1697 2100 meritis
1740 2046 1792 2100 ei

223 2123 372 2193 jamin
386 2127 564 2183 virum
588 2131 884 2200 perfectum
903 2133 1156 2198 occurrit,
1189 2132 1356 2188 frater
1376 2143 1456 2188 est
1477 2135 1792 2204 redempto-

225 2212 295 2268 ris.
317 2215 461 2271 Tales
473 2218 738 2273 nimirum
755 2219 948 2274 beatus
964 2221 1158 2276 Paulus
1169 2223 1443 2290 apostolus
1457 2221 1790 2290 collaudans,

225 2302 310 2356 ait:
331 2306 584 2362 Heredes
604 2309 722 2375 Dei,
743 2310 1056 2366 cohwredes
1101 2311 1309 2366 Christi
1335 2313 1510 2379 (Rom.
1533 2328 1644 2375 vni.
1679 2312 1788 2378 17).

224 2389 336 2460 Quia
362 2410 487 2467 ergo
514 2397 752 2466 perfecti
809 2399 1190 2467 praedicatores
1245 2399 1448 2454 electos
1477 2400 1612 2455 alios
1663 2417 1792 2470 per-

223 2479 364 2536 fectos
389 2492 575 2538 tenent
604 2493 656 2540 et
688 2501 746 2540 se
776 2486 1148 2556 imperfectos,
1181 2497 1403 2559 patruus
1433 2489 1561 2544 Saul
1601 2488 1796 2544 dicitur

225 2571 296 2639 qui
321 2570 382 2626 de
417 2573 576 2645 regni
601 2589 850 2630 sermone
881 2591 1003 2631 eum
1035 2576 1404 2649 interrogasse
1457 2578 1790 2647 perhibetur.

224 2657 456 2715 Eumdem
487 2677 626 2717 vero
657 2664 809 2735 regni
841 2680 1142 2720 sermonem
1163 2665 1287 2720 Saul
1303 2666 1520 2721 Samuel
1543 2666 1750 2721 dixerat
1776 2683 1790 2720 :

221 2747 323 2817 quia
370 2750 522 2805 electi
582 2751 688 2805 viri
727 2751 1063 2821 spiritualem
1103 2753 1573 2808 conversationem
1633 2771 1790 2824 quam

216 2835 388 2893 habent
409 2841 682 2908 majorum
712 2841 982 2898 locutione
1025 2842 1354 2898 didicerunt.
1415 2842 1521 2897 Sed
1553 2858 1643 2897 rex
1703 2843 1792 2912 qui

215 2923 420 2982 initiatus
445 2945 546 2999 per
579 2929 886 2985 unctionem
919 2931 1116 2998 fuerat,
1141 2947 1172 2985 a
1198 2931 1400 3003 pepulo
1431 2933 1607 2986 adhuc
1639 2931 1790 2986 elec-

217 3019 285 3068 tus
303 3031 400 3071 non
431 3025 566 3072 erat.
602 3017 755 3074 Unde
785 3026 837 3074 et
865 3021 1110 3091 sequitur
1135 3035 1147 3075 :

270 3102 430 3171 (Vera.
454 3109 574 3175 t7.)
602 3107 1350 3183 VocavitSamuelpopulum
1377 3113 1448 3166 ad
1480 3110 1789 3166 Dominum

208 3190 259 3245 in
283 3193 592 3264 Masphath.

269 3283 351 3336 3t.
386 3285 700 3356 Masphath,
756 3295 815 3342 ut
871 3287 1002 3354 dixi,
1050 3289 1348 3358 speculatio
1386 3288 1787 3359 interpretatur.

213 3367 259 3422 In
285 3371 622 3429 ordinatione
646 3383 822 3429 autem
855 3377 1003 3448 regis
1031 3377 1264 3447 populus
1287 3378 1342 3431 in
1371 3379 1654 3448 Masphath
1684 3395 1790 3434 vo-

215 3467 358 3528 catur,
389 3465 513 3533 quia
546 3463 647 3535 qui
676 3465 748 3518 ad
770 3464 1127 3520 ordinandum
1146 3475 1349 3522 sanctae
1398 3467 1654 3522 Ecclesiae
1675 3485 1792 3538 pas-

215 3553 358 3604 torem
388 3553 743 3620 conveniunt,
779 3555 896 3624 ejus
930 3555 1255 3624 spiritualia,
1287 3571 1393 3610 non
1423 3557 1663 3612 carnalia
1702 3565 1790 3611 at-

215 3638 404 3695 tendere
433 3641 725 3697 docentur.
761 3643 1044 3712 Speculari
1073 3644 1291 3714 quidem
1323 3653 1403 3698 est
1432 3661 1530 3715 per
1558 3645 1790 3700 formam

214 3738 356 3781 saera:
384 3730 690 3802 Scriptum
707 3731 1068 3786 ordinandum
1099 3733 1512 3802 praedicatorem
1561 3751 1791 3806 cognos-

214 3827 329 3870 cere.
358 3819 494 3873 Nam
529 3820 832 3875 electorum
866 3822 1144 3890 speculum
1188 3837 1337 3877 sacra
1360 3823 1640 3893 Scriptura
1689 3830 1786 3877 est.

214 3899 347 3968 Quasi
393 3910 542 3962 enim
608 3923 706 3977 per
742 3909 1021 3980 speculum
1081 3911 1322 3965 noscitur
1377 3921 1582 3981 pastor,
1627 3914 1787 3980 252

212 3993 398 4060 quando
427 3996 680 4052 moribus
712 3997 832 4052 talis
859 3998 1178 4063 ostenditur,
1210 4000 1383 4070 qualis
1416 4000 1470 4053 in
1501 4015 1653 4054 sacro
1681 3999 1792 4056 elo-

214 4079 320 4146 quio
355 4085 708 4153 pradicatur.
744 4086 886 4142 Bene
917 4088 1086 4160 igitur
1142 4088 1360 4142 Samuel
1421 4089 1681 4158 populum
1734 4091 1793 4142 in

211 4165 462 4240 llasphath
486 4183 779 4240 convocat,
802 4182 860 4229 ut
889 4174 1082 4231 electio
1107 4176 1233 4231 boni
1285 4177 1533 4230 antistitis
1563 4193 1668 4231 non
1727 4176 1795 4231 sit

212 4255 418 4314 humano
443 4262 681 4332 judicio,
712 4263 809 4318 sed
837 4263 1021 4319 divino
1055 4282 1068 4318 :
1099 4281 1222 4318 cum
1268 4281 1371 4319 non
1404 4265 1524 4319 talis
1555 4265 1790 4338 eligitur,

210 4346 357 4414 qualis
399 4351 686 4406 hominum
737 4351 960 4406 arbitrio
1007 4353 1223 4408 decerni
1260 4361 1452 4422 potest,
1495 4355 1588 4408 sed
1616 4353 1795 4424 qualis

210 4431 252 4485 in
278 4450 420 4491 sacro
451 4440 678 4511 eloquio
709 4440 1040 4495 declaratur.
1073 4441 1229 4510 Quod
1252 4443 1376 4512 quia
1405 4442 1572 4496 divini
1606 4458 1792 4496 mune-

1822 3153 1871 3216 C

1897 1862 2182 1928 instruunt,
2212 1861 2515 1928 subintulit,
2549 1861 2738 1917 dicens
2771 1880 2782 1914 :

1971 1952 2152 2016 (Vers.
2175 1953 2260 2005 19.
2283 1951 2302 2019 )
2325 1951 2484 2006 Nunc
2502 1967 2634 2022 ergo
2652 1955 2801 2007 state
2821 1966 3011 2007 coram
3033 1952 3268 2008 Domino
3281 1968 3383 2024 per
3396 1953 3497 2008 tri-

1900 2041 1998 2096 bus
2027 2044 2083 2094 et
2105 2037 2365 2109 familias
2388 2042 2618 2094 vestras.

1973 2129 2059 2182 33.
2087 2127 2281 2182 Coram
2304 2127 2538 2181 Domino
2553 2127 2769 2197 quidem
2792 2136 2933 2183 stare
2956 2129 3498 2201 praecipimur,quan-

1903 2217 1974 2271 do
1994 2215 2260 2285 majorum
2282 2225 2555 2285 praecepto
2591 2217 2756 2271 corda
2811 2222 2992 2271 nostra
3021 2217 3088 2271 ad
3144 2218 3359 2273 scienda
3390 2219 3507 2289 ejus

1903 2305 2157 2358 mandata
2187 2320 2570 2375 praeparemus.
2607 2304 2908 2360 Velcoram
2944 2306 3174 2360 Domino
3192 2315 3330 2360 stant
3353 2307 3505 2361 elec-

1903 2394 1961 2459 ti,
1997 2393 2212 2463 quando
2242 2409 2272 2447 a
2304 2394 2528 2447 summis
2549 2393 2676 2448 viris
2720 2394 2773 2447 in
2790 2393 3160 2464 spiritualibus
3215 2393 3504 2449 virtutibus

1903 2482 2326 2538 considerantur
2358 2489 2450 2536 :ut
2473 2481 2562 2553 qui
2607 2482 2800 2537 melior
2853 2483 2908 2536 in
2937 2483 3020 2538 eis
3078 2483 3356 2552 aspicitur,
3405 2498 3506 2552 per

1901 2570 2229 2640 pastoralem
2259 2585 2440 2624 curam
2473 2571 2682 2626 caeteris
2711 2571 3049 2641 pmferatur.
3085 2571 3149 2625 Et
3170 2572 3294 2640 quia
3324 2571 3505 2642 plures

1902 2667 2024 2714 sunt
2054 2659 2300 2714 fidelium
2331 2658 2580 2726 ordines,
2606 2675 2700 2730 per
2717 2660 2886 2714 tribus
2915 2669 2964 2714 et
2998 2659 3394 2715 familiasstare
3409 2675 3502 2714 co-

1899 2764 2018 2802 ram
2075 2749 2305 2802 Domino
2339 2747 2615 2818 jubentur.
2649 2747 2809 2816 Quod
2854 2747 3098 2818 profecto
3128 2748 3287 2804 latius
3341 2763 3504 2804 exse-

1902 2852 2094 2907 quens,
2127 2837 2309 2890 subdit
2340 2837 2527 2890 dicens
2562 2855 2572 2890 :

1972 2927 2150 2995 (Vers.
2171 2929 2258 2990 20,
2291 2925 2404 2994 ‘21.)
2424 2926 2492 2979 Et
2507 2925 2791 2997 applicuit
2808 2925 3052 2982 Samuel
3079 2942 3277 2982 omnes
3317 2927 3500 2982 tribus

1900 3014 2156 3080 Israel,et
2169 3014 2370 3069 cecidit
2385 3031 2504 3070 sors
2516 3031 2684 3084 super
2701 3015 2911 3070 tribum
2927 3017 3304 3086 Benjamin,et
3316 3016 3503 3087 appli-

1900 3105 2020 3159 cuit
2041 3103 2252 3158 tribum
2273 3104 2568 3168 Beniamin
2589 3107 2645 3157 et
2671 3105 3031 3172 cognationes
3066 3105 3206 3174 ejus,
3221 3109 3274 3158 et
3295 3104 3500 3160 cecidit

1901 3193 2162 3262 coynatio
2186 3193 2369 3257 Matri,
2396 3196 2452 3245 et
2472 3194 2727 3261 pervenit
2743 3209 2914 3264 usque
2929 3193 3000 3248 ad
3029 3193 3214 3260 ﬁlium
3235 3193 3343 3248 Cis.

1971 3282 2060 3335 34,
2095 3280 2248 3334 Stare
2303 3295 2490 3334 omnes
2518 3295 2618 3348 per
2661 3279 2829 3335 tribus
2861 3287 2915 3336 et
2944 3279 3178 3335 familias
3235 3281 3362 3336 fecit
3395 3299 3407 3345 ;
3440 3287 3499 3336 ut

1899 3383 2089 3424 omnes
2120 3368 2504 3440 consideraret,
2537 3375 2590 3422 et
2610 3368 2980 3424 consideratis
3036 3369 3288 3424 omnibus
3318 3370 3495 3425 utilio-

1901 3473 2009 3512 rem
2033 3457 2282 3527 eligeret.
2317 3455 2426 3511 Sed
2449 3456 2575 3526 quia
2613 3456 2732 3526 ipse
2757 3458 2894 3526 jam,
2928 3457 3161 3512 Domino
3192 3457 3492 3525 revelante,

1899 3561 2090 3617 regem
2121 3553 2471 3616 cognoverat,
2504 3560 2736 3614 eumque
2754 3545 2874 3615 ipso
2902 3545 3253 3616 praecipiente
3271 3546 3324 3599 in
3342 3547 3496 3615 prin-

1897 3635 2074 3705 cipem
2124 3641 2368 3698 unxerat,
2429 3633 2557 3701 quid
2613 3641 2695 3688 est
2749 3634 2894 3704 quod
2949 3635 3128 3690 adhuc
3181 3634 3497 3706 eligendum

1899 3722 2104 3795 [Forte,
2157 3720 2461 3792 eligendus]
2503 3738 2605 3790 per
2636 3722 2802 3776 tribus
2840 3731 2893 3778 et
2919 3723 3155 3778 familias
3185 3725 3438 3794 quwritur
3465 3726 3494 3778 εἰ

1898 3813 1992 3866 sed
2025 3813 2273 3866 inventus
2302 3825 2397 3864 rex
2427 3826 2458 3863 a
2479 3811 2592 3865 solo
2623 3811 2880 3880 prapheta
2910 3820 3042 3868 erat.
3075 3813 3331 3868 Inventus
3360 3829 3496 3884 ergo

1900 3901 2181 3974 quaeritur,
2214 3907 2270 3952 ut
2301 3915 2407 3952 non
2438 3900 2737 3953 inventusa
2766 3901 2967 3969 p0pulo
2997 3901 3317 3956 inveniatur.
3336 3904 3493 3958 Sorte

1900 3990 2061 4044 etiam
2095 3987 2381 4057 quaeritur,
2414 3995 2470 4040 ut
2500 4003 2620 4041 eum
2653 4003 2812 4056 quem
2844 3989 3108 4059 pmpheta
3137 3990 3491 4062 eligeretdis-

1901 4077 2216 4147 pensatione
2239 4075 2418 4128 divina
2449 4075 2524 4143 (α)
2560 4075 2832 4144 provisum
2864 4078 3093 4146 pOpulus
3147 4095 3256 4134 non
3309 4090 3498 4150 posset

1901 4167 2166 4220 dubitare.
2223 4163 2367 4232 Quid
2393 4179 2524 4233 ergo
2556 4163 2608 4215 in
2641 4163 2744 4218 hoc
2776 4163 2920 4218 facto
2949 4165 3213 4235 signatur,
3238 4167 3338 4220 nisi
3369 4169 3494 4238 quia

1901 4263 2102 4310 sanctae
2130 4251 2391 4308 Ecclesia:
2421 4251 2695 4321 principes
2715 4252 2881 4305 multa
2921 4253 3359 4309 consideratione
3388 4255 3493 4309 eli-

1900 4345 2064 4416 gendi
2096 4351 2217 4396 sunt
2244 4341 2272 4394 7
2302 4340 2512 4395 Summi
2530 4341 2730 4394 etenim
2754 4340 3152 4410 praedicatores,
3185 4359 3252 4397 ex
3286 4343 3498 4399 interna.

1901 4433 2072 4504 gratia
2102 4430 2272 4484 sancti
2295 4430 2518 4498 spiritus
2552 4444 2716 4498 quam
2746 4428 2964 4494 habent,
2985 4446 3185 4501 magno
3213 4432 3500 4501 providen-

209 4519 269 4574 τὶς
319 4531 416 4593 ρει,
468 4535 687 4598 oportet
719 4536 774 4583 υι
803 4529 1040 4599 populus
1085 4529 1177 4600 qui
1214 4546 1243 4582 ε
1293 4530 1406 4584 Deo
1447 4534 1554 4583 iam
1586 4544 1792 4600 magna
1821 4513 1873 4571 D
1908 4523 1993 4575 tiae
2025 4521 2227 4573 lumine
2257 4518 2399 4588 pleni
2455 4527 2596 4572 sunt.
2630 4519 2696 4571 Et
2733 4519 2859 4588 quia
2879 4519 3040 4574 valde
3067 4529 3188 4574 sunt
3244 4521 3497 4589 humiles,

208 4622 494 4679 exspectare
524 4617 874 4688 cognoscitur
914 4634 945 4672 a
1003 4626 1151 4673 reatu
1181 4633 1277 4672 suo
1316 4633 1418 4686 per
1464 4617 1796 4687 pmriitentiae

207 4698 620 4758 satisfactionem
671 4714 957 4777 purgetur.
1005 4708 1127 4775 Ipsa
1181 4712 1355 4759 autem
1391 4704 1631 4775 cognitio
1682 4719 1798 4773 pec-

212 4788 297 4840 cati
326 4799 402 4844 est
452 4793 784 4863 prmparatio
816 4793 984 4848 divini
1040 4793 1303 4860 muneris,
1336 4792 1463 4864 quia
1484 4808 1634 4861 saepe
1676 4808 1798 4846 cum

209 4886 294 4930 nos
321 4878 505 4935 divino
539 4897 764 4938 munere
793 4881 1045 4952 indignos
1070 4881 1364 4946 credimus,
1409 4880 1461 4933 id
1494 4896 1592 4950 per
1627 4880 1800 4933 humi-

211 4961 396 5021 litatem
453 4985 858 5038 promeremur.
906 4970 1058 5026 Unde
1115 4977 1167 5025 et
1208 4969 1429 5024 Samuel
1459 4984 1554 5023 eos
1584 4968 1676 5039 qui
1731 4969 1800 5022 ad

213 5054 579 5125 excipiendum
606 5073 792 5131 regem
819 5066 1183 5114 convenerant
1199 5057 1347 5127 prius
1361 5057 1428 5110 ad
1451 5065 1798 5126 peccatorum

213 5153 413 5198 suorum
472 5145 970 5202 considerationem
1039 5153 1356 5201 convertere
1426 5145 1608 5216 stagit,
1677 5143 1804 5214 quia

213 5229 549 5300 subjunctum
581 5243 664 5289 est
697 5253 708 5288 :

275 5321 441 5384 (νει-ε.
499 5324 590 5388 18.
641 5326 755 5388 19.)
815 5326 883 5380 Et
926 5324 1010 5380 ait
1059 5324 1286 5380 Samuel
1315 5323 1548 5392 adﬁlios
1578 5323 1752 5378 Israel
1784 5341 1802 5375 :

219 5404 324 5462 lec
344 5411 774 5469 dicitDominus
824 5415 967 5468 Deus
1018 5413 1236 5469 Israel:
1273 5415 1376 5484 Ego
1423 5411 1600 5467 eduxi
1629 5412 1804 5468 Israel

217 5494 272 5552 de
288 5501 541 5575 ﬁgi/pta,
574 5505 628 5558 et
655 5502 781 5560 erui
803 5517 893 5558 vos
916 5501 981 5557 de
999 5517 1180 5557 manu
1192 5503 1448 5558 omnium
1480 5516 1692 5572 regum,
1709 5500 1804 5572 qui

1905 4609 1973 4664 de
2004 4610 2227 4662 internae
2255 4605 2668 4660 illuminationis
2697 4622 2809 4662 sua:
2834 4608 3208 4678 magnitudine
3233 4625 3340 4665 non
3370 4627 3502 4682 prte-

1907 4705 2144 4752 sumnnt.
2177 4695 2356 4764 Quare
2387 4699 2442 4749 et
2469 4711 2534 4749 ea
2563 4710 2683 4765 quas
2713 4695 2858 4764 apud
2887 4712 2944 4750 se
2972 4696 3112 4752 bene
3140 4699 3501 4755 ordinantco-

1907 4801 2023 4840 ram
2056 4785 2174 4838 aliis
2201 4784 2451 4854 probant.
2487 4783 2645 4838 Solus
2675 4785 2818 4838 enim
2848 4786 3112 4855 propheta
3133 4790 3293 4856 253
3319 4805 3508 4860 regem

1909 4875 2148 4929 futurum
2205 4872 2399 4939 noscit,
2459 4871 2674 4940 quando
2730 4888 2972 4928 summus
2995 4884 3194 4931 sancta:
3248 4877 3506 4933 Ecclesia:

1909 4971 2084 5019 rector
2113 4977 2396 5033 personam
2428 4959 2716 5015 ordinandi
2756 4963 2980 5018 rectoris
3033 4972 3086 5018 et
3132 4965 3325 5020 merita
3369 4982 3506 5020 con-

1909 5053 2086 5122 spicit.
2120 5051 2292 5119 Quem
2324 5047 2561 5103 etiamin
2603 5049 2902 5120 principem
2931 5051 3082 5122 ungit
3137 5053 3354 5121 quando
3384 5068 3509 5108 eum

1911 5141 2070 5196 donis
2099 5137 2472 5209 spiritualibus
2502 5137 2724 5208 plenum
2748 5139 2958 5194 asserit.
2991 5139 3193 5194 Tamen
3223 5140 3398 5195 adhuc
3410 5157 3506 5210 po-

1914 5229 2098 5301 pulum
2157 5235 2441 5293 convocat,
2476 5242 2572 5296 per
2602 5227 2772 5281 tribus
2803 5237 2855 5282 et
2883 5227 3232 5298 cognationes
3289 5229 3502 5295 dividit,

1912 5327 2087 5373 sortes
2108 5317 2280 5387 ponit,
2316 5323 2366 5370 et
2386 5332 2508 5370 eum
2542 5331 2700 5389 quem
2732 5317 2886 5368 novit
2915 5315 3064 5383 quasi
3084 5332 3183 5384 per
3211 5325 3378 5372 artem
3409 5319 3504 5374 in-

1912 5410 2078 5465 venit.
2103 5405 2295 5461 Tribus
2323 5405 2541 5476 quidem
2571 5411 2622 5457 et
2650 5402 2871 5458 familiae
2899 5403 3054 5474 quasi
3098 5403 3306 5470 divisae,
3342 5416 3505 5477 stant,

1913 5497 2134 5572 quando
2192 5495 2248 5550 in
2297 5502 2435 5548 statu
2488 5493 2743 5547 virtutum
2773 5491 2968 5549 diversi
3014 5502 3216 5552 suuctae
3246 5495 3508 5554 Ecclesia:

284 5650 360 5723 (α)
371 5650 555 5710 Vatic.
575 5661 626 5710 et
637 5653 806 5722 Gilot,
824 5653 1084 5727 provisus
1097 5653 1342 5727 populus
1365 5667 1480 5710 non
1492 5655 1635 5709 esset
1649 5650 1932 5709 dubitare.
