4034 6174
0 1113 2 1154 l

5 5527 20 5694 l

0 5695 24 6065 ξ

536 335 644 397 307
1744 334 1990 398 SANCTI
2029 336 2372 397 GREGO‘RII
2408 339 2633 398 MAGNI
3706 346 3798 406 308

541 470 760 532 ordines
780 467 1149 530 attenduntur.
1185 471 1326 530 Nam
1351 487 1472 530 cum
1517 473 1880 546 perfectiones
1928 462 2140 528 'electo-
2169 469 2225 536 Α
2254 471 2354 527 viri
2384 471 2672 543 displicere
2702 471 2816 529 Deo
2873 471 3081 542 nolunt,
3112 471 3292 542 254,
3339 468 3646 542 praelationis
3686 474 3800 531 otti-

537 579 664 619 rnm
693 561 874 634 plures
904 562 1193 633 intuemur,
1222 580 1344 620 cum
1383 564 1673 621 candorem
1695 564 1986 637 virginum,
2017 577 2142 616 cum

537 651 711 708 robur
739 652 1155 722 continentium,
1187 669 1308 709 cum
1340 655 1561 710 honesta
1600 653 1898 709 ministeria
1916 651 2139 706 clerico-

535 757 681 811 rum,
715 757 842 796 cum
873 743 1264 798 monachorum
1278 741 1701 798 sollicitudinem
1714 740 2139 806 videmus,velut

534 838 738 887 stantes
766 831 937 886 tribus
966 832 1316 887 attendimus.
1340 832 1404 886 Et
1434 832 1558 903 quia
1587 832 1642 886 in
1672 831 1771 887 Dei
1801 830 2022 886 servitio
2041 829 2135 884 ho-

537 935 655 974 rum
690 921 856 974 multa
886 919 1123 976 varietas
1152 929 1249 989 est,
1283 921 1406 976 dum
1431 937 1496 976 ea
1526 938 1647 992 quae
1684 929 1808 976 sunt
1836 920 1890 973 in
1907 917 2134 990 singulis

535 1008 840 1074 ordinibus,
901 1009 1030 1064 item
1087 1011 1373 1068 varietates
1401 1010 1716 1081 aspicimus,
1747 1008 1901 1081 quasi
1931 1014 2132 1061 stantes

533 1113 646 1154 non
693 1097 865 1153 solum
925 1099 1114 1167 tribus,
1155 1099 1249 1154 sed
1279 1099 1446 1154 etiam
1477 1099 1828 1172 cognationes
1856 1097 2126 1152 videmus.

529 1187 598 1242 Et
630 1203 750 1244 sors
779 1203 948 1258 super
977 1187 1175 1243 tribum
1207 1187 1351 1243 cadit
1375 1206 1387 1243 :
1413 1188 1537 1260 quia
1559 1188 1810 1244 meliores
1839 1185 1940 1242 viri
1984 1199 2128 1254 sape

529 1275 585 1331 in
615 1291 722 1332 uno
753 1277 948 1331 ordine
979 1293 1139 1348 quam
1167 1277 1223 1332 in
1253 1276 1359 1332 alio
1389 1277 1763 1332 inveniuntur.
1793 1278 1934 1331 Nam
1980 1274 2128 1331 velut

531 1368 736 1422 sortem
773 1365 941 1420 tribus
970 1366 1183 1437 accipit,
1204 1367 1424 1437 quando
1453 1366 1491 1422 ii
1525 1367 1612 1438 qui
1648 1366 2128 1437 perfectioressunt

531 1453 657 1509 aliis
700 1455 991 1512 convenire
1045 1455 1296 1511 videntur
1352 1455 1658 1512 ministerio
1688 1455 2115 1526 pradicationis.

531 1543 640 1601 Sed
670 1559 778 1600 non
804 1559 1272 1614 superpersonam
1286 1545 1482 1614 adhuc,
1505 1545 1597 1600 sed
1621 1545 1996 1614 supertribum
2009 1559 2126 1600 sors

529 1633 696 1702 cadit,
717 1633 934 1703 quando
955 1634 1140 1703 plures
1156 1634 1341 1688 suntin
1357 1633 1558 1704 quibus
1591 1649 1822 1704 persona
1849 1633 2015 1705 digna
2033 1649 2124 1688 re-

526 1722 794 1778 conditur.
826 1722 1018 1778 Adhuc
1046 1723 1231 1792 itaque
1259 1723 1486 1776 summis
1529 1721 1660 1779 viris
1715 1730 1956 1778 remanet
1980 1722 2124 1792 quod

2251 562 2394 618 cium
2412 563 2688 634 suscipere
2717 563 2895 620 vocati
2924 561 3217 635 refugiunt.
3251 561 3359 617 Sed
3386 570 3432 616 et
3463 561 3689 618 eamdem
3723 563 3803 619 fu-

2246 668 2372 722 gam
2403 652 2680 708 ministerii
2709 653 2778 708 ad
2811 652 3064 708 virtutem
3085 649 3399 706 humilitatis
3450 651 3658 720 habent,
3709 669 3805 708 non

2246 741 2314 796 ad
2329 741 2643 809 jactantiam
2679 742 2978 814 dignitatis.
3010 742 3148 796 Nam
3197 749 3457 812 quantum
3487 749 3696 810 possunt
3725 742 3809 796 fu-

2242 830 2398 900 giunt
2430 845 2443 899 ;
2477 831 2572 886 sed
2597 832 2641 885 si
2671 848 2701 886 a
2732 831 2962 886 Domino
2984 830 3192 902 provisi
3226 837 3369 894 sunt,
3403 830 3702 884 delitescere
3723 847 3804 885 ne-

2243 937 2510 992 quaquam
2541 928 2780 990 possunt.
2815 919 2993 988 Quare
3023 928 3072 974 et
3102 919 3248 973 idem
3279 918 3404 972 Saul
3433 919 3576 972 domi
3605 918 3808 973 abscon~

2241 1010 2401 1076 ditur,
2434 1010 2526 1064 sed
2566 1009 2798 1064 Domino
2828 1009 3097 1080 pandente
3127 1016 3464 1075 monstratur,
3490 1007 3611 1078 quia
3665 1007 3806 1062 electi

2237 1099 2336 1154 viri
2367 1099 2724 1154 exterioribus
2744 1115 2801 1153 se
2842 1107 3043 1154 sancta:
3074 1097 3329 1154 Ecclesiae
3361 1096 3660 1151 ministeriis
3683 1096 3806 1149 sub-

2236 1189 2472 1255 trahunt,
2523 1188 2621 1243 sed
2677 1196 2858 1242 tamen
2914 1187 2982 1242 ad
3011 1187 3283 1242 exteriora
3310 1185 3600 1241 ministeria
3651 1184 3809 1254 dispo-

2235 1275 2412 1331 nenda
2435 1277 2668 1332 Domino
2715 1276 3057 1346 dispensante
3097 1276 3483 1346 producuntur.
3526 1272 3658 1342 Quia
3683 1289 3801 1329 vero

2232 1366 2446 1420 nuncin
2478 1375 2660 1420 sancta
2692 1365 2932 1422 Ecclesia
2963 1365 3051 1436 qui
3087 1382 3146 1420 se
3174 1364 3488 1420 subtrahant
3541 1362 3691 1417 tantis
3717 1364 3801 1417 ho-

2233 1455 2455 1510 noribus
2508 1455 2668 1526 pauci
2700 1463 2841 1524 sunt,
2874 1455 2965 1526 qui
3021 1471 3080 1511 se
3116 1455 3366 1527 ingemat
3412 1452 3584 1519 multi,
3632 1460 3803 1506 notare

2233 1544 2326 1615 qui
2355 1561 2413 1599 se
2444 1545 2693 1615 ingerunt
2746 1543 2944 1599 debent
2975 1562 2988 1606 ;
3019 1544 3145 1614 quia
3175 1544 3219 1597 is
3257 1543 3348 1615 qui
3377 1557 3409 1596 a
3439 1543 3690 1612 propheta
3713 1539 3807 1594 do-

2231 1635 2307 1688 mi
2337 1633 2688 1689 absconditus
2719 1633 2932 1698 dicitur,
2963 1649 3070 1688 non
3101 1632 3170 1687 ad
3201 1631 3538 1702 sipritualem
3567 1627 3809 1684 Ecclesiae

2230 1721 2569 1794 dignitatem,
2603 1721 2702 1776 sed
2733 1722 2800 1776 ad
2822 1723 3144 1777 szecularem
3172 1720 3326 1792 regni
3348 1719 3580 1792 gloriam
3613 1732 3808 1787 quaere-

527 1811 823 1882 inquirant.
883 1811 1034 1866 Bene
1088 1827 1219 1883 ergo
1248 1827 1372 1866 sors
1400 1828 1562 1882 super
1613 1812 1813 1867 tribum
1843 1811 2120 1882 Benjamin
2148 1833 2202 1893 B
2234 1811 2415 1866 batur.
2447 1813 2569 1867 Non
2593 1813 2735 1867 enim
2767 1811 2818 1865 in
2835 1810 3145 1881 pontiﬁcem
3178 1811 3320 1864 hunc
3369 1808 3700 1880 quarebant,
3727 1805 3812 1860 sed

528 1900 791 1955 cecidisse
820 1899 1059 1966 dicitur;
1093 1900 1311 1956 Samuel
1356 1908 1535 1956 autem
1586 1900 1758 1972 ipsam
1815 1901 2012 1956 tribum
2070 1909 2124 1956 et

526 1989 642 2059 ejus
670 1989 1024 2062 cognationes
1041 1989 1375 2060 applicuisse
1405 1998 1458 2045 et
1485 1989 1553 2045 ad
1583 1990 1670 2044 Cis
1699 1988 1869 2044 filium
1926 2006 2123 2061 perve-

522 2077 683 2143 nisse,
743 2077 869 2150 quia
909 2077 1066 2133 electi
1124 2086 1177 2132 et
1231 2078 1430 2132 summi
1459 2079 1559 2133 viri
1616 2087 1818 2134 sanctae
1864 2079 2122 2135 Ecclesia:

522 2166 871 2224 considerare
900 2165 1124 2222 virtutes
1153 2166 1492 2239 singulorum
1538 2182 1647 2223 non
1690 2167 1961 2237 desinunt,
2014 2169 2119 2224 do-

518 2271 624 2312 nec
653 2255 721 2312 ad
750 2272 878 2311 eum
935 2254 1155 2311 veniant
1183 2254 1274 2326 qui
1320 2256 1604 2311 ministerii
1634 2257 1920 2328 pastoralis
1980 2267 2122 2314 sorte

520 2345 716 2418 dignus
745 2344 1066 2401 inveniatur.
1097 2345 1204 2400 Sed
1237 2345 1326 2415 qui
1358 2345 1511 2416 digni
1540 2353 1683 2414 sunt,
1715 2361 1853 2402 onus
1886 2348 2016 2403 tanti
2036 2365 2120 2404 or-

519 2434 662 2491 dinis
711 2433 990 2505 suscipere
1046 2433 1400 2490 vehementer
1427 2425 1814 2507 expavescunt.
1857 2436 2012 2493 Unde
2069 2444 2124 2493 et

515 2523 761 2596 sequitur
790 2541 803 2579 :

587 2612 768 2682 (Vers.
789 2611 882 2676 21,
916 2611 1032 2682 22.)
1053 2611 1414 2681 Ωαωεὶενυηι
1437 2628 1567 2685 ergo
1585 2630 1734 2684 eum,
1755 2619 1811 2670 et
1840 2614 2122 2672 noninve-

514 2705 734 2758 nerunt
753 2701 836 2757 εει
847 2701 1370 2774 consulueruntpro
1382 2717 1443 2759 eo
1455 2704 2122 2770 Dominum,ulrumnam

523 2794 798 2847 venturus
839 2793 984 2846 esset
999 2791 1158 2846 illuc.
1201 2791 1610 2865 Responditque
1634 2794 1907 2851 Dominus
1935 2813 1957 2850 :
1985 2796 2124 2853 Ecce

513 2877 876 2937 absconditus
899 2883 983 2935 est
1011 2879 1192 2936 domi.

586 2969 678 3023 35.
741 2966 1096 3024 Abscondunt
1151 2967 1353 3041 quippe
1400 2984 1458 3026 se
1487 2985 1556 3026 ne
1585 2970 2124 3046 invenianturzquia

513 3053 698 3112 subire
741 3055 1065 3129 dignitatem
1108 3057 1393 3130 refugiunt
1419 3059 1573 3130 cujus
1602 3061 1754 3116 oneri
1784 3077 1844 3116 se
1874 3077 1990 3117 esse
2011 3063 2119 3117 im-

513 3159 675 3217 pares
703 3143 1052 3200 arbitrantur.
1085 3145 1260 3202 Habet
1289 3146 1491 3219 quippe
1528 3148 1825 3218 spiritualis
1872 3151 2121 3221 praelatio

516 3232 842 3289 exteriorem
899 3233 1131 3306 gloriam
1186 3234 1484 3306 dignitatis,
1543 3237 1706 3293 habet
1758 3247 1810 3293 et
1856 3239 2121 3296 interioris

516 3321 947 3394 magnitudinem
999 3323 1198 3393 operis.
1257 3324 1397 3379 Nam
1454 3333 1631 3380 rector
1683 3333 1734 3381 et
1764 3320 2059 3383 honoratur
2089 3346 2122 3383 a

519 3409 768 3477 subditis,
802 3417 852 3466 et
877 3418 1054 3481 portat
1085 3426 1180 3467 eos
1209 3427 1241 3467 a
1270 3412 1465 3484 quibus
1492 3414 1810 3470 honoratur.
1850 3417 1985 3470 Cum
2015 3419 2120 3472 ho-

516 3499 668 3554 noris
689 3514 822 3572 ergo
850 3499 1124 3571 principio
1154 3516 1321 3556 causa
1349 3501 1587 3556 nascitur
1602 3503 1845 3570 honeris,
1880 3506 2121 3576 quia‘un-

522 3587 592 3643 de
622 3589 796 3643 honor
822 3603 853 3643 a
883 3596 1098 3644 rectore
1129 3589 1420 3660 excipitur,
1441 3590 1566 3646 inde
1592 3591 1726 3646 illud
1767 3594 1987 3664 suscipit
2017 3611 2122 3666 quo

518 3683 802 3748 gravetur.
835 3676 1169 3749 Quanquam
1197 3677 1313 3749 ipse
1342 3679 1518 3734 honor
1545 3680 1827 3752 dignitatis
1857 3698 1954 3752 per
1971 3684 2122 3754 seip-

525 3781 649 3820 sum
678 3779 942 3838 magnum
976 3765 1044 3822 sit
1071 3782 1210 3822 onus
1239 3767 1455 3836 mentis,
1488 3768 1614 3841 quia
1643 3772 1915 3826 contemni
1940 3772 2121 3841 debet,

526 3860 581 3910 et
610 3852 808 3925 placet.
844 3854 1129 3911 Contemni
1150 3855 1371 3927 quidem
1427 3856 1589 3913 debet
1643 3875 1712 3915 ne
1740 3868 1974 3916 mentem
2028 3877 2129 3932 per

523 3943 838 4014 superbiam
867 3944 1042 3999 elevet
1073 3963 1086 4012 ;
1121 3953 1174 4001 et
1193 3946 1393 4018 suscipi
1424 3945 1607 4014 debet,
1634 3955 1689 4003 ut
1717 3949 1958 4005 cmlestia
2006 3967 2127 4021 quae

529 4031 722 4088 doctor
749 4033 1006 4105 loquitur,
1040 4033 1270 4104 subjecti
1319 4043 1659 4092 venerentur.
1718 4037 1948 4093 Gravius
1994 4055 2126 4112 ergo

524 4135 666 4176 onus
684 4121 753 4176 de
782 4122 988 4178 honore
1041 4123 1294 4193 nascitur,
1315 4124 1440 4194 quia
1481 4125 1683 4181 electus
1708 4136 1900 4197 pastor
1927 4145 2128 4202 magna

525 4209 693 4265 animi
725 4210 923 4267 virtute
977 4209 1121 4266 ferre
1153 4220 1349 4282 potest,
1383 4217 1443 4268 ut
1472 4213 1733 4285 despiciat
1786 4215 1919 4271 illud
1958 4217 2014 4272 in
2067 4234 2128 4274 se

527 4299 672 4369 quod
701 4315 805 4369 pro
834 4301 950 4356 Deo
979 4300 1240 4371 recipitin
1271 4316 1350 4370 se,
1381 4308 1439 4356 ut
1467 4302 1717 4358 videlicet
1746 4305 1864 4358 talis
1893 4321 1990 4374 pro
2012 4307 2125 4362 Deo

523 4387 612 4455 sit,
645 4387 740 4442 sed
770 4388 874 4442 sibi
907 4387 1031 4442 talis
1059 4404 1175 4443 non
1206 4389 1277 4444 sit
1305 4396 1357 4443 et
1399 4391 1754 4461 semetipsum
1811 4393 2049 4466 abneget
2077 4407 2125 4452 et

525 4491 636 4530 non
667 4475 897 4548 abneget
932 4491 946 4545 ;
979 4483 1038 4530 ut
1067 4475 1136 4531 sit
1163 4476 1309 4548 quod
1330 4483 1415 4532 est
1466 4493 1566 4547 pro
1595 4480 1730 4549 Deo,
1790 4489 1844 4536 et
1868 4483 2014 4552 quod
2044 4491 2126 4538 est

2231 1917 2420 1973 regem
2452 1900 2632 1956 facere
2661 1899 2938 1955 volebant.
2986 1900 3179 1954 Videat
3225 1914 3359 1970 ergo
3416 1896 3688 1964 sacerdos,
3718 1912 3818 1964 qua

2230 1997 2413 2044 mente
2467 1989 2786 2062 fugiendum
2826 1989 2894 2044 sit
2949 1989 3168 2044 culmen
3228 1995 3432 2044 sanctae
3459 1984 3728 2050 Ecclesiae,
3773 1983 3814 2038 si

2228 2079 2445 2135 culmen
2495 2079 2676 2134 saeculi
2707 2078 3077 2135 conscendere
3109 2086 3217 2133 tam
3246 2083 3405 2131 caute
3435 2091 3592 2146 reges
3622 2074 3813 2146 fugere.

2228 2167 2334 2222 Sed
2392 2167 2519 2239 quia
2544 2167 2713 2224 sancti
2746 2167 2850 2223 viri
2910 2183 3018 2238 quo
3047 2165 3333 2222 instantius
3354 2164 3632 2234 suscipere
3672 2161 3816 2217 ordi-

2227 2273 2354 2312 nam
2375 2256 2710 2327 praelationis
2725 2256 3000 2329 refugiunt
3015 2273 3047 2312 a
3067 2255 3279 2312 devotis
3307 2254 3564 2326 plebibus
3591 2250 3819 2308 devotius

2227 2347 2594 2419 requiruntur,
2627 2346 2869 2418 sequitur
2899 2363 2912 2401 :

2300 2455 2474 2524 (Vers.
2499 2453 2612 2525 23.)
2639 2453 3062 2510 Concurrerunt
3078 2458 3134 2510 et
3157 2454 3426 2510 tulerunt
3439 2466 3566 2509 eum
3583 2447 3730 2505 inde.

2300 2544 2425 2599 Post
2455 2544 2570 2599 haec
2599 2544 2756 2600 etiam
2789 2543 3036 2598 subditur
3068 2562 3081 2599 :

2300 2650 2577 2722 (Ibidem)
2611 2650 2897 2724 Stetitque
2917 2652 2977 2706 in
3007 2649 3189 2706 medio
3219 2650 3440 2722 populi.

2299 2758 2396 2814 36.
2433 2759 2495 2812 In
2521 2757 2704 2813 medio
2726 2757 2912 2829 populi
2960 2765 3062 2812 stat
3093 2756 3368 2827 praelatus,
3398 2755 3616 2828 quando
3633 2754 3700 2809 ab
3713 2751 3825 2808 uni-

2227 2847 2401 2903 versis
2417 2847 2652 2901 subditis
2678 2846 2796 2916 ejus
2826 2847 3088 2902 fortitudo
3117 2846 3472 2916 conspicitur.
3498 2844 3652 2901 Stare
3677 2859 3830 2898 nam-

2230 2952 2337 3007 que
2366 2936 2578 2992 virtutis
2610 2944 2709 2991 est.
2763 2936 2868 3005 Qui
2911 2952 3042 3007 ergo
3073 2934 3218 2990 bona
3265 2943 3529 3006 operatur
3577 2933 3829 2988 instanter

2229 3033 2354 3080 stat.
2389 3023 2457 3079 Et
2488 3026 2618 3096 quia
2652 3025 2843 3080 eadem
2872 3025 3014 3080 bona
3061 3041 3223 3096 opera
3255 3024 3572 3096 exemplum
3615 3019 3831 3077 minori—

2228 3113 2330 3169 bus
2353 3121 2634 3185 praestant,
2655 3114 2708 3169 in
2730 3114 2912 3169 medio
2939 3113 3127 3185 populi
3148 3122 3291 3168 stare
3314 3130 3428 3169 non
3458 3114 3511 3167 in
3543 3110 3830 3167 solitudine

2150 3195 2200 3259 C
2233 3203 2486 3258 cernitur.
2542 3201 2705 3271 Quod
2749 3203 2909 3258 etiam
2976 3219 3077 3272 pro
3145 3202 3471 3258 rectitudine
3527 3198 3830 3256 intentionis

2227 3291 2429 3347 dictum
2471 3307 2586 3348 esse
2626 3292 3012 3348 convenienter
3066 3290 3353 3361 accipitur.
3390 3290 3498 3360 Qui
3555 3291 3699 3344 enim
3735 3295 3832 3342 stat

2229 3380 2548 3436 rectitudine
2578 3381 2846 3452 corporis,
2870 3387 3030 3450 caput
3062 3380 3116 3434 in
3145 3379 3382 3434 sublime
3415 3379 3577 3435 tollit.
3607 3378 3707 3447 Qui
3735 3392 3830 3433 ve-

2229 3485 2290 3526 ro
2319 3470 2463 3524 bona
2493 3469 2712 3540 publice
2742 3469 2859 3541 agit
2895 3486 3005 3525 non
3035 3473 3142 3524 stat
3195 3469 3517 3524 fortitudine
3547 3467 3731 3538 operis
3784 3465 3827 3520 si

2233 3557 2611 3614 rectitudinem
2642 3574 2750 3613 non
2781 3558 2947 3613 habet
2971 3558 3300 3624 intentionis.
3363 3558 3426 3612 In
3482 3556 3664 3612 medio
3713 3567 3837 3627 ergo

2231 3647 2422 3718 pOpuli
2451 3655 2595 3702 stare
2620 3663 2715 3702 rex
2748 3648 2964 3716 dicitur,
2997 3655 3055 3702 ut
3083 3647 3436 3718 prmlatorum
3497 3653 3703 3701 sanctae
3731 3643 3838 3698 Ec—

2233 3736 2418 3792 clesiae
2449 3735 2629 3790 forma
2656 3743 2986 3791 monstretur
3018 3755 3030 3800 ;
3057 3736 3179 3806 quia
3210 3735 3280 3790 ad
3311 3735 3632 3806 exemplum
3655 3731 3837 3787 subdi-

2235 3832 2410 3880 torum
2440 3823 2582 3880 bona
2612 3841 2780 3894 opcra
2811 3824 3010 3880 debent
3040 3824 3352 3890 ostendere,
3388 3823 3490 3879 sed
3549 3824 3620 3878 de
3653 3822 3839 3877 eodem

2235 3913 2380 3970 bono
2405 3929 2569 3984 opere
2592 3915 2864 3985 suscipere
2907 3913 3095 3968 mundi
3124 3913 3361 3985 gloriam
3421 3913 3696 3968 devitarc.
3737 3908 3841 3966 Sed

2235 4011 2287 4059 et
2309 4010 2544 4074 quantus
2574 4018 2836 4073 apparere
2865 4002 3062 4058 debeat
3082 4001 3281 4072 subdit,
3317 4011 3486 4074 atque
3508 4002 3584 4056 ait
3616 4020 3630 4056 :

2307 4109 2586 4179 (lbidem.)
2618 4111 2686 4166 Ει
2710 4110 2886 4167 altior
2906 4113 3030 4166 erat
3051 4110 3208 4166 omni
3223 4110 3432 4182 populo
3453 4109 3523 4166 ab
3536 4109 3772 4164 humero
3788 4108 3843 4162 et

2234 4215 2484 4256 sursum.

2310 4309 2398 4362 37.
2431 4307 2557 4361 Late
2585 4322 2748 4376 supra
2778 4306 3112 4362 ostendimus
3144 4306 3283 4375 (Lib.
3322 4322 3398 4373 1v,
3425 4325 3562 4381 cap.
3603 4308 3661 4373 4,
3687 4320 3843 4362 num.

2233 4397 2349 4465 20),
2399 4395 2543 4466 quod
2589 4395 2862 4451 excellens
2908 4396 3228 4467 magnitudo
3259 4398 3517 4467 corporis
3547 4399 3605 4452 in
3654 4393 3850 4451 sanctis

2235 4483 2687 4554 praedicatoribus
2717 4484 2966 4557 designet
2996 4493 3346 4556 augmentum
3384 4487 3771 4556 perfectionis.
3793 4483 3849 4536 In

521 4578 623 4634 pro
653 4565 967 4635 semetipso,
999 4579 1108 4618 non
1137 4565 1224 4620 sit.
1253 4565 1443 4620 Honor
1472 4565 1654 4639 itaque
1683 4568 1897 4624 oblatus
1925 4586 1957 4625 a
1984 4572 2115 4626 sub-
2145 4558 2206 4624 D
2233 4572 2415 4628 medio
2445 4588 2574 4644 ergo
2593 4572 2782 4643 populi
2809 4572 3052 4628 sublimis
3071 4572 3349 4644 aspicitur,
3382 4575 3479 4645 qui
3504 4576 3562 4630 in
3596 4575 3849 4630 virtutum

520 4649 668 4720 jecto
685 4651 998 4720 suscipitur,
1030 4660 1089 4707 ut
1115 4653 1429 4722 praedicatio
1485 4658 1917 4714 commendetur.
1946 4660 2126 4716 Hono-

523 4753 639 4794 rem
671 4753 889 4810 quoquo
938 4740 1178 4796 oblatum
1207 4743 1540 4813 praedicator
1565 4745 1797 4817 despicit
1852 4748 1980 4819 quia
2017 4765 2127 4805 non

526 4825 803 4883 extollitur
831 4827 976 4899 quod
1006 4827 1322 4897 honoratur,
1337 4832 1428 4886 sed
1459 4833 1659 4904 gaudet
1688 4835 1828 4906 quod
1861 4837 2009 4893 verbi
2027 4839 2126 4894 Dei

525 4916 884 4972 ministerium
941 4919 1375 4974 commendetur.
1417 4921 1532 4978 Hoc
1563 4931 1748 4978 autem
1779 4943 1942 4997 quam
1990 4927 2128 4982 difﬁ-

527 5005 631 5063 cile
654 5014 867 5077 agatur,
899 5007 1193 5078 cogitando
1224 5009 1419 5064 melius
1465 5027 1633 5082 quam
1666 5013 1940 5083 loquendo
1983 5031 2129 5070 com-

527 5095 898 5167 prehenditur.
931 5097 1072 5151 Nam
1103 5095 1328 5152 inﬁrmis
1358 5099 1631 5155 mentibus
1659 5101 1994 5172 impossibile
2047 5113 2127 5159 est

529 5199 669 5239 onus
699 5184 928 5240 aliorum
953 5184 1159 5240 fortiter
1181 5185 1324 5242 ferre
1353 5191 1407 5242 et
1425 5187 1592 5243 oblati
1620 5191 1839 5246 honoris
1872 5208 2124 5248 reveren-

529 5272 657 5328 tiam
689 5274 887 5328 mentis
910 5273 1104 5330 virtute
1117 5274 1412 5345 disponere
1437 5294 1448 5340 ;
1467 5285 1524 5332 ut
1551 5277 1688 5334 inter
1700 5279 1942 5348 ejusdem
1965 5283 2124 5336 hono-

528 5361 600 5414 ris
629 5361 910 5434 obsequia,
945 5363 1014 5418 de
1044 5365 1286 5434 profectu
1316 5366 1656 5422 subditorum
1703 5369 1941 5440 gaudere
1967 5370 2120 5440 sciat,

529 5457 581 5504 et
608 5465 706 5520 pro
735 5452 1033 5507 reverentia
1063 5469 1156 5507 sua
1186 5460 1389 5510 tumere
1403 5455 1631 5513 nesciat.
1665 5455 1802 5526 Quia
1821 5473 1954 5532 ergo
1966 5458 2123 5517 electi

609 5673 690 5748 (a)
721 5672 896 5734 Vatic.
925 5676 980 5732 et
1009 5674 1177 5735 Gilot.
1208 5675 1416 5737 addunt
1434 5678 1524 5738 in.

2234 4661 2467 4717 culmine
2492 4661 2722 4732 positus,
2755 4678 2786 4716 a
2817 4661 3046 4716 subditis
3076 4677 3184 4717 non
3214 4663 3478 4717 nescitur.
3507 4659 3848 4732 Rectusqui-

2233 4750 2359 4804 dem
2380 4749 2513 4805 ordo
2530 4750 2684 4805 electi
2716 4750 3082 4820 praedicatoris
3113 4759 3274 4805 estut
3303 4760 3432 4806 ante
3451 4751 3851 4807 sublimitatem

2235 4838 2590 4894 ecclesiastici
2641 4839 2912 4904 culminis,
2977 4839 3191 4894 culmen
3221 4841 3561 4896 conscendat
3617 4837 3847 4903 virtutis,

2233 4942 2336 4998 pro
2365 4927 2572 4986 honore
2631 4926 2725 4981 Dei
2757 4927 2971 4982 culmen
3005 4927 3247 4982 obtineat
3269 4928 3491 5000 gloriae,
3527 4927 3628 4984 sed
3658 4923 3853 4996 majori

2234 5015 2567 5070 sublimitate
2591 5015 2813 5086 fulgeat,
2835 5017 2909 5085 (a)
2925 5016 3164 5071 revelata
3193 5017 3445 5073 virtutum
3481 5016 3848 5088 perfectione.

2234 5104 2376 5159 Talis
2398 5105 2619 5175 quidem
2664 5105 2860 5159 Pastor
2889 5121 2921 5160 a
2950 5105 3206 5176 perfectis
3261 5105 3389 5161 viris
3423 5106 3601 5160 valde
3655 5101 3854 5175 praedi-

2233 5193 2435 5249 candus
2464 5201 2562 5259 cst,
2596 5209 2628 5248 a
2655 5193 2953 5248 minoribus
2984 5194 3288 5264 cupiendus
3311 5202 3476 5263 atque
3511 5193 3850 5266 diligendus.

2232 5283 2373 5337 Bene
2403 5298 2538 5354 ergo
2571 5282 2915 5352 subjunctum
2951 5290 3027 5337 est
3049 5301 3060 5337 :
3083 5284 3152 5338 Et
3188 5283 3272 5337 ait
3301 5283 3372 5338 ad
3413 5299 3653 5338 omnem
3676 5297 3854 5354 popu-

2234 5372 2353 5426 lum
2377 5390 2392 5424 :
2414 5372 2572 5427 Certe
2599 5371 2820 5437 videtis,
2853 5387 3017 5444 quem
3043 5372 3214 5442 elegit
3229 5372 3532 5443 Dominus,
3566 5371 3718 5445 quod
3738 5385 3853 5425 non

2230 5460 2306 5516 sit
2328 5461 2378 5518 ei
2394 5461 2676 5517 similisin
2705 5461 2862 5516 omni
2887 5461 3112 5532 populo.
