4034 6174
233 315 320 372 309
1007 301 1082 362 ΙΝ
1120 302 1395 361 PRIMUM
1435 304 1685 364 REGUM
1721 300 2266 363 EXPOSITIONES.
2306 338 2375 350 —
2414 311 2541 368 LIB.
2573 306 2671 368 IV.

2574 106 2599 135 /

3398 311 3504 375 3l0

293 438 450 511 (Verg.
481 432 585 509 23.)
612 431 680 492 Et
709 429 981 494 clamavit
1007 433 1254 494 cunctus
1286 430 1530 506 populus
1565 448 1583 487 :
1629 428 1793 489 Vivat
1822 426 1879 490 A
1906 430 2400 496 servit,dealtario
2420 434 2571 490 vivat
2591 435 2640 503 (1
2650 434 2780 494 C'or.
2805 434 3005 504 mli).
3031 436 3187 494 Hanc
3206 435 3407 512 quippe
3423 438 3498 496 let

287 614 518 686 Sequitur
543 629 558 672 :

286 705 440 774 (Vera.
472 702 580 772 24.)
608 702 854 759 Locutus
869 704 958 757 est
996 698 1235 756 Samuel
1275 699 1348 755 ad
1386 700 1659 772 populum
1698 701 1784 757 le-

225 794 513 867 genu-agni,
530 796 588 848 et
604 791 834 865 scripsit
853 792 914 847 in
934 788 1096 857 libro,
1121 794 1176 848 et
1207 791 1398 863 posuit
1444 804 1635 847 coram
1677 790 1786 846 Do-

225 899 374 940 mino.

279 975 355 1026 38.
384 971 458 1027 De
479 971 599 1041 jure
628 969 801 1042 regio,
827 970 956 1041 quia
985 970 1094 1026 late
1114 969 1362 1041 superius
1390 969 1625 1024 diximus
1647 969 1783 1037 (Lib.

218 1077 278 1129 ir,
302 1077 414 1134 cap.
444 1061 498 1126 4,
518 1077 679 1116 num.
710 1062 764 1125 4,
788 1063 948 1132 seq.).
974 1060 1075 1115 hoc
1106 1068 1312 1114 tantum
1343 1059 1412 1115 de
1443 1059 1535 1114 illo
1566 1075 1783 1116 memo-

222 1164 398 1216 ramus,
427 1149 554 1220 qnia
578 1148 651 1204 ad
679 1148 965 1214 historiam
991 1164 1099 1204 non
1143 1148 1481 1220 praecipitur,
1539 1148 1635 1204 sed
1691 1164 1784 1206 os—

221 1238 420 1295 tenditur
437 1237 566 1310 quid
596 1238 766 1293 acturi
796 1237 905 1293 sint
932 1254 1091 1311 reges
1119 1237 1359 1308 reprobi,
1394 1237 1523 1309 quid
1570 1237 1788 1294 vitaturi

218 1325 303 1381 sint
322 1325 464 1381 boni.
499 1328 545 1380 Α
572 1325 799 1397 regibus
819 1326 1037 1396 quidem
1058 1325 1392 1381 defendendi
1417 1334 1542 1381 sunt
1563 1325 1784 1395 subditi,

218 1429 307 1470 non
331 1413 476 1470 bonis
506 1415 742 1485 propriis
769 1414 1062 1485 spoliandi.
1080 1414 1351 1470 Auxilium
1368 1423 1623 1485 praestare
1652 1414 1787 1470 sub-

214 1502 348 1574 jectis
370 1502 588 1571 debent,
620 1518 806 1575 agros,
839 1502 1024 1559 vineas
1071 1510 1122 1558 et
1174 1502 1374 1559 oliveta
1424 1504 1638 1560 auferre
1680 1520 1790 1560 non

220 1590 403 1646 debent.
436 1590 600 1656 Quod
629 1591 675 1645 si
704 1607 813 1647 non
841 1590 1077 1657 vitanda,
1097 1592 1194 1648 sed
1212 1591 1430 1661 agenda
1446 1591 1655 1664 scripta
1673 1595 1791 1650 haec

215 1681 510 1739 contendere
560 1664 719 1732 255
753 1681 875 1751 quis
904 1680 1150 1747 voluerit,
1182 1689 1532 1753 tyrannorum
1556 1683 1647 1752 jus
1692 1697 1791 1754 pro

1895 534 2021 591 gem
2040 520 2191 591 regni
2214 521 2891 595 Dominusloquebaturad
2944 527 3230 598 populum,
3272 529 3492 601 quando

1897 607 2116 663 dicebat
2139 624 2152 665 :
2178 611 2281 681 Qui
2293 615 2492 684 recipit
2502 617 2834 686 prophetam
2856 617 2918 671 in
2936 616 3172 672 nomine
3185 618 3496 691 prophetw,

1894 698 2209 754 mercedem
2217 700 2504 772 prophetis
2515 703 2787 773 accipiet;
2804 706 2967 773 etqui
2982 705 3185 776 recipit
3191 708 3417 777 justum
3435 707 3499 764 in

1895 787 2127 843 nomine
2128 790 2298 858 justi,
2321 792 2634 848 mercedem
2647 793 3283 864 justiaccipiet(Matth.
3309 813 3360 864 χ,
3385 798 3496 867 41).

1895 873 1967 932 Et
1991 878 2260 931 utarctius
2288 879 2427 935 hanc
2456 880 2510 934 in
2531 881 2670 936 libro
2698 881 3047 950 describeret,
3079 897 3111 936 a
3155 883 3348 939 minori
3388 901 3502 942 ver-

1892 965 2026 1021 bum
2055 966 2344 1032 roborans,
2377 969 2451 1023 ait
2471 986 2482 1022 :
2505 971 2605 1038 Qui
2618 969 2841 1026 dederit
2857 971 2962 1027 uni
2977 988 3053 1027 ex
3072 972 3331 1028 minimis
3355 975 3497 1031 meis

1894 1056 2133 1111 calicem
2155 1073 2313 1128 aquw
2329 1058 2558 1129 frigida:
2595 1063 2827 1115 tantum
2856 1061 2919 1115 in
2941 1063 3172 1116 nomine
3209 1062 3496 1133 discipuli,

1896 1160 2011 1201 non
2027 1146 2221 1217 perdet
2244 1147 2559 1203 mercedem
2576 1165 2739 1203 suam
2756 1149 2946 1216 (Marc.
2980 1164 3057 1216 lx,
3080 1148 3191 1219 40).
3212 1149 3499 1220 Sequitur:

1968 1233 2144 1303 (Vers.
2170 1236 2258 1304 25,
2292 1239 2379 1303 26,
2411 1237 2526 1306 27.)
2552 1237 2775 1293 Dimisit
2807 1238 3046 1294 Samuel
3068 1254 3293 1295 omnem
3322 1255 3503 1313 papu-

1900 1322 2039 1382 lum.
2057 1323 2312 1394 singulos
2333 1326 2394 1381 in
2417 1325 2646 1383 domum
2666 1342 2849 1383 suam.
2895 1326 3011 1382 Sed
3044 1326 3194 1383 Saul
3248 1329 3389 1384 abiit
3434 1330 3500 1386 in

1898 1411 2127 1468 domum
2159 1429 2322 1469 suam
2354 1415 2415 1469 in
2444 1414 2647 1482 Gabaa,
2680 1419 2733 1471 et
2764 1415 2907 1471 abiit
2924 1431 3053 1472 cum
3073 1432 3133 1472 eo
3171 1433 3308 1489 pars
3342 1433 3503 1474 exer—

1897 1502 2068 1569 citus,
2084 1505 2525 1575 quorumtetigit
2556 1505 2703 1561 Deus
2740 1504 2930 1560 corda.
2989 1503 3124 1562 Filii
3155 1520 3283 1563 vero
3323 1507 3506 1563 Belial

1899 1590 2176 1647 dixerunt
2216 1611 2235 1649 :
2283 1592 2550 1668 Nunquii
2586 1594 2806 1652 salvare
2836 1608 2940 1651 nos
2974 1595 3184 1669 poterit
3214 1594 3322 1655 iste
3354 1594 3382 1653 7
3429 1596 3503 1654 Et

1901 1678 2288 1751 despexerunt
2319 1698 2469 1738 eum.

219 1784 270 1826 eo
291 1785 407 1841 rege
434 1769 700 1825 scribitur
728 1769 840 1841 qui,
870 1770 1083 1842 abjecto
1139 1771 1397 1837 Domino,
1455 1772 1786 1842 postulatur.
1815 1791 1869 1852 Β
1972 1771 2066 1824 39.
2105 1769 2162 1825 Si
2193 1769 2433 1841 simplex
2464 1769 2689 1828 historia
2754 1771 3029 1845 quaeritur,
3084 1773 3209 1846 quid
3268 1790 3508 1845 unquam

218 1858 430 1914 Crudelis
458 1874 601 1930 ergo
629 1858 715 1915 lex
742 1857 920 1930 regni,
949 1858 1081 1914 ultio
1110 1867 1189 1914 est
1219 1860 1509 1916 Dominum
1526 1859 1790 1930 abjicien-

217 1948 272 2003 tis
292 1948 486 2020 populi.
507 1949 659 2004 Nom
674 1949 816 2004 enim
838 1950 1100 2021 injustum
1121 1957 1239 2005 erat
1268 1958 1325 2006 ut
1348 1965 1512 2023 agros
1533 1959 1585 2006 et
1610 1952 1795 2007 vineas

216 2038 449 2108 perderet,
483 2039 585 2108 qui
614 2047 938 2109 regnantem
966 2056 1133 2110 super
1175 2055 1235 2095 se
1275 2040 1572 2097 Dominum
1601 2049 1793 2112 sponte

219 2126 462 2196 perdebat.
495 2126 707 2183 Cuncta
736 2143 869 2200 ergo
900 2143 1022 2198 quas
1043 2136 1229 2184 contra
1252 2130 1563 2200 aequitatem
1594 2131 1650 2185 in
1690 2131 1795 2188 hoc

213 2214 311 2286 jure
335 2217 482 2289 regio
510 2217 861 2272 continentur
886 2233 1043 2288 {aqua
1072 2233 1191 2273 esse
1221 2218 1514 2286 cernimus,
1546 2218 1659 2273 siin
1690 2235 1794 2289 pe-

224 2304 360 2359 tendo
386 2321 513 2377 rege
548 2304 822 2377 quidquid
848 2306 1092 2376 populus
1121 2306 1422 2379 deliquerat
1478 2307 1794 2363 considera-

217 2407 333 2448 mus.
358 2394 494 2449 Nam
524 2394 681 2465 quod
709 2409 969 2465 magnum
997 2396 1053 2450 in
1072 2394 1271 2452 divinm
1299 2396 1568 2468 aequitatis
1588 2396 1797 2452 exami-

215 2496 273 2537 ne
295 2497 418 2537 onus
445 2482 596 2556 legis
625 2490 730 2547 est,
758 2483 806 2537 si
836 2481 977 2539 ﬁlios
1007 2491 1061 2539 et
1089 2482 1228 2540 ﬁlias
1257 2485 1311 2539 in
1340 2485 1487 2557 regis
1516 2501 1682 2556 opere
1711 2486 1799 2540 in-

220 2569 299 2624 viti
321 2575 586 2641 ponerent
611 2588 795 2643 quosa
825 2573 922 2628 Dei
954 2572 1202 2630 libertate
1249 2582 1447 2645 sponte
1504 2575 1798 2631 tulissent?

221 2659 277 2715 Et
301 2660 416 2729 quid
438 2660 838 2717 inconveniens
865 2678 987 2719 esse
1016 2663 1269 2728 cernitur,
1303 2663 1348 2718 si
1380 2663 1522 2733 quod
1552 2664 1620 2719 ad
1666 2663 1801 2719 ulti-

223 2762 345 2802 mum
373 2750 618 2821 ponitur,
650 2750 756 2821 ipsi
785 2749 969 2806 ﬁerent
999 2752 1144 2807 servi
1175 2752 1454 2807 hominum
1520 2754 1612 2823 qui
1667 2752 1801 2823 abji-

223 2837 412 2893 ciebant
438 2855 619 2910 super
647 2856 707 2895 se
736 2849 1062 2914 regnantem
1092 2843 1267 2907 Deum
1284 2843 1312 2896 ?
1343 2843 1479 2897 Dum
1499 2858 1634 2913 ergo
1654 2841 1806 2914 regni

225 2925 296 2980 lex
320 2928 589 2995 scribitur,
620 2938 901 3000 perpetuae
929 2931 1205 2987 memoriae
1231 2946 1393 3001 pinna
1439 2932 1668 2986 traditur
1701 2947 1806 3003 qua

225 3015 431 3072 audaces
459 3017 768 3090 puniantur
801 3037 813 3083 ;
847 3035 967 3089 quae
992 3021 1120 3090 quia
1147 3036 1246 3091 per
1274 3020 1490 3076 Domini
1540 3020 1807 3090 justitiam

223 3100 316 3158 lata
335 3105 520 3173 fuerat,
557 3122 750 3163 coram
770 3108 1004 3164 Domino
1022 3108 1212 3181 reponi
1231 3108 1565 3179 perhibetur.
1581 3109 1686 3163 Sed
1699 3110 1805 3163 for-

229 3199 352 3247 tasse
371 3195 453 3265 jus
482 3196 628 3251 illud
657 3195 812 3251 aliud
827 3195 926 3251 fuit
946 3211 1108 3267 quam
1130 3197 1218 3252 lex
1249 3198 1350 3252 ista
1380 3213 1501 3269 quae
1533 3196 1803 3252 scribitur.

222 3277 355 3349 Quod
377 3283 433 3339 si
450 3301 652 3340 verum
682 3292 785 3350 est,
818 3285 955 3341 hanc
992 3285 1215 3341 Samuel
1244 3300 1427 3341 coram
1456 3302 1587 3357 rege
1617 3285 1685 3340 ad
1713 3302 1810 3356 po-

219 3368 379 3439 pulum
409 3373 675 3444 loquitur,
708 3380 766 3430 ut
792 3390 886 3429 rex
916 3374 1051 3430 sciat
1075 3391 1106 3429 a
1133 3374 1340 3445 populo
1372 3374 1502 3448 quid
1531 3376 1807 3447 exquirat,

218 3458 331 3515 sciat
354 3462 599 3534 populus
625 3462 756 3534 quid
785 3463 1044 3519 exhibere
1073 3464 1183 3519 suis
1200 3463 1423 3536 regibus
1436 3464 1651 3519 debeat.
1675 3462 1808 3535 Quae

216 3542 290 3602 lex
310 3547 363 3605 in
387 3549 527 3607 libro
560 3551 823 3607 scribitur
845 3560 901 3607 ut
925 3568 1030 3623 pro
1043 3553 1344 3609 futurorum
1361 3554 1625 3610 memoria
1637 3569 1811 3611 reser-

217 3643 369 3692 retur.
403 3639 613 3696 Coram
644 3640 877 3696 Domino
905 3643 1148 3713 ponitur,
1166 3648 1223 3697 ut
1239 3641 1567 3697 venerabilis
1591 3641 1804 3698 habea-

221 3728 302 3779 tur.
349 3727 463 3785 Nos
513 3736 706 3785 autem
747 3746 903 3804 reges
961 3730 1330 3787 Ecclesiarum
1404 3747 1523 3787 esse
1587 3739 1807 3788 sanctos

215 3814 582 3882 pmdicatores
612 3817 870 3887 diximus,
903 3818 1098 3892 quibus
1128 3826 1315 3890 aperte
1356 3820 1538 3876 omnia
1593 3836 1802 3877 conve-

216 3901 665 3963 nireostendimus
693 3924 813 3978 quae
862 3908 987 3980 jure
1036 3908 1190 3981 regio
1246 3909 1604 3965 continentur.
1654 3910 1805 3965 Hanc

214 3995 526 4065 ergolegem
561 3996 786 4053 Samuel
832 3997 901 4051 ad
953 3999 1215 4069 populum
1268 3997 1527 4070 loquitur,
1587 3998 1803 4070 quando

214 4079 389 4138 electus
417 4086 617 4142 doctor
643 4084 832 4141 ﬁdeles
860 4094 1062 4143 sanctas
1098 4086 1358 4142 Ecclesiae
1406 4087 1634 4156 instruit,
1695 4104 1804 4160 qua

212 4170 490 4231 humilitate
517 4174 638 4230 suis
666 4174 1541 4248 praepositisdebeantsubjugari.
1568 4176 1627 4231 in
1658 4175 1798 4232 libro

213 4260 354 4315 etiam
380 4264 640 4319 scribitur
667 4263 884 4334 quando
904 4263 959 4318 in
984 4279 1170 4320 eorum
1203 4272 1384 4320 mente
1428 4266 1543 4320 lucc
1580 4263 1803 4320 ﬁrmiter

215 4346 397 4405 inserit.
428 4351 577 4408 Nam
610 4354 703 4423 qui
727 4352 808 4407 sic
834 4352 1088 4424 loquitur,
1122 4360 1180 4408 ut
1201 4354 1385 4409 audita
1400 4354 1671 4410 auditores
1684 4356 1801 4426 ejus

213 4436 595 4509 obliviscantur,
627 4440 697 4497 ad
726 4440 987 4512 p0pulum
1015 4442 1194 4514 legem
1225 4442 1373 4511 dicit,
1405 4443 1500 4498 sed
1557 4445 1695 4500 hanc
1744 4443 1800 4498 in

1901 1856 2115 1930 planius
2142 1858 2250 1916 dici
2278 1861 2455 1930 potuit
2484 1861 2512 1914 ‘t
2546 1861 2657 1918 Sed
2687 1861 2734 1917 si
2762 1860 2878 1918 vim
2910 1863 3205 1919 verborum
3260 1864 3507 1937 singulo-

1902 1964 2029 2003 rum
2063 1949 2411 2017 attendimus,
2444 1966 2645 2024 magna
2664 1959 2790 2006 sunt
2808 1968 2927 2024 qum
2950 1953 3007 2008 in
3038 1953 3140 2009 hac
3156 1953 3509 2025 simplicitate

1901 2037 2195 2093 verborum
2208 2038 2549 2094 clauduntur.
2582 2041 2723 2095 Nam
2753 2042 2985 2111 populus
3013 2041 3070 2096 in
3100 2043 3323 2099 domum
3352 2059 3504 2099 suam

1904 2126 2157 2181 dimissus
2185 2127 2457 2194 asseritur,
2485 2143 2583 2183 rex
2610 2135 2790 2184 autem
2845 2129 2900 2184 in
2957 2131 3178 2185 domum
3224 2148 3334 2187 non
3388 2148 3511 2189 esse

1903 2214 2183 2283 dimissus,
2215 2215 2315 2271 sed
2344 2215 2550 2271 abiisse
2578 2216 2913 2287 perhibetur.
2937 2217 3238 2288 Separatim
3291 2236 3509 2292 quoque

1903 2304 1972 2360 de
2003 2304 2255 2360 dominus
2281 2304 2473 2376 pepuli
2502 2313 2553 2360 et
2582 2305 2650 2361 de
2679 2304 2842 2361 domo
2899 2306 3049 2379 regis
3103 2307 3297 2364 dicitur
3329 2327 3341 2365 :
3386 2309 3512 2381 quia

1903 2392 2141 2465 populus
2172 2393 2409 2448 refertur
2438 2393 2693 2449 dimissus
2720 2393 2776 2449 in
2805 2394 3031 2451 domum
3062 2411 3236 2454 suam.
3298 2404 3353 2453 et
3406 2414 3505 2455 rex

1906 2481 2105 2537 abiisse
2136 2481 2190 2535 in
2220 2498 2397 2538 suam.
2434 2483 2584 2537 Prius
2611 2490 2793 2538 tamen
2819 2484 3054 2554 populus
3081 2469 3514 2554 256dimissua

1907 2578 1989 2626 est
2020 2586 2181 2640 quam
2212 2571 2386 2626 abiret
2413 2587 2533 2627 rex.
2563 2572 2644 2627 De
2673 2572 2903 2628 abeunte
2933 2574 3100 2628 etiam
3127 2574 3332 2645 populo
3360 2583 3513 2632 caute

1907 2659 2174 2732 signatur,
2199 2664 2253 2714 et
2279 2676 2388 2715 non
2414 2660 2595 2729 simul,
2625 2661 2721 2716 sed
2751 2661 2951 2734 singuli
2979 2662 3180 2720 abiisse
3201 2664 3255 2718 in
3293 2664 3516 2720 domum

1908 2764 2062 2804 suam
2102 2750 2432 2805 referuntur.
2467 2751 2547 2805 De
2562 2750 2649 2805 his
2670 2767 2802 2808 vero
2834 2752 2924 2824 qui
2953 2768 3143 2824 regem
3171 2754 3339 2810 secuti
3391 2761 3517 2811 sunt

1910 2854 2024 2893 non
2055 2838 2250 2892 dicitur
2282 2857 2294 2893 :
2331 2838 2475 2893 Abiit
2503 2854 2632 2909 pars
2660 2842 2951 2908 exercitus,
3002 2841 3204 2912 singuli
3250 2850 3374 2913 post
3427 2858 3514 2900 re-

1911 2943 2058 2999 gem,
2078 2927 2174 2982 sed
2199 2946 2211 2983 :
2246 2928 2393 2983 Abiit
2409 2944 2539 2983 cum
2559 2944 2620 2985 eo
2635 2945 2770 3002 pars
2788 2930 3096 2986 exercitus.
3120 2930 3202 2985 Ad
3218 2939 3521 2988 extremum

1912 3030 2041 3071 vero
2070 3015 2161 3086 qui
2190 3031 2373 3088 regem
2403 3026 2721 3090 sequuntur,
2755 3033 2939 3074 eorum
2971 3019 3139 3075 corda
3167 3036 3199 3075 a
3230 3020 3344 3077 Deo
3376 3029 3515 3077 tacta

1915 3103 2219 3160 referuntur
2252 3124 2263 3168 ;
2297 3105 2386 3176 qui
2418 3121 2600 3177 regem
2630 3115 2912 3178 spernunt,
2975 3107 3141 3164 Belial
3194 3107 3291 3165 ﬁlii
3345 3110 3518 3167 nomi-

1914 3201 2124 3250 nantur.
2157 3193 2255 3250 Hic
2290 3193 2539 3265 profecto
2586 3195 2780 3251 modus
2832 3196 3045 3253 dicendi
3101 3212 3212 3253 non
3258 3198 3513 3270 simplex,

1916 3282 2015 3338 sed
2044 3282 2202 3338 valde
2229 3282 2279 3337 ei
2307 3283 2518 3338 subtilis
2547 3290 2651 3349 est,
2683 3284 2774 3356 qui
2805 3286 3146 3343 considerare
3180 3287 3350 3355 novit,
3408 3303 3518 3344 non

1917 3371 2063 3442 quod
2091 3372 2407 3443 simpliciter
2437 3372 2564 3428 foris
2593 3381 2765 3444 sonat,
2797 3375 2891 3431 sed
2921 3376 3069 3448 quod
3098 3377 3369 3446 sapienter
3424 3375 3514 3431 in—

1916 3466 2001 3515 tus
2030 3460 2289 3516 insinuat.
2329 3461 2472 3531 Quid
2503 3469 2760 3536 estergo,
2821 3464 2968 3534 quod
3026 3479 3124 3519 rex
3178 3464 3236 3519 in
3288 3464 3515 3520 domum

1913 3565 2071 3605 suam
2102 3550 2271 3619 abire,
2291 3550 2531 3622 populus
2553 3568 2681 3608 vero
2704 3551 3163 3608 Dimittidicitur‘?
3185 3552 3294 3610 Sed
3305 3568 3515 3627 regem,

1912 3639 2176 3696 Ecclesiae
2232 3648 2527 3711 pastorem,
2584 3640 2839 3712 populos,
2898 3641 3177 3712 subjectos
3226 3642 3518 3715 designare

1914 3728 2268 3784 ostendimus.
2299 3730 2387 3784 Ire
2415 3737 2594 3784 autem
2624 3728 2779 3785 liberi
2809 3736 2890 3785 est
2919 3730 3152 3795 ;dimitti
3181 3732 3317 3802 ejus,
3332 3732 3424 3805 qui
3440 3747 3518 3788 re-

1914 3817 2067 3873 tineri
2096 3824 2294 3888 potest.
2329 3819 2444 3874 Rex
2472 3832 2604 3890 ergo
2634 3818 2790 3873 abire
2818 3817 3011 3874 dicitur
3069 3827 3126 3876 ut
3180 3821 3234 3876 in
3272 3835 3512 3893 persona

1908 3906 2277 3978 prtedicatoris
2307 3906 2526 3962 libertas
2540 3906 2708 3961 animi
2737 3907 3082 3977 praedicetur.
3120 3909 3284 3966 Abire
3313 3910 3517 3982 quippe

1910 3994 2157 4051 doctores
2184 4002 2429 4066 possunt,
2462 4010 2587 4050 cum
2617 3995 2823 4061 volunt,
2859 4003 2913 4050 et
2940 3996 3137 4065 redire,
3166 3998 3295 4070 quia
3342 3999 3512 4056 fortes

1908 4092 2031 4138 sunt
2059 4084 2113 4139 in
2143 4084 2287 4139 bono
2308 4098 2490 4154 opere,
2512 4084 2784 4154 sapientes
2821 4084 2877 4138 in
2897 4085 3110 4142 interna
3138 4087 3509 4159 dispositione.

1913 4173 2146 4230 Veniunt
2174 4173 2390 4243 quippe,
2418 4172 2635 4244 quando
2665 4173 2730 4227 ad
2749 4173 2991 4229 subditos
3005 4182 3200 4230 exeunt
3219 4180 3313 4230 aut
3333 4191 3512 4231 exem-

1906 4263 2000 4334 plo
2029 4262 2157 4318 boni
2186 4261 2369 4332 operis
2399 4270 2490 4316 aut
2517 4261 2682 4319 verbo
2711 4262 3132 4332 praedicationis.
3163 4263 3379 4319 Abeunt
3404 4279 3510 4319 au-

1910 4350 2272 4423 tem,quando
2301 4351 2372 4405 ad
2401 4350 2597 4406 mentis
2635 4344 2897 4407 secretum
2955 4352 3202 4421 redeunt,
3252 4361 3305 4421 et
3362 4354 3509 4425 quod

1910 4441 2038 4496 foris
2066 4442 2236 4496 acturi
2260 4448 2402 4509 sunt,
2434 4441 2581 4496 intus
2606 4440 2916 4512 disponunt.
2979 4443 3039 4496 In
3099 4458 3205 4512 qua
3253 4442 3509 4497 nimirum

209 4522 330 4582 libro
355 4544 462 4584 non
493 4529 709 4586 scribit.
745 4529 926 4587 Verba
955 4545 1107 4602 ergo,
1140 4547 1261 4601 quae
1292 4531 1483 4587 doctor
1529 4532 1791 4602 loquitur,
1818 4514 1871 4574 D
1901 4529 2328 4586 consideratione
2357 4529 2487 4603 quia
2515 4530 2757 4600 quotidie
2784 4540 3106 4602 permanent
3150 4531 3308 4603 quasi
3363 4532 3508 4587 intra

207 4610 255 4666 in
280 4614 412 4674 libro
451 4618 721 4686 scribere,
753 4624 839 4674 est
880 4618 1187 4675 auditorum
1245 4635 1465 4675 suorum
1520 4621 1795 4675 mentibus

208 4708 384 4762 attente
409 4707 826 4763 commendem.
882 4707 1047 4778 Quasi
1075 4708 1314 4765 scribere
1360 4710 1582 4766 volebat
1621 4708 1803 4766 Domi-

211 4806 314 4859 nus,
340 4812 463 4866 qua
493 4796 731 4864 dixerat,
764 4797 983 4869 quando
1011 4798 1224 4854 dicebat
1258 4816 1270 4851 :
1308 4799 1640 4856 Mementote
1673 4815 1798 4855 ser-

211 4885 375 4940 monis
390 4887 526 4953 mei,
540 4901 707 4958 quem
728 4902 824 4959 ego
848 4887 975 4943 dixi
1012 4888 1181 4943 vobis.
1200 4888 1321 4943 Non
1342 4892 1429 4944 est
1445 4904 1637 4944 servus
1679 4904 1800 4943 ma-

206 4969 533 5037 jorDamino
550 4974 852 5043 suo(Joan.
885 4990 979 5041 xv,
1007 4976 1118 5046 20).
1152 4974 1289 5031 Hinc
1320 4976 1512 5031 Paulus
1568 4975 1802 5032 locutam

212 5062 347 5130 regni
373 5061 566 5133 legem
588 5063 645 5117 in
672 5062 812 5118 libro
842 5063 1174 5128 describens,
1193 5065 1266 5119 ait
1290 5083 1302 5119 :
1326 5065 1657 5121 Mementote
1665 5082 1803 5136 prce.

211 5151 506 5215 positorum
525 5159 861 5221 vestrorum,
885 5154 982 5225 qui
1010 5154 1157 5209 vobis
1201 5154 1376 5210 locuti
1411 5158 1547 5209 sunt
1577 5154 1804 5210 verbum

212 5244 314 5315 Dei,
328 5266 572 5321 quorum
583 5254 876 5307 intuentes
888 5254 1112 5309 exitum
1127 5254 1593 5320 conversationis,
1612 5254 1806 5309 imita~

212 5346 339 5401 mini
346 5348 519 5416 ﬁdem
535 5350 965 5419 (Heb.xm,7).Si
987 5366 1115 5407 vero
1132 5358 1185 5406 et
1200 5352 1290 5407 hic
1310 5351 1469 5407 aliam
1486 5352 1664 5422 legem
1686 5352 1809 5421 quis

1904 4618 2126 4674 domum
2154 4617 2351 4674 latent.
2400 4619 2560 4674 Abire
2615 4634 2747 4691 ergo
2810 4619 2867 4674 in
2921 4619 3147 4676 domum
3202 4637 3358 4676 suam
3414 4635 3508 4677 rex

1905 4706 2117 4776 dicitur,
2143 4707 2272 4777 quia
2297 4708 2620 4778 praedicator
2645 4717 2859 4765 aeternae
2888 4707 3013 4766 vitae
3043 4711 3356 4781 operatione
3371 4712 3509 4781 proﬂ

1906 4796 2083 4863 batus,
2113 4796 2393 4866 sapientia:
2444 4797 2690 4853 doctrina
2733 4814 2973 4863 securus,
3030 4798 3173 4855 liber
3217 4800 3287 4855 ad
3342 4815 3510 4872 opera

1910 4891 2085 4957 potest
2112 4884 2316 4957 egredi,
2345 4893 2399 4942 et
2425 4885 2492 4940 ad
2521 4885 2749 4943 consilia
2770 4887 2971 4943 mentis
3000 4888 3220 4945 intrare.

1982 4976 2069 5030 40.
2103 4975 2342 5044 Populus
2370 4983 2550 5031 autem
2597 4975 2654 5030 in
2709 4975 2935 5031 domum
2989 4994 3144 5033 suam
3202 4977 3505 5047 dimittitur,

1910 5062 2042 5135 quia
2072 5060 2259 5118 ﬁdeles
2286 5064 2517 5133 subjecti
2546 5080 2655 5120 non
2685 5073 2810 5119 sunt
2839 5065 2997 5121 liberi
3051 5067 3120 5120 ad
3167 5065 3510 5135 disponenda

1912 5168 2031 5222 quas
2049 5151 2253 5219 volunt,
2269 5152 2363 5207 sed
2377 5153 2445 5207 ad
2468 5168 2531 5208 ea
2566 5154 2972 5224 quaajubentur.
2998 5153 3163 5224 Quasi
3193 5154 3323 5209 tenti
3381 5153 3508 5225 qui-

1911 5251 2033 5307 dem
2066 5249 2419 5315 dimittuntur,
2443 5250 2572 5305 dum
2579 5251 2732 5322 jussa
2761 5251 3142 5322 praecipiuntur
3155 5266 3318 5321 agere
3342 5264 3508 5319 ηπε-

1915 5364 2127 5405 sumere
2153 5364 2261 5403 non
2285 5349 2454 5417 jussa,
2489 5347 2750 5404 devitarc.
2780 5348 2849 5403 Et
2878 5346 3003 5418 quia
3027 5345 3275 5416 adopera
3297 5347 3514 5403 diversa

216 5452 314 5497 esse
369 5447 765 5519 prasignatam
817 5448 1065 5520 accipere
1122 5448 1371 5518 voluerit,
1451 5449 1603 5506 illam
1653 5451 1809 5521 aspi-
1914 5447 2217 5515 mittuntur,
2248 5447 2304 5501 in
2333 5461 2489 5501 suam
2517 5444 2738 5500 domum
2765 5460 2958 5501 eorum
3004 5444 3369 5518 unusquisque
3424 5445 3518 5501 di-

217 5535 325 5607 cist,
347 5557 508 5612 quam
540 5543 733 5602 beatus
767 5546 964 5603 Paulus
982 5546 1234 5614 ostendit,
1261 5547 1478 5605 dicens:
1520 5548 1623 5617 Qui
1640 5563 1812 5605 evan-
1917 5543 2163 5601 mittitur.
2197 5546 2267 5601 Ut
2296 5543 2441 5600 enim
2471 5557 2537 5598 ea
2555 5556 2675 5614 quae
2701 5541 2860 5597 nobis
2892 5542 3210 5614 praecipiunt
3227 5543 3368 5600 bene
3383 5560 3514 5616 per-

216 5635 407 5706 getium
424 5642 1145 5718 annuntiat,deevangetio
1164 5645 1350 5704 vivat:
1372 5647 1429 5705 et
1470 5643 1569 5719 qui
1599 5644 1810 5705 altario
1917 5643 2182 5714 ﬁciamus,
2212 5642 2532 5717 priusquam
2556 5653 2922 5717 appareamus
2950 5642 3007 5703 in
3034 5656 3222 5718 Opere,
3252 5643 3399 5704 intus
3429 5657 3519 5703 re-
