4034 6174
516 301 615 366 811

1713 300 1956 362 SANCTI
1988 299 2333 361 GREGORII
2373 300 2594 360 MAGNI

3694 305 3786 361 312

516 429 815 491 condicitur
866 430 920 490 in
972 430 1181 491 interna
1236 429 1682 489 consideratione.
1743 434 1919 505 Reges
1977 445 2108 503 ergo
2138 429 2192 490 A
2223 428 2425 485 tribuit.
2458 429 2523 485 Et
2548 429 2663 501 ejus
2692 435 2890 485 tactum
2923 426 3158 487 sentiunt
3189 443 3202 484 :
3237 426 3379 499 quia,
3411 434 3617 499 recepto
3644 427 3790 485 inter-

519 522 687 578 nostri
712 538 811 579 nos
838 524 1086 597 singulos
1142 522 1198 578 in
1251 522 1472 578 domum
1527 530 1764 577 nostram
1823 520 2119 588 dimittunt,

518 612 647 683 quia
683 612 749 666 ad
780 627 841 668 ea
872 630 990 683 qua:
1015 612 1172 668 nobis
1204 612 1508 684 injungunt,
1549 628 1647 666 nos
1703 627 1806 681 per
1860 619 2121 665 secretam

516 701 712 757 mentis
750 701 1157 771 dispositionem
1201 702 1282 756 ire
1318 700 1662 771 praecipiunt.
1693 701 1856 767 (Bene
1905 699 2121 768 quidem

518 788 621 860 ipsi
653 790 993 861 praecipiunt,
1024 789 1119 845 sed
1155 789 1200 845 si
1241 784 1580 861 operationis
1644 798 1847 844 nostra:
1902 788 2120 842 modum

516 878 850 950 negligimus
889 878 1209 947 praevidere,
1248 895 1367 949 qua:
1396 878 1533 934 bene
1562 887 1830 949 prmcepta
1858 883 2000 941 sunt,
2034 875 2121 930 in-

519 966 766 1022 consulta
795 975 975 1022 mente
1006 967 1357 1036 dissipamus.
1392 967 1601 1038 Singuli
1632 984 1764 1039 ergo
1794 967 1849 1021 in
1901 966 2122 1020 domum

519 1070 673 1110 suam
705 1055 954 1122 redeunt,
990 1057 1214 1127 quando
1254 1056 1619 1128 unusquisque
1647 1054 1822 1111 fidelis
1877 1053 2125 1109 subditus

518 1158 656 1214 opus
684 1144 1011 1201 obedientia
1041 1145 1185 1215 quod
1215 1145 1470 1215 proponit
1499 1145 1725 1201 consilio
1756 1145 1949 1200 mentis
2002 1143 2122 1198 dis-

515 1232 771 1302 ponendo
798 1234 1077 1303 praevenit.
1112 1233 1261 1303 Quia
1282 1250 1410 1290 vero
1442 1234 1617 1290 electo
1649 1249 1777 1306 rege
1816 1233 1870 1286 in
1900 1232 2122 1287 domum

517 1336 669 1376 suam
707 1328 830 1377 ante
852 1321 1084 1393 populus
1116 1323 1399 1389 dimissus,
1442 1340 1602 1395 quam
1626 1339 1720 1378 rex
1749 1323 1947 1377 abiisse
1979 1338 2122 1377 asse-

515 1408 668 1479 ritur,
701 1417 882 1481 potest
909 1410 963 1465 in
1001 1413 1105 1466 hoc
1133 1411 1279 1466 aliud
1310 1412 1606 1482 designari.
1642 1411 1747 1480 Qui
1778 1411 1920 1466 enim
1934 1426 2123 1483 regem

517 1498 793 1569 excipiunt
821 1499 876 1553 in
912 1500 1134 1555 domum
1164 1516 1317 1555 suam
1354 1501 1559 1557 vadunt
1590 1500 1805 1571 quando
1860 1517 1920 1555 se
1966 1516 2123 1555 unus-

518 1586 751 1658 quisque
791 1588 1069 1657 subjectus
1096 1589 1487 1644 considerando
1500 1596 1869 1660 praeparat,ut
1897 1589 1945 1643 ei
1963 1604 2121 1659 quem

514 1690 748 1746 praeesse
770 1676 875 1731 sibi
906 1677 1059 1748 petiit
1089 1676 1307 1733 ﬁdelem
1326 1677 1692 1733 obedientiam
1722 1677 2030 1747 impendat.
2062 1678 2122 1731 In

513 1762 623 1820 hoc
649 1780 783 1837 ergo
812 1766 933 1821 loco
963 1782 1069 1822 non
1103 1774 1185 1821 est
1213 1767 1480 1837 imperata
1516 1768 1880 1832 considerare,
1900 1766 1995 1821 sed
2024 1765 2122 1819 im-
2150 1790 2203 1850 B

513 1853 771 1924 perandis
810 1852 997 1908 intima
1043 1870 1101 1909 se
1157 1854 1513 1925 dispositione
1570 1855 1926 1910 substernere.
1985 1851 2123 1926 Regi

515 1957 731 2012 quoque
762 1941 815 1996 in
846 1942 1066 1997 domum
1096 1959 1246 1997 suam
1274 1943 1424 1997 abire
1451 1952 1531 1997 est
1560 1952 1617 1997 ut
1647 1944 1874 1999 discrete
1920 1943 2124 2013 paratis

515 2028 753 2100 imperet
782 2030 1155 2086 considerare.
1186 2032 1306 2086 Alia
1336 2048 1466 2104 ergo
1497 2039 1579 2087 est
1606 2032 1799 2087 domus
1826 2032 1989 2103 regis,
2022 2031 2126 2086 alia

524 2119 714 2189 populi
742 2117 973 2187 subjecti
1000 2138 1012 2182 ;
1055 2119 1179 2190 quia
1205 2119 1313 2174 alta
1345 2120 1419 2174 illi
1444 2128 1626 2176 mente
1661 2121 2004 2176 subditorum
2035 2119 2126 2174 ili-

514 2223 650 2263 nera
679 2207 1020 2276 disponenda
1039 2207 1406 2275 considerant,
1438 2208 1522 2263 isti
1552 2209 1899 2280 praelatorum
1946 2208 2125 2279 impe-

524 2295 607 2351 ria
636 2295 855 2367 exsequi
883 2312 982 2366 per
1010 2296 1185 2351 intimi
1214 2297 1481 2367 propositi
1522 2297 1692 2352 robur
1719 2305 1930 2367 parant.
1974 2297 2128 2355 Unde

519 2388 575 2441 et
606 2384 804 2439 domus
835 2384 981 2456 regis
1019 2385 1075 2438 in
1131 2384 1323 2441 Gabaa
1375 2386 1477 2440 sita
1531 2386 1876 2456 perhibetur.
1939 2387 2130 2441 Gabaa

526 2471 727 2543 quippe
765 2472 1013 2526 sublimis
1041 2472 1264 2528 dicitur.
1303 2474 1509 2530 Domus
1535 2489 1670 2546 ergo
1699 2475 1846 2546 regis
1874 2475 1927 2529 in
1946 2475 2131 2531 Gabaa

529 2574 653 2617 esse
682 2558 984 2615 ostenditur
1014 2577 1027 2623 ;
1070 2560 1198 2632 quia
1226 2561 1433 2617 electus
1474 2563 1664 2618 doctor
1689 2579 1797 2618 non
1827 2563 1936 2618 ima
1964 2572 2013 2619 et
2032 2572 2133 2619 ter-

525 2663 657 2705 rena
678 2647 973 2720 cogitando
1004 2647 1259 2716 incolere,
1285 2650 1385 2705 sed
1414 2651 1521 2706 alta
1553 2660 1605 2706 et
1634 2652 1872 2708 coelestia
1889 2653 2135 2708 meditari

528 2736 729 2792 studet.
766 2735 918 2794 Unde
945 2745 997 2794 et
1023 2737 1167 2794 bene
1196 2755 1325 2811 pars
1357 2740 1625 2796 exercitus
1664 2758 1787 2796 cum
1834 2757 1899 2797 eo
1951 2741 2029 2796 ire
2079 2741 2136 2795 in

533 2824 720 2883 Gabaa
759 2824 973 2893 dicitur,
1008 2827 1135 2899 quia
1164 2828 1240 2896 hi,
1273 2828 1366 2900 qui
1397 2837 1584 2885 centra
1632 2829 1911 2885 diabolum
1965 2830 2136 2886 fortes

529 2922 678 2984 sunt,
698 2913 929 2972 electum
960 2924 1236 2987 pastorem
1267 2934 1425 2973 suum
1454 2917 1528 2973 ad
1560 2919 1811 2974 virtutum
1844 2919 1952 2974 alta
1997 2935 2137 2989 pro-

532 3011 852 3075 sequuntur.
886 3004 1024 3060 Pars
1054 3021 1188 3078 ergo
1209 3008 1473 3063 exercitus
1493 3008 1572 3062 ire
1602 3023 1725 3063 cum
1763 3024 1892 3080 rege
1921 3009 2135 3076 dicitur,

533 3090 657 3162 quia
687 3090 744 3145 in
773 3100 959 3147 sancta
996 3094 1225 3150 ecclesia
1243 3094 1485 3166 plerique
1505 3095 1691 3151 ﬁdeles
1721 3098 1971 3166 sunt,qui
1989 3114 2137 3169 prae-

534 3178 664 3235 latis
695 3180 808 3234 suis
831 3181 1102 3236 humiliter
1121 3183 1348 3239 obedire
1379 3185 1569 3253 sciunt,
1612 3185 1720 3239 alta
1755 3170 1914 3236 257
1938 3187 2142 3258 cogita-

536 3284 596 3325 re
628 3268 901 3326 nesciunt.
943 3270 1129 3327 Sciunt
1158 3273 1375 3343 quidem
1409 3272 1672 3343 imperata
1700 3274 1981 3345 perﬁcere,
2015 3292 2145 3330 nes-

536 3356 685 3414 ciunt
714 3358 832 3414 aliis
859 3358 1179 3431 imperanda
1208 3362 1530 3431 pravidere.
1565 3360 1734 3430 Quasi
1782 3363 1927 3418 enim
1977 3363 2145 3435 hujus

535 3445 707 3518 partis
728 3447 930 3504 milites
960 3449 1449 3516 commemorabat,
1473 3450 1691 3519 Paulus,
1711 3467 1830 3505 curn
1848 3452 2143 3508 Colossen-

538 3534 689 3590 sibus
710 3535 992 3606 scriberet,
1015 3537 1200 3592 dicens
1225 3555 1236 3591 :
1261 3537 1498 3594 Salutat
1522 3554 1613 3595 vos
1632 3541 1995 3597 Aristarchus
2017 3558 2145 3598 con-

541 3625 798 3696 captivus
812 3640 989 3691 meus,
1010 3630 1067 3682 et
1088 3628 1302 3682 Marcus
1338 3628 1703 3685 consobrinus
1758 3630 2051 3699 Barnabw,
2088 3635 2143 3687 et

543 3712 794 3769 Joannes
823 3715 919 3786 qui
956 3714 1171 3771 dicitur
1196 3715 1414 3780 Justus,
1442 3718 1538 3788 qui
1566 3721 1705 3773 sunt
1738 3732 1811 3773 ex
1840 3719 2144 3776 circumci-

545 3801 701 3857 sione
725 3820 744 3860 ε
767 3802 827 3858 hi
846 3803 951 3859 soli
962 3807 1097 3859 sunt
1112 3802 1399 3877 adjutores
1417 3805 1531 3860 mei
1546 3806 1607 3860 in
1629 3822 1800 3877 regno
1825 3806 1925 3862 Dei
1943 3808 1960 3869 (
1971 3808 2143 3864 Colos.

542 3904 620 3959 iv,
652 3893 762 3960 1ο).
782 3891 912 3946 Item
935 3892 1210 3948 Romanos
1231 3893 1524 3963 alloquens,
1561 3894 1634 3948 ait
1658 3912 1671 3948 :
1699 3894 1968 3952 Salutate
1988 3897 2147 3952 Pris-

547 3994 672 4034 cam
693 3982 1017 4051 etAquilam
1041 3982 1328 4050 adiutores
1348 3984 1687 4053 meos(Rom.
1706 4000 1818 4053 xw,
1851 3986 1927 4054 5).
1954 3985 2013 4038 Et
2028 3993 2151 4055 post

545 4082 721 4137 pauca
745 4068 1017 4126 :Salutat
1038 4086 1127 4125 vos
1147 4070 1705 4142 Timotheusadjulor
1717 4089 1896 4142 meus,
1929 4076 1985 4129 et
2033 4075 2148 4129 Lu-

547 4171 663 4224 cas,
696 4160 755 4213 et
774 4159 944 4214 Iason
966 4156 1131 4228 (Ibid.
1164 4160 1273 4228 2t).
1306 4159 1598 4230 Adjutores
1629 4162 1833 4231 quippe
1862 4178 1988 4217 suos
2043 4162 2151 4217 dis-

549 4242 760 4314 cipulos
801 4247 1035 4313 vocavit,
1063 4247 1184 4315 quia
1201 4247 1394 4302 ordine
1412 4248 1648 4303 minores
1677 4257 1848 4317 erant,
1872 4252 1967 4304 sed
1988 4251 2146 4306 labo—

549 4334 627 4389 ris
657 4334 975 4404 participes;
1025 4334 1349 4390 obedientiae
1376 4336 1677 4390 humilitate
1722 4341 1982 4407 Apostolo
2012 4340 2147 4393 sub-

542 4424 869 4494 jectierant,
902 4422 997 4476 sed
1034 4422 1164 4476 dum
1195 4439 1316 4477 cum
1375 4439 1440 4478 eo
1481 4425 1664 4479 aeterni
1709 4426 1865 4496 regni
1916 4427 2145 4497 gloriam

547 4510 930 4582 praedicarent.
963 4525 1084 4565 cum
1126 4526 1190 4565 eo
1215 4512 1417 4581 pariter
1443 4512 1719 4568 veritatem
1771 4515 2144 4584 defenderent,
2178 4498 2228 4557 D

547 4598 864 4654 inﬁdelibus
887 4597 1229 4665 obsisterent,
1264 4598 1443 4654 illatas
1477 4603 1887 4669 persecutiones
1938 4604 2149 4660 fortiter

548 4687 889 4755 sustinerent,
922 4686 1077 4757 quasi
1106 4688 1161 4741 in
1202 4687 1346 4744 bello
1376 4689 1474 4743 Dei
1522 4689 1718 4745 milites
1770 4692 1915 4763 regis
1960 4702 2136 4749 erant.

546 4776 679 4830 Cum
711 4790 842 4847 rege
871 4776 926 4830 in
956 4775 1143 4831 Gabaa
1163 4792 1290 4846 pars
1318 4778 1608 4847 exercitus,
1642 4780 1718 4833 ire
1748 4780 1964 4846 dicitur,
2018 4783 2147 4851 quia

540 4864 766 4937 perfecti
800 4864 1057 4935 discipuli
1083 4866 1136 4921 in
1176 4867 1285 4922 alta
1314 4866 1670 4937 dispositione
1695 4877 1898 4925 sancta:
1945 4871 2144 4926 Eccle-

541 4953 637 5010 siae
657 4954 1043 5025 magistrorum
1074 4970 1295 5010 suorum
1326 4956 1669 5026 coadjutores
1704 4966 1829 5012 sunt
1860 4977 1871 5021 ;
1922 4959 2140 5026 auxilia,

542 5059 664 5115 qua
694 5051 937 5113 possunt,
971 5058 1072 5114 per
1099 5044 1440 5100 altitudinem
1472 5046 1685 5101 virtutis
1710 5046 1906 5116 ferunt,
1937 5047 2033 5103 sed
2062 5047 2143 5104 eis

542 5148 679 5204 quos
710 5132 970 5204 adjuvant
994 5148 1094 5204 per
1120 5134 1477 5189 humilitatem
1507 5136 1765 5191 serviunt.

611 5230 699 5283 Η.
734 5230 805 5284 Et
834 5229 961 5302 quia
991 5230 1094 5285 hoc
1125 5230 1335 5285 nonnisi
1367 5231 1445 5285 illi
1478 5234 1722 5301 possunt,
1778 5231 1869 5301 qui
1922 5232 2142 5303 spiritus

540 5325 708 5379 sancti
736 5327 911 5394 gratia
939 5327 1200 5396 praeventi
1230 5335 1368 5395 sunt,
1401 5343 1523 5382 cum
1552 5343 1681 5396 pars
1736 5328 2004 5382 exercitus
2059 5328 2141 5385 ire

539 5431 662 5473 cum
690 5435 819 5490 rege
839 5421 1050 5490 dicitur,
1081 5422 1459 5499 subjungitur.
1498 5422 1747 5487 Quorum
1761 5426 1906 5480 Deus
1950 5426 2139 5497 tetigit

502 5542 505 5545 -
537 5515 726 5572 corda.
759 5517 896 5586 Quia
923 5520 1066 5574 enim
1096 5520 1266 5592 digito
1286 5528 1507 5593 tangere
1537 5521 1946 5591 solemus,Deus
1971 5524 2139 5579 corda

542 5611 862 5675 Sanctorum
897 5618 1085 5689 tangit,
1105 5618 1324 5689 quando
1344 5618 1422 5678 eis
1441 5618 1669 5692 Spiritus
1699 5619 1869 5678 sancti
1902 5621 2137 5693 gratiam

2229 534 2312 574 nae
2359 518 2567 574 virtutis
2622 535 2862 586 numera,
2903 534 2935 574 a
2991 517 3318 575 carnalitatis
3378 532 3484 572 suae
3539 517 3795 575 debilitate

2227 616 2660 664 commoventur.
2692 607 2795 675 Qui
2834 608 3080 678 protinus
3109 605 3349 661 cmlestis
3379 607 3633 661 exercitus
3660 606 3793 660 mili-

2231 700 2312 750 tes
2344 696 2493 763 ﬁunt,
2526 697 2652 766 quia
2681 714 2781 766 per
2807 697 3056 753 virtutem
3104 695 3274 749 sancti
3325 695 3550 764 Spiritus
3601 693 3798 749 inﬁrma

2231 786 2500 853 deserunt,
2535 794 2587 841 et
2627 786 2694 840 ad
2726 786 2940 859 agenda
2967 784 3129 840 fortia
3160 784 3215 838 in
3246 784 3440 838 Christi
3471 783 3610 838 bello
3667 799 3796 854 prae-

2230 882 2506 945 parantur.
2542 874 2676 944 Quia
2697 891 2825 930 vero
2856 876 2997 929 intra
3014 878 3260 928 sanctam
3276 872 3570 928 Ecclesium
3599 872 3799 941 quidam

2230 964 2487 1035 praelatos
2528 980 2653 1019 suos
2685 964 2968 1034 despicere
2997 979 3105 1018 non
3134 971 3408 1029 verentur,
3441 960 3668 1027 audiant,
3691 961 3803 1032 quia

2229 1054 2326 1124 qui
2353 1069 2535 1123 regem
2558 1053 2864 1124 despiciunt
2894 1052 3076 1106 Belial
3100 1051 3192 1105 ﬁlii
3218 1052 3491 1106 dicuntur.
3520 1050 3617 1104 Per
3639 1066 3808 1120 super-

2231 1142 2339 1196 biae
2357 1141 2575 1212 quidem
2595 1142 2781 1196 vitium
2813 1143 2865 1196 in
2896 1142 3037 1196 illius
3062 1140 3360 1196 imitatione
3385 1146 3715 1212 generantur,
3744 1138 3807 1194 de

2232 1248 2338 1304 quo
2368 1231 2626 1301 scriptum
2657 1239 2735 1286 est
2768 1248 2780 1284 :
2809 1232 2981 1287 Omne
2998 1231 3239 1286 sublime
3258 1230 3615 1300 videt,etipse
3630 1233 3807 1283 estca-

2227 1316 2333 1393 put
2354 1321 2894 1391 superomnesﬁlios
2911 1319 3189 1392 superbire
3231 1317 3352 1391 (Job
3399 1333 3513 1383 xu,
3568 1319 3674 1387 25).
3716 1314 3810 1384 Qui

2231 1417 2356 1480 apte
2412 1409 2767 1480 superborum
2824 1424 3005 1464 mores
3062 1408 3354 1475 insinuant,
3413 1406 3537 1478 quia
3584 1405 3809 1460 dicunt:

2231 1498 2501 1571 Nunquid
2517 1500 2625 1553 iste
2640 1499 2865 1553 salvare
2887 1514 2987 1553 nos
3006 1500 3217 1571 poterit
3233 1494 3463 1552 tSancti
3482 1494 3675 1549 etenim
3702 1493 3812 1559 viri,

2232 1587 2357 1658 quia
2377 1587 2666 1658 praesentia
2686 1586 3012 1657 despiciunt,
3031 1594 3228 1641 aeterna
3255 1585 3817 1657 inquirunt,contemp-

2230 1680 2347 1730 tum
2376 1676 2561 1729 mundi
2582 1691 2741 1747 quem
2763 1674 2817 1729 in
2841 1680 3022 1730 mente
3047 1676 3275 1730 retinent
3307 1672 3750 1746 proferuntetiam
3770 1670 3819 1725 in

2231 1764 2481 1818 exteriori
2513 1765 2924 1819 conversatione
2952 1784 2964 1828 ;
2999 1764 3139 1818 intus
3159 1762 3498 1819 venerabiles
3528 1768 3665 1830 sunt,
3701 1758 3821 1815 foris

2231 1852 2585 1923 despicabiles
2614 1853 2884 1908 videntur.
2925 1853 3155 1922 Superbi
3186 1868 3339 1922 ergo,
3365 1851 3490 1922 quia
3519 1850 3645 1904 illud
3662 1847 3822 1903 solum

2232 1941 2377 2013 quod
2405 1942 2461 1995 in
2498 1941 2708 1997 Sanctis
2732 1942 2863 1996 loris
2894 1941 3097 2012 despici
3126 1948 3307 2012 potest
3362 1938 3662 2009 aspiciunt;
3701 1936 3822 1990 illud

2232 2046 2381 2099 vero,
2407 2030 2549 2101 quod
2582 2030 2737 2085 valde
2769 2031 3138 2087 venerandum
3162 2037 3258 2098 est,
3309 2043 3535 2085 cernere
3564 2042 3669 2081 non
3722 2040 3826 2079 mc-

2234 2126 2432 2183 rentur,
2452 2119 2636 2174 dicunt
2653 2119 2934 2191 :Nunquid
2947 2119 3052 2174 iste
3063 2135 3121 2173 sa
3132 2120 3283 2174 luere
3295 2133 3401 2174 nos
3410 2116 3620 2189 poterit
3636 2118 3658 2170 .'
3670 2111 3823 2182 Quasi

2235 2207 2584 2277 despiciendo
2614 2207 2951 2279 interrogent
2984 2225 2995 2260 :
3029 2210 3070 2260 Λ
3104 2214 3211 2265 tam
3239 2222 3418 2276 parvo
3451 2214 3559 2259 tam
3606 2201 3826 2275 grandia

2238 2294 2506 2366 speranda
2535 2296 2712 2350 sunt?
2742 2297 2844 2349 Iste
2875 2302 2985 2349 tam
3022 2310 3242 2365 parvus,
3282 2310 3398 2349 non
3438 2300 3545 2348 tam
3593 2304 3825 2362 magnos,

2238 2392 2347 2438 tam
2373 2384 2586 2450 debilis,
2622 2393 2725 2439 tam
2751 2385 2919 2439 fortes
2955 2385 3165 2439 salvare
3195 2399 3359 2453 posse
3390 2380 3694 2437 credendus
3721 2378 3831 2433 est?

2237 2472 2376 2527 Nam
2406 2474 2538 2542 quid
2568 2480 2647 2528 est
2676 2474 2823 2527 aliud
2863 2473 3008 2545 quod
3039 2472 3226 2528 dicunt
3256 2490 3269 2526 :
3300 2473 3418 2528 Isle
3439 2475 3498 2527 et
3539 2485 3687 2536 nos;
3742 2466 3835 2521 nisi

2242 2561 2384 2632 quod
2414 2562 2629 2632 superbi
2663 2570 2715 2616 et
2739 2561 3425 2632 arrogantesinspicientes
3444 2559 3608 2626 alios,
3638 2569 3841 2626 semper

2240 2667 2436 2722 parvos
2499 2634 2661 2702 258
2697 2659 2751 2706 et
2780 2650 2993 2705 debiles
3035 2665 3162 2705 esse
3226 2649 3508 2716 credunt;
3571 2663 3630 2702 se
3671 2652 3841 2700 autem

2243 2755 2497 2808 magnos,
2527 2740 2716 2805 fortes,
2741 2747 2900 2809 atque
2930 2738 3465 2810 sapientes?Merito
3496 2737 3662 2809 igitur
3689 2731 3844 2789 Belial

2246 2826 2341 2881 ﬁlii
2372 2828 2642 2896 dicuntur,
2677 2828 2803 2899 quia
2832 2830 2962 2883 dum
2992 2826 3362 2898 superbiendo
3396 2842 3457 2882 se
3475 2820 3845 2892 exlollunl,illi

2245 2931 2305 2970 se
2333 2916 2692 2981 conformant,
2713 2918 2804 2988 qui
2834 2917 3032 2972 eodem
3066 2918 3232 2971 modo
3258 2915 3534 2971 cecidisse
3585 2914 3655 2968 de
3711 2910 3843 2966 ccelo

2245 3004 2455 3073 dicitur.
2480 3006 2560 3060 De
2574 3006 2771 3076 quibus
2791 3005 2952 3061 etiam
2965 3021 3150 3077 regem
3166 3003 3607 3074 despicientibus
3629 3000 3844 3057 dicitur:

2320 3094 2594 3163 (Ibidem).
2631 3094 2695 3149 Et
2726 3110 2841 3149 non
2870 3095 3118 3150 attulere
3148 3098 3204 3150 et
3234 3109 3504 3149 munera.

2323 3183 2418 3237 4'2.
2458 3182 2512 3237 Si
2545 3183 2613 3237 ad
2643 3183 2874 3238 litteram
2903 3183 3008 3238 ista
3039 3183 3381 3251 discutimus,
3450 3185 3558 3237 hoc
3613 3179 3853 3252 profecto

2251 3269 2546 3338 insinuant,
2578 3272 2705 3340 quia
2739 3279 2791 3326 et
2822 3280 3092 3326 terrarum
3149 3270 3387 3338 domini,
3439 3279 3491 3325 et
3558 3266 3854 3340 spirituales

2252 3368 2448 3414 sancta:
2464 3360 2717 3414 Ecclesiae
2730 3359 2941 3430 praelati
2962 3359 3319 3415 exterioribus
3346 3359 3551 3414 officiis
3561 3352 3861 3413 honorandi

2252 3458 2391 3503 sunt.
2425 3449 2579 3502 Unde
2605 3453 2661 3502 et
2688 3449 2880 3503 beatus
2912 3448 3109 3503 Paulus
3138 3448 3437 3517 Apostolus
3461 3448 3636 3503 elatos
3665 3447 3860 3500 Roma-

2254 3552 2355 3591 nos
2386 3536 2693 3608 alloquitur,
2725 3536 2916 3591 dicens
2948 3537 3169 3592 :Redite
3192 3538 3463 3592 omnibus
3509 3534 3741 3603 debita;
3778 3532 3865 3589 cui

2258 3625 2555 3690 tributum,
2580 3625 2859 3680 tributum
2891 3644 2908 3680 :
2939 3627 3033 3680 cui
3079 3626 3347 3696 vectigal,
3390 3625 3643 3696 vectigal
3688 3625 3861 3692 (Rom.

2254 3728 2376 3782 xm,
2400 3714 2475 3783 7).
2512 3713 2648 3767 Hinc
2677 3714 3059 3783 Apostolorum
3092 3714 3356 3784 princeps
3395 3714 3725 3781 exhortans,
3749 3709 3822 3765 ait
3850 3724 3863 3761 :

2256 3801 2517 3870 Subiecti
2557 3806 2736 3858 estote
2779 3804 2935 3859 omni
2984 3802 3249 3858 humanae
3286 3806 3589 3858 creatura:
3638 3806 3867 3872 propter

2260 3890 3403 3963 Deum,siveregitanquampracellenti,
3464 3893 3589 3946 sive
3642 3887 3865 3944 ducibus

2261 3983 2529 4049 tanquam
2545 3980 2610 4034 ab
2628 3979 3323 4048 eomissis(chtr.n,13).
3364 3978 3698 4050 Spiritualia
3746 3989 3868 4032 vero

2259 4084 2482 4123 munera
2495 4067 2792 4123 rectoribus
2810 4067 3003 4122 nostris
3022 4067 3329 4134 tribuimus,
3362 4066 3599 4138 quando
3630 4063 3871 4121 debitam

2258 4158 2335 4213 eis
2353 4158 2573 4213 honoris
2590 4159 2945 4212 reverentiam
2968 4154 3265 4221 offerimus,
3307 4163 3361 4211 et
3393 4172 3464 4211 ea
3495 4172 3626 4226 qua
3676 4153 3873 4226 praeci-

2257 4247 2411 4316 piunt
2440 4261 2563 4301 cum
2595 4261 2792 4317 magna
2822 4246 3108 4300 devotione
3135 4260 3445 4299 servamus.
3482 4246 3694 4316 Magna
3732 4242 3872 4299 enim

2261 4351 2485 4389 munera
2513 4343 2638 4389 sunt
2666 4334 2969 4390 reverentia
3001 4333 3217 4389 honoris
3233 4333 3599 4388 ethumilitas
3653 4332 3874 4402 subjec-

2258 4424 2416 4478 tionis
2444 4441 2455 4487 ;
2481 4424 2601 4495 quia
2634 4424 2762 4477 dum
2792 4423 3088 4477 rectoribus
3104 4422 3319 4489 nostris,
3353 4432 3410 4476 et
3440 4423 3594 4477 intus
3625 4439 3727 4493 per
3771 4421 3874 4474 hu-

2258 4512 2538 4567 militatem
2569 4512 2871 4575 subdimur,
2904 4521 3069 4580 elpcr
3087 4512 3359 4565 exteriora
3392 4510 3682 4585 obsequia
3752 4507 3878 4564 foris

2254 4602 2474 4656 honoris
2485 4602 2841 4656 reverentiam
2864 4600 3197 4664 exhibemus,
3224 4615 3431 4654 munus
3447 4600 3534 4654 eis
3550 4616 3725 4655 unum
3743 4612 3876 4670 prae-

2254 4690 2445 4744 bemus
2476 4705 2770 4761 acorpore,
2788 4690 2931 4743 aliud
2950 4705 2979 4742 a
3009 4688 3196 4743 corde.
3219 4688 3443 4759 Utcrgo
3505 4689 3878 4760 superborum

2253 4786 2437 4849 typum
2463 4779 2695 4833 insinuet
2716 4776 3000 4848 propheta,
3032 4791 3139 4832 non
3169 4776 3323 4830 dicit:
3364 4778 3501 4833 Non
3528 4778 3799 4834 attulere
3829 4776 3880 4831 ei

2253 4886 2499 4933 munus;
2520 4870 2631 4935 sed,
2654 4885 2765 4924 non
2780 4870 3027 4924 attulere
3040 4870 3341 4923 eimunera
3356 4888 3376 4932 ,ι
3392 4870 3535 4940 quia
3569 4870 3708 4925 dum
3741 4868 3879 4925 elec-

2250 4966 2333 5014 tos
2361 4958 2746 5028 praedicatores
2773 4957 3104 5028 despiciunt,
3138 4959 3218 5011 eis
3246 4957 3441 5027 utique
3508 4960 3790 5014 honorem
3847 4970 3881 5010 ι

2251 5062 2483 5116 corpore
2511 5045 2706 5101 oﬂ‘erre
2735 5047 3100 5117 dedignantur
3121 5053 3171 5101 et
3194 5043 3577 5101 humilitatem
3610 5061 3647 5103 a
3688 5045 3880 5102 corde.

2252 5135 2359 5192 Sed
2399 5151 2523 5190 cum
2573 5134 2734 5190 electi
2783 5134 3166 5206 prmdicatores
3212 5133 3574 5189 subditorum
3650 5135 3884 5206 culpam

2249 5240 2567 5305 agnoscunt,
2584 5232 2873 5304 aliquando
2886 5248 3005 5286 cam
3023 5232 3203 5287 statim
3221 5231 3518 5302 corrigere
3532 5231 3885 5305 increpando

2248 5331 2502 5402 gestiunt,
2523 5330 2809 5400 aliquando
2842 5331 2979 5384 hanc
3007 5345 3065 5384 se
3094 5345 3253 5385 nosse
3282 5328 3662 5387 dissimulant
3695 5352 3710 5401 ;
3746 5328 3887 5386 utad

2249 5444 2366 5484 eam
2399 5429 2688 5483 delendam
2721 5445 3019 5500 congruum
3054 5436 3271 5498 tempus
3299 5438 3588 5498 quaerant.
3627 5430 3795 5489 Unde
3834 5435 3888 5485 et

2200 5548 2211 5554 ·
2246 5526 2314 5584 de
2342 5526 2538 5582 eodem
2570 5526 2825 5598 despecto
2858 5541 2991 5598 rege
3027 5525 3271 5597 protinus
3298 5524 3570 5582 subditur
3600 5543 3615 5581 :

2318 5623 2600 5696 (Ibidem)
2618 5624 2719 5686 Ille
2741 5639 2864 5686 vero
2885 5622 3279 5682 dissimulabat
3309 5635 3366 5680 se
3388 5623 3641 5685 audire.
