4034 6174
297 303 392 366 313

1119 306 1192 364 ΙΝ
1231 307 1505 367 PRIMUM
1546 305 1794 368 REGUM
1830 304 2371 367 EXPOSITIONES.
2420 339 2480 352 —
2518 307 2626 366 LIB
2662 308 2728 366 ν.

3479 307 3583 368 814

357 434 438 488 43.
494 429 833 489 Subditorum
888 431 1109 504 quidem
1161 433 1485 505 pravitatem
1546 436 1716 501 audit,
1776 436 1869 507 qui
1898 439 1952 500 Α
1982 436 2148 491 verba
2177 436 2390 499 dicitur.
2424 437 2517 492 sed
2549 435 2867 493 conﬁrmato
2897 451 3067 509 regno
3101 452 3269 508 super
3298 434 3466 492 Israel
3513 436 3584 492 ad

295 524 453 580 noscit
482 541 496 581 ;
528 522 622 577 sed
668 523 839 587 audit,
872 530 926 578 et
965 538 1074 578 non
1103 524 1413 593 respondet,
1459 524 1572 580 imo
1603 539 1664 579 se
1695 524 1880 579 audire

293 612 620 667 dissimulat:
655 612 779 682 quia
814 612 1153 682 plerumque,
1201 628 1368 667 causa
1423 612 1694 684 exigente,
1752 617 1882 668 nota

294 701 610 755 subditorum
644 701 904 769 superbia
930 700 1234 771 incorrepta
1262 702 1550 767 deseritur,
1582 710 1641 757 ut
1669 717 1881 773 oppor-

294 789 475 844 tuniori
508 798 770 859 tempore,
813 790 969 859 quasi
999 790 1218 861 cognita
1248 790 1503 845 feriatur.
1543 789 1715 859 Quam
1749 806 1883 862 pro-

296 876 420 933 fecto
476 877 857 933 ecclesiastica:
912 894 1153 934 censura:
1202 878 1585 933 discretionem
1641 878 1783 935 bene
1829 879 1884 933 in

297 965 389 1021 hoc
414 965 529 1035 ipso
560 966 783 1020 Israelis
812 982 941 1037 rege
971 967 1339 1038 agnoscimus,
1386 967 1428 1020 si
1458 968 1613 1038 regni
1643 975 1886 1037 tempora

295 1061 341 1108 et
362 1062 476 1109 acta
508 1053 728 1109 diversa
758 1054 1062 1110 videamus.
1095 1056 1237 1110 Nam
1265 1055 1414 1110 rudis
1442 1056 1637 1118 adhuc.
1652 1064 1706 1111 et
1727 1056 1885 1111 novi-

291 1149 366 1197 ter
421 1141 700 1198 ordinatus
742 1143 1087 1200 dissimulare
1138 1160 1200 1199 se
1254 1143 1446 1200 audire
1474 1143 1888 1214 despicientium

1989 526 2263 580 dexteram
2296 535 2348 580 et
2378 526 2645 580 sinistram
2668 542 2929 596 pugnare,
2962 535 3013 581 et
3032 542 3352 597 quocunque
3373 543 3431 579 se
3451 541 3586 579 ver-

1993 615 2159 681 tebat,
2213 630 2474 684 superare
2519 614 2851 684 perhibetur.
2885 614 3057 685 Culpa
3112 630 3245 687 ergo
3301 631 3421 686 qum
3443 612 3589 668 feriri

1991 703 2155 774 digna
2214 704 2502 757 severitate
2527 718 2634 757 non
2654 710 2854 772 potest,
2881 704 3414 767 dissimulanda,non
3430 718 3591 772 expo-

1992 791 2180 845 nenda
2209 799 2306 855 est,
2340 792 2465 860 quia
2506 791 2765 845 audacius
2795 806 2827 845 a
2857 791 3113 861 subjectis
3143 791 3485 861 delinquitur,
3545 790 3589 845 si

1991 880 2339 949 praelatorum
2370 878 2663 934 inﬁrmitas
2691 887 3042 952 agnoscatur.
3073 878 3267 934 Hazein
3287 880 3588 950 quartohu-

1987 968 2080 1037 jus
2100 968 2282 1037 operis
2312 968 2457 1022 libro
2488 969 2762 1039 disputata
2790 966 3075 1035 sufﬁciant,
3121 976 3178 1021 ut
3207 983 3304 1037 per
3334 967 3588 1037 loquendi

1996 1056 2321 1127 principium
2352 1057 2424 1112 ad
2455 1056 2803 1128 exponendo,
2837 1070 2959 1128 quae
2988 1062 3215 1126 restant,
3247 1055 3483 1110 studium
3507 1071 3589 1110 re-

1995 1161 2274 1201 novamus.

1418 1406 1749 1499 LIBER
1862 1406 2399 1520 QUINTUS.

799 1636 1019 1695 CAPUT
1056 1637 1347 1694 PRIMUM.

355 1726 399 1779 i.
440 1724 576 1779 Cum
610 1740 780 1781 sacrae
809 1726 969 1798 hujus
997 1727 1240 1783 historiae
1284 1725 1701 1798 profunditatem
1732 1741 1886 1781 asse-

288 1829 394 1868 rere
424 1814 472 1867 in
507 1814 667 1869 istius
695 1817 881 1886 operis
910 1815 1223 1886 pmiatione
1254 1816 1569 1882 voluissem,
1602 1815 1653 1869 in
1687 1832 1751 1871 eo
1779 1831 1887 1885 po-

291 1902 544 1957 tissimum
578 1904 752 1959 videri
783 1921 945 1976 posse
984 1906 1215 1973 asserui,
1249 1906 1391 1975 quod
1424 1905 1623 1975 scripta
1670 1904 1826 1959 fuerit
1855 1919 1888 1958 a

1982 1637 2327 1693 Ammonites
2356 1639 2385 1691 ‘l
2415 1654 2535 1710 qua:
2569 1648 2647 1696 est
2667 1639 2830 1695 Jahes
2862 1639 3067 1697 Galaad
3086 1641 3113 1693 ‘?
3135 1640 3241 1695 Sed
3258 1640 3400 1695 Naas
3420 1638 3591 1695 inter-

1996 1730 2263 1797 pretatur,
2320 1743 2560 1797 serpens,
2592 1728 2753 1785 Jabes
2792 1730 3083 1785 exsiccata.
3115 1730 3194 1785 De
3223 1736 3467 1799 serpente
3494 1744 3594 1783 au-

1998 1823 2104 1870 tem
2124 1816 2175 1869 in
2192 1816 2387 1871 Genesi
2413 1817 2607 1871 dicitur
2630 1835 2641 1873 :
2667 1818 2804 1885 Quia
2828 1819 3089 1874 callidior
3104 1822 3222 1874 erat
3236 1821 3456 1874 cunctis
3473 1818 3597 1873 ani-

1996 1906 2466 1969 n2antibus(6en.
2497 1921 2575 1971 in,
2603 1907 2675 1976 1).
2701 1907 2863 1977 Cujus
2889 1907 3130 1977 profecto
3158 1907 3421 1977 serpentis
3437 1905 3596 1961 simi-

291 1992 579 2062 prophetis.
642 1994 753 2063 Ipsi
813 1994 1028 2064 quidem
1085 1996 1312 2066 mystica
1342 1994 1543 2062 dicere,
1576 2010 1682 2048 non
1712 1994 1884 2049 solum
1915 2031 1969 2090 B
1997 1992 2162 2089 litudo
2184 1994 2226 2046 si
2250 1993 2301 2046 in
2325 1994 2471 2049 vitiis
2500 1995 2771 2063 quaeritur,
2796 1996 2923 2065 quid
2949 1996 3177 2050 similius
3208 2011 3366 2066 quam
3381 1993 3593 2051 violen-

287 2081 470 2147 verbis,
489 2082 593 2136 sed
620 2082 782 2136 etiam
797 2082 957 2136 rebus
970 2092 1361 2137 consueverant
1386 2102 1397 2136 :
1420 2084 1582 2153 plana
1607 2085 1878 2154 proferre,

284 2170 367 2223 sed
394 2168 499 2224 alta
534 2172 777 2241 signare.
813 2170 955 2239 Quia
985 2173 1127 2226 enim
1161 2188 1259 2243 per
1286 2189 1380 2227 eos
1409 2172 1645 2243 Spiritus
1665 2181 1882 2228 sanctus

284 2257 616 2329 loquebatur,
651 2268 705 2314 et
739 2260 957 2330 planum
989 2266 1127 2328 erat,
1162 2261 1303 2331 quod
1337 2261 1460 2331 ipsi,
1495 2261 1641 2317 velut
1698 2262 1878 2316 homi-

284 2362 365 2399 nes
391 2347 669 2413 dicebant,
694 2347 790 2402 sed
823 2348 1152 2419 profundum
1184 2357 1234 2404 et
1265 2350 1551 2421 mysticum
1586 2367 1602 2420 ;
1636 2350 1761 2421 quia
1793 2351 1880 2407 Io-

285 2434 541 2490 cutionem
576 2437 891 2491 hominibus
912 2453 1161 2492 summus
1181 2446 1232 2493 et
1254 2438 1751 2510 incircumscriptus
1763 2440 1883 2510 Spi-

285 2522 404 2577 ritus
432 2526 789 2596 suggerebat.
822 2525 958 2594 Quia
1008 2543 1138 2597 ergo
1193 2528 1516 2598 prophetam
1574 2529 1881 2584 Samuelem

288 2612 586 2681 loquentem
613 2615 967 2684 exponimus,
998 2623 1145 2671 tanto
1205 2615 1400 2686 majori
1429 2615 1605 2672 studio
1660 2617 1879 2686 indige-

283 2716 406 2768 mus,
436 2712 645 2772 quanto
674 2703 791 2768 ipse
849 2703 904 2758 in
926 2704 1155 2775 Spiritus
1173 2705 1343 2760 sancti
1378 2706 1553 2775 gratia
1580 2706 1883 2761 sublimiter

284 2800 595 2862 assumptus,
649 2792 911 2848 exteriora
942 2793 1102 2855 dixit,
1137 2793 1233 2848 sed
1265 2794 1525 2849 interiora
1557 2795 1708 2848 vidit.
1742 2796 1881 2849 Car-

285 2878 417 2934 nalia
467 2880 801 2952 plerumque
857 2882 1105 2949 asseruit,
1139 2881 1235 2937 sed
1286 2882 1476 2937 intima
1502 2890 1553 2938 et
1583 2883 1882 2953 spiritualia

286 2965 523 3039 signavit.
564 2970 676 3024 Sed
709 2971 831 3039 quia
851 2971 1089 3025 humano
1105 2971 1283 3025 studio
1313 2972 1382 3026 ad
1411 2972 1597 3025 divina
1625 2973 1881 3042 perveni-

285 3071 337 3110 re
360 3057 702 3128 impossibile
728 3066 834 3127 est,
868 3076 975 3113 non
1006 3064 1091 3113 est
1122 3061 1281 3128 259
1315 3060 1470 3114 nobis
1499 3060 1881 3116 conﬁdendum

285 3143 346 3198 de
369 3146 571 3200 viribus
598 3146 855 3217 propriis,
881 3148 980 3201 sed
1009 3148 1078 3201 de
1108 3147 1424 3217 dignatione
1457 3149 1687 3218 Spiritus
1710 3152 1879 3206 sancti

285 3234 362 3304 qui
391 3252 419 3289 a
437 3236 814 3306 Redemptore
836 3236 1053 3301 missus,
1087 3237 1337 3307 Replevit
1365 3238 1552 3292 orbem
1572 3242 1878 3310 terrarum,

287 3322 470 3387 ethoc,
502 3331 653 3394 quod
687 3326 947 3380 continet
969 3327 1181 3389 omnia,
1206 3326 1264 3379 in
1284 3325 1545 3381 omnibus
1558 3329 1674 3391 iam
1704 3329 1882 3383 scien-

284 3500 429 3568 pheta
459 3502 529 3556 de
558 3500 810 3571 inemptis
841 3500 1209 3556 Israelitarum
1238 3503 1408 3575 gestis
1430 3511 1878 3573 exsequatur,au-

287 3586 497 3645 diamus.

350 3675 392 3745 (Ι
412 3678 550 3751 Reg.
576 3693 702 3749 cap.
733 3695 806 3743 xi,
830 3694 974 3734 vers.
1030 3681 1176 3749 1,2.)
1194 3680 1261 3735 Et
1278 3682 1499 3751 factum
1541 3686 1626 3738 est
1669 3681 1881 3754 (inquit)

287 3768 426 3834 quasi
441 3771 574 3839 post
591 3783 866 3837 mensem,
882 3768 1141 3824 ascendit
1159 3770 1305 3825 Naas
1326 3771 1692 3838 Ammonites,
1714 3776 1769 3825 et
1782 3789 1883 3841 pu-

287 3869 442 3922 gnare
461 3857 635 3928 ccepi!
685 3857 954 3913 adversus
997 3856 1165 3914 Jabes
1202 3858 1436 3914 Galaad.
1486 3859 1881 3933 Dixeruntque

288 3958 460 3999 omnes
486 3946 599 4000 viri
634 3946 795 4001 labes
823 3946 894 4000 ad
911 3947 1305 4002 Naas:llabeto
1333 3963 1437 4001 nos
1468 3948 1791 4018 federal”,
1825 3952 1882 4005 et

289 4034 578 4090 serviemus
603 4036 727 4091 tibi.
747 4036 813 4089 Et
832 4035 1119 4102 respondit
1133 4036 1203 4091 ad
1220 4052 1308 4091 eo:
1325 4038 1472 4092 Naas
1491 4038 1751 4093 Ammoni
1759 4042 1840 4094 les
1862 4059 1879 4097 ς

289 4118 342 4172 In
362 4121 453 4176 hoc
468 4126 678 4191 feriam
703 4124 978 4179 vobiscum
1004 4123 1201 4193 Γαροίιιε⁷
1262 4130 1327 4179 ut
1371 4141 1570 4181 eruam
1618 4128 1875 4183 omnium

290 4216 519 4265 vestrum
543 4212 736 4267 oculos
759 4212 1011 4281 dextros,
1041 4228 1355 4284 ponamque
1395 4230 1486 4271 vos
1515 4215 1880 4287 opprobrium

292 4294 341 4349 in
372 4300 633 4355 universo
666 4299 867 4356 Israel.

349 4390 398 4439 ἲ.
431 4388 485 4443 Si
520 4389 753 4444 historia
785 4389 1062 4460 queritur,
1095 4390 1228 4443 nihil
1261 4390 1475 4461 planius
1495 4391 1621 4460 dici,
1642 4393 1771 4447 nihil
1793 4395 1878 4449 fa-

291 4473 430 4530 cilius
451 4476 900 4551 potestintelligi.
934 4478 988 4532 Si
1042 4494 1169 4535 vero
1200 4480 1445 4550 spiritum
1505 4481 1661 4554 sequi
1719 4482 1878 4537 volu-

292 4579 417 4635 mus,
450 4567 681 4623 Paulum
715 4567 863 4637 prius
900 4567 1206 4639 loquentem
1240 4568 1522 4623 audiamus
1578 4571 1666 4639 qui
1697 4580 1880 4626 vetera

291 4651 491 4709 intuens
528 4657 602 4711 ait
635 4675 647 4709 :
691 4656 894 4712 Omnia
922 4657 982 4711 in
1016 4658 1200 4728 ﬁgura
1245 4658 1658 4727 contingebant
1706 4657 1825 4714 illis
1860 4681 1878 4713 :

2000 2066 2108 2136 tum
2138 2082 2553 2154 gastrimargim,
2585 2083 2639 2136 id
2671 2088 2753 2137 est
2784 2085 2927 2153 gulae
2983 2093 3189 2138 motum
3237 2085 3540 2139 invenimus
3566 2083 3595 2138 Ἰ

1990 2170 2239 2226 Luxuria:
2296 2172 2514 2243 quidem
2574 2176 2777 2238 motus,
2828 2173 3201 2240 lurticrimen,
3239 2173 3417 2245 turpis
3459 2172 3593 2227 lucri

1990 2260 2280 2331 appetitus,
2314 2261 2406 2315 ira:
2439 2260 2696 2332 impetus,
2729 2260 3315 2316 amaritudosmcularis
3346 2261 3589 2329 tristitiae,

1989 2348 2199 2404 desidia
2228 2350 2453 2417 acediaa,
2486 2351 2753 2420 appetitus
2780 2366 2934 2406 vanas
2964 2350 3171 2423 gloriae,
3203 2358 3382 2404 tumor
3395 2366 3590 2420 super-

1990 2437 2101 2491 bia:
2132 2445 2318 2508 aperte
2342 2438 2674 2493 detestabilis
2694 2447 2773 2494 est
2807 2458 2819 2501 ;
2854 2439 2995 2511 gulae
3026 2455 3157 2494 vero
3189 2438 3379 2494 vitium
3441 2446 3589 2493 tanto

1990 2535 2069 2581 est
2100 2525 2510 2593 fraudulentius,
2545 2536 2749 2597 quanto
2779 2536 2829 2582 et
2861 2526 3142 2592 occultius,
3194 2528 3319 2598 quia
3351 2534 3404 2581 et
3433 2524 3591 2598 quasi

1989 2616 2353 2671 necessarium
2386 2617 2633 2689 suggerit
2661 2616 2842 2671 cibum
2873 2616 3106 2687 corpori,
3139 2616 3241 2670 sed
3280 2615 3405 2669 dum
3423 2615 3591 2670 abun-

1989 2704 2187 2759 danter
2216 2719 2434 2759 carnem
2464 2704 2652 2770 reﬁcit,
2682 2705 2910 2759 luxurias
2967 2704 3211 2776 gladium
3266 2706 3321 2759 in
3349 2711 3589 2760 mentem

1990 2793 2204 2864 mergit.
2239 2793 2441 2848 Suadet
2469 2792 2613 2865 quod
2640 2801 2924 2864 peccatum
2954 2808 3061 2847 non
3092 2794 3309 2864 est,scd
3341 2792 3480 2847 unde
3496 2807 3591 2847 co-

1988 2881 2182 2935 mestio
2213 2881 2367 2953 quasi
2399 2896 2504 2936 non
2559 2890 2843 2952 peccatum
2875 2881 3152 2952 recipitur,
3211 2881 3338 2935 inde
3367 2887 3587 2950 peccato

1990 2968 2215 3024 luxuriae
2261 2970 2439 3024 anima
2471 2970 2813 3042 subjugatur.
2854 2970 3008 3026 Unde
3041 2979 3093 3025 et
3124 2970 3178 3023 in
3210 2967 3461 3039 paradiso
3519 2967 3587 3023 ad

1991 3059 2273 3113 mulierem
2304 3060 2445 3129 gula:
2464 3058 2592 3113 vitio
2623 3057 2999 3128 decipiendum
3018 3074 3246 3128 serpens
3275 3056 3486 3111 venisse
3503 3069 3587 3110 os-

1994 3147 2230 3202 tenditur
2273 3148 2364 3219 qui
2420 3147 2570 3202 aliud
2601 3154 2939 3219 suggereret,
3000 3147 3151 3201 aliud
3183 3145 3452 3200 obtineret
3484 3162 3496 3206 ;
3532 3151 3590 3199 ut

1989 3236 2113 3289 dum
2134 3235 2466 3291 comedenda
2485 3237 2813 3304 ostenderet,
2838 3235 3193 3306 improvisum
3212 3241 3439 3287 mortem
3460 3248 3590 3302 pro-

289 3327 335 3376 et
355 3322 470 3387 hoc,
502 3331 653 3394 quod
687 3326 947 3380 continet
969 3327 1181 3389 omnia,
1206 3326 1264 3379 in
1284 3325 1545 3381 omnibus
1558 3329 1674 3391 iam
1704 3329 1882 3383 scien-

289 3413 409 3466 liam
442 3413 612 3468 habet
648 3418 797 3469 voci:
821 3411 989 3482 (Sap.
1010 3432 1048 3479 ι,
1067 3415 1141 3481 7).
1159 3412 1301 3482 Quid
1318 3416 1576 3482 ergojam
1592 3416 1736 3470 idem
1759 3434 1881 3482 pro-

1991 3325 2216 3395 pinarct.
2250 3325 2480 3395 Serpens
2512 3341 2643 3397 ergo
2673 3324 2774 3378 iste
2798 3324 2942 3395 gulae
2970 3322 3223 3395 designat
3253 3321 3585 3389 aviditatem,

1991 3413 2114 3482 quia
2144 3422 2197 3468 et
2228 3422 2473 3482 respectu
2496 3414 2656 3482 justas
2686 3412 3022 3468 necessitatis
3053 3412 3191 3482 repit
3222 3417 3273 3464 et
3304 3409 3449 3463 virus
3479 3408 3585 3462 im-

311 3428 409 3466 tam
442 3428 612 3468 ηαοεε
648 3429 797 3469 υοειε
821 3428 989 3486 (cap.
1010 3432 1048 3479 ι,
1067 3428 1141 3481 7).
1159 3428 1301 3482 υυια
1318 3430 1576 3487 πεομη)
1592 3428 1736 3470 idem
1758 3434 1881 3486 pro-

1988 3413 2114 3486 quia
2144 3422 2197 3468 et
2228 3422 2473 3485 respectu
2496 3414 2656 3484 justas
2686 3412 3022 3468 necessitatis
3053 3412 3191 3482 repit
3222 3417 3273 3464 et
3304 3409 3449 3463 virus
3479 3408 3587 3462 im-

1987 3502 2090 3574 pia:
2118 3502 2496 3558 delectationis
2519 3502 2745 3575 spargit.
2779 3502 2919 3556 Bene
2950 3499 3110 3555 etiam
3142 3498 3479 3553 Ammonites
3498 3496 3586 3551 di-

1986 3590 2141 3659 citur,
2167 3592 2512 3663 quipopulus
2531 3590 3209 3659 mmrorisinterprctatur,
3242 3586 3369 3656 quia
3398 3585 3584 3641 laetum

1989 3680 2200 3736 videtur
2255 3680 2401 3752 quod
2458 3680 2668 3745 suadet,
2730 3679 2827 3735 sed
2877 3678 3036 3733 valde
3064 3676 3366 3731 luctuosum
3396 3676 3493 3730 erit
3534 3674 3590 3729 in

1987 3776 2183 3823 aeterna
2209 3769 2576 3823 damnatione.
2610 3767 2844 3837 Populus
2873 3773 3053 3821 autem
3084 3765 3299 3829 dicitur,
3332 3764 3459 3836 quia
3478 3781 3588 3836 gu—

1987 3856 2087 3912 losi
2116 3858 2312 3929 quique
2334 3874 2432 3927 pro
2464 3856 2830 3911 sollicitudine
2861 3856 3066 3910 ventris
3112 3852 3591 3909 innumerabilium

1988 3962 2238 4000 curarum
2256 3946 2551 4015 frequentia
2570 3945 2953 4016 deprimuntur.
2992 3943 3091 4011 Qui
3112 3943 3178 3998 ad
3195 3942 3357 3997 Jabes
3386 3940 3591 3997 Galaad

1989 4035 2260 4102 ascendit,
2295 4035 2417 4104 quia
2447 4035 2501 4088 in
2532 4034 2641 4088 alta
2678 4033 3017 4087 abstinentiae
3046 4032 3238 4086 virtute
3270 4032 3441 4102 posita
3469 4030 3591 4098 jus—

1989 4130 2162 4177 torum
2194 4138 2424 4193 corpora
2445 4123 2510 4177 ad
2543 4122 2784 4177 ciborum
2817 4120 3309 4189 concupiscentiam
3332 4118 3590 4189 praecipi-

1988 4221 2104 4268 tare
2162 4212 2379 4284 appetit.
2430 4211 2706 4266 Exsiccata
2760 4209 2982 4280 quidem
3015 4215 3159 4263 recte
3190 4223 3318 4262 caro
3374 4207 3589 4273 dicitur,

1990 4318 2111 4375 quae
2127 4303 2357 4355 humore
2371 4299 2719 4372 pinguedinis
2734 4314 2843 4352 non
2866 4305 3137 4370 gravatur.
3164 4295 3244 4350 Ad
3266 4311 3358 4349 eos
3372 4294 3591 4365 quidem

1986 4392 2130 4445 Naas
2152 4390 2409 4457 ascendit,
2444 4405 2579 4459 quos
2625 4387 2928 4443 exsiccatos
2958 4385 3105 4441 videt
3136 4403 3147 4438 :
3186 4385 3312 4456 quia
3329 4383 3432 4437 illis
3451 4398 3589 4455 gra-

1987 4479 2139 4535 viora
2171 4479 2313 4533 bella
2345 4479 2490 4549 gulae
2517 4478 2737 4549 spiritus
2764 4475 2984 4549 ingerit,
3015 4490 3151 4545 quos
3183 4480 3485 4529 attenuatos
3507 4473 3592 4543 je-

1981 4568 2146 4636 juniis
2198 4568 2471 4638 agnoscit;
2529 4568 2672 4621 Bene
2702 4574 2877 4620 autem
2910 4579 3156 4636 pugnare
3184 4562 3416 4633 cmpisse
3447 4563 3593 4616 Naas

1987 4656 2182 4711 dicitur
2216 4674 2226 4709 :
2262 4655 2351 4726 qui
2383 4656 2556 4710 sancti
2583 4654 2683 4709 viri
2716 4655 2858 4724 gulae
2889 4653 3294 4725 suggestionem
3357 4668 3462 4706 non
3489 4652 3591 4705 ba-

290 4744 489 4815 :cripta
507 4749 1462 4819 suntautempropternos,inquos
1481 4747 1874 4809 ﬁnesswculo-
1904 4752 1956 4812 D
1989 4744 2117 4799 bent
2147 4743 2198 4797 in
2232 4744 2437 4798 findere
2470 4743 2746 4811 amicitize,
2781 4743 2877 4797 sed
2897 4743 2950 4796 in
2982 4758 3179 4814 pugna:
3236 4740 3591 4795 contrarieta-

294 4848 410 4887 rum
432 4835 781 4890 devenerunt
803 4835 850 4904 (1
867 4833 987 4889 Cor.
1012 4851 1064 4899 x,
1087 4836 1193 4901 11).
1242 4836 1373 4889 Esse
1391 4835 1550 4889 etiam
1573 4836 1881 4904 spiritualia

291 4918 422 4976 bella
446 4922 699 4986 insinuat,
726 4923 941 4977 dicens:
966 4924 1082 4979 Non
1106 4927 1190 4978 est
1229 4924 1385 4978 nobis
1409 4925 1736 4982 colluctatio
1784 4924 1880 4979 ad-

292 5024 473 5066 versus
489 5028 743 5077 carnem,
763 5012 1188 5081 etsanguinem,
1203 5012 1301 5067 sed
1318 5013 1584 5067 adversus
1596 5014 1882 5084 principes

288 5104 337 5152 et
358 5105 677 5169 potestates,
697 5100 967 5156 adversus
983 5101 1313 5173 spiritualia
1335 5102 1605 5173 nequitia!
1618 5102 1675 5155 in
1691 5104 1881 5159 caries-

290 5187 424 5242 tibus
456 5191 674 5262 (Ephes.
709 5206 783 5253 Vl,
820 5190 928 5259 12).
957 5188 1089 5243 Cum
1122 5205 1252 5261 ergo
1300 5189 1446 5243 Naas
1481 5191 1772 5245 ascendere
1830 5201 1883 5246 et

290 5291 519 5347 pugnare
541 5287 730 5333 contra
751 5279 914 5332 Jabes
941 5278 1147 5333 Galaad
1186 5277 1402 5345 dicitur,
1423 5278 1672 5333 interiora
1716 5280 1882 5335 vitio-

290 5379 394 5418 rum
410 5367 591 5435 prmlia
616 5366 988 5439 designantur.
1010 5366 1217 5435 Quibus
1230 5366 1485 5420 nimirum
1516 5367 1699 5422 verbis
1716 5386 1881 5424 sacrae

292 5450 521 5510 historia}
548 5472 841 5527 processus
860 5455 1178 5521 ostenditur,
1198 5460 1253 5509 ut
1286 5471 1426 5510 novo
1447 5455 1560 5527 regi
1585 5471 1726 5510 nova
1742 5456 1883 5511 bella

296 5553 624 5599 moverentur
655 5563 669 5606 ;
704 5557 826 5615 quae
848 5544 975 5598 dum
1018 5544 1152 5598 bene
1184 5542 1492 5610 conficeret,
1552 5543 1883 5599 strenuitatis

299 5642 399 5684 suae
445 5631 671 5705 gloriam
730 5632 1152 5689 demonstraret.
1186 5630 1318 5701 Quis
1347 5639 1426 5687 est
1453 5648 1586 5704 ergo
1608 5631 1707 5689 iste
1737 5634 1882 5688 Naas

1989 4839 2117 4887 tem.
2150 4833 2492 4886 Abstinentes
2524 4832 2689 4897 enim,
2714 4833 2865 4903 quasi
2898 4846 3021 4887 cum
3051 4838 3298 4899 serpente
3328 4836 3590 4899 pugnant,

1990 4922 2207 4992 quando
2237 4922 2381 4995 gula)
2410 4921 2704 4991 appetitum
2741 4936 2939 4992 magna
2972 4918 3165 4973 virtute
3193 4916 3590 4985 deprimunt,ut

1990 5027 2200 5065 veneno
2230 5010 2455 5065 luxuria:
2469 5025 2575 5064 non
2607 5008 2931 5063 inﬁciantur.
2953 5009 3200 5077 Pugnare
3218 5004 3435 5075 quidem
3450 5004 3593 5075 gulae

1990 5104 2073 5155 est
2103 5099 2399 5154 csurientia
2428 5097 2811 5152 abstinentium
2843 5112 3072 5165 corpora
3089 5094 3156 5147 ad
3180 5096 3339 5159 260
3376 5091 3584 5146 inordi—

1993 5196 2174 5243 natam
2205 5188 2408 5243 ventris
2440 5187 2793 5257 repletionem
2825 5198 3148 5255 provocare.

2062 5279 2113 5332 3.
2150 5278 2255 5332 Sed
2289 5278 2563 5348 perfectos
2593 5275 2741 5329 viros
2783 5273 2929 5345 gulae
2951 5271 3217 5341 appetitus
3267 5278 3467 5325 tentare
3499 5286 3593 5341 po-

1991 5374 2111 5433 test,
2145 5381 2404 5437 superare
2437 5380 2544 5419 non
2574 5370 2768 5433 potest.
2793 5363 2935 5415 Bene
2949 5374 3081 5431 ergo
3103 5374 3346 5430 pugnare
3363 5359 3594 5429 cmpisse

1990 5463 2175 5509 contra
2206 5456 2530 5508 exsiccatum
2563 5450 2781 5511 dicitur,
2834 5464 2941 5502 non
2973 5447 3192 5515 vicisse,
3253 5448 3380 5517 quia
3435 5449 3592 5503 electi

1988 5543 2090 5599 viri
2112 5543 2501 5597 desideriorum
2518 5538 2814 5594 carnalium
2830 5538 3089 5608 impetum
3107 5537 3462 5603 sentiunt,sed
3480 5537 3592 5593 eis-

1989 5632 2114 5686 dem
2138 5629 2422 5686 desideriis
2452 5628 2628 5683 sciunt
2648 5626 2843 5683 virtute
2872 5626 3071 5683 mentis
3098 5625 3382 5693 obsistere,
3414 5626 3591 5682 sciunt
