4034 6174
439 308 546 369 316

1648 304 1899 369 SANCTI
1938 299 2284 367 GREGORII
2322 304 2549 366 MAGNI
3613 310 3704 368 316

429 434 736 495 necessaria
763 451 864 507 per
892 434 1274 495 discretionom
1317 434 1623 507 providere.
1659 435 1845 493 Sciunt
1899 432 2025 507 qui-
2053 431 2109 495 A
2135 433 2234 490 sed
2264 433 2391 491 dum
2422 432 2713 491 exsiccata
2743 439 2797 490 et
2813 428 3097 490 esurientis
3117 430 3300 490 carnis
3319 433 3710 495 cruciatumnon

430 525 552 582 dem
583 526 725 597 gula
755 526 1014 598 impetum
1032 526 1674 599 ferociterinsurgentem
1697 525 2028 597 deprimere,

430 616 603 671 sciunt
630 617 942 672 necessitati
973 617 1219 688 corporis
1267 616 1523 671 alimenta
1547 617 1697 688 justa
1751 623 2027 686 praestare.

429 704 566 759 Hinc
595 719 831 776 namque
852 708 1057 761 Doctor
1068 707 1324 778 egregius
1359 705 1487 759 dicit
1510 724 1522 760 :
1543 706 1666 762 Scio
1686 704 2032 760 manducare

429 796 487 849 et
503 796 719 849 esurire
740 794 975 866 (Philip.
1010 810 1084 862 tv,
1109 797 1217 865 12).
1254 794 1576 849 Manducare
1599 793 1815 865 quidem
1838 800 1892 848 et
1919 808 2037 847 esu-

430 882 537 936 rire
568 883 735 947 novit,
771 884 865 953 qui
897 891 949 939 et
977 898 1174 952 corpus
1212 884 1492 939 moderate
1527 882 1716 951 reﬁcit,
1748 889 1798 936 et
1828 881 1897 936 ad
1923 881 2032 936 im-

434 971 773 1026 moderatam
827 972 1069 1027 ciborum
1100 974 1506 1043 perceptionem
1539 971 1860 1042 suggerenti
1888 970 2035 1043 gula

429 1059 562 1115 vitio
592 1076 701 1116 non
730 1062 1015 1116 consentit.
1046 1060 1225 1130 Quare
1256 1069 1310 1116 et
1335 1061 1404 1116 ad
1450 1062 1596 1116 Naas
1623 1061 2032 1131 reSpondentes,

431 1147 618 1204 dicunt
637 1167 648 1202 :
671 1149 902 1206 Habetos
920 1167 1018 1207 nos
1036 1149 1359 1222 fwderaios,
1377 1154 1433 1206 et
1445 1151 1755 1206 serviemus
1772 1148 1895 1204 tibi.
1918 1148 2034 1203 Fa-

432 1237 533 1291 dus
561 1237 761 1308 quippe
789 1254 822 1294 a
849 1239 978 1311 gula
1018 1247 1210 1311 petunt
1250 1239 1340 1310 qui
1386 1238 1589 1295 vellent
1636 1254 1852 1293 carnem
1902 1252 2034 1308 pro—

431 1333 558 1382 voto
586 1325 828 1396 reﬁcere,
861 1327 906 1381 si
949 1328 1004 1382 in
1057 1343 1221 1383 carne
1248 1327 1395 1382 nulla
1425 1334 1643 1398 possent
1689 1327 2036 1382 incitamenta

437 1414 636 1470 sentire
665 1416 909 1473 luxuria.
926 1415 1091 1487 Quasi
1107 1418 1291 1474 dicant
1322 1437 1334 1473 :
1358 1418 1472 1473 Nos
1499 1416 1750 1472 dabimus
1775 1414 1918 1488 quod
1940 1414 2036 1469 tibi

432 1502 638 1573 justum
670 1512 748 1560 est
775 1512 833 1560 ut
863 1513 918 1560 tu
946 1505 1106 1561 nobis
1133 1521 1243 1561 non
1281 1503 1484 1561 inferas
1504 1504 1652 1576 quod
1693 1504 1900 1574 justum
1928 1518 2035 1557 non

436 1599 535 1646 est.
567 1593 774 1648 Justum
803 1593 1023 1665 quidem
1052 1602 1134 1649 est
1160 1602 1217 1649 ut
1247 1592 1522 1650 reficietur
1551 1609 1768 1664 corpus,
1800 1592 1898 1647 sed
1927 1591 2036 1645 ini-

436 1696 599 1751 quum
629 1681 790 1738 valde
817 1689 901 1737 est
929 1691 985 1737 ut
1012 1682 1219 1739 refecta
1245 1697 1370 1738 caro
1400 1699 1500 1753 per
1526 1683 1777 1737 ardorem
1796 1677 2038 1734 libidinis

2138 525 2438 595 perferunt,
2471 524 2586 580 ﬁeri
2618 524 2737 594 ejus
2757 523 3089 580 habitatores
3102 539 3441 596 nequaquam
3467 535 3702 596 possunt.

2137 614 2303 670 Iabes
2353 629 2489 686 ergo
2544 613 2861 680 inhabitant,
2920 613 3012 684 qui
3040 614 3454 669 attenuationem
3483 617 3711 687 corporis

2145 705 2252 773 26
2270 709 2303 770 1
2340 720 2437 775 per
2459 703 2702 775 vigorem
2725 703 2920 759 mentis
2949 702 3002 757 in
3012 704 3104 773 jus
3133 703 3326 757 habent
3353 705 3711 774 possessionis,

2141 801 2194 848 et
2214 793 2361 848 velut
2391 793 2677 848 exsiccata
2699 793 2866 847 muris
2888 792 3217 861 ambiuntur,
3241 791 3367 846 dum
3397 809 3492 865 per
3506 793 3558 848 id
3578 794 3712 863 quod

2141 897 2347 951 corpus
2375 888 2668 936 extenuant
2696 882 2765 936 ab
2782 881 2969 953 ignitis
2988 880 3212 935 luxuria
3227 880 3422 950 jaculis
3434 889 3718 954 protegun-

2141 978 2245 1026 tur.
2275 970 2380 1039 Qui
2410 987 2534 1025 eum
2550 970 3319 1042 validissimisinsurgentibus
3339 970 3483 1042 gulae
3501 971 3720 1027 stimulis

2144 1058 2452 1132 fatigantur,
2473 1067 2687 1127 septem
2703 1058 2896 1114 diebus
2940 1058 3190 1113 inducias
3206 1066 3479 1129 expetunt,
3536 1059 3589 1113 in
3609 1060 3723 1131 qui-

2141 1148 2246 1204 bus
2276 1150 2322 1202 si
2353 1149 2557 1204 auxilia
2581 1149 2794 1216 desunt,
2827 1147 2897 1203 ad
2923 1149 3072 1203 Naas
3095 1148 3459 1219 egrediantur.
3493 1147 3593 1203 Sed
3629 1149 3724 1205 hoc

2144 1237 2577 1293 Ammonitarum
2634 1237 2840 1292 bellum
2882 1236 3078 1292 melius
3106 1236 3447 1306 exponimus,
3479 1236 3525 1292 si
3567 1236 3622 1291 in
3664 1252 3724 1293 eo

2145 1327 2501 1398 deprehensa
2528 1326 2707 1381 carnis
2736 1325 3098 1381 inﬁrmitatem
3121 1325 3423 1381 intueamur
3442 1328 3496 1381 et
3522 1324 3728 1397 sagaci-

2144 1422 2308 1471 tatem
2338 1415 2562 1472 erudita
2583 1415 2793 1470 mentis.
2826 1415 2977 1471 Hanc
3009 1431 3224 1486 quoque
3253 1413 3446 1470 clarius
3472 1413 3727 1481 videmus,

2143 1503 2187 1559 si
2219 1503 2371 1575 quod
2391 1504 2721 1560 contrarium
2749 1510 2847 1570 est,
2871 1503 2926 1558 in
2943 1504 3120 1559 stultis
3148 1501 3378 1557 inﬁrmis
3397 1502 3637 1558 subtilius
3648 1509 3729 1558 at-

2143 1592 2450 1648 tendamus.
2481 1593 2619 1647 Nam
2650 1592 2873 1663 quidam
2901 1592 3039 1647 intra
3062 1599 3308 1662 sanctam
3341 1590 3631 1647 Ecclesiam
3645 1590 3731 1647 de-

2144 1680 2254 1737 voti
2283 1697 2379 1753 per
2406 1681 2729 1737 desiderium
2759 1689 2902 1751 sunt,
2936 1681 3031 1738 sed
3063 1689 3329 1738 consueta
3359 1680 3609 1736 vitiorum
3637 1680 3730 1735 de-

435 1768 504 1823 ad
534 1770 923 1825 contumeliam
950 1771 1173 1841 spiritus
1203 1771 1488 1826 excitetur.
1540 1769 1738 1825 Fadus
1766 1784 1902 1842 ergo
1933 1783 2032 1822 ex-
2066 1792 2118 1854 Β
2148 1769 2355 1827 bilitate
2382 1770 2619 1828 remissi.
2653 1771 2885 1827 Possunt
2913 1770 3133 1842 quidem
3163 1770 3309 1826 bona
3331 1767 3735 1841 proponere,sed

434 1857 687 1928 petimus,
707 1875 829 1914 cum
852 1859 929 1915 sic
951 1858 1137 1915 favere
1153 1861 1299 1916 carni
1328 1860 1396 1915 ad
1416 1858 1667 1915 ciborum
1721 1856 2033 1929 perceptio-

435 1961 560 2001 nem
588 1946 857 2017 volumus,
890 1956 947 2003 ut
972 1966 1005 2003 a
1033 1965 1196 2004 carne
1227 1949 1385 2003 nulla
1412 1947 1646 2003 luxuria
1669 1946 1812 2002 mala
1829 1945 2037 2002 sentia-

435 2050 574 2090 mus.
599 2036 709 2092 Sed
738 2038 841 2093 hoc
868 2037 1113 2108 profecto
1145 2038 1286 2093 velle
1315 2052 1621 2108 possumus,
1654 2035 1900 2092 obtinere
1929 2050 2040 2090 non

436 2127 873 2196 possumus,quia
892 2127 1148 2181 nimirum
1163 2126 1471 2196 nosjustam
1491 2125 1844 2182 refectionem
1878 2125 2038 2195 quasi

439 2211 694 2268 tributum
725 2214 873 2269 carni
894 2214 1195 2281 oﬂ'erimus,
1217 2215 1313 2270 sed
1344 2232 1376 2269 a
1406 2230 1571 2271 carne
1594 2213 1756 2270 nobis
1782 2213 2036 2284 nullapa-

435 2300 515 2356 cis
539 2300 680 2356 bona
706 2304 1111 2374 promittuntur.
1143 2306 1285 2359 Nam
1316 2319 1437 2359 cum
1467 2303 1712 2358 auditum
1743 2301 1944 2356 mentis
1965 2301 2035 2356 ad

433 2388 682 2446 vitiorum
738 2406 996 2463 responsa
1052 2393 1191 2448 bene
1219 2393 1526 2466 dirigimus,
1578 2391 1680 2447 hoc
1710 2390 1948 2461 profecto
1981 2389 2035 2444 in

434 2479 579 2551 gula
597 2495 729 2535 voce
746 2481 1151 2551 cognoscimus,
1185 2482 1311 2553 quia
1332 2482 1378 2537 si
1396 2496 1613 2536 carnem
1632 2479 2033 2551 impinguemus

434 2582 536 2638 per
554 2577 957 2625 excrescentem
984 2570 1503 2640 concupiscentiam,
1552 2568 1737 2625 cordis
1791 2566 2035 2623 cacitate

430 2655 781 2725 percutimur.
811 2656 987 2725 Quare
1007 2665 1059 2713 et
1080 2658 1223 2714 idem
1251 2659 1397 2713 Naas
1420 2657 1581 2714 dicit:
1617 2658 1680 2712 In
1703 2655 1804 2712 hoc
1823 2658 2034 2727 feriam

436 2744 713 2800 vobiscum
727 2745 935 2817 factus,
958 2751 1024 2804 ut
1040 2763 1239 2804 eruam
1278 2748 1534 2804 omnium
1560 2750 1809 2802 vestrum
1843 2744 2034 2800 oculos

437 2830 690 2891 dextros.
710 2835 909 2892 Dexter
920 2837 1110 2892 oculus
1130 2844 1316 2892 noster
1335 2840 1418 2892 est
1432 2834 1651 2890 intuitus
1675 2839 1894 2890 aterna
1918 2834 2035 2889 cla-

433 2920 620 2989 ritatis,
652 2923 872 2981 sinister
897 2941 1031 2983 vero
1061 2926 1247 2983 oculus
1276 2934 1359 2981 est
1387 2923 1821 2996 concupiscentia
1836 2938 2034 2979 carna-

433 3008 521 3065 lis.
556 3012 755 3068 Dexter
782 3030 915 3087 ergo
944 3016 1131 3071 oculus
1155 3014 1375 3082 eruitur,
1408 3013 1627 3086 quando
1655 3029 1807 3068 mens
1834 3028 1901 3067 ea
1920 3027 2034 3068 ca-

433 3098 595 3156 citate
645 3103 962 3173 percutitur,
995 3112 1053 3159 ut
1099 3105 1237 3160 ultra
1266 3104 1335 3159 ad
1364 3102 1600 3159 videnda
1629 3101 1871 3158 coelestia
1924 3117 2033 3157 non

434 3189 729 3257 aperiatur.
775 3191 994 3247 Eruitur
1022 3192 1240 3264 quidem
1281 3192 1471 3249 oculus
1500 3190 1720 3263 quando
1770 3207 1801 3245 a
1847 3197 2033 3246 mente

433 3277 674 3347 reproba
703 3280 785 3337 sic
814 3280 999 3336 lumen
1020 3281 1285 3350 evellitur,
1308 3289 1366 3336 ut
1397 3280 1547 3335 radix
1601 3279 1651 3334 ei
1679 3279 1822 3334 nulla
1850 3293 2025 3334 rema-

432 3373 557 3422 neat
609 3367 678 3423 de
734 3386 841 3441 qua
869 3370 1170 3426 redivivum
1221 3371 1406 3426 lumen
1430 3375 1693 3440 erumpat.
1724 3367 1873 3422 Naas
1900 3383 2035 3440 ergo

438 3451 664 3512 dextros
720 3459 909 3516 oculos
964 3459 1353 3515 faderatorum
1378 3473 1597 3514 suorum
1628 3456 1784 3523 eruit,
1814 3457 2034 3527 quando

435 3544 565 3615 gula
618 3548 698 3602 sic
743 3548 970 3604 devictis
995 3548 1270 3604 abstinent
1294 3548 1398 3603 bus
1429 3546 1695 3618 pravalet
1718 3554 1776 3601 ut
1800 3545 2038 3600 carnalia

437 3632 555 3688 sola
581 3635 821 3705 cupiant,
855 3643 909 3691 et
926 3636 1069 3692 ultra
1096 3653 1216 3707 qua
1247 3636 1495 3692 solebant
1523 3650 1705 3691 amare
1734 3650 1841 3689 non
1857 3641 2037 3689 atten-

438 3718 588 3776 dant.
618 3723 684 3778 Et
710 3724 835 3795 quia
861 3725 1104 3796 quisquis
1125 3725 1181 3779 in
1211 3726 1310 3781 hac
1328 3724 1433 3779 vita
1465 3722 1842 3796 projicitur,in
1864 3721 2037 3778 futura

437 3826 619 3866 coram
674 3814 883 3885 angelis
937 3821 991 3868 et
1044 3814 1228 3870 electis
1257 3813 1567 3870 hominibus
1624 3812 2032 3876 condemnatur,

435 3898 783 3974 subjungitur
802 3921 813 3957 :
834 3905 1155 3976 Ponamque
1201 3920 1291 3961 vos
1309 3902 1664 3975 opprobrium
1682 3903 1745 3957 in
1774 3902 2035 3959 universo

434 3990 628 4046 Israel.
652 3992 802 4048 Tunc
830 3993 1031 4063 quippe
1058 3992 1274 4064 reprobi
1302 3992 1359 4047 in
1375 3991 1627 4047 universo
1643 3991 1807 4046 Israel
1826 4006 2032 4061 cppro-

433 4076 611 4132 brium
641 4088 932 4151 ponuntur,
962 4081 1181 4153 quando
1211 4081 1266 4135 in
1296 4088 1543 4137 extremo
1572 4080 1838 4148 examine,
1853 4095 2035 4135 coram

436 4165 622 4224 electis
652 4170 902 4225 omnibus
933 4170 1001 4225 de
1042 4169 1361 4242 perpetratis
1389 4170 1762 4241 iniquitatibus
1819 4169 2037 4224 erubes-

433 4265 577 4314 cunt.
614 4258 705 4313 Vel
735 4259 791 4313 in
820 4260 1171 4329 opprobrium
1194 4259 1249 4313 in
1276 4259 1378 4314 hac
1410 4259 1517 4313 vita
1547 4261 1860 4330 ponuntur:
1886 4258 2031 4327 quia,

436 4346 562 4400 dum
590 4346 694 4418 ipsi
723 4346 1001 4403 obcacato
1030 4348 1195 4404 corde
1228 4347 1370 4401 mala
1399 4346 1657 4401 audacter
1699 4352 2032 4416 perpetrant,

433 4433 606 4489 sancti
660 4435 759 4490 viri
810 4452 910 4506 pro
967 4451 1158 4491 eorum
1212 4434 1385 4503 culpis
1430 4435 1770 4489 erubescunt.
1798 4432 1905 4488 Sed
1938 4433 2034 4505 qui

436 4527 618 4591 turpes
648 4522 843 4588 videri,
876 4522 1083 4578 avulsis
1112 4521 1518 4591 dextrisoculis,
1549 4521 1931 4594 dedignantur,
1954 4530 2032 4578 at-
2059 4510 2111 4570 D

435 4608 660 4665 tendant
690 4610 833 4680 quod
856 4611 1097 4683 sequitur
1127 4629 1139 4665 :

505 4699 684 4767 (Vers.
717 4700 795 4767 ὅ.)
822 4703 889 4756 Et
904 4701 1182 4760 dixerunt
1210 4700 1283 4757 ad
1297 4718 1426 4758 eum
1445 4702 1785 4760 habitatores
1811 4703 1980 4761 Jabes
2014 4723 2030 4756 .-

437 4784 684 4843 Concede
700 4788 1081 4861 nobisseptem
1101 4790 1240 4858 dies,
1282 4795 1345 4846 ut
1360 4792 1666 4849 mittamus
1698 4794 1937 4849 nuntios
1957 4792 2031 4848 ad

435 4877 710 4933 terminos
752 4877 957 4947 Israel;
979 4879 1101 4935 etsi
1130 4896 1246 4936 non
1264 4882 1445 4952 fuerit
1476 4882 1573 4955 qui
1615 4882 1887 4955 defendat
1903 4899 2028 4954 nos,

433 4967 784 5040 egrediemur
805 4968 875 5024 ad
908 4972 979 5024 te.

501 5058 555 5112 4.
590 5056 693 5126 Qui
722 5066 845 5113 sunt
865 5057 1194 5114 habitatores
1220 5058 1401 5126 labes,
1427 5060 1483 5116 id
1501 5068 1584 5116 est
1612 5061 2029 5127 exsiccata,nisi

432 5144 523 5216 qui
553 5146 966 5219 castigationem
998 5155 1302 5205 extenuata
1331 5149 1506 5204 carnis
1535 5149 1590 5204 in
1636 5150 1802 5221 longo
1832 5151 2034 5206 habent

428 5249 531 5289 usu
558 5234 771 5291 virtutis
799 5237 826 5289 ‘I
857 5236 997 5292 Nam
1027 5236 1273 5309 plerique
1294 5238 1543 5294 resistere
1573 5239 1719 5311 gula
1749 5239 2028 5309 incipiunt,

432 5322 529 5377 sed
583 5324 711 5377 dum
758 5324 975 5396 fatigari
1006 5325 1348 5382 abstinentia
1407 5326 1595 5383 labore
1653 5327 1927 5393 inchoent,
1961 5330 2032 5384 ad

431 5427 591 5466 usum
619 5427 677 5467 se
704 5422 971 5469 consueta
1016 5414 1321 5486 gulositatis
1350 5415 1640 5472 inclinant.
1674 5417 1833 5472 Velut
1885 5418 2031 5473 enim

433 5498 631 5556 urbem
672 5500 833 5557 Iabes
886 5502 1099 5576 ingredi
1146 5512 1199 5560 et
1237 5503 1376 5562 eﬂici
1429 5505 1548 5577 ejus
1577 5505 1726 5566 cives
1752 5514 2029 5581 appetunt,

519 5652 599 5725 (a)
631 5651 797 5711 Gilot.
834 5655 1106 5729 temptas.

2147 1859 2273 1931 quia
2298 1861 2523 1933 exsequi
2556 1861 2704 1931 quod
2731 1867 3043 1930 proponunt
3087 1867 3388 1930 nequeunt,
3439 1866 3491 1914 et
3519 1874 3551 1913 a
3597 1873 3736 1929 pra-

2144 1948 2281 2004 senti
2309 1948 2745 2020 concupiscentia
2773 1957 3108 2019 superantur,
3160 1955 3215 2004 et
3233 1948 3440 2003 bonum
3495 1946 3635 2019 quod
3687 1946 3737 2001 in

2143 2038 2399 2108 praesenti
2453 2038 2711 2092 deserunt
2740 2036 2795 2091 in
2827 2037 3005 2092 vicino
3035 2044 3279 2108 tempore
3338 2053 3399 2092 se
3428 2050 3737 2107 recuperare

2144 2142 2306 2197 posse
2336 2124 2633 2181 conﬁdunt.
2668 2125 2828 2196 Sape
2857 2125 3077 2197 quidem
3122 2126 3385 2195 jejunare
3438 2124 3738 2196 disponunt,

2142 2215 2240 2269 sed
2261 2230 2382 2270 curn
2414 2222 2672 2270 consueta
2702 2213 2838 2286 gula
2863 2216 3185 2283 vincuntur,
3219 2229 3284 2269 eo
3298 2213 3390 2269 die
3420 2212 3743 2268 manducan-

2141 2301 2271 2359 dum
2293 2303 2561 2374 judicant,
2595 2303 2649 2357 in
2677 2302 2888 2359 futuros
2910 2303 3293 2374 jejunandum.
3333 2303 3574 2372 Cumque
3603 2301 3739 2373 gula

2143 2390 2330 2446 feritas
2358 2408 2578 2463 semper
2606 2391 2683 2448 eis
2712 2408 2962 2463 prasens
2989 2392 3325 2463 sit,prasens
3347 2390 3741 2446 etdesiderium

2143 2479 2339 2537 futura
2365 2480 2643 2549 bonitatis,
2680 2482 2781 2537 hoc
2809 2480 3077 2552 serpentis
3108 2479 3304 2535 fraude
3336 2480 3541 2553 agitur,
3565 2478 3742 2535 utbo-

2141 2584 2270 2623 num
2312 2570 2458 2641 quod
2497 2570 2824 2641 prOponitur
2879 2585 2989 2625 non
3036 2568 3372 2626 inveniatur.
3430 2569 3560 2624 Cras
3604 2566 3742 2624 enim

2140 2658 2287 2729 quod
2334 2674 2550 2729 semper
2605 2658 2934 2729 promittitur
2989 2674 3264 2730 nunquam
3299 2659 3589 2730 reperitur.
3640 2655 3741 2711 Sed

2141 2747 2267 2817 quia
2296 2746 2401 2803 hoc
2422 2746 2493 2802 ab
2514 2747 2622 2802 illis
2651 2748 2832 2820 agitur
2860 2763 3088 2817 quorum
3110 2763 3266 2803 mens
3281 2745 3485 2803 debilis
3501 2753 3599 2815 est,
3621 2759 3738 2800 caro

2141 2834 2317 2905 fortis,
2350 2835 2634 2893 videamus
2675 2836 2905 2907 qualiter
2943 2836 3178 2907 serpenti
3208 2835 3443 2891 illudant
3469 2835 3550 2890 illi
3605 2848 3740 2905 quo-

2141 2941 2263 2980 rum
2276 2940 2429 2980 mens
2452 2925 2606 2980 fortis
2635 2933 2735 2994 est,
2759 2940 2883 2980 caro
2913 2932 3095 2979 autem
3124 2922 3362 2980 inﬁrma.
3390 2925 3531 2980 Nam
3558 2922 3625 2977 de
3642 2937 3742 2977 eo-

2142 3012 2265 3069 dem
2297 3023 2547 3085 serpente
2572 3013 2860 3069 Psalmista
2907 3013 2975 3068 ad
3017 3012 3307 3069 Dominum
3361 3012 3495 3067 dicit
3526 3029 3540 3067 :
3569 3012 3743 3066 Draco

2141 3103 2268 3170 iste,
2292 3118 2456 3176 quem
2475 3103 2835 3175 formasti,ad
2850 3102 3210 3158 illudendum
3230 3102 3283 3157 ei
3306 3102 3486 3171 (Psai.
3503 3116 3614 3167 cm,
3635 3097 3721 3171 27)

2141 3193 2429 3263 Nunquam
2483 3192 2628 3247 enim
2675 3191 3083 3249 convenientius
3113 3190 3353 3246 vincitur
3396 3206 3565 3263 quam
3619 3204 3739 3245 cum

2143 3282 2262 3353 ejus
2291 3281 2523 3337 versutia
2542 3281 2635 3351 pia
2664 3280 2853 3336 fraude
2883 3287 3182 3351 superatur.
3196 3279 3359 3336 Unde
3388 3286 3443 3335 et
3460 3278 3747 3350 sapientia

2142 3387 2254 3427 sua
2284 3370 2539 3425 astutiam
2563 3370 2719 3426 beato
2735 3370 2837 3426 Job
2855 3370 3187 3440 Redemptor
3206 3369 3615 3441 improperans,
3638 3367 3745 3422 ait:

2145 3461 2209 3517 In
2225 3461 2421 3526 oculis,
2441 3460 2602 3532 quasi
2614 3458 2799 3525 hamo,
2818 3459 3002 3531 capies
3016 3474 3145 3514 eum
3162 3458 3278 3529 (Job
3293 3474 3389 3527 XL,
3407 3463 3432 3513 1
3443 3460 3521 3530 0).
3544 3459 3604 3513 In
3614 3472 3749 3514 ocu-

2142 3548 2210 3605 lis
2239 3549 2464 3621 quippe,
2495 3548 2649 3619 quasi
2680 3549 2841 3603 hamo
2856 3554 3159 3617 serpentem
3184 3546 3330 3618 cepit
3346 3546 3443 3618 qui
3459 3547 3513 3603 ei
3532 3562 3754 3603 carnem

2144 3638 2411 3704 exhibuit,
2443 3637 2781 3693 divinitatem
2811 3636 3009 3692 celavit
3039 3651 3054 3706 ;
3087 3642 3141 3691 et
3167 3636 3293 3691 dum
3326 3636 3479 3709 cepit
3505 3636 3599 3692 ille
3614 3633 3754 3708 quod

2144 3726 2392 3799 appetiit,
2422 3741 2487 3783 eo
2519 3727 2596 3798 (a)
2616 3733 2815 3794 tentus,
2848 3734 2902 3782 et
2928 3732 3244 3798 peremptus
3300 3733 3404 3794 est,
3439 3725 3593 3799 quod
3647 3738 3757 3780 non

2143 3817 2298 3873 vidit.

2215 3910 2267 3961 5.
2302 3906 2487 3963 Sancti
2502 3921 2638 3979 ergo
2672 3904 2795 3975 viri,
2826 3911 2884 3961 ut
2914 3903 3056 3960 hosti
3085 3903 3332 3970 illudant,
3368 3904 3611 3978 rigorem
3628 3917 3758 3960 con-

2142 3996 2467 4053 versationis
2498 3995 2552 4049 in
2580 3994 2830 4065 prasenti
2877 3994 3073 4050 virtute
3103 3993 3302 4049 habent
3326 4012 3342 4060 ;
3370 4009 3473 4065 pro
3504 3993 3757 4048 illusione

2142 4084 2467 4141 infirmitatis
2496 4084 2645 4140 carni
2676 4083 3022 4140 commodum
3041 4082 3315 4153 quoddam
3336 4082 3393 4137 in
3416 4083 3603 4138 futuro
3625 4095 3754 4154 pro-

2140 4174 2375 4229 mittunt.
2409 4175 2546 4228 Nam
2577 4189 2723 4245 sape
2751 4173 2996 4247 ingentia
3025 4180 3168 4241 sunt,
3219 4188 3343 4242 qua
3403 4180 3601 4245 agunt,
3662 4168 3761 4226 sed

2142 4278 2239 4335 pro
2266 4261 2579 4319 infirmitate
2609 4263 2789 4319 carnis
2809 4277 3028 4333 semper
3056 4277 3222 4333 agere
3279 4261 3446 4329 dura,
3479 4270 3538 4317 et
3566 4274 3761 4332 aspera

2138 4352 2461 4423 promittere
2512 4368 2620 4407 non
2674 4357 3026 4423 prasumunt.
3086 4351 3258 4405 Tanto
3280 4350 3515 4421 quidem
3550 4350 3764 4406 facilius

2140 4440 2335 4498 eadem
2388 4441 2526 4496 dura
2573 4441 2861 4507 sustinent,
2927 4446 3130 4511 quanto
3177 4453 3371 4494 eorum
3426 4454 3604 4495 onera
3658 4436 3762 4493 sibi

2140 4530 2317 4586 inesse
2347 4531 2404 4584 in
2434 4538 2695 4600 perpetua
2715 4529 3083 4601 promissione
3111 4544 3221 4585 non
3244 4529 3453 4588 vident.
3484 4530 3600 4586 Sed
3632 4529 3762 4584 dum

2139 4620 2341 4691 Optime
2370 4619 2576 4687 vivunt,
2608 4626 2661 4674 et
2681 4618 2921 4691 quotidie
2949 4617 3213 4690 proﬁcere
3262 4627 3314 4675 et
3346 4635 3464 4675 non
3521 4617 3762 4674 deficere

2140 4717 2420 4776 conantur,
2450 4707 2585 4762 illud
2614 4707 2796 4763 carnis
2824 4707 3032 4764 licitum
3054 4707 3526 4775 blandimentum,
3561 4708 3631 4763 de
3653 4719 3763 4779 quo

2139 4797 2430 4867 desperare
2462 4812 2573 4851 non
2604 4804 2847 4867 possunt,
2875 4812 3093 4866 semper
3119 4795 3267 4850 carni
3295 4796 3366 4851 de
3400 4796 3591 4852 futura
3620 4794 3765 4852 asti-

2141 4886 2377 4942 matione
2393 4885 2727 4956 promittunt
2757 4925 2770 4953 ,
2803 4886 2882 4941 sei
2913 4885 2963 4940 ei
2991 4893 3185 4956 coepta
3214 4884 3534 4942 afﬂictionis
3594 4884 3762 4941 dolo-

2138 4991 2253 5031 rem
2281 4974 2530 5048 inﬂigere
2561 4989 2903 5046 nequaquam
2933 4974 3204 5030 desinunt.
3218 4974 3322 5029 Per
3339 4974 3400 5029 id
3433 4990 3597 5047 ergo,
3618 4972 3766 5045 quod

2138 5064 2194 5119 in
2223 5064 2467 5135 appetitu
2494 5078 2592 5118 suo
2622 5078 2752 5133 spes
2779 5063 2923 5118 carni
2977 5062 3313 5134 relinquitur,
3346 5063 3510 5134 quasi
3543 5062 3618 5119 ad
3676 5061 3767 5117 fu-

2141 5161 2315 5208 turum
2362 5152 2566 5207 bonum
2597 5152 2841 5223 ejusdem
2869 5152 3069 5221 carnis,
3092 5152 3175 5207 sui
3198 5152 3472 5208 adventus
3505 5166 3766 5224 prasen-

2142 5242 2271 5297 tiam
2300 5240 2519 5312 spiritus
2548 5241 2860 5311 pollicetur.
2882 5240 2991 5297 Sed
3009 5242 3136 5314 quia
3160 5241 3377 5296 solitum
3394 5239 3765 5297 continentia

2141 5330 2379 5404 rigorem
2407 5328 2710 5386 deﬁciendo
2740 5346 2849 5387 non
2879 5330 3096 5400 deserit,
3127 5332 3468 5401 promissum
3499 5330 3767 5401 volupta-

2144 5419 2210 5474 tis
2240 5435 2367 5476 caro
2398 5418 2559 5475 habet
2587 5419 2641 5474 in
2663 5420 2860 5490 futuro,
2894 5427 2946 5475 et
2972 5420 3143 5475 electa
3172 5435 3325 5476 mens
3340 5419 3573 5476 virtutis
3593 5420 3768 5475 robur

2140 5508 2197 5566 in
2225 5508 2500 5583 praesenti.
2534 5508 2654 5581 Quo
2681 5509 2739 5567 in
2765 5510 2887 5567 loco
2918 5508 3218 5567 notandum
3231 5517 3331 5581 est,
3362 5508 3507 5581 quia
3528 5509 3601 5567 ad
3617 5511 3768 5566 Naas
