4034 6174
278 323 365 379 3n

1074 317 1151 376 IN
1188 317 1456 377 paruum
1493 285 1740 376 sacrm
1776 311 2333 376 EXPOSITIONES.
2366 343 2435 356 -
2469 312 2597 370 LIB.
2639 310 2704 370 v.

3446 306 3549 367 318

279 445 443 523 egredi
473 445 568 503 sub
597 444 906 503 conditione
935 446 1269 518 promittunt,
1303 447 1400 503 sed
1448 445 1601 501 urbis
1648 444 1848 501 moeni-
1880 443 1934 506 Α
1963 443 2086 500 vina
2115 442 2374 498 cliaritate
2404 440 2769 497 inﬂammatur
2797 445 2849 495 et
2877 436 3003 494 inde
3048 435 3358 509 proximum
3402 435 3555 493 ordi—

278 539 366 595 bus
393 538 502 593 sine
530 536 838 592 conditione
868 536 1218 596 muniuntur:
1250 538 1374 608 quia
1404 537 1738 592 abstinentes
1791 551 1856 591 eo

278 628 442 695 etiam,
472 627 612 698 quod
644 628 942 682 secundum
974 643 1194 682 carnem
1223 626 1421 681 inﬁrmi
1450 635 1590 695 sunt,
1617 624 1859 681 roborari

277 734 363 791 per
390 717 620 771 divinam
650 717 1080 771 misericordiam
1112 716 1414 772 conﬁdunt.
1455 718 1519 771 Et
1548 716 1671 788 quia
1717 714 1858 786 gulae

280 806 445 864 vitium
476 805 802 874 decipiendo
832 807 1185 876 supplantare
1214 822 1273 860 se
1314 806 1572 879 gestiunt,
1625 806 1810 860 dicunt
1841 819 1853 855 :

281 890 505 950 Concede
527 892 689 946 nobis
716 895 929 962 septem
959 892 1096 946 dies.
1117 890 1277 959 Quasi
1295 891 1436 946 enim
1454 908 1482 944 a
1504 892 1631 963 gula
1649 898 1859 960 tempus

278 976 589 1043 conceditur,
622 977 842 1047 quando
870 991 937 1031 eo
970 985 1217 1048 respectu
1247 977 1627 1047 comprimitur
1655 984 1709 1030 ut
1742 975 1859 1045 ejus

273 1066 536 1121 desideriis
570 1066 897 1137 quandoque
917 1067 1203 1121 serviatur.
1227 1064 1348 1134 Quo
1370 1066 1622 1121 nimirum
1646 1066 1855 1121 dierum

276 1155 430 1225 spatio
450 1153 598 1208 Naas
622 1169 900 1224 egressum
925 1156 993 1209 ad
1016 1170 1075 1210 se
1095 1154 1450 1210 obsessorum
1472 1155 1690 1223 civium,
1712 1154 1859 1210 cives

276 1258 387 1298 vero
416 1243 578 1298 Jabes
609 1242 812 1298 auxilia
842 1245 1238 1315 prmatolantur,
1263 1245 1391 1315 quia
1410 1244 1666 1299 nimirum
1713 1243 1857 1314 gulae

280 1332 525 1404 appetitus
556 1333 627 1387 de
657 1332 871 1388 inﬁrma
899 1349 1062 1389 carne
1093 1333 1240 1389 reﬁci
1284 1319 1446 1384 262
1491 1335 1716 1406 appetit,
1759 1333 1857 1389 sed

280 1422 429 1477 electa
452 1436 611 1476 mens
626 1422 679 1476 in
702 1421 1040 1478 abstinentiae
1064 1423 1257 1478 virtute
1277 1421 1539 1479 roborari.
1565 1424 1623 1477 In
1647 1431 1857 1492 septem

274 1525 385 1567 vero
411 1510 608 1566 diebus
636 1511 830 1566 auxilia
858 1519 1193 1583 quaeruntur,
1225 1514 1445 1583 quando
1492 1521 1679 1569 c0ntra
1734 1519 1857 1567 ten-

273 1607 617 1655 tamentorum
677 1601 928 1656 tenebras
985 1603 1135 1657 omni
1191 1602 1311 1658 luce
1367 1601 1547 1659 cordis
1574 1601 1855 1673 erigimur,

268 1690 464 1759 quando
494 1691 766 1746 adversus
795 1706 969 1762 prava
996 1692 1224 1747 consilia
1253 1692 1516 1762 quidquid
1553 1707 1856 1761 possumus,

267 1776 557 1833 invenimus
587 1779 797 1835 ratione
830 1788 1050 1848 nostra;
1085 1789 1137 1835 et
1182 1780 1321 1837 lucis
1374 1781 1559 1836 radios
1610 1796 1748 1852 quos
1804 1781 1856 1834 in

266 1866 404 1922 nobis
429 1883 542 1923 non
575 1868 850 1923 cernimus
879 1870 947 1925 de
990 1870 1294 1925 eruditione
1339 1871 1613 1924 munimur
1657 1871 1855 1926 aliena.

266 1955 387 2009 Dum
419 1958 568 2011 enim
602 1959 676 2012 ad
707 1958 868 2014 robur
884 1967 1086 2014 nostrae
1114 1959 1344 2026 virtutis,
1364 1960 1721 2030 perfectorum
1739 1975 1862 2015 con-

261 2046 584 2101 versationes
615 2047 938 2117 aspicimus,
970 2048 1121 2120 quasi
1149 2064 1246 2119 per
1274 2058 1479 2120 septem
1511 2049 1628 2104 dies
1660 2048 1861 2103 auxilia

268 2133 596 2190 defensionis
627 2135 956 2191 invenimus.
1001 2138 1251 2192 Inducias
1308 2137 1527 2207 quidem
1585 2137 1857 2208 petimus;

262 2222 371 2293 quia
398 2240 527 2278 cum
559 2225 726 2290 Nass,
759 2225 816 2280 id
832 2233 911 2280 est
939 2235 1208 2297 serpente,
1235 2243 1561 2298 pugnamus,
1583 2228 1735 2298 cujus
1751 2242 1860 2297 quo

260 2309 458 2367 latentia
486 2321 618 2367 sunt
648 2330 877 2383 venena,
912 2331 977 2370 eo
1001 2316 1162 2370 nobis
1207 2316 1486 2371 subtiliora
1533 2320 1657 2371 sunt
1703 2332 1859 2385 quae-

260 2401 411 2455 renda
441 2402 707 2458 consilia.
743 2404 900 2460 Unde
928 2412 981 2459 et
1009 2405 1063 2459 in
1088 2406 1370 2461 universos
1398 2405 1656 2461 terminos
1695 2406 1861 2460 Israel

260 2490 455 2546 mittere
485 2492 716 2547 nuntios
743 2508 804 2548 se
834 2494 1155 2563 promittunt
1184 2512 1196 2549 :
1251 2496 1381 2566 quia
1435 2494 1590 2550 electi
1644 2494 1748 2549 viri
1789 2495 1861 2549 ad

260 2578 633 2636 ediﬁcationis
688 2598 803 2638 suae
851 2584 1220 2651 commodum,
1272 2585 1513 2640 omnium
1560 2583 1859 2639 videntium

258 2662 415 2719 Deum
450 2667 732 2737 exemplis
752 2667 1096 2737 adjuvantur,
1118 2669 1217 2724 sed
1234 2670 1375 2739 quod
1397 2669 1617 2724 dicitur:
1645 2669 1711 2724 Si
1743 2685 1859 2725 non

260 2757 440 2825 estqui
461 2756 764 2825 defendat,
796 2758 1149 2829 egrediemur
1195 2760 1267 2814 ad
1322 2775 1413 2815 vos
1437 2779 1455 2815 .-
1486 2758 1538 2813 in
1566 2759 1859 2813 electorum

262 2857 404 2911 voce,
438 2861 555 2898 non
583 2845 908 2901 auxiliorum
937 2847 1225 2913 dubitatio,
1259 2849 1358 2903 sed
1388 2848 1650 2903 certitudo
1696 2864 1859 2903 mon-

257 2938 459 2986 stratur.
486 2932 669 3001 Quasi
700 2937 893 2990 astutis
920 2936 1105 2990 verbis
1135 2936 1382 2991 suadenti
1409 2936 1722 2991 adversario
1742 2936 1862 2991 illu-

263 3019 459 3087 dentes,
492 3023 669 3078 verba
698 3024 989 3094 proferunt
1019 3025 1214 3094 quibus
1243 3026 1319 3079 illi
1351 3042 1502 3096 spem
1534 3026 1765 3081 tribuant
1806 3034 1862 3081 et

260 3108 353 3162 sibi
385 3108 652 3167 ﬁduciam
684 3128 1027 3184 nequaquam
1059 3114 1267 3169 tollant.
1321 3114 1422 3182 Qui
1453 3114 1595 3169 enim
1627 3115 1812 3171 dicunt
1845 3133 1858 3170 :

257 3197 321 3253 Si
336 3216 445 3255 non
466 3203 657 3271 fuerit
670 3202 766 3272 qui
777 3202 1068 3272 defendat,
1084 3204 1518 3274 egrcdtemurad
1532 3220 1651 3270 vos;
1666 3220 1859 3273 quam-

256 3288 370 3342 dam
396 3290 643 3345 exeundi
675 3306 827 3361 spem
858 3291 1122 3348 tribuunt.
1162 3293 1270 3347 Sed
1291 3293 1419 3364 quia
1439 3294 1514 3347 illi
1537 3296 1637 3348 hoc
1654 3293 1858 3363 dicunt,

254 3376 338 3446 qui
369 3378 435 3434 de
466 3379 691 3435 auxilio
722 3380 857 3435 certi
888 3387 1031 3447 sunt,
1083 3381 1271 3436 hostes
1318 3397 1444 3437 suos
1500 3382 1861 3453 promittendo

258 3464 556 3537 decipiunt.
589 3467 701 3523 Sed
731 3468 825 3523 ubi
852 3468 970 3539 jam
1000 3469 1192 3525 eadem
1234 3471 1445 3526 auxilia
1499 3471 1860 3542 inveniantur,

254 3556 463 3625 exponit
493 3556 691 3612 dicens
726 3577 738 3613 :

315 3671 489 3739 (Vera.
527 3675 565 3728 4
598 3680 654 3727 et
686 3672 782 3746 5.)
816 3675 1101 3732 Venerunt
1125 3692 1254 3747 ergo
1304 3678 1503 3734 nuntii
1557 3678 1622 3733 in
1672 3678 1864 3734 Gabaa

266 3758 409 3831 Saul,
430 3765 489 3817 et
524 3762 711 3817 locuti
739 3768 876 3818 sunt
908 3764 1070 3820 verba
1089 3764 1225 3833 haec,
1248 3767 1516 3823 audiente
1551 3768 1777 3840 populo,
1810 3771 1866 3823 et

255 3845 451 3905 levavit
473 3852 671 3908 omnis
709 3853 953 3924 populus
1002 3869 1185 3909 vocem
1229 3870 1418 3922 suam,
1462 3859 1518 3910 et
1560 3856 1735 3924 ﬂevit.
1799 3857 1862 3910 Et

254 3950 371 3993 ecce
390 3939 537 3995 Saul
579 3940 844 3997 veniebat
876 3959 1047 3997 mane
1064 3959 1302 4015 sequens
1343 3945 1500 3999 boves
1523 3943 1588 3999 de
1620 3960 1775 4015 agro,
1808 3948 1865 4000 et

256 4025 389 4080 vidit
394 4030 736 4097 plorantem
762 4032 1060 4104 populum,
1085 4036 1143 4088 et
1170 4034 1255 4088 ait
1283 4051 1301 4089 :
1336 4032 1477 4100 Quid
1506 4032 1670 4089 habet
1689 4048 1864 4107 popu-

257 4111 356 4181 lus,
376 4118 521 4189 quod
538 4119 734 4190 plorat
758 4119 787 4174 ?

322 4230 375 4285 6.
407 4231 627 4300 Gabaa,
651 4242 709 4289 ut
726 4250 889 4306 supra
915 4236 1027 4307 jam
1051 4235 1307 4305 diximus,
1330 4236 1864 4308 sublimisinterpre-

261 4324 414 4376 tatur.
456 4323 529 4377 Et
562 4323 690 4392 quia
718 4325 959 4380 omnium
991 4325 1286 4382 electorum
1338 4342 1450 4382 non
1506 4334 1588 4382 est
1642 4328 1868 4398 aequalis

258 4406 482 4466 altitudo
511 4412 850 4479 meritorum,
883 4414 938 4467 in
997 4415 1179 4470 Gabaa
1237 4415 1365 4471 Saul
1422 4416 1593 4471 nuntii
1648 4417 1865 4472 venisse

258 4498 618 4567 perhibentur
642 4519 658 4566 ;
687 4509 746 4555 ut
766 4502 1037 4573 spirituali
1060 4503 1453 4576 signiﬁcatione
1471 4505 1785 4574 doceamur,
1810 4513 1869 4561 ut

1891 3162 1940 3225 C

1962 542 2085 588 nate
2116 532 2316 604 diligit,
2349 531 2474 604 quia
2503 532 2643 586 hunc
2675 546 2829 584 amor
2865 529 2965 584 Dei
3022 528 3231 585 fortiter
3286 526 3556 583 accendit.

1964 624 2143 691 Quare
2173 631 2225 677 et
2254 638 2352 692 per
2379 622 2595 691 Moysen
2630 621 2892 675 Dominus
2928 620 3005 673 ait
3039 636 3052 673 :
3104 619 3218 675 Non
3269 615 3456 672 orabis
3493 616 3558 670 in

1964 714 2091 770 bove
2130 717 2187 768 et
2214 714 2374 767 asino
2405 712 2586 781 (Deut.
2621 725 2757 774 χχιι,
2793 710 2911 777 10).
2963 706 3161 761 Asinus
3217 707 3417 777 quippe
3474 710 3558 758 est

1964 819 2118 858 amor
2142 801 2393 866 carnalis,
2427 801 2553 871 quia
2582 800 2673 871 qui
2702 805 2875 871 portat
2898 814 3035 867 quos
3057 803 3219 861 amat,
3239 794 3393 866 quasi
3416 794 3559 849 forte

1963 901 2041 948 est
2070 892 2306 954 animal;
2340 899 2392 945 et
2422 890 2545 961 quia
2590 889 2891 944 inordinate
2928 887 3071 942 idem
3118 901 3226 939 non
3280 898 3383 953 pro
3442 883 3558 937 Deo

1963 982 2161 1053 diligit,
2194 980 2470 1035 lascivum.
2504 980 2564 1034 In
2594 980 2731 1034 bove
2761 994 2893 1049 ergo
2942 984 2994 1031 et
3049 976 3198 1030 asino
3255 971 3401 1027 arari
3449 985 3558 1026 non

1961 1080 2160 1142 potest,
2195 1071 2321 1142 quia
2352 1071 2523 1124 fructu
2554 1077 2772 1124 aeternae
2801 1065 3069 1122 mercedis
3096 1064 3277 1119 anima
3308 1077 3415 1117 non
3457 1076 3559 1115 ex-

1963 1162 2177 1228 colitur,
2209 1159 2253 1214 si
2296 1158 2511 1230 puritas
2565 1156 2794 1225 amoris,
2855 1172 2961 1228 quo
3017 1157 3132 1211 Deo
3186 1150 3555 1223 conjungitur,

1962 1249 2273 1305 inordinato
2302 1248 2531 1320 proximi
2562 1262 2753 1303 amore
2794 1245 3065 1318 polluitur.
3126 1242 3254 1298 Saul
3309 1255 3444 1311 ergo
3491 1238 3561 1294 de

1963 1355 2093 1411 agro
2124 1338 2371 1405 veniens,
2411 1338 2583 1392 boves
2641 1336 2880 1406 sequitur
2935 1334 3061 1405 quia
3113 1332 3314 1387 electus
3370 1329 3560 1383 doctor

1963 1437 2257 1498 utrumque
2287 1426 2538 1483 adactum
2567 1424 2848 1482 cbaritatis
2875 1424 2928 1477 in
2960 1421 3225 1492 frugifero
3251 1418 3415 1474 corde
3471 1417 3562 1469 in-

1965 1524 2180 1588 tegrum
2212 1518 2426 1583 retinet,
2458 1533 2530 1571 ex
2559 1515 2751 1585 quibus
2778 1527 3089 1583 praeparare
3116 1508 3218 1564 sibi
3247 1515 3460 1564 aeternae
3475 1520 3561 1560 re-

1966 1606 2270 1662 tributionis
2302 1606 2499 1661 uberes
2529 1606 2730 1660 fructus
2758 1609 2955 1673 potest.
2989 1601 3227 1655 Etmane
3246 1596 3412 1663 venit,
3433 1594 3562 1667 quia

1965 1711 2086 1751 cum
2118 1695 2184 1750 ad
2217 1694 2466 1750 subditos
2495 1694 2627 1761 exit,
2659 1692 2802 1747 diem
2831 1705 2943 1745 suae
2974 1688 3184 1744 virtutis
3213 1684 3404 1757 aperit.
3451 1683 3560 1739 Sed

1885 1809 1938 1869 B
1963 1785 2076 1856 jam
2106 1784 2343 1857 cognitis
2368 1781 2786 1839 necessitatibus
2811 1778 3020 1851 populi,
3044 1776 3173 1851 quid
3193 1774 3364 1849 egerit
3382 1771 3562 1829 audia-

1968 1890 2109 1930 mus.
2139 1876 2279 1929 Nam
2310 1873 2550 1943 sequitur
2577 1890 2590 1928 :

2040 1963 2200 2033 (Ibid.
2235 1971 2287 2019 et
2308 1979 2449 2018 vers.
2472 1966 2523 2031 6,
2551 1961 2629 2031 7.)
2653 1963 2723 2016 Et
2745 1961 3132 2015 narraverant
3153 1957 3208 2012 ei
3229 1953 3392 2010 verba
3415 1952 3561 2008 viro-

1968 2071 2098 2110 rum
2122 2055 2298 2112 labes.
2319 2055 2388 2108 Et
2420 2054 2648 2109 insiluit
2670 2051 2909 2121 spiritus
2930 2048 3154 2104 Domini
3169 2049 3231 2102 in
3254 2045 3412 2106 Saul.
3431 2059 3562 2100 cum

1968 2139 2220 2194 audisset
2253 2138 2414 2193 verba
2433 2138 2550 2193 haec
2576 2159 2595 2192 .-
2619 2142 2678 2192 et
2700 2122 2861 2189 263
2888 2139 3074 2193 iratus
3117 2141 3201 2192 est
3240 2138 3405 2206 furor
3440 2134 3562 2204 ejus

1968 2229 2164 2283 nimis.
2190 2229 2255 2282 Et
2274 2243 2569 2283 assumens
2581 2231 2886 2300 utrumque
2903 2227 3084 2282 bovem
3096 2266 3108 2285 .
3122 2224 3326 2280 cecidit
3343 2225 3402 2279 in
3413 2226 3563 2294 frus-

1970 2321 2028 2372 ta
2059 2318 2325 2389 misitque
2364 2318 2425 2373 in
2459 2332 2653 2372 omnes
2693 2318 2958 2374 terminos
3003 2315 3183 2371 Israel
3225 2329 3325 2384 per
3354 2326 3563 2367 manus

1968 2407 2329 2473 nuntiorum,
2362 2405 2555 2461 dicens
2587 2426 2606 2461 .-
2638 2406 2963 2477 Quicunque
2981 2422 3097 2462 non
3131 2402 3363 2468 exierit,
3394 2415 3559 2456 secu-

1970 2498 2170 2567 tusque
2187 2497 2368 2565 fuerit
2393 2494 2543 2550 Saul
2560 2499 2615 2550 et
2634 2496 2985 2563 Samuelem,
3007 2494 3087 2550 sic
3107 2493 3204 2563 ﬁet
3235 2491 3402 2547 bobus
3417 2491 3559 2561 ejus.

2040 2585 2093 2638 ’7.
2129 2583 2277 2652 Quid
2308 2585 2367 2637 in
2396 2585 2485 2638 his
2517 2582 2959 2651 verbisdicimus,
2978 2583 3084 2637 nisi
3106 2582 3233 2653 quia
3252 2585 3565 2636 sanctorum

1970 2671 2205 2738 inﬁrma,
2239 2681 2293 2728 et
2323 2689 2443 2742 qua:
2471 2672 2721 2729 videntur
2749 2672 3013 2739 carnalia,
3044 2686 3152 2727 non
3191 2678 3314 2725 sunt
3350 2668 3567 2723 inﬁrma

1970 2770 2021 2817 et
2052 2761 2318 2828 carnalia,
2352 2762 2447 2817 sed
2478 2761 2777 2832 spiritualia
2802 2770 2855 2817 et
2891 2761 3114 2816 robusta
3142 2762 3170 2813 ‘I
3220 2760 3317 2814 Irae
3364 2759 3567 2828 quippe

1970 2852 2306 2906 nimietatem
2335 2851 2391 2904 in
2421 2851 2699 2923 religiosis
2726 2851 2859 2907 viris
2885 2849 3282 2919 reprehendere
3304 2848 3561 2914 solemus,

1970 2941 2067 2996 sed
2098 2956 2226 2996 ecce
2256 2940 2401 3008 Saul,
2426 2948 2484 2995 ut
2514 2940 2672 2995 irasci
2702 2940 2863 2994 nimis
2890 2938 3147 3009 potuerit,
3179 2937 3326 3009 prius
3355 2936 3409 2990 in
3440 2950 3564 2990 eum

1971 3030 2195 3099 spiritus
2218 3029 2434 3084 Domini
2466 3029 2673 3085 insiliit.
2708 3028 2881 3098 Quam
2912 3027 3195 3083 metuenda
3212 3026 3280 3081 sit
3300 3040 3432 3097 ergo
3446 3039 3565 3080 san-

1970 3126 2174 3174 ctorum
2204 3119 2286 3174 ira
2310 3119 2604 3185 cernimus,
2637 3118 2681 3172 si
2711 3118 3032 3173 insilientem
3087 3116 3143 3170 in
3199 3132 3293 3170 eos
3350 3111 3564 3169 Domini

1969 3207 2223 3277 spiritum
2248 3206 2574 3280 cogitamus,
2608 3206 2655 3261 si
2716 3206 2844 3262 dum
2898 3206 3024 3261 illos
3080 3204 3218 3260 foris
3270 3204 3564 3258 irascentes

1968 3296 2282 3367 aspicimus,
2308 3304 2745 3352 commoventem
2776 3296 3023 3366 spiritum
3053 3294 3197 3350 intus
3226 3293 3434 3365 pariter
3478 3299 3567 3346 at-

1972 3386 2276 3441 tendamus.
2311 3384 2538 3454 Quoties
2566 3401 2699 3457 ergo
2746 3386 3015 3455 majorum
3069 3384 3186 3439 zelo
3246 3381 3568 3453 corrigimur

1970 3474 2077 3531 sub
2107 3490 2291 3530 eorum
2324 3475 2698 3544 indignatione
2730 3475 3083 3529 vehementer
3121 3486 3405 3544 possumus
3463 3482 3564 3539 pa-

1967 3580 2115 3632 vere,
2150 3564 2195 3618 si
2226 3580 2412 3619 eorum
2445 3564 2706 3633 impetum
2737 3571 2944 3617 motum
2973 3561 3141 3617 sancti
3178 3560 3408 3630 Spiritus
3435 3572 3566 3613 cre-

1969 3652 2169 3707 dimus.
2203 3654 2273 3708 Et
2329 3654 2458 3724 quia
2500 3653 2628 3708 Saul
2684 3659 2971 3721 utrumque
3028 3651 3228 3705 bovem
3286 3649 3342 3702 in
3396 3647 3569 3702 frusta

1970 3741 2229 3809 concidit,
2289 3742 2344 3795 in
2399 3757 2589 3797 omnes
2642 3740 2905 3796 terminos
2960 3739 3126 3794 Israel
3172 3737 3331 3805 misit,
3393 3736 3568 3791 minas

1971 3830 2212 3901 protulit,
2248 3830 2326 3886 sic
2355 3831 2597 3886 omnium
2629 3830 2806 3884 bobus
2836 3828 3012 3896 ﬁeret,
3045 3827 3135 3900 qui
3165 3843 3224 3883 se
3253 3834 3307 3882 et
3337 3826 3567 3881 Samue-

1972 3920 2079 3973 lem
2112 3918 2265 3989 sequi
2296 3919 2613 3983 noluissent,
2648 3918 2778 3988 quid
2804 3918 2950 3971 aliud
2980 3917 3231 3981 insinuat,
3285 3914 3391 3968 nisi
3442 3912 3569 3983 quia

1968 4008 2243 4079 pigriores
2273 4007 2474 4078 quique
2504 4008 2575 4061 ad
2601 4006 2804 4061 auxilia
2833 4005 3124 4075 praebenda
3154 4002 3439 4074 proximis,
3462 4018 3571 4057 non

1971 4095 2144 4152 solum
2177 4095 2463 4162 invitandi,
2497 4096 2593 4150 sed
2634 4092 2868 4165 cogendi
2898 4094 3064 4148 sunt?
3109 4092 3261 4148 Unde
3310 4098 3360 4147 et
3389 4090 3567 4145 statim

1969 4185 2312 4255 subiunctum
2342 4192 2442 4240 est.

2042 4292 2220 4361 (Vers.
2250 4292 2341 4362 ’7.)
2371 4292 2587 4346 Invasit
2619 4306 2744 4361 ergo
2768 4290 2936 4345 timor
2950 4287 3179 4345 Domini
3194 4288 3486 4361 populum,
3511 4290 3568 4344 et

1969 4384 2180 4452 egressi
2210 4385 2347 4437 sunt
2368 4381 2529 4453 quasi
2559 4381 2644 4437 vir
2659 4396 2829 4435 unus.

2053 4503 2103 4554 8.
2139 4498 2279 4567 Quia
2309 4498 2450 4554 enim
2484 4497 2761 4569 proximos
2781 4496 2917 4551 sicut
2945 4512 3045 4552 nos
3074 4494 3221 4567 ipsos
3243 4494 3471 4568 diligere
3487 4497 3573 4568 ju-

252 4589 371 4640 cnm
396 4588 601 4643 validis
619 4571 969 4646 tentamentis
989 4571 1430 4662 impellimur,ad
1451 4571 1868 4665 praedicatorum
1896 4571 1952 4634 D
1980 4588 2199 4654 bemur,
2235 4596 2380 4642 recto
2412 4586 2603 4642 ordine
2633 4587 2710 4642 eis
2741 4586 2944 4641 auxilia
2981 4585 3308 4657 praebemus,
3359 4588 3576 4655 quando

262 4684 573 4731 nostrorum
606 4679 835 4734 consilia
863 4696 1226 4737 recurramus.
1261 4682 1368 4738 Sed
1398 4688 1450 4738 et
1483 4683 1660 4738 ﬂentis
1691 4684 1874 4755 populi

261 4762 558 4821 afﬂictione
587 4767 928 4840 instruimur,
960 4778 1018 4824 ut
1048 4771 1297 4826 fraternis
1326 4772 1737 4827 necessitatibus
1784 4773 1873 4827 ia-

263 4852 385 4909 tima
414 4856 618 4912 mentis
647 4859 1030 4927 compassione
1053 4860 1368 4933 iungamur.
1395 4861 1521 4916 Saul
1546 4870 1726 4917 autem
1745 4862 1876 4916 ﬂen-

259 4949 363 4997 tem
398 4945 671 5014 populum
702 4946 856 5012 vidit,
889 4947 961 5002 ob
991 4964 1148 5018 quam
1180 4965 1399 5003 causam
1431 4950 1582 5005 ﬂeret
1634 4953 1874 5005 interro-

262 5033 433 5101 gavit,
466 5033 599 5104 quia
628 5034 835 5089 electus
866 5035 1052 5090 doctor
1103 5037 1440 5093 subditorum
1498 5039 1872 5094 necessitatem

258 5122 646 5191 eompatiendo
674 5139 829 5177 suam
861 5122 1012 5195 facit,
1045 5133 1095 5180 et
1146 5125 1286 5182 hanc
1339 5127 1587 5181 relevare
1645 5127 1871 5197 appetit.

259 5207 335 5262 De
365 5226 506 5278 agro
541 5211 758 5281 quidem
798 5213 961 5282 venit,
996 5213 1117 5284 quia
1149 5229 1181 5268 a
1211 5223 1414 5270 secreto
1435 5216 1514 5269 sui
1539 5214 1729 5270 fertilis
1760 5232 1875 5271 cor-

262 5296 341 5351 dis
370 5299 503 5355 exit.
559 5300 720 5355 Mane
751 5317 878 5356 vero
909 5302 978 5357 de
1009 5318 1140 5373 agro
1171 5304 1337 5372 venit,
1371 5304 1496 5375 quia
1554 5304 1609 5358 in
1667 5304 1875 5359 oriente

262 5387 359 5440 sibi
392 5389 698 5457 splendore
730 5391 846 5445 veri
878 5391 1097 5446 luminis
1120 5392 1459 5449 subditorum
1482 5409 1677 5449 causas
1698 5394 1899 5464 inqui?

262 5473 352 5529 rit.
395 5476 461 5530 Et
494 5476 664 5533 boves
696 5479 960 5549 sequitur,
993 5480 1118 5551 quia
1150 5497 1271 5535 eum
1304 5482 1469 5536 validi
1497 5481 1723 5538 aﬁ‘ectus
1752 5484 1877 5538 cha-

259 5563 439 5619 ritatis
470 5567 827 5624 antecedunt.
862 5566 1031 5637 Quasi
1064 5569 1207 5625 enim
1234 5570 1371 5626 duos
1412 5570 1583 5628 boves
1638 5579 1762 5628 ante
1819 5587 1879 5627 se

265 5645 456 5721 habet,
491 5650 587 5721 qui
615 5659 671 5709 et
701 5651 967 5726 proximis
995 5669 1097 5726 per
1125 5669 1364 5714 amorem
1392 5656 1658 5731 jungitur,
1688 5664 1741 5714 et
1792 5656 1878 5713 di-

1984 4677 2052 4732 ad
2085 4679 2202 4731 haec
2232 4676 2539 4730 exhibenda
2568 4692 2679 4732 non
2705 4676 2897 4731 timore
2939 4676 3205 4748 cogimur,
3253 4674 3348 4731 sed
3394 4691 3576 4731 amore

1986 4781 2370 4838 provocamur.
2398 4768 2536 4819 Cum
2569 4781 2699 4820 vero
2728 4782 2829 4821 nos
2886 4765 3138 4821 effectum
3194 4766 3353 4836 hujus
3407 4764 3578 4821 debiti

1984 4855 2184 4912 amoris
2213 4855 2513 4924 perdimus,
2547 4854 2614 4908 ad
2644 4854 3056 4926 praedicatorum
3079 4862 3382 4910 nostrorum
3405 4856 3578 4909 zelum

1983 4945 2239 5017 pertinet,
2272 4951 2329 4997 ut
2362 4943 2413 4996 in
2441 4943 2665 4997 fratrum
2700 4943 2899 4998 auxilia
2930 4959 2993 4998 ex
3024 4944 3221 4998 timore
3275 4959 3582 5013 consurga-

1984 5050 2124 5088 mus.
2158 5032 2310 5086 Dene
2342 5047 2474 5104 ergo
2496 5032 2691 5087 dicitur
2712 5049 2723 5085 :
2748 5032 3577 5102 InvasittimorDominipopu-

1989 5123 2129 5185 lum,
2152 5125 2209 5177 et
2224 5122 2426 5193 egressi
2448 5126 2587 5176 sunt
2607 5121 2767 5191 quasi
2789 5122 2873 5174 vir
2894 5137 3079 5176 unus:
3101 5120 3226 5191 quia
3258 5119 3578 5189 plerumque

1985 5227 2171 5264 sumus
2201 5211 2255 5263 in
2285 5226 2468 5264 amore
2498 5211 2868 5280 proximorum
2894 5208 3055 5278 tepidi
3077 5225 3089 5269 ;
3113 5207 3208 5260 sed
3231 5206 3579 5277 prmlatorum

1986 5306 2292 5355 nostrorum
2324 5299 2486 5352 minis
2512 5298 2779 5371 erigimur
2799 5298 2869 5352 ad
2890 5304 3087 5351 statum
3106 5295 3426 5363 devotionis,
3446 5302 3493 5350 et
3514 5312 3580 5351 ex

1984 5389 2180 5443 timore
2210 5388 2413 5441 bonum
2437 5403 2572 5457 Opus
2600 5386 2971 5459 aggredimur,
3004 5385 3101 5439 sed
3133 5401 3197 5439 ex
3231 5384 3383 5439 initio
3425 5384 3581 5441 timo-

1985 5478 2075 5543 ris,
2110 5478 2179 5533 ad
2200 5476 2478 5531 vinculum
2496 5475 2852 5545 perducimur
2871 5489 3088 5547 magnae
3109 5472 3403 5530 charitatis.
3426 5475 3583 5531 Unde

1985 5576 2037 5625 et
2067 5567 2205 5623 bene
2236 5565 2398 5621 timor
2447 5562 2682 5619 invasise
2731 5563 2994 5636 populum
3036 5563 3254 5631 dicitur,
3305 5563 3399 5619 sed
3430 5563 3584 5634 quasi

1987 5657 2072 5715 vir
2098 5672 2238 5713 unus
2253 5670 2444 5712 omnes
2464 5653 2670 5726 egressi
2688 5652 3058 5726 perhibentur.
3084 5652 3254 5724 Quasi
3283 5652 3367 5711 vir
3383 5651 3585 5727 quippe
