4034 6174
463 252 567 317 819

1703 253 1951 317 SANCTI
1989 254 2333 317 GREGORII
2368 257 2593 321 MAGNI

3633 266 3725 324 320

461 401 601 446 unus
629 383 811 457 plures
841 399 948 444 non
974 392 1199 457 possunt
1228 384 1436 460 egredi,
1467 384 1572 441 nisi
1612 386 1700 456 qui
1755 386 1823 441 ad
1866 401 2052 458 parem
2082 383 2139 445 Α
2167 386 2314 442 illius
2334 387 2563 445 consilio
2575 386 3129 461 dicitur:Sispiritus
3139 388 3469 460 potestatem
3485 385 3727 448 habentis

463 474 844 534 conscendunt
871 476 1130 531 unitatem
1158 476 1485 533 dilectionis.
1535 476 1673 531 Hinc
1728 492 1962 548 namque
2005 483 2058 531 et

466 564 537 621 de
599 564 857 635 perfectis
892 564 1176 636 discipulis
1207 566 1587 635 Redemptoris
1625 564 1822 621 dicitur
1857 585 1869 620 :
1919 566 2057 620 Erat

465 654 588 710 illis
612 671 707 711 cor
736 669 936 720 unum,
969 659 1024 710 et
1049 655 1244 709 anima
1271 671 1386 710 una
1419 655 1662 724 (Act.rv,
1706 654 1817 724 82).
1850 653 2058 725 Sequi-

467 745 554 795 tur
585 757 599 794 :

535 846 721 916 (Vera.
760 846 839 912 8.)
872 850 941 903 Et
968 848 1259 903 recensuit
1287 862 1377 903 eos
1404 847 1467 901 in
1504 846 1707 902 Bezech
1730 866 1755 910 ,-
1792 847 2062 917 fuerunt-

469 951 573 1008 que
589 936 841 1004 ﬁliorum
864 935 1043 993 Israel
1087 940 1343 993 trecenta
1377 935 1584 1002 millia,
1603 937 1854 991 virorum
1871 938 2064 990 autem

470 1023 617 1081 Juda
639 1026 880 1096 triginta
909 1026 1125 1082 millia.

546 1143 598 1195 9.
632 1140 787 1195 Prius
818 1141 1069 1197 dicuntur
1096 1142 1189 1197 filii
1219 1142 1387 1198 Israel
1405 1141 1635 1214 egressi,
1663 1140 1859 1197 deinde
1877 1154 1909 1196 a
1933 1140 2062 1197 Saul

477 1229 759 1299 recensiti,
791 1231 920 1301 quia
948 1231 1149 1286 electus
1164 1232 1512 1302 praedicator,
1534 1247 1656 1287 cum
1676 1237 1865 1286 contra
1896 1228 2070 1286 occul-

475 1323 565 1373 tos
594 1319 775 1375 hostes
805 1334 1027 1376 movere
1057 1320 1419 1390 subjectorum
1450 1336 1668 1375 suorum
1690 1319 1934 1374 militiam
1957 1326 2071 1374 ten-

472 1413 570 1473 tat,
603 1408 758 1478 prius
781 1424 964 1464 eorum
998 1408 1137 1465 forte
1166 1409 1509 1482 propositum
1532 1408 1744 1479 aspicit,
1762 1408 1957 1463 deinde
1974 1422 2071 1462 eos

474 1494 537 1550 in
560 1512 787 1553 numero
825 1497 1145 1554 bellatorum
1160 1499 1329 1570 ponit.
1354 1497 1523 1567 Quasi
1540 1497 1689 1554 enim
1704 1497 1848 1552 intus
1866 1513 2069 1565 sumus,

473 1591 528 1641 et
557 1585 834 1642 recenseri
875 1603 980 1643 non
1013 1578 1325 1659 possumus,
1377 1588 1622 1659 quandiu
1659 1586 1829 1641 virtus
1868 1593 2072 1641 nostra:

480 1674 680 1730 mentis
708 1674 907 1731 nostris
937 1676 1242 1746 pastoribus
1272 1677 1589 1732 occultatur.
1624 1676 1838 1730 Etcum
1860 1675 2074 1748 egredi-

485 1779 610 1818 mur
639 1779 1003 1833 recensemur,
1036 1765 1161 1834 quia
1190 1781 1310 1821 cum
1335 1766 1594 1821 mentium
1647 1772 1955 1820 nostrarum
1995 1764 2075 1820 eis

479 1847 848 1903 fortitudinem
880 1848 1194 1920 pandimus,
1228 1864 1328 1904 nos
1373 1850 1484 1918 jam
1542 1848 1743 1903 habere
1789 1847 1964 1904 socios
2019 1848 2076 1903 in

479 1936 745 2007 spirituali
774 1954 954 2010 pugna
984 1937 1281 1994 confidunt.
1315 1938 1424 1994 Sed
1453 1954 1576 1993 cum
1607 1936 1845 1992 infirmas
1873 1946 2080 1994 mentes

482 2022 551 2077 ad
582 2026 931 2096 propositum
964 2025 1093 2082 boni
1135 2026 1314 2095 operis
1368 2025 1580 2097 erigere
1635 2034 1912 2097 appetunt,
1970 2042 2080 2082 non

479 2112 655 2167 solum
687 2114 957 2182 majorum
989 2115 1249 2170 doctrinis
1269 2130 1369 2170 nos
1392 2116 1607 2171 erudire
1661 2123 1947 2185 conantur,
1983 2114 2081 2171 sed

486 2202 654 2256 etiam
688 2202 959 2258 minorum
990 2203 1282 2259 electorum
1312 2202 1575 2274 exemplis
1589 2203 1908 2259 accendere.
1941 2204 2083 2259 Bene

485 2304 620 2361 ergo
649 2289 883 2346 ﬁliorum
915 2292 1081 2347 Israel
1114 2300 1348 2347 trecenta
1380 2291 1571 2359 millia,
1620 2292 1860 2348 virorum
1903 2300 2083 2348 autem

483 2378 623 2432 Juda
652 2380 876 2451 triginta
918 2381 1107 2449 millia,
1165 2381 1432 2435 recensita
1489 2380 1658 2435 fuisse
1712 2381 2080 2452 perhibentur.

487 2466 833 2523 Tricenarius
862 2469 1064 2540 quippe
1094 2485 1353 2524 numerus
1407 2468 1476 2522 ad
1523 2469 1902 2524 rectitudinem
1957 2468 2085 2525 ﬁdei

487 2562 541 2610 et
572 2555 807 2610 studium
839 2558 1075 2627 pertinet
1097 2558 1257 2613 bonae
1270 2557 1628 2629 operationis:
1650 2558 1776 2628 quia
1796 2558 1944 2613 nulla
1965 2566 2088 2613 sunt

489 2652 765 2715 praecepta
796 2646 955 2718 legis,
989 2647 1039 2701 si
1071 2646 1140 2702 ad
1171 2646 1685 2718 contemplationem
1715 2663 1824 2703 non
1861 2648 2090 2703 tendunt

496 2748 725 2788 summae
755 2734 1058 2791 Trinitatis.
1089 2737 1226 2807 Apte
1256 2751 1391 2809 ergo
1419 2734 1518 2792 viri
1538 2735 1679 2791 Juda
1699 2735 1971 2802 dicuntur,
1995 2737 2089 2807 qui

491 2819 711 2896 triginta
769 2822 1007 2879 millibus
1089 2824 1457 2889 continentur,
1509 2823 1637 2896 quia
1693 2824 2089 2880 confessionem

495 2893 539 2958 2
555 2895 663 2961 64
696 2912 896 2967 habent
922 2921 1084 2969 recta:
1106 2912 1250 2980 ﬁdei,
1279 2921 1331 2968 et
1358 2893 1705 2969 robur'bonaa
1729 2914 2085 2984 operationis.

493 2997 679 3054 Patres
703 3008 887 3055 autem
919 3001 1086 3057 nostri
1117 3002 1360 3073 ejusdem
1393 3000 1521 3056 ﬁdei
1551 3009 1713 3073 atque
1758 3001 2092 3073 Operationis

493 3081 661 3154 fuere,
694 3084 792 3139 sed
824 3085 878 3139 in
919 3086 1372 3158 contemplatione
1414 3086 1733 3155 divinitatis,
1774 3102 1882 3156 quo
1928 3087 2091 3159 longe
2120 3079 2171 3143 Ο

492 3170 653 3227 altius
683 3189 842 3242 quam
874 3190 976 3230 nos
1005 3175 1368 3245 profecerant,
1386 3190 1451 3230 eo
1467 3182 1522 3230 et
1541 3190 1712 3245 opera
1725 3173 1846 3231 ﬁdei
1868 3173 2093 3230 fortiora

495 3260 839 3318 exhibebant.
874 3262 1063 3332 Quare
1084 3263 1248 3318 etiam
1273 3262 1511 3318 ﬁliorum
1534 3263 1702 3318 Israel
1719 3270 1957 3319 trecenta
1972 3263 2095 3318 mil-

496 3347 567 3404 lia
596 3359 966 3407 recensentur.
1009 3351 1261 3423 Triginta
1289 3352 1506 3422 quidem
1537 3368 1567 3406 a
1599 3352 1785 3418 tribus,
1826 3360 1876 3407 et
1907 3352 2095 3408 decem

497 3439 555 3493 in
585 3440 814 3510 triginta
843 3441 1086 3506 veniunt,
1133 3441 1229 3495 sed
1278 3440 1333 3494 in
1362 3440 1651 3496 tricenario
1707 3456 1931 3496 numero
1987 3448 2094 3495 tam

502 3526 775 3595 denarius,
808 3544 972 3599 quam
1003 3528 1272 3585 ternarius
1299 3527 1537 3600 simplex
1565 3536 1680 3598 est;
1713 3528 1808 3584 sed
1838 3536 1896 3584 ut
1926 3545 2097 3600 usque

497 3614 568 3670 ad
599 3623 866 3672 trecentos
894 3633 1266 3687 numeremus,
1301 3624 1353 3673 et
1384 3616 1669 3673 denarium
1702 3617 1963 3686 tricesies,
1995 3618 2095 3672 tri-

499 3705 772 3760 cenarium
804 3706 994 3762 decies
1024 3706 1466 3778 multiplicamus,
1525 3706 1646 3775 quia
1703 3714 1756 3760 et
1801 3705 1843 3759 si
1900 3721 2100 3778 magna

497 3795 583 3847 est
612 3794 1015 3864 contemplatio,
1049 3809 1249 3867 magna
1288 3802 1411 3849 sunt
1431 3809 1596 3866 opera
1625 3794 1884 3865 subjectae
1897 3795 2097 3865 plebis,

496 3880 592 3937 illa
624 3888 799 3938 tamen
832 3900 953 3953 quae
978 3891 1381 3954 praecesserunt
1411 3884 1463 3937 in
1494 3883 1743 3955 patribus
1773 3884 1974 3940 nostris
2009 3884 2097 3939 in-

504 3971 901 4043 comparabilia
937 3973 1177 4034 fuerunt.
1223 3973 1385 4028 Velut
1430 3972 1573 4029 enim
1622 3972 1880 4029 denarius
1913 3980 2101 4029 noster

501 4075 761 4116 numerus
794 4061 978 4117 decies
1007 4061 1061 4116 in
1093 4061 1308 4117 illorum
1354 4060 1689 4133 perfectione
1746 4063 2098 4132 glomeratur,

503 4148 633 4204 dum
664 4164 856 4205 eorum
885 4150 1205 4222 perfectioni
1235 4151 1395 4206 valde
1449 4158 1634 4206 nostra
1686 4150 2093 4205 submittuntur.

508 4237 750 4310 Triginta
781 4255 918 4311 ergo
947 4238 1117 4295 millia
1143 4239 1384 4294 virorum
1414 4238 1572 4307 Iuda,
1604 4246 1658 4294 et
1690 4246 1926 4295 trecenta
1958 4237 2102 4292 tilio—

510 4343 628 4382 rum
658 4328 826 4382 Israel
857 4328 1140 4382 nobiscum
1172 4327 1459 4395 recensita,
1490 4327 1559 4381 ad
1590 4326 1938 4399 pugnandum
1977 4340 2104 4379 con-

506 4423 583 4469 tra
613 4414 762 4468 Naas
790 4416 1175 4485 praedicatores
1205 4415 1443 4483 ducunt;
1477 4415 1525 4468 si
1555 4429 1674 4469 cum
1705 4413 1963 4484 adjuvare
1990 4420 2103 4467 ten-

505 4510 646 4557 talos
678 4503 1009 4557 abstinentes
1034 4502 1282 4557 subditos
1312 4502 1522 4570 volunt,
1582 4508 1635 4557 et
1682 4501 2101 4556 fortissimorum
2124 4487 2183 4549 ι)

504 4598 721 4662 patrum
753 4592 830 4662 eis
871 4591 1069 4647 eximia
1128 4591 1271 4647 facta
1327 4598 1653 4661 proponunt,
1707 4598 1760 4646 et
1810 4589 2102 4644 minorum.

506 4679 672 4735 Israel
703 4679 923 4752 quidem
955 4679 1161 4734 dicitur
1190 4679 1395 4734 Videns
1427 4679 1620 4744 Deum,
1650 4678 1785 4746 sive,
1817 4678 1871 4733 in
1896 4694 2002 4750 quo
2026 4686 2107 4733 est

507 4768 688 4832 Deus;
724 4770 869 4841 quod
900 4768 1146 4840 profecto
1176 4784 1374 4824 nomen
1404 4765 1618 4822 inﬁrmo
1647 4768 1826 4823 adhuc
1854 4775 1947 4823 aut
1996 4768 2105 4822 im-

513 4857 687 4929 perito
715 4874 822 4913 non
866 4858 1139 4914 convenit.
1201 4856 1477 4929 Quotquot
1531 4855 1801 4927 perfectos
1852 4856 2000 4912 viros
2051 4854 2106 4909 in

508 4946 798 5003 afﬂictione
833 4946 1013 5003 carnis
1043 4953 1096 5001 et
1118 4945 1581 5017 contemplatione
1626 4945 1825 5000 mentis
1868 4942 2105 5015 proferi-

506 5052 649 5104 mus,
683 5044 1002 5107 serpentem
1035 5035 1185 5090 Naas
1218 5042 1293 5089 tot
1321 5034 1553 5089 armatis
1572 5033 1852 5089 elidimus.
1867 5031 2107 5103 Sedjam

508 5124 760 5183 obsessos
791 5124 989 5199 quibus
1022 5124 1209 5180 verbis
1238 5122 1389 5196 regis
1420 5121 1691 5178 exercitus
1718 5121 1985 5177 contortet
2013 5134 2108 5175 au-

504 5212 736 5270 diamus.

585 5312 759 5379 (Yers.
793 5311 870 5383 9.)
905 5314 974 5368 Et
1011 5311 1293 5368 dixerunt
1321 5307 1395 5364 iis
1417 5310 1512 5381 qui
1560 5311 1831 5366 venerant
1852 5327 1871 5365 .-
1903 5306 1992 5363 Sic
2024 5304 2109 5361 di-

507 5400 649 5455 cetis
673 5400 831 5466 viris,
852 5401 949 5472 qui
967 5405 1108 5456 sunt
1132 5400 1292 5456 labes
1330 5398 1543 5456 Galaad
1566 5416 1583 5454 :
1630 5397 1763 5453 Cras
1803 5395 1914 5452 erit
1962 5393 2109 5451 vobis

505 5488 682 5556 salus,
707 5503 835 5543 cum
858 5486 1172 5544 incaluerit
1199 5488 1301 5546 sal.

581 5589 667 5646 10.
700 5584 832 5642 Tale
868 5584 1102 5643 fortasse
1141 5594 1222 5643 est
1258 5585 1413 5657 illud,
1460 5584 1608 5660 quod
1646 5584 1808 5644 nobis
1846 5581 2107 5659 sapientis

2165 479 2484 535 ascenderit
2501 495 2672 551 super
2691 483 2765 543 te,
2793 479 2975 535 locum
3016 482 3182 535 tuum
3221 480 3334 536 cito
3372 494 3486 535 non
3524 480 3731 536 deseras

2169 565 2370 633 (Eccle.
2410 582 2470 634 x,
2515 568 2585 638 ι).
2628 570 2805 624 Locus
2841 567 3256 637 uniuscujusque
3306 566 3460 623 electi
3500 575 3576 623 est
3611 568 3736 623 situs

2168 653 2326 711 bona:
2381 657 2829 714 conversationis.
2889 656 3117 726 Quando
3175 664 3351 711 autem
3411 654 3734 728 permittitur,

2168 743 2502 816 impugnans
2539 747 2764 817 spiritus
2801 753 3129 818 potestatem
3170 745 3292 800 habt
3312 760 3372 799 re
3408 752 3597 815 potest,
3621 746 3739 814 quia

2170 832 2488 904 impugnare
2526 836 2823 892 electorum
2863 836 3033 892 corda
3071 835 3379 889 nullatenus
3418 840 3615 905 posset,
3646 832 3740 888 nisi

2171 923 2275 979 hoc
2295 924 2632 995 dispensatio
2670 925 2853 981 divina
2872 924 3230 996 permitteret.
3258 922 3500 991 Praecipit
3527 936 3670 992 ergo,
3689 929 3742 976 ut

2171 1010 2347 1067 locum
2387 1021 2628 1069 nostrum
2666 1028 2773 1069 non
2811 1013 3141 1081 deseramus,
3183 1011 3311 1085 quia
3354 1011 3397 1066 si
3417 1010 3550 1066 inter
3582 1015 3742 1065 tenta-

2172 1101 2379 1157 tionum
2437 1102 2636 1158 breves
2674 1102 2920 1158 tenebras
2968 1102 3136 1159 fortes
3185 1116 3392 1168 sumus,
3431 1098 3536 1156 cito
3572 1097 3742 1153 divina

2172 1188 2266 1245 lux
2305 1190 2498 1259 aderit,
2522 1192 2578 1246 in
2623 1193 2778 1263 cujus
2815 1192 3050 1247 adventu
3087 1189 3430 1246 tenebrarum
3450 1187 3614 1244 virtus
3632 1201 3747 1242 eva-

2175 1280 2368 1334 nescit.
2392 1280 2534 1336 Bene
2553 1296 2686 1353 ergo
2706 1280 2931 1337 dicitur:
2953 1279 3087 1336 Cras
3107 1279 3283 1347 enim,
3306 1293 3434 1334 cum
3460 1276 3748 1334 incoluerit

2176 1370 2279 1436 sol,
2302 1369 2414 1425 erit
2442 1369 2592 1426 vobis
2611 1370 2789 1427 salus.
2805 1369 3130 1424 Sanctorum
3141 1365 3561 1438 praedicatorum
3573 1365 3750 1419 exhor-

2179 1459 2308 1515 tatio
2331 1459 2448 1515 dies
2466 1467 2570 1525 est,
2595 1459 2722 1530 quia
2747 1459 2873 1514 dum
2896 1466 3101 1514 tentata
3139 1456 3410 1512 minorum
3442 1454 3605 1510 corda
3646 1460 3752 1508 tan-

2178 1548 2276 1621 git,
2301 1548 2370 1604 ad
2390 1565 2547 1620 spem
2564 1548 2808 1605 victoriae
2836 1546 3021 1620 erigit.
3060 1545 3169 1602 Sed
3208 1547 3345 1601 hanc
3382 1558 3489 1598 nox
3506 1541 3750 1612 sequitur,

2179 1635 2303 1709 quia
2338 1634 2445 1689 etsi
2482 1634 2667 1693 divina
2722 1633 2922 1689 auxilia
2972 1638 3315 1703 separantur,
3368 1627 3539 1685 adhuc
3588 1634 3757 1681 tamen

2100 1744 2157 1809 Β
2184 1724 2447 1778 irruentes
2464 1721 2859 1779 desideriorum
2880 1720 3181 1779 carnalium
3201 1717 3565 1809 tenebrarum
3583 1714 3755 1809 disce-

2185 1812 2337 1867 dunt.
2361 1811 2495 1880 Quis
2517 1819 2595 1867 est
2615 1827 2751 1883 ergo
2777 1810 2896 1867 dies
2912 1810 3187 1866 crastinus
3206 1807 3312 1863 nisi
3348 1805 3542 1863 divina
3579 1802 3753 1860 visita-

2186 1900 2348 1957 tionis
2369 1900 2634 1956 adventus
2673 1901 2701 1953 ‘i
2732 1899 3013 1955 Crastinus
3054 1898 3197 1954 enim
3241 1897 3362 1952 dies
3398 1893 3606 1960 dicitur,
3639 1891 3760 1964 quia

2187 1991 2405 2045 tentatis
2425 1988 2608 2045 electis
2621 1988 2789 2044 divini
2810 1987 2991 2043 auxilii
3005 1985 3266 2058 splendor
3276 1984 3438 2041 valde
3448 1982 3649 2038 vicinus
3662 1985 3756 2035 est.

2186 2080 2343 2137 Unde
2372 2087 2422 2135 et
2442 2095 2540 2151 per
2551 2080 2871 2149 prophetam
2888 2076 3155 2132 Dominus
3165 2074 3320 2129 dicit:
3343 2076 3453 2146 Ego
3468 2072 3606 2127 Deus
3617 2069 3680 2125 de
3691 2068 3761 2123 vi-

2188 2169 2334 2233 cino,
2351 2173 2407 2225 et
2425 2183 2540 2224 non
2556 2170 2701 2224 Deus
2712 2166 2778 2223 de
2793 2166 3347 2237 longe(Jerem.xxm,
3365 2161 3475 2225 23).
3489 2155 3765 2214 HincPsal-

2188 2258 2350 2313 mista
2364 2256 2493 2312 dicit
2509 2276 2521 2312 :
2538 2259 2713 2329 Prope
2724 2260 2806 2312 est
2819 2256 3090 2312 Dominus
3101 2252 3360 2311 omnibus
3394 2247 3766 2306 invocantibus

2190 2360 2318 2403 eum
2330 2347 2393 2401 in
2406 2347 2646 2402 veritate
2658 2345 2838 2415 (Psat.
2853 2358 3038 2411 cxuv,
3061 2343 3170 2411 18).
3186 2339 3325 2395 Hinc
3339 2339 3467 2394 item
3480 2337 3595 2408 ipse
3607 2332 3769 2390 Domi-

2190 2451 2293 2490 nus
2317 2433 2656 2505 repromittit,
2679 2432 2865 2488 dicens
2889 2451 2904 2488 :
2927 2434 3243 2503 Antequam
3271 2443 3364 2485 me
3383 2426 3666 2492 invocetis,
3687 2422 3769 2480 di-

2191 2540 2315 2580 cam
2332 2545 2351 2581 .-
2374 2524 2532 2590 Ecce,
2553 2523 2753 2578 adsum
2776 2521 3079 2590 (Isa.1.vm,
3103 2520 3178 2588 9).
3212 2516 3345 2572 Dies
3385 2529 3520 2587 ergo
3555 2512 3767 2585 primus,

2192 2611 2286 2668 lux
2308 2611 2735 2684 pradieationis,
2758 2610 3027 2666 crastinus
3054 2607 3252 2662 divinae
3290 2605 3490 2678 gratiae
3529 2605 3626 2658 est.
3672 2598 3773 2655 Sed

2195 2701 2491 2758 notandum
2523 2702 2649 2771 quia
2670 2699 2807 2754 dixit
2841 2717 2853 2754 :
2896 2697 3034 2755 Cum
3070 2694 3388 2752 incaluerit
3422 2693 3507 2748 sol
3525 2709 3549 2754 ;
3583 2696 3639 2745 ut
3672 2685 3771 2742 diei

2195 2790 2411 2848 claritas
2431 2789 2815 2846 obscuritatem
2836 2802 3026 2843 sensus
3053 2784 3339 2849 illuminat,
3385 2788 3441 2839 et
3476 2779 3621 2836 calor
3655 2776 3776 2832 solis

2198 2876 2461 2933 accendat
2480 2890 2720 2930 amorem
2741 2872 2959 2934 cordis;
2980 2878 3037 2925 ut
3051 2885 3205 2924 mens
3225 2868 3428 2922 bonum
3451 2864 3593 2936 quod
3612 2860 3780 2932 cupiat

2196 2980 2296 3037 per
2315 2964 2491 3020 lucem
2515 2961 2716 3027 videat,
2740 2969 2793 3017 et
2823 2960 2966 3030 quod
3004 2958 3152 3014 videt
3190 2972 3289 3029 per
3321 2955 3559 3011 calorem
3597 2947 3780 3037 mentis

2199 3034 2572 3120 concupiscat.
2622 3045 2914 3102 Geminum
2936 3043 3135 3114 quippe
3154 3042 3259 3097 hoc
3279 3040 3478 3096 mentis
3490 3034 3779 3093 remedium

2200 3147 2390 3196 contra
2410 3136 2635 3207 duplum
2657 3134 2857 3189 diaboli
2880 3133 3084 3188 bellum
3105 3129 3414 3186 exhibetur.
3470 3127 3605 3182 Nam
3626 3120 3778 3178 mali-

2199 3244 2343 3302 gnus
2363 3228 2607 3299 spiritus,
2631 3234 2693 3280 ut
2722 3231 2932 3278 mentes
2957 3221 3256 3277 electorum
3276 3218 3536 3273 tentando
3556 3217 3782 3302 superet,

2202 3298 2350 3388 prius
2371 3298 2622 3371 tenebras
2642 3311 3035 3384 cogitationum
3052 3308 3328 3364 malarum
3352 3305 3562 3376 objicit,
3600 3298 3785 3358 deinde

2203 3404 2766 3476 concupiscentiarum
2787 3400 3033 3456 ﬂammas
3055 3396 3328 3464 accendit,
3352 3396 3484 3467 quia
3521 3391 3621 3449 nisi
3652 3389 3789 3463 prius

2204 3502 2438 3551 mentem
2491 3490 2803 3559 caacaverit,
2867 3488 2935 3544 ad
3011 3487 3273 3559 pravitem
3340 3476 3789 3554 concupiscentiae

2206 3599 2313 3640 non
2333 3581 2585 3654 impellit.
2624 3580 2813 3635 Electa
2853 3593 2984 3634 vero
3029 3559 3193 3627 265
3234 3590 3395 3630 mens
3434 3573 3566 3629 dum
3605 3564 3793 3625 tentari

2203 3673 2612 3747 permittitutur,
2637 3669 2755 3740 ejus
2793 3675 2956 3723 statut
3020 3666 3077 3721 in
3128 3673 3362 3735 utroque
3384 3662 3656 3726 turbatur,
3679 3655 3797 3731 quia

2206 3764 2262 3820 in
2292 3770 2499 3819 tantum
2519 3756 3072 3829 concupiscentiarum
3092 3753 3369 3809 molestias
3379 3750 3588 3807 sentire
3610 3751 3795 3820 potest,

2208 3854 2262 3908 in
2285 3858 2568 3924 quantum,
2590 3846 2933 3918 permittente
2954 3844 3091 3911 Deo,
3116 3840 3518 3913 cogitationum
3558 3834 3796 3931 tenebras

2208 3942 2447 4012 abjicere
2502 3954 2534 3993 a
2571 3953 2630 3993 se
2670 3951 2782 3991 non
2825 3941 3019 4005 potest.
3075 3931 3185 3987 Sed
3206 3929 3333 4001 quia
3377 3943 3415 3983 a
3445 3929 3566 3983 Deo
3614 3929 3799 4012 tentari

2207 4008 2548 4105 permittitur,
2582 4025 2635 4080 in
2656 4024 2897 4080 adventu
2921 4021 3039 4091 ejus
3059 4019 3266 4091 gratiae,
3290 4017 3359 4072 ab
3379 4025 3616 4105 utroque
3659 4008 3796 4105 male

2208 4101 2527 4176 relevetur:
2578 4115 2710 4169 dum
2750 4119 2941 4168 contra
2988 4107 3245 4165 tenebras
3299 4105 3484 4161 lucem
3506 4101 3718 4173 accipit,
3749 4103 3801 4154 et

2209 4226 2307 4281 per
2326 4207 2563 4263 calorem
2592 4198 2934 4258 advenientis
2952 4196 3186 4267 spiritus,
3210 4193 3395 4263 abjicit
3441 4194 3620 4265 frigus
3646 4203 3797 4244 men-

2210 4299 2295 4353 tis.
2329 4293 2519 4364 Incipit
2539 4292 2685 4348 enim
2704 4290 2894 4345 videre
2916 4284 3160 4342 caelestia
3200 4284 3293 4355 qui
3329 4282 3518 4338 levare
3566 4286 3800 4335 mentem

2212 4382 2568 4442 acarnalibus
2638 4394 2744 4433 non
2784 4375 3021 4444 valebat,
3063 4381 3118 4429 et
3162 4388 3283 4442 qum
3320 4378 3572 4427 amanter
3614 4364 3799 4438 aspicit

2206 4475 2457 4533 ardenter
2474 4468 2639 4540 cupit.
2685 4469 2829 4522 Bene
2848 4479 2980 4536 ergo
3027 4463 3225 4519 dicitur
3263 4478 3276 4516 :
3320 4460 3465 4516 Cras
3504 4461 3619 4516 erit
3657 4453 3798 4512 vobis

2212 4561 2390 4621 salus,
2413 4572 2543 4613 cum
2562 4551 2874 4609 incaluerit
2897 4549 2980 4605 sol
2992 4569 3015 4612 ,-
3040 4546 3166 4618 quia
3186 4545 3231 4600 si
3251 4544 3463 4602 validas
3483 4540 3692 4612 antiqui
3713 4540 3805 4593 ho-

2213 4640 2775 4715 stisimpugnationes
2804 4637 3033 4692 viriliter
3072 4635 3321 4702 ferimus,
3362 4632 3567 4688 divina:
3621 4626 3806 4702 gratia:

2213 4734 2493 4793 celeritate
2515 4730 2868 4785 sublevamur
2886 4724 2954 4778 ad
2986 4724 3162 4779 lucem
3217 4722 3403 4778 cordis
3452 4729 3509 4777 et
3555 4719 3805 4776 virtutem

2213 4838 2427 4896 magnae
2447 4817 2746 4878 charitatis.
2771 4815 2837 4871 Et
2857 4811 2984 4885 quia
3005 4812 3107 4866 hoc
3134 4818 3443 4867 sanctorum
3474 4807 3804 4881 praedicato-

2211 4930 2332 4969 rum
2390 4908 2680 4967 consilium
2720 4905 2893 4961 electa
2940 4899 3278 4956 subditorum
3324 4896 3489 4954 corda
3534 4902 3810 4968 gratanter

2213 5001 2507 5073 excipiunt,
2539 4995 2780 5068 sequitur
2802 5010 2817 5048 :

2284 5109 2461 5176 (Vers.
2495 5106 2573 5174 9.)
2602 5102 2885 5159 Venerunt
2924 5110 3051 5167 ergo
3087 5094 3287 5151 nuntii
3324 5099 3382 5151 et
3426 5093 3809 5150 annuntiave-

2213 5199 2354 5257 runt
2376 5194 2511 5249 viris
2534 5191 2711 5249 labes.
2740 5187 2845 5255 Qui.
2869 5183 3056 5241 laetati
3074 5187 3241 5239 sunt.

2286 5291 2394 5349 Sed
2426 5290 2584 5346 etiam
2616 5287 2887 5361 promisso
2918 5285 3021 5341 sibi
3052 5285 3276 5346 auxilio,
3301 5282 3429 5355 quid
3478 5273 3811 5336 Ammonitis

2213 5380 2579 5455 respondeant
2603 5378 2905 5434 audiamus.
2930 5378 3070 5433 Nam
3102 5376 3384 5447 sequitur:

2285 5498 2463 5566 (Vera.
2490 5496 2600 5566 10.)
2634 5496 2702 5550 Et
2722 5494 2997 5551 dixerunt
3021 5492 3221 5551 :Mane
3259 5490 3542 5549 exibimus
3582 5484 3661 5542 ad
3702 5497 3810 5548 vos.

2215 5589 2274 5643 et
2291 5584 2523 5655 facietis
2546 5582 2698 5644 nobis
2717 5598 2881 5643 omne
2896 5581 3039 5657 quod
3055 5578 3343 5657 placuerit
3365 5575 3543 5638 vobis.
