4034 6174
296 342 377 403 321
1098 332 1173 397 IN
1201 328 1471 398 ramum
1499 328 1745 393 neeum
1772 322 2314 393 EXPOSITIONES.
2353 369 2421 381 -
2451 286 2583 396 LlB.
2623 328 2693 398 v.

3454 340 3560 413 922

352 473 429 525 ll.
452 468 560 523 Hoc
589 464 984 538 profecto,quia
1007 463 1083 519 illi
1111 464 1300 520 dicunt
1320 461 1414 536 qui
1436 463 1549 534 jam
1581 460 1649 516 de
1664 459 1844 517 vicino
1872 456 1927 517 A
1960 474 2098 528 rum,
2131 470 2292 532 atque
2319 464 2605 536 Evangelii
2643 466 2851 537 jejunis
2908 470 3295 539 producuntur.
3329 477 3395 532 Et
3449 496 3547 536 ve-

295 557 470 613 auxilio
497 556 666 611 securi
692 564 817 610 sunt
845 554 1137 627 quamdam
1168 568 1317 624 spem
1348 551 1597 607 hostibus
1622 550 1858 605 tribuunt

295 661 410 717 quos
433 644 791 715 promittendo
820 644 1080 698 illudunt.
1118 642 1263 697 Voce
1287 641 1504 711 quidem
1525 639 1856 694 debilitatem

293 735 542 803 simulant,
574 733 670 789 sed
704 732 1076 788 fortitudinem
1110 730 1362 802 promissi
1377 729 1560 785 auxilii
1587 729 1733 783 intus
1750 743 1861 782 ser-

291 832 417 879 vant.
446 823 597 877 Aliud
627 837 761 893 ergo
779 821 1125 892 promittunt,
1159 819 1305 875 aliud
1324 819 1568 877 credunt.
1588 817 1692 887 Qui
1713 817 1859 873 enim

289 912 546 969 dicebant:
571 912 708 967 Cras
748 912 1032 967 exibimus
1070 909 1143 965 ad
1176 923 1288 975 vos,
1337 912 1396 963 et
1444 907 1669 973 facietis
1698 906 1859 963 nobis

289 1016 430 1056 omne
442 1000 582 1072 quod
597 999 886 1071 placuerit
905 998 1071 1066 vobis,
1101 999 1205 1052 hoc
1233 996 1442 1052 dabant
1469 995 1715 1051 hostibus
1734 1010 1859 1051 cre-

287 1092 413 1158 dere,
444 1089 589 1160 quod
619 1088 699 1143 sic
726 1103 789 1143 se
816 1087 871 1142 in
894 1102 1084 1143 eorum
1113 1085 1671 1154 manibustraderent,
1693 1091 1753 1139 ut
1782 1084 1859 1138 fa-

284 1194 388 1234 cere
413 1178 476 1234 de
508 1177 591 1233 eis
620 1184 843 1248 possent
869 1189 1218 1248 quacunque
1248 1175 1561 1230 voluissent.
1612 1173 1719 1230 Sed
1765 1170 1859 1243 qui

283 1270 329 1323 in
351 1267 483 1322 diem
510 1275 829 1339 sequentem
860 1273 1137 1321 venturum
1168 1280 1355 1337 regem
1384 1263 1440 1318 in
1486 1280 1641 1319 suum
1700 1265 1858 1320 auxi-

281 1358 395 1411 lium
422 1360 710 1423 noverant,
724 1354 874 1410 exire
902 1369 1022 1409 com
1051 1368 1118 1409 eo
1147 1369 1258 1409 non
1284 1353 1355 1409 ad
1386 1353 1619 1408 hostium
1639 1368 1854 1422 manus,

280 1445 361 1500 sed
385 1444 452 1499 ad
478 1441 920 1499 interfectionem
950 1441 1285 1514 cogitabant.
1319 1442 1632 1498 Secundum
1689 1443 1855 1513 spiri-

280 1534 453 1589 tualem
480 1548 619 1588 vero
648 1547 868 1587 sensum
897 1531 1130 1601 serpenti
1158 1532 1326 1599 Naas,
1359 1531 1415 1586 id
1444 1539 1524 1587 est
1551 1530 1698 1604 gulae
1717 1547 1854 1588 cen-

278 1620 607 1693 cupiscentia
626 1620 681 1673 in
711 1619 801 1674 die
832 1633 931 1673 suo
958 1626 1197 1673 nostrum
1227 1618 1435 1673 exitum
1465 1619 1853 1689 promittimus,

275 1708 359 1764 sed
382 1724 476 1763 nos
503 1708 565 1762 in
594 1706 685 1761 die
712 1712 905 1762 nostro
935 1706 1056 1776 ejus
1105 1708 1251 1761 acies
1304 1705 1661 1762 debellamus.
1722 1706 1854 1762 Dies

1963 547 2143 604 niente
2173 551 2261 605 die
2291 553 2545 620 crastino,
2579 555 2758 610 media
2786 565 2961 612 castra
2991 559 3185 615 doctor
3211 561 3547 636 ingreditur:

1965 639 2092 707 quia
2119 654 2243 693 cum
2273 641 2457 696 divina
2473 642 2665 713 gratia,
2680 658 2800 713 qua
2820 645 2889 698 ad
2911 646 3215 703 docendum
3230 655 3397 708 corda
3418 672 3555 725 pra-

1967 727 2267 783 dicatorum
2294 729 2580 797 illuminat,
2614 733 2921 787 auditorum
2975 736 3137 790 etiam
3168 751 3373 798 mentes
3427 746 3556 801 irra-

1967 815 2099 881 diat,
2132 825 2184 871 et
2213 818 2280 871 ad
2313 834 2463 889 spem
2496 820 2737 875 victoria
2766 826 3018 889 potenter
3032 823 3192 881 levat.
3215 830 3273 881 In
3289 831 3375 885 die
3395 832 3558 904 igitur

1966 905 2204 960 crastino
2260 906 2450 962 doctor
2506 908 2929 979 triumphaturus
2983 920 3160 968 castra
3215 917 3556 978 inimicorum

1967 992 2286 1063 ingreditur,
2320 1004 2374 1051 et
2402 996 2593 1067 aperit,
2653 997 2710 1051 in
2765 998 2949 1070 eisque
3004 1004 3561 1075 concupiscentiamm

1968 1083 2112 1137 acies
2140 1091 2388 1153 potenter
2417 1084 2565 1139 ferit.
2617 1086 2687 1140 Et
2741 1087 2869 1158 quia
2927 1089 3169 1158 ipsorum
3224 1094 3560 1155 subditorum

1966 1181 2173 1226 mentes
2202 1172 2473 1228 audiendo
2502 1172 2818 1244 proﬁciunt,
2851 1175 2905 1230 in
2934 1177 3127 1250 vigilia
3156 1184 3423 1240 matutina
3466 1203 3563 1244 rex

1965 1259 2162 1315 dicitur
2189 1270 2358 1316 castra
2389 1261 2831 1317 Ammonitarum
2862 1265 3094 1337 ingredi,
3127 1278 3179 1324 et
3207 1287 3378 1343 usque
3433 1276 3565 1333 dum

1964 1350 2081 1405 dies
2109 1351 2474 1419 incalesceret,
2506 1351 2561 1405 in
2590 1366 2772 1407 eorum
2804 1354 3048 1410 cadibus
3076 1356 3370 1419 immorari.
3406 1365 3567 1439 Vigi-

1966 1439 2042 1494 lia
2071 1439 2291 1510 quidem
2323 1439 2584 1494 matutina
2614 1440 2666 1494 in
2706 1441 2805 1496 Dei
2863 1444 3192 1513 aspiratione
3248 1459 3325 1506 est
3383 1453 3565 1513 fervor

1967 1527 2100 1583 solis
2127 1528 2182 1582 in
2212 1529 2331 1598 ejus
2359 1528 2713 1598 plenitudine.
2749 1529 2907 1585 Velut
2935 1533 3080 1587 enim
3112 1539 3373 1596 matutina
3402 1546 3563 1603 nobis

1962 1616 2053 1671 lux
2083 1616 2271 1684 oritur,
2318 1617 2535 1687 quando
2594 1618 2828 1672 tenebris
2883 1623 3238 1680 tentationum
3295 1630 3559 1704 depressi,

1963 1705 2139 1760 lucem
2157 1705 2371 1761 virtutis
2405 1705 2473 1759 ab
2504 1720 2599 1761 ore
2640 1707 3062 1776 praedicatorum
3075 1714 3565 1791 videreincipimus

275 1797 471 1870 quidem
498 1797 628 1866 ejus
654 1803 744 1850 est
764 1794 1051 1851 delectatio
1078 1810 1358 1865 corporeae
1387 1796 1703 1852 saturitatis.
1745 1795 1848 1864 Qui
1880 1810 1939 1873 Β
1969 1810 2132 1865 quam
2163 1810 2472 1866 sequamur.
2504 1794 2569 1848 Et
2623 1795 2704 1850 sol
2754 1796 2914 1852 nobis
2971 1799 3262 1873 incalescit,
3290 1823 3409 1861 cum
3466 1827 3567 1882 per

275 1886 401 1942 enim
427 1883 693 1956 proponit
719 1892 966 1941 ventrem
996 1898 1099 1954 pro
1128 1892 1258 1938 voto
1284 1884 1515 1954 replere,
1548 1884 1699 1954 quasi
1710 1885 1855 1940 diem

275 1974 483 2045 primum
516 1971 981 2044 concupiscentia
1009 1970 1248 2039 dedicat,
1282 1980 1335 2027 et
1361 1979 1541 2027 tamen
1568 1973 1746 2029 adhuc
1765 1974 1854 2029 in-

274 2070 348 2118 tus
372 2071 466 2129 est,
489 2061 629 2134 quia
644 2060 937 2134 quamdam
951 2059 1126 2116 lucem
1141 2060 1524 2116 delectationis
1550 2062 1854 2133 proposuit,

278 2166 417 2221 quam
442 2149 731 2223 operando
758 2164 868 2205 non
894 2148 1048 2206 vidit.
1080 2148 1212 2204 Cras
1242 2164 1375 2222 ergo
1430 2150 1579 2217 exiit,
1624 2149 1715 2222 qui
1754 2151 1857 2206 hoc

274 2239 429 2297 latum
459 2239 617 2310 quod
645 2238 797 2295 carni
824 2237 1094 2307 promisit,
1148 2245 1203 2293 et
1259 2239 1537 2308 operando
1592 2247 1647 2295 et
1699 2239 1856 2296 dele-

273 2329 451 2384 ctando
478 2327 759 2383 exhibuit.
791 2326 898 2382 Sed
926 2326 1098 2382 sancti
1122 2325 1243 2395 viri,
1303 2334 1362 2381 ut
1416 2328 1667 2399 superius
1719 2328 1853 2397 dixi,

274 2417 400 2489 gula
426 2416 705 2485 illudunt;
739 2414 866 2487 quia
894 2431 1015 2470 cum
1047 2414 1117 2470 ab
1145 2415 1260 2484 ejus
1289 2416 1529 2486 appetitu
1558 2416 1857 2487 desperare

272 2507 659 2577 inperpetuum
690 2510 983 2576 nequeunt,
1033 2503 1172 2558 illud
1228 2504 1374 2575 quod
1428 2505 1752 2574 promittunt
1805 2513 1861 2562 et

268 2608 364 2649 non
386 2601 629 2660 sumunt,
663 2593 816 2663 quasi
845 2592 902 2646 in
932 2592 1109 2647 futura
1165 2592 1285 2648 luce
1340 2593 1720 2650 delectationis
1777 2610 1860 2649 re-

268 2683 607 2752 promittunt.
645 2681 834 2738 Coacti
864 2680 1086 2752 quidem
1117 2689 1243 2736 sunt
1274 2681 1406 2737 foris
1434 2682 1606 2737 nimia
1639 2683 1859 2755 fragili-

268 2774 364 2827 tate
391 2771 596 2840 cumis,
624 2778 681 2826 et
716 2770 860 2825 intus
886 2769 1058 2825 induti
1087 2770 1289 2826 robore
1316 2786 1532 2843 magna
1553 2772 1854 2828 charitatis.

269 2860 359 2915 Per
381 2860 513 2915 illud
561 2858 804 2931 quidem,
864 2858 957 2930 qui
1011 2858 1343 2930 appetitibus
1396 2861 1703 2916 renuntiare
1757 2878 1858 2917 ne-

271 2958 471 3019 queunt,
503 2948 668 3020 quasi
705 2947 960 3003 exteriori
1010 2962 1148 3003 voce
1200 2947 1544 3018 promittunt,
1601 2949 1749 3022 quod
1803 2950 1860 3004 in

268 3037 556 3093 intentione
584 3052 695 3092 non
724 3036 945 3091 habent.
964 3036 1069 3092 Per
1088 3035 1224 3092 illud
1252 3053 1401 3107 vero,
1427 3038 1553 3108 quia
1579 3039 1649 3095 de
1667 3039 1859 3097 divino

270 3127 425 3182 securi
455 3133 608 3194 sunt,
640 3124 789 3180 aliud
815 3132 1122 3197 proponunt
1149 3141 1341 3196 agere,
1365 3142 1528 3198 quam
1559 3129 1859 3200 loquuntur

268 3213 588 3270 inﬁrmitatis
614 3228 775 3269 voce.
814 3211 877 3267 In
904 3213 993 3268 die
1022 3213 1189 3285 igitur
1215 3229 1316 3270 suo
1345 3215 1417 3269 ad
1444 3216 1589 3271 Naas
1635 3226 1854 3288 exeunt,

270 3302 382 3373 quia
409 3303 480 3358 ad
506 3302 942 3374 oppugnandum
991 3302 1137 3375 gula
1191 3303 1706 3375 concupiscentiam,
1764 3322 1862 3378 per

267 3390 427 3447 lucem
454 3391 687 3462 superni
715 3390 903 3446 auxilii
929 3391 1374 3464 progrediuntur,
1425 3401 1480 3449 et
1517 3393 1718 3450 visitati
1761 3413 1861 3451 sn-

267 3495 421 3551 perna
465 3480 675 3553 gratia,
704 3479 816 3549 jam
866 3489 1056 3536 contra
1088 3496 1308 3536 omnem
1361 3484 1544 3538 carnis
1599 3484 1862 3556 impetum

269 3568 420 3626 fortes
448 3577 602 3637 sunt,
633 3570 725 3639 qui
757 3568 1004 3624 derelicti
1025 3569 1098 3624 ad
1128 3570 1421 3636 modicum,
1443 3573 1559 3642 ejus
1575 3572 1863 3648 impugna-

266 3666 435 3714 menta
460 3660 730 3714 timuere.
751 3656 854 3726 Qui
875 3658 1119 3728 profecto
1150 3658 1354 3715 divina
1368 3661 1562 3733 gratia
1582 3664 1859 3732 splendor,

268 3746 380 3816 quia
420 3763 522 3818 per
584 3761 679 3802 ora
735 3746 1153 3816 pradicatorum
1209 3749 1505 3821 aliquando
1560 3751 1864 3810 minoribus

267 3845 448 3891 sancta
477 3835 747 3891 Ecclesia
774 3835 1044 3891 membris
1072 3835 1390 3906 infunditur,
1426 3842 1698 3910 sequitur:

331 3925 506 3992 (Vers.
533 3926 654 3993 11.)
679 3926 746 3980 Et
759 3926 983 3995 factum
1003 3930 1108 3993 est,
1131 3941 1263 3982 cum
1285 3929 1529 3983 venisset
1549 3929 1669 3986 dies
1706 3948 1863 3988 cras-

268 4013 435 4078 tinus,
458 4014 772 4069 constituit
796 4013 944 4068 Saul
961 4014 1233 4084 populum
1248 4016 1314 4069 in
1335 4019 1453 4072 tres
1470 4022 1683 4090 partes,
1698 4022 1863 4077 etin-

264 4116 473 4171 gressus
484 4108 578 4157 est
598 4100 787 4156 media
799 4107 995 4157 castra
1015 4103 1080 4157 in
1101 4104 1298 4174 vigilia
1321 4107 1634 4174 matutina,
1649 4112 1708 4164 et
1730 4126 1865 4182 per-

266 4191 433 4245 cussit
457 4192 706 4247 Ammon
735 4204 910 4262 usque
930 4189 1064 4245 dum
1096 4192 1470 4249 incalesceret
1495 4196 1598 4251 sol.

326 4303 408 4360 12.
440 4304 504 4359 In
533 4310 721 4376 partes
750 4303 973 4375 quidem
1012 4303 1274 4360 dividitur
1287 4308 1540 4378 p0pulus,
1559 4316 1617 4363 ut
1636 4326 1864 4383 serpen-

263 4397 361 4446 tem
384 4394 538 4448 Naas
579 4393 744 4461 266
776 4407 885 4448 non
915 4408 1021 4447 una
1067 4392 1185 4449 acie
1237 4392 1518 4451 feriamus.
1544 4398 1611 4452 Et
1645 4400 1866 4470 quidem

263 4473 313 4529 in
475 4488 674 4549 partes
704 4480 981 4548 dividitur,
1015 4489 1070 4537 ut
1093 4497 1262 4538 sacra
1309 4483 1865 4543 abstinentiafructus
1894 4523 1947 4585 Β

264 4570 311 4617 et
335 4564 582 4637 dignitas
613 4569 934 4624 ostendatur
967 4584 980 4624 :
1014 4570 1141 4641 quia
1169 4571 1237 4626 ad
1269 4585 1414 4639 eam,
1447 4588 1605 4643 quam
1628 4576 1865 4632 mandu-

270 4655 434 4710 cando
463 4657 773 4728 perdimus,
807 4666 1008 4715 sancta
1038 4659 1316 4717 Trinitatis
1346 4663 1866 4733 contemplationem

258 4740 568 4811 jejunando
598 4761 938 4803 revocamur.
971 4747 1111 4804 Hine
1140 4756 1226 4804 est
1255 4749 1418 4817 enim,
1456 4751 1599 4820 quod
1626 4751 1787 4825 legis,
1814 4760 1869 4808 et

264 4828 596 4901 Prophetia,
629 4842 683 4890 et
713 4835 996 4908 Evangelii
1002 4837 1207 4907 jejunia
1236 4839 1705 4895 commendantur.
1724 4842 1866 4896 Nam

261 4916 473 4990 Moyses
504 4928 571 4975 ut
598 4922 778 4995 legem
805 4924 1099 4997 percipere
1143 4934 1464 4993 mereretur,
1496 4927 1585 4983 bis
1639 4929 1866 4999 quadra-

260 5006 405 5076 ginta
435 5010 654 5065 dierum
684 5028 911 5068 numero
934 5013 1199 5083 jejunavit
1252 5015 1458 5086 (Exod.
1502 5030 1703 5085 xxxrv,
1739 5019 1857 5091 28).

260 5092 401 5151 Elius
431 5106 492 5153 ut
522 5099 743 5156 Jesabel
774 5117 967 5157 manus
996 5102 1265 5169 evaderet,
1290 5104 1652 5177 quadraginta
1672 5106 1866 5165 diebus

257 5179 308 5235 in
335 5184 501 5240 unius
533 5187 647 5242 cibi
678 5187 991 5244 fortitudine
1023 5190 1091 5245 ad
1122 5190 1277 5247 Oreb
1301 5192 1401 5248 Dei
1446 5201 1685 5249 montem
1736 5212 1865 5268 per-

261 5272 401 5327 venit
431 5272 572 5343 (III
596 5277 729 5349 Reg.
760 5291 881 5346 xxx,
913 5279 989 5351 8).
1021 5279 1286 5335 Dominus
1309 5297 1374 5337 ac
1404 5281 1735 5355 Redemptor
1760 5300 1866 5342 no-

260 5365 360 5415 ster
385 5362 553 5419 Iesus
585 5364 830 5421 Christus
856 5382 960 5439 per
987 5367 1355 5442 quadraginta
1412 5370 1529 5427 dies
1582 5371 1637 5426 in
1683 5389 1866 5431 eremo

258 5445 533 5520 jejunans,
560 5454 774 5511 nullum
803 5455 1116 5514 omnimodo
1145 5457 1326 5515 cibum
1356 5459 1586 5532 sumpsit
1633 5462 1859 5531 (Matth.

266 5552 338 5594 iv.
371 5544 449 5613 2).
486 5542 554 5600 In
585 5550 691 5602 tres
718 5559 857 5620 ergo
894 5554 1105 5618 partes.
1133 5545 1262 5604 Saul
1314 5548 1579 5620 populum
1635 5550 1863 5610 dividit:

270 5626 389 5707 quia
416 5629 476 5691 in
502 5634 820 5715 exemplum
848 5633 1252 5713 abstinentium,
1286 5637 1447 5719 Legis
1477 5647 1530 5699 et
1573 5641 1867 5720 Pr0pheta-

1965 1900 2153 1943 eJrum
2181 1883 2353 1939 verba
2377 1898 2530 1937 mens
2557 1891 2734 1938 nostra
2764 1888 3123 1956 succenditur,
3157 1900 3209 1946 et
3237 1897 3391 1965 quasi
3449 1900 3565 1955 fer-

1963 1973 2143 2031 ventis
2171 1971 2305 2028 solis
2333 1970 2517 2025 calore
2544 1971 2791 2043 decocta,
2824 1974 3111 2032 desideriis
3166 1979 3555 2045 inflammatur.

1964 2065 2116 2119 Tunc
2145 2060 2344 2131 quippe
2372 2062 2603 2114 Ammon
2634 2061 2981 2117 vehementer
3007 2066 3235 2122 caeditur
3260 2087 3271 2122 :
3307 2073 3433 2143 quia
3476 2075 3563 2132 vi-

1964 2150 2163 2206 tiorum
2192 2147 2426 2219 populus
2453 2147 2520 2201 de
2550 2148 2748 2203 nostris
2776 2151 3027 2206 sensibus
3055 2151 3338 2228 eﬂ‘ugatur.
3371 2162 3568 2221 Rector

1964 2238 2148 2311 igitur,
2173 2236 2265 2308 qui
2294 2237 2349 2289 in
2377 2235 2567 2307 vigilia
2612 2237 2873 2293 matutina
2918 2242 3345 2302 Ammonitarum
3393 2260 3569 2309 castra

1955 2326 2285 2399 ingreditur,
2317 2340 2490 2396 usque
2517 2324 2644 2379 dum
2676 2326 2965 2383 incalescat
2995 2330 3129 2401 dies,
3175 2333 3246 2387 ab
3300 2337 3567 2398 interfec-

1967 2416 2111 2471 tione
2138 2413 2385 2485 gladium
2414 2427 2523 2469 non
2554 2415 2833 2477 recondat.
2865 2418 2994 2487 quia
3022 2421 3203 2476 tandiu
3235 2424 3398 2481 debet
3427 2429 3564 2483 sub-

1966 2504 2204 2559 ditorum
2234 2517 2457 2559 suorum
2484 2501 2773 2558 eruditioni
2817 2504 3084 2575 insistere,
3145 2514 3384 2579 quandiu
3442 2517 3567 2574 illos

1966 2591 2196 2661 aspiciat
2225 2590 2438 2662 magnis
2462 2590 2658 2646 interni
2687 2591 2906 2647 luminis
2921 2594 3193 2653 caloribus
3220 2599 3565 2662 inﬂammari.

1966 2678 2086 2748 Quo
2116 2680 2171 2733 in
2200 2680 2320 2734 loco
2349 2678 2646 2734 notandum
2675 2687 2786 2734 est:
2819 2682 2949 2751 quia
2975 2684 3145 2754 Naas,
3177 2687 3233 2742 id
3249 2698 3331 2745 est
3346 2708 3570 2765 serpens

1964 2767 2394 2823 Ammonitarum
2424 2782 2519 2821 rex
2549 2782 2666 2821 esse
2695 2768 2925 2825 dicitur:
2958 2771 3073 2842 ipse
3101 2780 3283 2831 autem
3335 2782 3569 2839 Ammon

1964 2856 2202 2928 populus
2230 2855 2479 2912 maroris
2509 2855 2913 2927 interpretatur.
2948 2861 3013 2915 Et
3040 2863 3169 2933 quia
3192 2864 3250 2920 in
3276 2867 3383 2925 hoc
3437 2887 3563 2926 ser-

1965 2952 2129 3016 pente
2158 2943 2303 3017 gula
2335 2942 2524 2998 vitium
2553 2945 2835 3018 designari
2866 2948 3121 3021 diximus,
3143 2969 3263 3008 cum
3279 2957 3425 3012 Naas
3444 2975 3568 3029 per-

1967 3034 2181 3102 cutitur,
2214 3032 2459 3087 maroris
2478 3033 2712 3104 populus
2758 3035 3097 3095 debellatur:
3157 3043 3283 3112 quia
3337 3062 3404 3101 ex
3457 3063 3566 3106 uno

1966 3123 2110 3194 gula
2138 3122 2288 3189 vitio,
2317 3121 2599 3176 innumera
2624 3123 2880 3179 vitiorum
2910 3127 3133 3199 agmina
3160 3133 3230 3186 ad
3261 3134 3568 3192 conﬂictum

1969 3211 2165 3267 anima
2189 3210 2581 3282 producuntur.
2614 3212 2681 3266 Et
2708 3228 2831 3267 cum
2861 3214 3006 3270 idem
3037 3218 3184 3289 gula
3209 3220 3399 3278 vitium
3429 3226 3569 3281 reci.

1971 3299 2134 3367 ditur,
2158 3298 2265 3353 alia
2295 3298 2462 3353 multa
2489 3298 2649 3354 nobis
2676 3300 2803 3355 vitia
2833 3301 3210 3375 subjugamus.
3242 3310 3417 3365 Unum
3439 3315 3567 3385 qui-

1972 3388 2096 3443 dem
2124 3388 2271 3460 gula
2300 3387 2490 3443 vitium
2520 3396 2619 3456 est,
2650 3390 2746 3443 sed
2775 3391 2946 3446 aculei
3004 3391 3242 3450 libidinis
3296 3397 3568 3458 innumeri

1972 3485 2114 3543 sunt,
2147 3476 2238 3547 qui
2268 3476 2667 3547 praecedentem
2688 3477 2860 3546 illum,
2885 3480 3037 3550 quasi
3055 3498 3238 3554 regem
3253 3498 3566 3559 sequuntur.

1973 3563 2077 3633 Qui
2102 3564 2225 3619 lata
2255 3564 2475 3633 quidem
2504 3574 2820 3637 suggerunt,
2851 3567 2948 3622 sed
2977 3568 3047 3624 ad
3076 3573 3267 3627 atcrni
3297 3575 3452 3632 ﬂetus
3483 3580 3572 3636 la-

1972 3659 2153 3707 menta
2180 3651 2509 3722 perducunt.
2553 3653 2687 3708 Cum
2743 3655 2893 3710 Naas
2948 3673 3081 3730 ergo
3132 3673 3420 3734 pugnatur,
3478 3670 3576 3727 sed

1973 3741 2223 3795 maeroris
2250 3742 2488 3810 populus
2516 3742 2775 3797 caeditur:
2810 3745 2938 3815 quia
2965 3763 3088 3801 cum
3133 3752 3317 3821 gulam
3376 3755 3575 3813 doma-

1974 3846 2112 3897 mus,
2146 3828 2430 3884 libidinum
2455 3829 2802 3886 incitamenta
2830 3835 3186 3902 perimuntur.
3221 3841 3375 3898 Unde
3430 3844 3572 3904 bene

1974 3935 2082 3973 non
2113 3918 2230 3987 ipse
2256 3919 2420 3984 Naas,
2452 3918 2549 3973 sed
2570 3923 2801 3974 Ammon
2830 3922 3101 3990 subjectus
3130 3926 3255 3996 sibi,
3287 3928 3342 3983 id
3371 3941 3453 3987 est
3470 3950 3570 4004 po-

1973 4006 2134 4077 pulus
2155 4006 2467 4061 interfectus
2486 4007 2768 4061 asseritur:
2790 4009 2914 4079 quia
2930 4013 3201 4083 appetitus
3216 4022 3570 4080 comestionis

1974 4094 2400 4167 restringendus,
2458 4109 2567 4149 non
2616 4096 3040 4168 exstinguendus
3107 4111 3206 4158 est.
3263 4105 3372 4162 Sed
3430 4110 3571 4168 bene

1974 4198 2252 4253 nunquam
2281 4181 2641 4254 restringitur,
2668 4184 2712 4237 si
2742 4183 3078 4256 subsequens
3106 4195 3357 4248 maeroris
3396 4212 3572 4268 popu-

1974 4272 2079 4338 lus,
2111 4270 2167 4325 id
2197 4277 2277 4325 est
2304 4278 2484 4341 turpes
2513 4277 2690 4325 motus
2718 4271 3004 4329 libidinum
3022 4293 3129 4332 non
3158 4284 3577 4342 necantur.Con-

1975 4368 2060 4417 trs
2087 4360 2235 4415 Naas
2264 4375 2399 4431 ergo
2428 4358 2585 4415 nobis
2611 4360 2919 4431 principale
2947 4373 3225 4422 certamen
3282 4379 3391 4427 est:
3453 4376 3579 4445 quia

1978 4464 2101 4504 cum
2131 4449 2230 4504 iste
2259 4456 2562 4519 superatur,
2594 4451 2825 4506 Ammon
2854 4451 3173 4511 interﬁcitur
3205 4475 3217 4512 :
3252 4460 3379 4529 quia
3407 4461 3578 4521 libido

1980 4546 2105 4593 tunc
2132 4537 2272 4592 bene
2299 4537 2543 4606 caditur,
2573 4538 2619 4593 si
2648 4539 2765 4609 ejus
2792 4540 3090 4614 principale
3123 4545 3336 4603 initium
3389 4552 3577 4623 subju-

1976 4634 2157 4715 gatur.
2192 4625 2300 4681 Sed
2329 4625 2604 4715 profectus
2632 4628 2909 4697 pudicitia
2966 4648 3244 4705 quousque
3293 4641 3576 4715 procedat,

1974 4713 2200 4769 latenter
2226 4714 2528 4769 ostenditur
2554 4730 2656 4786 per
2683 4732 2748 4771 ea
2791 4734 2911 4790 qua
2966 4721 3381 4794 subsequuntur.
3437 4713 3578 4789 Nam

1976 4801 2107 4858 dicit
2138 4818 2152 4855 :

2044 4899 2222 4971 (Vers.
2258 4900 2316 4954 11
2337 4900 2381 4971 .)
2417 4901 2635 4974 Reliqui
2680 4920 2808 4963 vero
2829 4903 3074 4979 dispersi
3099 4915 3255 4981 sunt,
3276 4914 3360 4970 ita
3381 4918 3449 4970 ut
3470 4930 3574 4975 nec

1974 4990 2443 5062 relinquerentur
2466 4991 2576 5050 duo
2589 4995 2830 5065 pariter.

2048 5116 2134 5168 13.
2169 5113 2424 5171 Probatio
2454 5132 2597 5172 vera
2629 5116 2968 5176 abstinentia
2996 5134 3105 5176 non
3134 5129 3214 5176 est
3243 5121 3297 5176 in
3327 5130 3570 5181 attenua~

1977 5200 2120 5258 tione
2150 5204 2411 5275 corporis,
2444 5205 2540 5260 sed
2596 5207 2655 5260 in
2709 5207 3048 5277 perfectione
3103 5210 3380 5266 castitatis.
3430 5214 3573 5271 Nam

1984 5293 2143 5361 267
2176 5290 2316 5347 bene
2343 5308 2565 5363 serpens
2589 5295 2848 5363 atteritur,
2880 5295 2924 5349 si
2953 5294 3031 5351 sic
3059 5296 3188 5368 gula
3217 5299 3574 5373 restringitur,

1975 5386 2033 5434 ut
2060 5378 2333 5435 libidinosi
2364 5388 2541 5435 motus
2565 5382 2807 5451 corporis
2836 5383 3013 5437 omnis
3056 5382 3314 5444 violentia
3369 5389 3577 5447 minua~

1979 5476 2085 5524 tur.
2115 5468 2256 5523 Nam
2285 5477 2462 5524 motus
2490 5468 2705 5524 illicitus
2747 5472 2917 5541 carni,
2978 5473 3217 5542 quandiu
3276 5475 3393 5550 ipsa
3448 5495 3574 5539 caro

1978 5565 2078 5625 est,
2113 5555 2225 5613 tolli
2255 5571 2363 5612 non
2390 5564 2586 5628 potest,
2619 5556 2877 5615 violentia
2917 5562 3173 5619 movendi
3231 5566 3345 5622 tolli
3375 5576 3574 5638 potest,

1978 5646 2101 5705 Non
2130 5643 2351 5735 quidem
2379 5645 2492 5710 tolli
2520 5652 2696 5722 potest
2724 5648 2894 5727 carni,
2925 5652 3074 5731 quod
3101 5654 3192 5715 lex
3214 5655 3392 5717 carnis
3407 5672 3576 5738 metu:
