  <div class='ocr_page' id='page_1' title='image "/cluster/home/n/w/nwhite01/storage/ocr_20150623/79/hvd.32044054758834/167.png"; bbox 0 0 4034 6174; ppageno 0'>
   <div class='ocr_carea' id='block_1_1' title="bbox 476 324 575 387">
    <p class='ocr_par' dir='ltr' id='par_1_1' title="bbox 476 324 575 387">
     <span class='ocr_line' id='line_1_1' title="bbox 476 324 575 387; baseline -0.04 1"><span class='ocrx_word' id='word_1_1' title='bbox 476 324 575 387; x_wconf 74' lang='grc'>323</span> 
     </span>
    </p>
   </div>
   <div class='ocr_carea' id='block_1_2' title="bbox 1698 290 2576 370">
    <p class='ocr_par' dir='ltr' id='par_1_2' title="bbox 1698 290 2576 370">
     <span class='ocr_line' id='line_1_2' title="bbox 1698 290 2576 370; baseline -0.015 0"><span class='ocrx_word' id='word_1_2' title='bbox 1698 300 1943 370; x_wconf 77' lang='lat' dir='ltr'>SANCTI</span> <span class='ocrx_word' id='word_1_3' title='bbox 1976 294 2320 366; x_wconf 78' lang='lat' dir='ltr'>GREGORII</span> <span class='ocrx_word' id='word_1_4' title='bbox 2349 290 2576 365; x_wconf 77' lang='lat' dir='ltr'>MAGNi</span> 
     </span>
    </p>
   </div>
   <div class='ocr_carea' id='block_1_3' title="bbox 3650 299 3747 369">
    <p class='ocr_par' dir='ltr' id='par_1_3' title="bbox 3650 299 3747 369">
     <span class='ocr_line' id='line_1_3' title="bbox 3650 299 3747 369; baseline 0 -3"><span class='ocrx_word' id='word_1_5' title='bbox 3650 299 3747 369; x_wconf 67' lang='lat' dir='ltr'>est</span> 
     </span>
    </p>
   </div>
   <div class='ocr_carea' id='block_1_4' title="bbox 481 430 3748 513">
    <p class='ocr_par' dir='ltr' id='par_1_4' title="bbox 481 430 3748 513">
     <span class='ocr_line' id='line_1_4' title="bbox 481 430 3748 513; baseline -0.007 0"><span class='ocrx_word' id='word_1_6' title='bbox 481 459 582 513; x_wconf 88' lang='lat' dir='ltr'>bra</span> <span class='ocrx_word' id='word_1_7' title='bbox 611 470 717 510; x_wconf 90' lang='lat' dir='ltr'>non</span> <span class='ocrx_word' id='word_1_8' title='bbox 751 454 1005 510; x_wconf 88' lang='lat' dir='ltr'>moveat;</span> <span class='ocrx_word' id='word_1_9' title='bbox 1040 444 1136 501; x_wconf 90' lang='lat' dir='ltr'>sed</span> <span class='ocrx_word' id='word_1_10' title='bbox 1171 453 1347 499; x_wconf 91' lang='lat' dir='ltr'>tamen</span> <span class='ocrx_word' id='word_1_11' title='bbox 1380 439 1496 498; x_wconf 90' lang='lat' dir='ltr'>tolli</span> <span class='ocrx_word' id='word_1_12' title='bbox 1526 446 1699 511; x_wconf 89' lang='lat' dir='ltr'>potest</span> <span class='ocrx_word' id='word_1_13' title='bbox 1741 438 1889 494; x_wconf 90' lang='lat' dir='ltr'>carni</span> <span class='ocrx_word' id='word_1_14' title='bbox 1947 437 2072 489; x_wconf 90' lang='lat' dir='ltr'>vio-</span> <span class='ocrx_word' id='word_1_15' title='bbox 2102 433 2159 494; x_wconf 83' lang='lat' dir='ltr'><strong>A</strong></span> <span class='ocrx_word' id='word_1_16' title='bbox 2188 432 2294 488; x_wconf 84' lang='lat' dir='ltr'>duo</span> <span class='ocrx_word' id='word_1_17' title='bbox 2314 432 2533 505; x_wconf 87' lang='lat' dir='ltr'>pariter</span> <span class='ocrx_word' id='word_1_18' title='bbox 2550 446 2624 488; x_wconf 78' lang='lat' dir='ltr'>ex</span> <span class='ocrx_word' id='word_1_19' title='bbox 2639 431 2718 485; x_wconf 84' lang='lat' dir='ltr'>eis</span> <span class='ocrx_word' id='word_1_20' title='bbox 2737 445 2851 486; x_wconf 87' lang='lat' dir='ltr'>non</span> <span class='ocrx_word' id='word_1_21' title='bbox 2872 430 2991 486; x_wconf 87' lang='lat' dir='ltr'>sint</span> <span class='ocrx_word' id='word_1_22' title='bbox 3014 430 3201 486; x_wconf 80' lang='lat' dir='ltr'>relicti</span> <span class='ocrx_word' id='word_1_23' title='bbox 3221 450 3239 485; x_wconf 86' lang='lat'><strong><em>:</em></strong></span> <span class='ocrx_word' id='word_1_24' title='bbox 3260 430 3381 502; x_wconf 82' lang='lat' dir='ltr'>quia</span> <span class='ocrx_word' id='word_1_25' title='bbox 3401 448 3496 502; x_wconf 90' lang='lat' dir='ltr'>per</span> <span class='ocrx_word' id='word_1_26' title='bbox 3518 449 3748 490; x_wconf 86' lang='lat' dir='ltr'>macera-</span> 
     </span>
    </p>
   </div>
   <div class='ocr_carea' id='block_1_5' title="bbox 481 526 2078 605">
    <p class='ocr_par' dir='ltr' id='par_1_5' title="bbox 481 526 2078 605">
     <span class='ocr_line' id='line_1_5' title="bbox 481 526 2078 605; baseline -0.016 -2"><span class='ocrx_word' id='word_1_27' title='bbox 481 546 647 605; x_wconf 86' lang='lat' dir='ltr'>lentia</span> <span class='ocrx_word' id='word_1_28' title='bbox 676 539 950 605; x_wconf 79' lang='lat' dir='ltr'>motionis,</span> <span class='ocrx_word' id='word_1_29' title='bbox 984 543 1041 589; x_wconf 90' lang='lat' dir='ltr'>ut</span> <span class='ocrx_word' id='word_1_30' title='bbox 1068 535 1405 603; x_wconf 76' lang='lat' dir='ltr'>relinquatur</span> <span class='ocrx_word' id='word_1_31' title='bbox 1434 531 1483 585; x_wconf 88' lang='lat' dir='ltr'>ei</span> <span class='ocrx_word' id='word_1_32' title='bbox 1514 537 1727 589; x_wconf 88' lang='lat' dir='ltr'>motus;</span> <span class='ocrx_word' id='word_1_33' title='bbox 1764 526 1858 582; x_wconf 90' lang='lat' dir='ltr'>sed</span> <span class='ocrx_word' id='word_1_34' title='bbox 1899 526 2078 580; x_wconf 89' lang='lat' dir='ltr'>eidem</span> 
     </span>
    </p>
   </div>
   <div class='ocr_carea' id='block_1_6' title="bbox 483 615 2081 690">
    <p class='ocr_par' dir='ltr' id='par_1_6' title="bbox 483 615 2081 690">
     <span class='ocr_line' id='line_1_6' title="bbox 483 615 2081 690; baseline -0.015 1"><span class='ocrx_word' id='word_1_35' title='bbox 483 632 654 690; x_wconf 89' lang='lat' dir='ltr'>motui</span> <span class='ocrx_word' id='word_1_36' title='bbox 683 628 865 686; x_wconf 88' lang='lat' dir='ltr'>omnis</span> <span class='ocrx_word' id='word_1_37' title='bbox 895 622 1271 680; x_wconf 79' lang='lat' dir='ltr'>delectationis</span> <span class='ocrx_word' id='word_1_38' title='bbox 1310 618 1641 675; x_wconf 75' lang='lat' dir='ltr'>obscmnitas</span> <span class='ocrx_word' id='word_1_39' title='bbox 1669 615 1964 681; x_wconf 72' lang='lat' dir='ltr'>auferatur,</span> <span class='ocrx_word' id='word_1_40' title='bbox 2027 621 2081 669; x_wconf 88' lang='lat' dir='ltr'>et</span> 
     </span>
    </p>
   </div>
   <div class='ocr_carea' id='block_1_7' title="bbox 480 703 2078 795">
    <p class='ocr_par' dir='ltr' id='par_1_7' title="bbox 480 703 2078 795">
     <span class='ocr_line' id='line_1_7' title="bbox 480 703 2078 795; baseline -0.018 -13"><span class='ocrx_word' id='word_1_41' title='bbox 480 723 710 795; x_wconf 82' lang='lat' dir='ltr'>simplex</span> <span class='ocrx_word' id='word_1_42' title='bbox 740 722 919 773; x_wconf 91' lang='lat' dir='ltr'>motus</span> <span class='ocrx_word' id='word_1_43' title='bbox 947 715 1040 768; x_wconf 88' lang='lat' dir='ltr'>ille</span> <span class='ocrx_word' id='word_1_44' title='bbox 1070 713 1157 780; x_wconf 87' lang='lat' dir='ltr'>sit,</span> <span class='ocrx_word' id='word_1_45' title='bbox 1189 711 1242 764; x_wconf 91' lang='lat' dir='ltr'>in</span> <span class='ocrx_word' id='word_1_46' title='bbox 1275 707 1671 780; x_wconf 88' lang='lat' dir='ltr'>quo(a)reliqua</span> <span class='ocrx_word' id='word_1_47' title='bbox 1699 703 1937 758; x_wconf 84' lang='lat' dir='ltr'>libidinis</span> <span class='ocrx_word' id='word_1_48' title='bbox 1966 710 2078 795; x_wconf 80' lang='lat' dir='ltr'>tur-</span> 
     </span>
    </p>
   </div>
   <div class='ocr_carea' id='block_1_8' title="bbox 486 790 2080 887">
    <p class='ocr_par' dir='ltr' id='par_1_8' title="bbox 486 790 2080 887">
     <span class='ocr_line' id='line_1_8' title="bbox 486 790 2080 887; baseline -0.016 -17"><span class='ocrx_word' id='word_1_49' title='bbox 486 790 679 887; x_wconf 81' lang='lat' dir='ltr'>pitudo</span> <span class='ocrx_word' id='word_1_50' title='bbox 709 825 821 863; x_wconf 88' lang='lat' dir='ltr'>non</span> <span class='ocrx_word' id='word_1_51' title='bbox 848 807 932 860; x_wconf 92' lang='lat' dir='ltr'>sit.</span> <span class='ocrx_word' id='word_1_52' title='bbox 967 805 1108 858; x_wconf 86' lang='lat' dir='ltr'>Bene</span> <span class='ocrx_word' id='word_1_53' title='bbox 1138 815 1269 872; x_wconf 83' lang='lat' dir='ltr'>ergo</span> <span class='ocrx_word' id='word_1_54' title='bbox 1295 798 1389 854; x_wconf 90' lang='lat' dir='ltr'>alii</span> <span class='ocrx_word' id='word_1_55' title='bbox 1418 799 1472 850; x_wconf 91' lang='lat' dir='ltr'>in</span> <span class='ocrx_word' id='word_1_56' title='bbox 1504 796 1691 867; x_wconf 84' lang='lat' dir='ltr'>fugam</span> <span class='ocrx_word' id='word_1_57' title='bbox 1720 794 1865 848; x_wconf 82' lang='lat' dir='ltr'>versi</span> <span class='ocrx_word' id='word_1_58' title='bbox 1899 790 2080 861; x_wconf 86' lang='lat' dir='ltr'>perhi-</span> 
     </span>
    </p>
   </div>
   <div class='ocr_carea' id='block_1_9' title="bbox 487 880 2082 968">
    <p class='ocr_par' dir='ltr' id='par_1_9' title="bbox 487 880 2082 968">
     <span class='ocr_line' id='line_1_9' title="bbox 487 880 2082 968; baseline -0.017 -9"><span class='ocrx_word' id='word_1_59' title='bbox 487 880 704 968; x_wconf 78' lang='lat' dir='ltr'>bentur,</span> <span class='ocrx_word' id='word_1_60' title='bbox 738 896 864 968; x_wconf 85' lang='lat' dir='ltr'>quia</span> <span class='ocrx_word' id='word_1_61' title='bbox 892 908 1014 949; x_wconf 90' lang='lat' dir='ltr'>cum</span> <span class='ocrx_word' id='word_1_62' title='bbox 1046 890 1380 945; x_wconf 86' lang='lat' dir='ltr'>abstinentes</span> <span class='ocrx_word' id='word_1_63' title='bbox 1409 900 1652 955; x_wconf 90' lang='lat' dir='ltr'>quosque</span> <span class='ocrx_word' id='word_1_64' title='bbox 1681 883 1863 938; x_wconf 87' lang='lat' dir='ltr'>divina</span> <span class='ocrx_word' id='word_1_65' title='bbox 1903 880 2082 951; x_wconf 87' lang='lat' dir='ltr'>gratia</span> 
     </span>
    </p>
   </div>
   <div class='ocr_carea' id='block_1_10' title="bbox 487 969 2080 1064">
    <p class='ocr_par' dir='ltr' id='par_1_10' title="bbox 487 969 2080 1064">
     <span class='ocr_line' id='line_1_10' title="bbox 487 969 2080 1064; baseline -0.016 -17"><span class='ocrx_word' id='word_1_66' title='bbox 487 990 728 1064; x_wconf 82' lang='lat' dir='ltr'>perfecte</span> <span class='ocrx_word' id='word_1_67' title='bbox 757 988 1065 1039; x_wconf 88' lang='lat' dir='ltr'>remunerat</span> <span class='ocrx_word' id='word_1_68' title='bbox 1094 996 1126 1033; x_wconf 89' lang='lat' dir='ltr'>a</span> <span class='ocrx_word' id='word_1_69' title='bbox 1173 975 1546 1046; x_wconf 83' lang='lat' dir='ltr'>corporalibus</span> <span class='ocrx_word' id='word_1_70' title='bbox 1601 987 1784 1026; x_wconf 92' lang='lat' dir='ltr'>eorum</span> <span class='ocrx_word' id='word_1_71' title='bbox 1842 969 2080 1024; x_wconf 89' lang='lat' dir='ltr'>motibus</span> 
     </span>
    </p>
   </div>
   <div class='ocr_carea' id='block_1_11' title="bbox 490 1059 2080 1137">
    <p class='ocr_par' dir='ltr' id='par_1_11' title="bbox 490 1059 2080 1137">
     <span class='ocr_line' id='line_1_11' title="bbox 490 1059 2080 1137; baseline -0.016 -1"><span class='ocrx_word' id='word_1_72' title='bbox 490 1059 733 1137; x_wconf 82' lang='lat' dir='ltr'>omnium</span> <span class='ocrx_word' id='word_1_73' title='bbox 767 1070 1187 1129; x_wconf 83' lang='lat' dir='ltr'>obscoenitatum</span> <span class='ocrx_word' id='word_1_74' title='bbox 1216 1063 1433 1121; x_wconf 85' lang='lat' dir='ltr'>aculeos</span> <span class='ocrx_word' id='word_1_75' title='bbox 1462 1061 1629 1129; x_wconf 89' lang='lat' dir='ltr'>tollit;</span> <span class='ocrx_word' id='word_1_76' title='bbox 1663 1059 1762 1114; x_wconf 86' lang='lat' dir='ltr'>sed</span> <span class='ocrx_word' id='word_1_77' title='bbox 1792 1059 1873 1113; x_wconf 90' lang='lat' dir='ltr'>eis</span> <span class='ocrx_word' id='word_1_78' title='bbox 1930 1059 2080 1127; x_wconf 88' lang='lat' dir='ltr'>ipsos</span> 
     </span>
    </p>
   </div>
   <div class='ocr_carea' id='block_1_12' title="bbox 487 1147 2075 1225">
    <p class='ocr_par' dir='ltr' id='par_1_12' title="bbox 487 1147 2075 1225">
     <span class='ocr_line' id='line_1_12' title="bbox 487 1147 2075 1225; baseline -0.016 0"><span class='ocrx_word' id='word_1_79' title='bbox 487 1177 666 1225; x_wconf 89' lang='lat' dir='ltr'>motus</span> <span class='ocrx_word' id='word_1_80' title='bbox 692 1161 969 1219; x_wconf 83' lang='lat' dir='ltr'>naturales</span> <span class='ocrx_word' id='word_1_81' title='bbox 996 1156 1216 1223; x_wconf 86' lang='lat' dir='ltr'>deserit,</span> <span class='ocrx_word' id='word_1_82' title='bbox 1240 1161 1294 1208; x_wconf 91' lang='lat' dir='ltr'>ut</span> <span class='ocrx_word' id='word_1_83' title='bbox 1325 1151 1521 1208; x_wconf 90' lang='lat' dir='ltr'>tentari</span> <span class='ocrx_word' id='word_1_84' title='bbox 1580 1165 1796 1220; x_wconf 86' lang='lat' dir='ltr'>semper</span> <span class='ocrx_word' id='word_1_85' title='bbox 1848 1147 2075 1218; x_wconf 87' lang='lat' dir='ltr'>possint,</span> 
     </span>
    </p>
   </div>
   <div class='ocr_carea' id='block_1_13' title="bbox 485 1235 2081 1323">
    <p class='ocr_par' dir='ltr' id='par_1_13' title="bbox 485 1235 2081 1323">
     <span class='ocr_line' id='line_1_13' title="bbox 485 1235 2081 1323; baseline -0.016 -9"><span class='ocrx_word' id='word_1_86' title='bbox 485 1256 633 1317; x_wconf 86' lang='lat' dir='ltr'>vinci</span> <span class='ocrx_word' id='word_1_87' title='bbox 662 1266 938 1323; x_wconf 88' lang='lat' dir='ltr'>nunquam</span> <span class='ocrx_word' id='word_1_88' title='bbox 969 1246 1215 1319; x_wconf 86' lang='lat' dir='ltr'>possint;</span> <span class='ocrx_word' id='word_1_89' title='bbox 1252 1244 1378 1298; x_wconf 89' lang='lat' dir='ltr'>dum</span> <span class='ocrx_word' id='word_1_90' title='bbox 1409 1241 1466 1296; x_wconf 88' lang='lat' dir='ltr'>id</span> <span class='ocrx_word' id='word_1_91' title='bbox 1521 1239 1742 1306; x_wconf 88' lang='lat' dir='ltr'>deserit,</span> <span class='ocrx_word' id='word_1_92' title='bbox 1801 1236 1947 1307; x_wconf 88' lang='lat' dir='ltr'>quod</span> <span class='ocrx_word' id='word_1_93' title='bbox 2002 1235 2081 1290; x_wconf 90' lang='lat' dir='ltr'>eis</span> 
     </span>
    </p>
   </div>
   <div class='ocr_carea' id='block_1_14' title="bbox 468 1326 2082 1413">
    <p class='ocr_par' dir='ltr' id='par_1_14' title="bbox 468 1326 2082 1413">
     <span class='ocr_line' id='line_1_14' title="bbox 468 1326 2082 1413; baseline -0.017 -8"><span class='ocrx_word' id='word_1_94' title='bbox 468 1346 649 1405; x_wconf 74' lang='lat' dir='ltr'>,valde</span> <span class='ocrx_word' id='word_1_95' title='bbox 678 1341 947 1413; x_wconf 87' lang='lat' dir='ltr'>displicet,</span> <span class='ocrx_word' id='word_1_96' title='bbox 978 1337 1077 1391; x_wconf 89' lang='lat' dir='ltr'>sed</span> <span class='ocrx_word' id='word_1_97' title='bbox 1107 1334 1185 1389; x_wconf 90' lang='lat' dir='ltr'>sic</span> <span class='ocrx_word' id='word_1_98' title='bbox 1243 1330 1497 1387; x_wconf 86' lang='lat' dir='ltr'>debilitat</span> <span class='ocrx_word' id='word_1_99' title='bbox 1549 1328 1695 1400; x_wconf 92' lang='lat' dir='ltr'>quod</span> <span class='ocrx_word' id='word_1_100' title='bbox 1753 1326 1968 1391; x_wconf 86' lang='lat' dir='ltr'>deserit,</span> <span class='ocrx_word' id='word_1_101' title='bbox 2025 1331 2082 1378; x_wconf 90' lang='lat' dir='ltr'>ut</span> 
     </span>
    </p>
   </div>
   <div class='ocr_carea' id='block_1_15' title="bbox 486 1413 2081 1509">
    <p class='ocr_par' dir='ltr' id='par_1_15' title="bbox 486 1413 2081 1509">
     <span class='ocr_line' id='line_1_15' title="bbox 486 1413 2081 1509; baseline -0.016 -16"><span class='ocrx_word' id='word_1_102' title='bbox 486 1433 785 1509; x_wconf 68' lang='lat' dir='ltr'>praevalere</span> <span class='ocrx_word' id='word_1_103' title='bbox 841 1426 1133 1483; x_wconf 79' lang='lat' dir='ltr'>victoribus</span> <span class='ocrx_word' id='word_1_104' title='bbox 1202 1437 1314 1476; x_wconf 90' lang='lat' dir='ltr'>non</span> <span class='ocrx_word' id='word_1_105' title='bbox 1396 1417 1690 1489; x_wconf 88' lang='lat' dir='ltr'>permittat.</span> <span class='ocrx_word' id='word_1_106' title='bbox 1747 1413 2081 1469; x_wconf 82' lang='lat' dir='ltr'>Ammonitas</span> 
     </span>
    </p>
   </div>
   <div class='ocr_carea' id='block_1_16' title="bbox 487 1506 2084 1598">
    <p class='ocr_par' dir='ltr' id='par_1_16' title="bbox 487 1506 2084 1598">
     <span class='ocr_line' id='line_1_16' title="bbox 487 1506 2084 1598; baseline -0.014 -17"><span class='ocrx_word' id='word_1_107' title='bbox 487 1506 688 1598; x_wconf 81' lang='lat' dir='ltr'>quippe</span> <span class='ocrx_word' id='word_1_108' title='bbox 746 1521 1101 1590; x_wconf 87' lang='lat' dir='ltr'>percusserat,</span> <span class='ocrx_word' id='word_1_109' title='bbox 1161 1511 1251 1581; x_wconf 91' lang='lat' dir='ltr'><strong>qui</strong></span> <span class='ocrx_word' id='word_1_110' title='bbox 1310 1507 1554 1563; x_wconf 88' lang='lat' dir='ltr'>dicebat:</span> <span class='ocrx_word' id='word_1_111' title='bbox 1611 1506 1827 1598; x_wconf 83' lang='lat' dir='ltr'>Castigo</span> <span class='ocrx_word' id='word_1_112' title='bbox 1883 1518 2084 1574; x_wconf 84' lang='lat' dir='ltr'>corpus</span> 
     </span>
    </p>
   </div>
   <div class='ocr_carea' id='block_1_17' title="bbox 486 1592 2082 1679">
    <p class='ocr_par' dir='ltr' id='par_1_17' title="bbox 486 1592 2082 1679">
     <span class='ocr_line' id='line_1_17' title="bbox 486 1592 2082 1679; baseline -0.016 -8"><span class='ocrx_word' id='word_1_113' title='bbox 486 1592 696 1679; x_wconf 63' lang='lat' dir='ltr'>meum,</span> <span class='ocrx_word' id='word_1_114' title='bbox 729 1614 785 1665; x_wconf 88' lang='lat' dir='ltr'>et</span> <span class='ocrx_word' id='word_1_115' title='bbox 805 1604 1072 1662; x_wconf 82' lang='lat' dir='ltr'>servituti</span> <span class='ocrx_word' id='word_1_116' title='bbox 1083 1599 1341 1671; x_wconf 83' lang='lat' dir='ltr'>subjicio,</span> <span class='ocrx_word' id='word_1_117' title='bbox 1363 1612 1436 1651; x_wconf 90' lang='lat' dir='ltr'>ne</span> <span class='ocrx_word' id='word_1_118' title='bbox 1460 1595 1594 1650; x_wconf 86' lang='lat' dir='ltr'>aliis</span> <span class='ocrx_word' id='word_1_119' title='bbox 1613 1592 1954 1665; x_wconf 73' lang='lat' dir='ltr'>pmedicans,</span> <span class='ocrx_word' id='word_1_120' title='bbox 1987 1606 2082 1647; x_wconf 88' lang='lat' dir='ltr'>re-</span> 
     </span>
    </p>
   </div>
   <div class='ocr_carea' id='block_1_18' title="bbox 483 1678 2079 1779">
    <p class='ocr_par' dir='ltr' id='par_1_18' title="bbox 483 1678 2079 1779">
     <span class='ocr_line' id='line_1_18' title="bbox 483 1678 2079 1779; baseline -0.018 -19"><span class='ocrx_word' id='word_1_121' title='bbox 483 1703 688 1779; x_wconf 83' lang='lat' dir='ltr'>probus</span> <span class='ocrx_word' id='word_1_122' title='bbox 709 1696 930 1769; x_wconf 81' lang='lat' dir='ltr'>efﬁciar</span> <span class='ocrx_word' id='word_1_123' title='bbox 947 1692 1000 1761; x_wconf 87' lang='grc' dir='ltr'>(Ι</span> <span class='ocrx_word' id='word_1_124' title='bbox 1021 1692 1141 1746; x_wconf 89' lang='lat' dir='ltr'>Cor.</span> <span class='ocrx_word' id='word_1_125' title='bbox 1163 1704 1244 1753; x_wconf 76' lang='lat' dir='ltr'>rx,</span> <span class='ocrx_word' id='word_1_126' title='bbox 1265 1686 1379 1755; x_wconf 74' lang='lat'>27).</span> <span class='ocrx_word' id='word_1_127' title='bbox 1419 1682 1724 1779; x_wconf 78' lang='lat' dir='ltr'>lnterfectis</span> <span class='ocrx_word' id='word_1_128' title='bbox 1745 1681 1903 1779; x_wconf 77' lang='lat' dir='ltr'>etiam</span> <span class='ocrx_word' id='word_1_129' title='bbox 1919 1678 2079 1779; x_wconf 45' lang='lat' dir='ltr'>‘aliis,</span> 
     </span>
    </p>
   </div>
   <div class='ocr_carea' id='block_1_19' title="bbox 2188 519 3754 592">
    <p class='ocr_par' dir='ltr' id='par_1_19' title="bbox 2188 519 3754 592">
     <span class='ocr_line' id='line_1_19' title="bbox 2188 519 3754 592; baseline 0.002 -15"><span class='ocrx_word' id='word_1_130' title='bbox 2188 523 2389 578; x_wconf 89' lang='lat' dir='ltr'>tionem</span> <span class='ocrx_word' id='word_1_131' title='bbox 2419 519 2662 589; x_wconf 89' lang='lat' dir='ltr'>corporis</span> <span class='ocrx_word' id='word_1_132' title='bbox 2692 520 2744 573; x_wconf 89' lang='lat' dir='ltr'>in</span> <span class='ocrx_word' id='word_1_133' title='bbox 2777 525 2978 574; x_wconf 88' lang='lat' dir='ltr'>tantum</span> <span class='ocrx_word' id='word_1_134' title='bbox 3008 519 3295 589; x_wconf 81' lang='lat' dir='ltr'>proficiunt</span> <span class='ocrx_word' id='word_1_135' title='bbox 3326 520 3529 576; x_wconf 88' lang='lat' dir='ltr'>culmen</span> <span class='ocrx_word' id='word_1_136' title='bbox 3559 524 3754 592; x_wconf 85' lang='lat' dir='ltr'>perfec-</span> 
     </span>
    </p>
   </div>
   <div class='ocr_carea' id='block_1_20' title="bbox 2189 607 3753 679">
    <p class='ocr_par' dir='ltr' id='par_1_20' title="bbox 2189 607 3753 679">
     <span class='ocr_line' id='line_1_20' title="bbox 2189 607 3753 679; baseline 0.002 -14"><span class='ocrx_word' id='word_1_137' title='bbox 2189 611 2370 676; x_wconf 91' lang='lat' dir='ltr'>tionis,</span> <span class='ocrx_word' id='word_1_138' title='bbox 2403 618 2460 664; x_wconf 93' lang='lat' dir='ltr'>ut</span> <span class='ocrx_word' id='word_1_139' title='bbox 2487 610 2554 663; x_wconf 92' lang='lat' dir='ltr'>ab</span> <span class='ocrx_word' id='word_1_140' title='bbox 2584 607 2666 663; x_wconf 88' lang='lat' dir='ltr'>eis</span> <span class='ocrx_word' id='word_1_141' title='bbox 2698 608 2963 678; x_wconf 87' lang='lat' dir='ltr'>quidquid</span> <span class='ocrx_word' id='word_1_142' title='bbox 2994 623 3026 661; x_wconf 90' lang='lat' dir='ltr'>a</span> <span class='ocrx_word' id='word_1_143' title='bbox 3055 624 3237 673; x_wconf 89' lang='lat' dir='ltr'>carne,</span> <span class='ocrx_word' id='word_1_144' title='bbox 3272 608 3570 679; x_wconf 87' lang='lat' dir='ltr'>quidquida</span> <span class='ocrx_word' id='word_1_145' title='bbox 3591 621 3753 669; x_wconf 88' lang='lat' dir='ltr'>mente</span> 
     </span>
    </p>
   </div>
   <div class='ocr_carea' id='block_1_21' title="bbox 2188 696 3754 770">
    <p class='ocr_par' dir='ltr' id='par_1_21' title="bbox 2188 696 3754 770">
     <span class='ocr_line' id='line_1_21' title="bbox 2188 696 3754 770; baseline 0.001 -17"><span class='ocrx_word' id='word_1_146' title='bbox 2188 700 2467 770; x_wconf 78' lang='lat' dir='ltr'>ingeritur,</span> <span class='ocrx_word' id='word_1_147' title='bbox 2494 697 2684 753; x_wconf 85' lang='lat' dir='ltr'>leviter</span> <span class='ocrx_word' id='word_1_148' title='bbox 2711 705 3008 768; x_wconf 84' lang='lat' dir='ltr'>superetur,</span> <span class='ocrx_word' id='word_1_149' title='bbox 3041 696 3169 751; x_wconf 91' lang='lat' dir='ltr'>dum</span> <span class='ocrx_word' id='word_1_150' title='bbox 3217 698 3500 753; x_wconf 89' lang='lat' dir='ltr'>convenire</span> <span class='ocrx_word' id='word_1_151' title='bbox 3553 699 3606 753; x_wconf 84' lang='lat' dir='ltr'>in</span> <span class='ocrx_word' id='word_1_152' title='bbox 3658 717 3754 770; x_wconf 91' lang='lat' dir='ltr'>pu-</span> 
     </span>
    </p>
   </div>
   <div class='ocr_carea' id='block_1_22' title="bbox 2187 785 3756 862">
    <p class='ocr_par' dir='ltr' id='par_1_22' title="bbox 2187 785 3756 862">
     <span class='ocr_line' id='line_1_22' title="bbox 2187 785 3756 862; baseline 0.001 -19"><span class='ocrx_word' id='word_1_153' title='bbox 2187 806 2350 862; x_wconf 92' lang='lat' dir='ltr'>gnam</span> <span class='ocrx_word' id='word_1_154' title='bbox 2381 805 2487 843; x_wconf 92' lang='lat' dir='ltr'>non</span> <span class='ocrx_word' id='word_1_155' title='bbox 2518 788 2729 841; x_wconf 89' lang='lat' dir='ltr'>sinitur.</span> <span class='ocrx_word' id='word_1_156' title='bbox 2772 787 2932 854; x_wconf 82' lang='lat'>268</span> <span class='ocrx_word' id='word_1_157' title='bbox 2966 788 3029 841; x_wconf 86' lang='lat' dir='ltr'>Et</span> <span class='ocrx_word' id='word_1_158' title='bbox 3062 788 3175 842; x_wconf 75' lang='lat' dir='ltr'>haec</span> <span class='ocrx_word' id='word_1_159' title='bbox 3203 785 3418 856; x_wconf 89' lang='lat' dir='ltr'>quidem</span> <span class='ocrx_word' id='word_1_160' title='bbox 3448 787 3664 843; x_wconf 87' lang='lat' dir='ltr'>victoria</span> <span class='ocrx_word' id='word_1_161' title='bbox 3695 789 3756 845; x_wconf 87' lang='lat' dir='ltr'>de</span> 
     </span>
    </p>
   </div>
   <div class='ocr_carea' id='block_1_23' title="bbox 2188 874 3758 947">
    <p class='ocr_par' dir='ltr' id='par_1_23' title="bbox 2188 874 3758 947">
     <span class='ocr_line' id='line_1_23' title="bbox 2188 874 3758 947; baseline -0.001 -13"><span class='ocrx_word' id='word_1_162' title='bbox 2188 878 2440 934; x_wconf 88' lang='lat' dir='ltr'>omnibus</span> <span class='ocrx_word' id='word_1_163' title='bbox 2471 876 2720 933; x_wconf 88' lang='lat' dir='ltr'>sensibus</span> <span class='ocrx_word' id='word_1_164' title='bbox 2751 876 2990 946; x_wconf 90' lang='lat' dir='ltr'>corporis</span> <span class='ocrx_word' id='word_1_165' title='bbox 3019 875 3175 930; x_wconf 86' lang='lat' dir='ltr'>electi</span> <span class='ocrx_word' id='word_1_166' title='bbox 3206 874 3521 945; x_wconf 91' lang='lat' dir='ltr'>percipiunt,</span> <span class='ocrx_word' id='word_1_167' title='bbox 3553 878 3641 947; x_wconf 89' lang='lat' dir='ltr'>qui</span> <span class='ocrx_word' id='word_1_168' title='bbox 3662 878 3758 932; x_wconf 92' lang='lat' dir='ltr'>ob-</span> 
     </span>
    </p>
   </div>
   <div class='ocr_carea' id='block_1_24' title="bbox 2189 963 3759 1033">
    <p class='ocr_par' dir='ltr' id='par_1_24' title="bbox 2189 963 3759 1033">
     <span class='ocr_line' id='line_1_24' title="bbox 2189 963 3759 1033; baseline -0.001 -11"><span class='ocrx_word' id='word_1_169' title='bbox 2189 968 2457 1023; x_wconf 88' lang='lat' dir='ltr'>sidentem</span> <span class='ocrx_word' id='word_1_170' title='bbox 2487 966 2632 1019; x_wconf 89' lang='lat' dir='ltr'>Naas</span> <span class='ocrx_word' id='word_1_171' title='bbox 2649 964 2745 1018; x_wconf 88' lang='lat' dir='ltr'>sibi</span> <span class='ocrx_word' id='word_1_172' title='bbox 2765 963 3035 1032; x_wconf 88' lang='lat' dir='ltr'>subjicere</span> <span class='ocrx_word' id='word_1_173' title='bbox 3054 980 3153 1033; x_wconf 90' lang='lat' dir='ltr'>per</span> <span class='ocrx_word' id='word_1_174' title='bbox 3172 963 3510 1020; x_wconf 66' lang='lat' dir='ltr'>abstinentia:</span> <span class='ocrx_word' id='word_1_175' title='bbox 3529 965 3759 1021; x_wconf 88' lang='lat' dir='ltr'>virtutem</span> 
     </span>
    </p>
   </div>
   <div class='ocr_carea' id='block_1_25' title="bbox 2188 1052 3759 1126">
    <p class='ocr_par' dir='ltr' id='par_1_25' title="bbox 2188 1052 3759 1126">
     <span class='ocr_line' id='line_1_25' title="bbox 2188 1052 3759 1126; baseline -0.001 -15"><span class='ocrx_word' id='word_1_176' title='bbox 2188 1056 2587 1126; x_wconf 88' lang='lat' dir='ltr'>possunt.Nam</span> <span class='ocrx_word' id='word_1_177' title='bbox 2617 1052 2823 1109; x_wconf 87' lang='lat' dir='ltr'>refecta</span> <span class='ocrx_word' id='word_1_178' title='bbox 2854 1069 2981 1109; x_wconf 88' lang='lat' dir='ltr'>caro</span> <span class='ocrx_word' id='word_1_179' title='bbox 3011 1059 3065 1108; x_wconf 91' lang='lat' dir='ltr'>et</span> <span class='ocrx_word' id='word_1_180' title='bbox 3092 1052 3450 1125; x_wconf 87' lang='lat' dir='ltr'>impinguata,</span> <span class='ocrx_word' id='word_1_181' title='bbox 3478 1053 3544 1109; x_wconf 89' lang='lat' dir='ltr'>ad</span> <span class='ocrx_word' id='word_1_182' title='bbox 3565 1055 3759 1124; x_wconf 89' lang='lat' dir='ltr'>lapsum</span> 
     </span>
    </p>
   </div>
   <div class='ocr_carea' id='block_1_26' title="bbox 2189 1140 3760 1217">
    <p class='ocr_par' dir='ltr' id='par_1_26' title="bbox 2189 1140 3760 1217">
     <span class='ocr_line' id='line_1_26' title="bbox 2189 1140 3760 1217; baseline 0 -18"><span class='ocrx_word' id='word_1_183' title='bbox 2189 1145 2409 1217; x_wconf 88' lang='lat' dir='ltr'>linguae,</span> <span class='ocrx_word' id='word_1_184' title='bbox 2444 1142 2745 1207; x_wconf 91' lang='lat' dir='ltr'>oculorum,</span> <span class='ocrx_word' id='word_1_185' title='bbox 2780 1142 3016 1208; x_wconf 89' lang='lat' dir='ltr'>auditus,</span> <span class='ocrx_word' id='word_1_186' title='bbox 3050 1140 3302 1206; x_wconf 89' lang='lat' dir='ltr'>olfactus,</span> <span class='ocrx_word' id='word_1_187' title='bbox 3337 1149 3388 1196; x_wconf 90' lang='lat' dir='ltr'>et</span> <span class='ocrx_word' id='word_1_188' title='bbox 3405 1149 3573 1197; x_wconf 89' lang='lat' dir='ltr'>tactus</span> <span class='ocrx_word' id='word_1_189' title='bbox 3593 1142 3760 1199; x_wconf 84' lang='lat' dir='ltr'>facilis</span> 
     </span>
    </p>
   </div>
   <div class='ocr_carea' id='block_1_27' title="bbox 2189 1229 3763 1303">
    <p class='ocr_par' dir='ltr' id='par_1_27' title="bbox 2189 1229 3763 1303">
     <span class='ocr_line' id='line_1_27' title="bbox 2189 1229 3763 1303; baseline -0.001 -14"><span class='ocrx_word' id='word_1_190' title='bbox 2189 1242 2298 1290; x_wconf 90' lang='lat' dir='ltr'>est.</span> <span class='ocrx_word' id='word_1_191' title='bbox 2336 1234 2476 1287; x_wconf 90' lang='lat' dir='ltr'>Dum</span> <span class='ocrx_word' id='word_1_192' title='bbox 2506 1246 2639 1303; x_wconf 83' lang='lat' dir='ltr'>ergo</span> <span class='ocrx_word' id='word_1_193' title='bbox 2670 1230 2849 1286; x_wconf 90' lang='lat' dir='ltr'>illiciti</span> <span class='ocrx_word' id='word_1_194' title='bbox 2881 1229 3243 1301; x_wconf 86' lang='lat' dir='ltr'>corporalium</span> <span class='ocrx_word' id='word_1_195' title='bbox 3274 1246 3526 1286; x_wconf 89' lang='lat' dir='ltr'>sensuum</span> <span class='ocrx_word' id='word_1_196' title='bbox 3543 1239 3708 1286; x_wconf 91' lang='lat' dir='ltr'>motus</span> <span class='ocrx_word' id='word_1_197' title='bbox 3735 1248 3763 1287; x_wconf 88' lang='lat' dir='ltr'>a</span> 
     </span>
    </p>
   </div>
   <div class='ocr_carea' id='block_1_28' title="bbox 2189 1319 3779 1396">
    <p class='ocr_par' dir='ltr' id='par_1_28' title="bbox 2189 1319 3779 1396">
     <span class='ocr_line' id='line_1_28' title="bbox 2189 1319 3779 1396; baseline -0.001 -19"><span class='ocrx_word' id='word_1_198' title='bbox 2189 1322 2335 1396; x_wconf 69' lang='lat' dir='ltr'>gulae</span> <span class='ocrx_word' id='word_1_199' title='bbox 2367 1323 2521 1389; x_wconf 88' lang='lat' dir='ltr'>vitio,</span> <span class='ocrx_word' id='word_1_200' title='bbox 2551 1322 2620 1377; x_wconf 90' lang='lat' dir='ltr'>ad</span> <span class='ocrx_word' id='word_1_201' title='bbox 2676 1321 2872 1375; x_wconf 90' lang='lat' dir='ltr'>mentis</span> <span class='ocrx_word' id='word_1_202' title='bbox 2926 1335 3164 1391; x_wconf 80' lang='lat' dir='ltr'>pugnam</span> <span class='ocrx_word' id='word_1_203' title='bbox 3221 1319 3572 1389; x_wconf 90' lang='lat' dir='ltr'>deducuntur,</span> <span class='ocrx_word' id='word_1_204' title='bbox 3624 1321 3779 1390; x_wconf 75' lang='lat' dir='ltr'>quasi-</span> 
     </span>
    </p>
   </div>
   <div class='ocr_carea' id='block_1_29' title="bbox 2188 1408 3764 1482">
    <p class='ocr_par' dir='ltr' id='par_1_29' title="bbox 2188 1408 3764 1482">
     <span class='ocr_line' id='line_1_29' title="bbox 2188 1408 3764 1482; baseline -0.003 -15"><span class='ocrx_word' id='word_1_205' title='bbox 2188 1416 2420 1468; x_wconf 82' lang='lat' dir='ltr'>Ammon</span> <span class='ocrx_word' id='word_1_206' title='bbox 2451 1411 2681 1482; x_wconf 89' lang='lat' dir='ltr'>populus</span> <span class='ocrx_word' id='word_1_207' title='bbox 2710 1412 2857 1464; x_wconf 87' lang='lat' dir='ltr'>Naas</span> <span class='ocrx_word' id='word_1_208' title='bbox 2888 1424 3076 1481; x_wconf 82' lang='lat' dir='ltr'>regem</span> <span class='ocrx_word' id='word_1_209' title='bbox 3110 1408 3180 1463; x_wconf 90' lang='lat' dir='ltr'>ad</span> <span class='ocrx_word' id='word_1_210' title='bbox 3210 1408 3573 1464; x_wconf 88' lang='lat' dir='ltr'>Israelitarum</span> <span class='ocrx_word' id='word_1_211' title='bbox 3625 1408 3764 1463; x_wconf 84' lang='lat' dir='ltr'>obsi-</span> 
     </span>
    </p>
   </div>
   <div class='ocr_carea' id='block_1_30' title="bbox 2190 1496 3762 1567">
    <p class='ocr_par' dir='ltr' id='par_1_30' title="bbox 2190 1496 3762 1567">
     <span class='ocr_line' id='line_1_30' title="bbox 2190 1496 3762 1567; baseline -0.003 -11"><span class='ocrx_word' id='word_1_212' title='bbox 2190 1502 2410 1557; x_wconf 90' lang='lat' dir='ltr'>dionem</span> <span class='ocrx_word' id='word_1_213' title='bbox 2439 1500 2743 1556; x_wconf 87' lang='lat' dir='ltr'>comitatur.</span> <span class='ocrx_word' id='word_1_214' title='bbox 2778 1498 2884 1554; x_wconf 90' lang='lat' dir='ltr'>Sed</span> <span class='ocrx_word' id='word_1_215' title='bbox 2916 1500 3047 1553; x_wconf 89' lang='lat' dir='ltr'>dum</span> <span class='ocrx_word' id='word_1_216' title='bbox 3076 1499 3219 1554; x_wconf 86' lang='lat' dir='ltr'>Naas</span> <span class='ocrx_word' id='word_1_217' title='bbox 3249 1497 3489 1567; x_wconf 83' lang='lat' dir='ltr'>perfecte</span> <span class='ocrx_word' id='word_1_218' title='bbox 3533 1496 3762 1566; x_wconf 83' lang='lat' dir='ltr'>vincitur,</span> 
     </span>
    </p>
   </div>
   <div class='ocr_carea' id='block_1_31' title="bbox 2181 1587 3767 1661">
    <p class='ocr_par' dir='ltr' id='par_1_31' title="bbox 2181 1587 3767 1661">
     <span class='ocr_line' id='line_1_31' title="bbox 2181 1587 3767 1661; baseline -0.004 -13"><span class='ocrx_word' id='word_1_219' title='bbox 2181 1594 2420 1648; x_wconf 78' lang='lat' dir='ltr'>Ammon</span> <span class='ocrx_word' id='word_1_220' title='bbox 2445 1598 2500 1645; x_wconf 89' lang='lat' dir='ltr'>et</span> <span class='ocrx_word' id='word_1_221' title='bbox 2527 1588 2889 1661; x_wconf 83' lang='lat' dir='ltr'>exstinguitur</span> <span class='ocrx_word' id='word_1_222' title='bbox 2918 1603 2987 1643; x_wconf 88' lang='lat' dir='ltr'>ex</span> <span class='ocrx_word' id='word_1_223' title='bbox 3015 1596 3186 1657; x_wconf 89' lang='lat' dir='ltr'>parte,</span> <span class='ocrx_word' id='word_1_224' title='bbox 3226 1595 3280 1642; x_wconf 90' lang='lat' dir='ltr'>et</span> <span class='ocrx_word' id='word_1_225' title='bbox 3308 1604 3377 1641; x_wconf 84' lang='lat' dir='ltr'>ex</span> <span class='ocrx_word' id='word_1_226' title='bbox 3406 1596 3555 1657; x_wconf 88' lang='lat' dir='ltr'>parte</span> <span class='ocrx_word' id='word_1_227' title='bbox 3596 1587 3671 1642; x_wconf 88' lang='lat' dir='ltr'>sic</span> <span class='ocrx_word' id='word_1_228' title='bbox 3716 1587 3767 1641; x_wconf 91' lang='lat' dir='ltr'>in</span> 
     </span>
    </p>
   </div>
   <div class='ocr_carea' id='block_1_32' title="bbox 2192 1675 3765 1752">
    <p class='ocr_par' dir='ltr' id='par_1_32' title="bbox 2192 1675 3765 1752">
     <span class='ocr_line' id='line_1_32' title="bbox 2192 1675 3765 1752; baseline -0.004 -17"><span class='ocrx_word' id='word_1_229' title='bbox 2192 1680 2377 1752; x_wconf 85' lang='lat' dir='ltr'>fugam</span> <span class='ocrx_word' id='word_1_230' title='bbox 2408 1678 2633 1745; x_wconf 89' lang='lat' dir='ltr'>veritur,</span> <span class='ocrx_word' id='word_1_231' title='bbox 2667 1686 2726 1731; x_wconf 92' lang='lat' dir='ltr'>ut</span> <span class='ocrx_word' id='word_1_232' title='bbox 2754 1692 2827 1731; x_wconf 82' lang='lat' dir='ltr'>ex</span> <span class='ocrx_word' id='word_1_233' title='bbox 2858 1692 2922 1732; x_wconf 91' lang='lat' dir='ltr'>eo</span> <span class='ocrx_word' id='word_1_234' title='bbox 2944 1676 3051 1731; x_wconf 93' lang='lat' dir='ltr'>duo</span> <span class='ocrx_word' id='word_1_235' title='bbox 3079 1675 3284 1746; x_wconf 89' lang='lat' dir='ltr'>pariter</span> <span class='ocrx_word' id='word_1_236' title='bbox 3301 1692 3412 1731; x_wconf 90' lang='lat' dir='ltr'>non</span> <span class='ocrx_word' id='word_1_237' title='bbox 3425 1675 3765 1742; x_wconf 85' lang='lat' dir='ltr'>inveniantur;</span> 
     </span>
    </p>
   </div>
   <div class='ocr_carea' id='block_1_33' title="bbox 483 1763 3766 1864">
    <p class='ocr_par' dir='ltr' id='par_1_33' title="bbox 483 1763 3766 1864">
     <span class='ocr_line' id='line_1_33' title="bbox 483 1763 3766 1864; baseline -0.01 -15"><span class='ocrx_word' id='word_1_238' title='bbox 483 1763 773 1864; x_wconf 14' lang='lat' dir='ltr'>fugitivost</span> <span class='ocrx_word' id='word_1_239' title='bbox 798 1780 1099 1839; x_wconf 83' lang='lat' dir='ltr'>interﬁcere</span> <span class='ocrx_word' id='word_1_240' title='bbox 1142 1792 1251 1831; x_wconf 90' lang='lat' dir='ltr'>non</span> <span class='ocrx_word' id='word_1_241' title='bbox 1323 1780 1558 1844; x_wconf 88' lang='lat' dir='ltr'>poterat,</span> <span class='ocrx_word' id='word_1_242' title='bbox 1620 1770 1741 1840; x_wconf 87' lang='lat' dir='ltr'>quia</span> <span class='ocrx_word' id='word_1_243' title='bbox 1811 1769 2074 1840; x_wconf 87' lang='lat' dir='ltr'>deplorat,</span> <span class='ocrx_word' id='word_1_244' title='bbox 2107 1790 2163 1854; x_wconf 80' lang='grc' dir='ltr'>Β</span> <span class='ocrx_word' id='word_1_245' title='bbox 2195 1769 2320 1838; x_wconf 90' lang='lat' dir='ltr'>quia</span> <span class='ocrx_word' id='word_1_246' title='bbox 2351 1768 2479 1822; x_wconf 90' lang='lat' dir='ltr'>dum</span> <span class='ocrx_word' id='word_1_247' title='bbox 2510 1783 2607 1838; x_wconf 89' lang='lat' dir='ltr'>per</span> <span class='ocrx_word' id='word_1_248' title='bbox 2635 1765 3017 1821; x_wconf 86' lang='lat' dir='ltr'>abstinentiam</span> <span class='ocrx_word' id='word_1_249' title='bbox 3044 1781 3239 1835; x_wconf 86' lang='lat' dir='ltr'>corpus</span> <span class='ocrx_word' id='word_1_250' title='bbox 3294 1764 3591 1831; x_wconf 89' lang='lat' dir='ltr'>atterimus,</span> <span class='ocrx_word' id='word_1_251' title='bbox 3619 1763 3766 1818; x_wconf 86' lang='lat' dir='ltr'>innu-</span> 
     </span>
    </p>
   </div>
   <div class='ocr_carea' id='block_1_34' title="bbox 480 1859 2078 1939">
    <p class='ocr_par' dir='ltr' id='par_1_34' title="bbox 480 1859 2078 1939">
     <span class='ocr_line' id='line_1_34' title="bbox 480 1859 2078 1939; baseline -0.018 0"><span class='ocrx_word' id='word_1_252' title='bbox 480 1859 669 1939; x_wconf 75' lang='lat' dir='ltr'>dicens</span> <span class='ocrx_word' id='word_1_253' title='bbox 696 1894 708 1933; x_wconf 92' lang='lat'>:</span> <span class='ocrx_word' id='word_1_254' title='bbox 740 1874 897 1932; x_wconf 81' lang='lat' dir='ltr'>Video</span> <span class='ocrx_word' id='word_1_255' title='bbox 924 1870 1102 1925; x_wconf 87' lang='lat' dir='ltr'>aliam</span> <span class='ocrx_word' id='word_1_256' title='bbox 1126 1867 1301 1936; x_wconf 85' lang='lat' dir='ltr'>legem</span> <span class='ocrx_word' id='word_1_257' title='bbox 1337 1864 1401 1917; x_wconf 87' lang='lat' dir='ltr'>in</span> <span class='ocrx_word' id='word_1_258' title='bbox 1422 1861 1688 1917; x_wconf 77' lang='lat' dir='ltr'>membris</span> <span class='ocrx_word' id='word_1_259' title='bbox 1726 1859 1866 1914; x_wconf 81' lang='lat' dir='ltr'>meis</span> <span class='ocrx_word' id='word_1_260' title='bbox 1905 1874 2078 1929; x_wconf 83' lang='lat' dir='ltr'>repu-</span> 
     </span>
    </p>
   </div>
   <div class='ocr_carea' id='block_1_35' title="bbox 479 1946 2082 2047">
    <p class='ocr_par' dir='ltr' id='par_1_35' title="bbox 479 1946 2082 2047">
     <span class='ocr_line' id='line_1_35' title="bbox 479 1946 2082 2047; baseline -0.017 -19"><span class='ocrx_word' id='word_1_261' title='bbox 479 1972 755 2047; x_wconf 84' lang='lat' dir='ltr'>gnantem</span> <span class='ocrx_word' id='word_1_262' title='bbox 776 1962 883 2034; x_wconf 84' lang='lat' dir='ltr'>legi</span> <span class='ocrx_word' id='word_1_263' title='bbox 900 1959 1113 2014; x_wconf 82' lang='lat' dir='ltr'>mentis</span> <span class='ocrx_word' id='word_1_264' title='bbox 1135 1970 1272 2009; x_wconf 72' lang='lat' dir='ltr'>mea:</span> <span class='ocrx_word' id='word_1_265' title='bbox 1295 1954 1473 2023; x_wconf 86' lang='lat' dir='ltr'>(Rom.</span> <span class='ocrx_word' id='word_1_266' title='bbox 1491 1967 1587 2016; x_wconf 83' lang='lat' dir='ltr'>vn,</span> <span class='ocrx_word' id='word_1_267' title='bbox 1632 1952 1745 2047; x_wconf 43' lang='lat'>23‘):</span> <span class='ocrx_word' id='word_1_268' title='bbox 1777 1951 1940 2047; x_wconf 45' lang='lat' dir='ltr'>item-</span> <span class='ocrx_word' id='word_1_269' title='bbox 1953 1946 2082 2047; x_wconf 73' lang='lat' dir='ltr'>quia</span> 
     </span>
    </p>
   </div>
   <div class='ocr_carea' id='block_1_36' title="bbox 484 2037 2083 2118">
    <p class='ocr_par' dir='ltr' id='par_1_36' title="bbox 484 2037 2083 2118">
     <span class='ocr_line' id='line_1_36' title="bbox 484 2037 2083 2118; baseline -0.023 0"><span class='ocrx_word' id='word_1_270' title='bbox 484 2037 794 2118; x_wconf 78' lang='lat' dir='ltr'>debilitatos</span> <span class='ocrx_word' id='word_1_271' title='bbox 837 2048 1075 2113; x_wconf 86' lang='lat' dir='ltr'>videbat,</span> <span class='ocrx_word' id='word_1_272' title='bbox 1115 2044 1207 2114; x_wconf 90' lang='lat' dir='ltr'>qui</span> <span class='ocrx_word' id='word_1_273' title='bbox 1262 2046 1652 2106; x_wconf 87' lang='lat' dir='ltr'>remanserant,</span> <span class='ocrx_word' id='word_1_274' title='bbox 1685 2038 1850 2092; x_wconf 87' lang='lat' dir='ltr'>dicit:</span> <span class='ocrx_word' id='word_1_275' title='bbox 1911 2037 2083 2093; x_wconf 63' lang='lat' dir='ltr'>nulla</span> 
     </span>
    </p>
   </div>
   <div class='ocr_carea' id='block_1_37' title="bbox 485 2125 2084 2215">
    <p class='ocr_par' dir='ltr' id='par_1_37' title="bbox 485 2125 2084 2215">
     <span class='ocr_line' id='line_1_37' title="bbox 485 2125 2084 2215; baseline -0.019 -7"><span class='ocrx_word' id='word_1_276' title='bbox 485 2151 754 2209; x_wconf 77' lang='lat' dir='ltr'>creatura</span> <span class='ocrx_word' id='word_1_277' title='bbox 779 2138 991 2215; x_wconf 83' lang='lat' dir='ltr'>poterit</span> <span class='ocrx_word' id='word_1_278' title='bbox 1032 2150 1135 2191; x_wconf 84' lang='lat' dir='ltr'>nos</span> <span class='ocrx_word' id='word_1_279' title='bbox 1176 2145 1442 2204; x_wconf 81' lang='lat' dir='ltr'>separare</span> <span class='ocrx_word' id='word_1_280' title='bbox 1483 2146 1517 2183; x_wconf 91' lang='lat' dir='ltr'>a</span> <span class='ocrx_word' id='word_1_281' title='bbox 1550 2128 1832 2184; x_wconf 87' lang='lat' dir='ltr'>charitate</span> <span class='ocrx_word' id='word_1_282' title='bbox 1875 2125 2084 2181; x_wconf 72' lang='lat' dir='ltr'>Christi</span> 
     </span>
    </p>
   </div>
   <div class='ocr_carea' id='block_1_38' title="bbox 486 2213 2083 2310">
    <p class='ocr_par' dir='ltr' id='par_1_38' title="bbox 486 2213 2083 2310">
     <span class='ocr_line' id='line_1_38' title="bbox 486 2213 2083 2310; baseline -0.017 -17"><span class='ocrx_word' id='word_1_283' title='bbox 486 2237 643 2310; x_wconf 85' lang='lat' dir='ltr'>(Ibid.</span> <span class='ocrx_word' id='word_1_284' title='bbox 669 2213 794 2297; x_wconf 67' lang='lat' dir='ltr'>vui,</span> <span class='ocrx_word' id='word_1_285' title='bbox 829 2224 1093 2297; x_wconf 86' lang='lat' dir='ltr'>39).Quid</span> <span class='ocrx_word' id='word_1_286' title='bbox 1128 2229 1209 2276; x_wconf 87' lang='lat' dir='ltr'>est</span> <span class='ocrx_word' id='word_1_287' title='bbox 1247 2234 1400 2292; x_wconf 88' lang='lat' dir='ltr'>ergo,</span> <span class='ocrx_word' id='word_1_288' title='bbox 1443 2216 1586 2287; x_wconf 90' lang='lat' dir='ltr'>quod</span> <span class='ocrx_word' id='word_1_289' title='bbox 1624 2215 1871 2286; x_wconf 87' lang='lat' dir='ltr'>deplorat</span> <span class='ocrx_word' id='word_1_290' title='bbox 1904 2213 2083 2310; x_wconf 82' lang='lat' dir='ltr'>legem</span> 
     </span>
    </p>
   </div>
   <div class='ocr_carea' id='block_1_39' title="bbox 485 2303 2085 2385">
    <p class='ocr_par' dir='ltr' id='par_1_39' title="bbox 485 2303 2085 2385">
     <span class='ocr_line' id='line_1_39' title="bbox 485 2303 2085 2385; baseline -0.019 0"><span class='ocrx_word' id='word_1_291' title='bbox 485 2303 663 2384; x_wconf 84' lang='lat' dir='ltr'>inesse</span> <span class='ocrx_word' id='word_1_292' title='bbox 691 2316 951 2376; x_wconf 88' lang='lat' dir='ltr'>membris</span> <span class='ocrx_word' id='word_1_293' title='bbox 972 2313 1078 2385; x_wconf 85' lang='lat' dir='ltr'>legi</span> <span class='ocrx_word' id='word_1_294' title='bbox 1108 2310 1303 2366; x_wconf 90' lang='lat' dir='ltr'>mentis</span> <span class='ocrx_word' id='word_1_295' title='bbox 1323 2312 1737 2379; x_wconf 84' lang='lat' dir='ltr'>repugnantem,</span> <span class='ocrx_word' id='word_1_296' title='bbox 1761 2304 1804 2359; x_wconf 87' lang='lat' dir='ltr'>si</span> <span class='ocrx_word' id='word_1_297' title='bbox 1834 2303 2085 2358; x_wconf 83' lang='lat' dir='ltr'>extinctis</span> 
     </span>
    </p>
   </div>
   <div class='ocr_carea' id='block_1_40' title="bbox 493 2392 2086 2482">
    <p class='ocr_par' dir='ltr' id='par_1_40' title="bbox 493 2392 2086 2482">
     <span class='ocr_line' id='line_1_40' title="bbox 493 2392 2086 2482; baseline -0.017 -10"><span class='ocrx_word' id='word_1_298' title='bbox 493 2417 634 2482; x_wconf 90' lang='lat' dir='ltr'>aliis,</span> <span class='ocrx_word' id='word_1_299' title='bbox 649 2411 739 2468; x_wconf 86' lang='lat' dir='ltr'>alii</span> <span class='ocrx_word' id='word_1_300' title='bbox 755 2410 808 2464; x_wconf 90' lang='lat' dir='ltr'>in</span> <span class='ocrx_word' id='word_1_301' title='bbox 832 2407 1016 2478; x_wconf 84' lang='lat' dir='ltr'>fugam</span> <span class='ocrx_word' id='word_1_302' title='bbox 1038 2400 1178 2457; x_wconf 85' lang='lat' dir='ltr'>versi</span> <span class='ocrx_word' id='word_1_303' title='bbox 1200 2405 1341 2461; x_wconf 88' lang='lat' dir='ltr'>sunt;</span> <span class='ocrx_word' id='word_1_304' title='bbox 1364 2396 1464 2450; x_wconf 88' lang='lat' dir='ltr'>nisi</span> <span class='ocrx_word' id='word_1_305' title='bbox 1485 2395 1606 2464; x_wconf 88' lang='lat' dir='ltr'>quia</span> <span class='ocrx_word' id='word_1_306' title='bbox 1626 2393 1848 2464; x_wconf 88' lang='lat' dir='ltr'>perfecti</span> <span class='ocrx_word' id='word_1_307' title='bbox 1866 2392 1965 2448; x_wconf 90' lang='lat' dir='ltr'>viri</span> <span class='ocrx_word' id='word_1_308' title='bbox 1984 2393 2086 2446; x_wconf 88' lang='lat' dir='ltr'>hoc</span> 
     </span>
    </p>
   </div>
   <div class='ocr_carea' id='block_1_41' title="bbox 484 2481 2085 2577">
    <p class='ocr_par' dir='ltr' id='par_1_41' title="bbox 484 2481 2085 2577">
     <span class='ocr_line' id='line_1_41' title="bbox 484 2481 2085 2577; baseline -0.018 -15"><span class='ocrx_word' id='word_1_309' title='bbox 484 2495 841 2577; x_wconf 89' lang='lat' dir='ltr'>ipsum,quod</span> <span class='ocrx_word' id='word_1_310' title='bbox 859 2490 1132 2561; x_wconf 88' lang='lat' dir='ltr'>simplices</span> <span class='ocrx_word' id='word_1_311' title='bbox 1153 2495 1333 2542; x_wconf 89' lang='lat' dir='ltr'>motus</span> <span class='ocrx_word' id='word_1_312' title='bbox 1349 2484 1532 2540; x_wconf 90' lang='lat' dir='ltr'>carnis</span> <span class='ocrx_word' id='word_1_313' title='bbox 1553 2490 1738 2537; x_wconf 88' lang='lat' dir='ltr'>contra</span> <span class='ocrx_word' id='word_1_314' title='bbox 1748 2481 2085 2536; x_wconf 86' lang='lat' dir='ltr'>voluntatem</span> 
     </span>
    </p>
   </div>
   <div class='ocr_carea' id='block_1_42' title="bbox 490 2569 2085 2654">
    <p class='ocr_par' dir='ltr' id='par_1_42' title="bbox 490 2569 2085 2654">
     <span class='ocr_line' id='line_1_42' title="bbox 490 2569 2085 2654; baseline -0.018 -5"><span class='ocrx_word' id='word_1_315' title='bbox 490 2569 775 2654; x_wconf 73' lang='lat' dir='ltr'>sustinent,</span> <span class='ocrx_word' id='word_1_316' title='bbox 809 2584 1159 2640; x_wconf 86' lang='lat' dir='ltr'>vehementer</span> <span class='ocrx_word' id='word_1_317' title='bbox 1174 2574 1409 2630; x_wconf 77' lang='lat' dir='ltr'>dolent?</span> <span class='ocrx_word' id='word_1_318' title='bbox 1431 2571 1640 2628; x_wconf 85' lang='lat' dir='ltr'>Vellent</span> <span class='ocrx_word' id='word_1_319' title='bbox 1660 2570 1860 2640; x_wconf 91' lang='lat' dir='ltr'>quippe</span> <span class='ocrx_word' id='word_1_320' title='bbox 1880 2569 1955 2623; x_wconf 89' lang='lat' dir='ltr'>sic</span> <span class='ocrx_word' id='word_1_321' title='bbox 1974 2583 2085 2622; x_wconf 87' lang='lat' dir='ltr'>ma-</span> 
     </span>
    </p>
   </div>
   <div class='ocr_carea' id='block_1_43' title="bbox 487 2659 2086 2738">
    <p class='ocr_par' dir='ltr' id='par_1_43' title="bbox 487 2659 2086 2738">
     <span class='ocr_line' id='line_1_43' title="bbox 487 2659 2086 2738; baseline -0.016 0"><span class='ocrx_word' id='word_1_322' title='bbox 487 2695 615 2738; x_wconf 90' lang='lat' dir='ltr'>nere</span> <span class='ocrx_word' id='word_1_323' title='bbox 642 2679 698 2731; x_wconf 91' lang='lat' dir='ltr'>in</span> <span class='ocrx_word' id='word_1_324' title='bbox 726 2686 913 2737; x_wconf 88' lang='lat' dir='ltr'>carne,</span> <span class='ocrx_word' id='word_1_325' title='bbox 946 2676 1003 2722; x_wconf 90' lang='lat' dir='ltr'>ut</span> <span class='ocrx_word' id='word_1_326' title='bbox 1030 2674 1219 2722; x_wconf 88' lang='lat' dir='ltr'>contra</span> <span class='ocrx_word' id='word_1_327' title='bbox 1247 2661 1444 2717; x_wconf 88' lang='lat' dir='ltr'>mentis</span> <span class='ocrx_word' id='word_1_328' title='bbox 1472 2660 1804 2716; x_wconf 86' lang='lat' dir='ltr'>voluntatem</span> <span class='ocrx_word' id='word_1_329' title='bbox 1837 2659 1905 2712; x_wconf 91' lang='lat' dir='ltr'>de</span> <span class='ocrx_word' id='word_1_330' title='bbox 1923 2672 2086 2713; x_wconf 89' lang='lat' dir='ltr'>carne</span> 
     </span>
    </p>
   </div>
   <div class='ocr_carea' id='block_1_44' title="bbox 488 2746 2083 2828">
    <p class='ocr_par' dir='ltr' id='par_1_44' title="bbox 488 2746 2083 2828">
     <span class='ocr_line' id='line_1_44' title="bbox 488 2746 2083 2828; baseline -0.016 -2"><span class='ocrx_word' id='word_1_331' title='bbox 488 2769 639 2828; x_wconf 90' lang='lat' dir='ltr'>nulla</span> <span class='ocrx_word' id='word_1_332' title='bbox 668 2761 1015 2819; x_wconf 81' lang='lat' dir='ltr'>sustinerent.</span> <span class='ocrx_word' id='word_1_333' title='bbox 1039 2754 1198 2823; x_wconf 87' lang='lat' dir='ltr'>Quod</span> <span class='ocrx_word' id='word_1_334' title='bbox 1228 2748 1609 2822; x_wconf 88' lang='lat' dir='ltr'>quidem,quia</span> <span class='ocrx_word' id='word_1_335' title='bbox 1625 2746 1963 2819; x_wconf 89' lang='lat' dir='ltr'>impossibile</span> <span class='ocrx_word' id='word_1_336' title='bbox 1981 2752 2083 2813; x_wconf 91' lang='lat' dir='ltr'>est,</span> 
     </span>
    </p>
   </div>
   <div class='ocr_carea' id='block_1_45' title="bbox 497 2838 2087 2932">
    <p class='ocr_par' dir='ltr' id='par_1_45' title="bbox 497 2838 2087 2932">
     <span class='ocr_line' id='line_1_45' title="bbox 497 2838 2087 2932; baseline -0.016 -17"><span class='ocrx_word' id='word_1_337' title='bbox 497 2853 759 2932; x_wconf 66' lang='lat' dir='ltr'>praemisit</span> <span class='ocrx_word' id='word_1_338' title='bbox 787 2851 1015 2905; x_wconf 89' lang='lat' dir='ltr'>dicens:</span> <span class='ocrx_word' id='word_1_339' title='bbox 1076 2843 1231 2899; x_wconf 85' lang='lat' dir='ltr'>Velle</span> <span class='ocrx_word' id='word_1_340' title='bbox 1252 2842 1478 2911; x_wconf 86' lang='lat' dir='ltr'>adjacet</span> <span class='ocrx_word' id='word_1_341' title='bbox 1509 2838 1673 2932; x_wconf 73' lang='lat' dir='ltr'>mihi,</span> <span class='ocrx_word' id='word_1_342' title='bbox 1703 2852 1861 2932; x_wconf 77' lang='lat' dir='ltr'>posse</span> <span class='ocrx_word' id='word_1_343' title='bbox 1893 2839 2087 2891; x_wconf 84' lang='lat' dir='ltr'>autem</span> 
     </span>
    </p>
   </div>
   <div class='ocr_carea' id='block_1_46' title="bbox 489 2925 2088 3007">
    <p class='ocr_par' dir='ltr' id='par_1_46' title="bbox 489 2925 2088 3007">
     <span class='ocr_line' id='line_1_46' title="bbox 489 2925 2088 3007; baseline -0.017 0"><span class='ocrx_word' id='word_1_344' title='bbox 489 2925 605 3007; x_wconf 72' lang='lat' dir='ltr'>non</span> <span class='ocrx_word' id='word_1_345' title='bbox 628 2940 875 3002; x_wconf 82' lang='lat' dir='ltr'>invenio.</span> <span class='ocrx_word' id='word_1_346' title='bbox 911 2937 1031 2993; x_wconf 84' lang='lat' dir='ltr'>Non</span> <span class='ocrx_word' id='word_1_347' title='bbox 1063 2935 1218 2989; x_wconf 79' lang='lat' dir='ltr'>enim</span> <span class='ocrx_word' id='word_1_348' title='bbox 1239 2928 1380 3002; x_wconf 85' lang='lat' dir='ltr'>quod</span> <span class='ocrx_word' id='word_1_349' title='bbox 1418 2931 1541 2985; x_wconf 81' lang='lat' dir='ltr'>voto</span> <span class='ocrx_word' id='word_1_350' title='bbox 1564 2926 1790 2994; x_wconf 84' lang='lat' dir='ltr'>bonum,</span> <span class='ocrx_word' id='word_1_351' title='bbox 1819 2925 1919 2981; x_wconf 84' lang='lat' dir='ltr'>hoc</span> <span class='ocrx_word' id='word_1_352' title='bbox 1952 2940 2088 2996; x_wconf 86' lang='lat' dir='ltr'>ago;</span> 
     </span>
    </p>
   </div>
   <div class='ocr_carea' id='block_1_47' title="bbox 487 3014 2084 3108">
    <p class='ocr_par' dir='ltr' id='par_1_47' title="bbox 487 3014 2084 3108">
     <span class='ocr_line' id='line_1_47' title="bbox 487 3014 2084 3108; baseline -0.019 -12"><span class='ocrx_word' id='word_1_353' title='bbox 487 3038 585 3096; x_wconf 82' lang='lat' dir='ltr'>sed</span> <span class='ocrx_word' id='word_1_354' title='bbox 613 3032 753 3108; x_wconf 89' lang='lat' dir='ltr'>quod</span> <span class='ocrx_word' id='word_1_355' title='bbox 791 3026 883 3086; x_wconf 79' lang='lat' dir='ltr'>odi</span> <span class='ocrx_word' id='word_1_356' title='bbox 920 3025 1162 3090; x_wconf 87' lang='lat' dir='ltr'>malum,</span> <span class='ocrx_word' id='word_1_357' title='bbox 1201 3018 1346 3075; x_wconf 86' lang='lat' dir='ltr'>illud</span> <span class='ocrx_word' id='word_1_358' title='bbox 1368 3018 1519 3088; x_wconf 79' lang='lat' dir='ltr'>[acia</span> <span class='ocrx_word' id='word_1_359' title='bbox 1559 3014 1717 3085; x_wconf 87' lang='lat' dir='ltr'>(Ibid.</span> <span class='ocrx_word' id='word_1_360' title='bbox 1742 3030 1837 3081; x_wconf 85' lang='lat' dir='ltr'>vu,</span> <span class='ocrx_word' id='word_1_361' title='bbox 1862 3018 1948 3083; x_wconf 81' lang='lat' dir='ltr'>l8,</span> <span class='ocrx_word' id='word_1_362' title='bbox 1977 3016 2084 3081; x_wconf 77' lang='grc'>19).</span> 
     </span>
    </p>
   </div>
   <div class='ocr_carea' id='block_1_48' title="bbox 492 3104 2083 3195">
    <p class='ocr_par' dir='ltr' id='par_1_48' title="bbox 492 3104 2083 3195">
     <span class='ocr_line' id='line_1_48' title="bbox 492 3104 2083 3195; baseline -0.016 -15"><span class='ocrx_word' id='word_1_363' title='bbox 492 3104 852 3195; x_wconf 81' lang='lat' dir='ltr'>Quasidicat:</span> <span class='ocrx_word' id='word_1_364' title='bbox 878 3114 1083 3170; x_wconf 87' lang='lat' dir='ltr'>Vellem</span> <span class='ocrx_word' id='word_1_365' title='bbox 1102 3125 1223 3165; x_wconf 89' lang='lat' dir='ltr'>esse</span> <span class='ocrx_word' id='word_1_366' title='bbox 1244 3108 1298 3161; x_wconf 91' lang='lat' dir='ltr'>in</span> <span class='ocrx_word' id='word_1_367' title='bbox 1312 3121 1495 3173; x_wconf 87' lang='lat' dir='ltr'>carne,</span> <span class='ocrx_word' id='word_1_368' title='bbox 1514 3120 1623 3159; x_wconf 93' lang='lat' dir='ltr'>non</span> <span class='ocrx_word' id='word_1_369' title='bbox 1644 3120 1709 3159; x_wconf 87' lang='lat' dir='ltr'>ea</span> <span class='ocrx_word' id='word_1_370' title='bbox 1729 3104 2083 3174; x_wconf 88' lang='lat' dir='ltr'>perfectione,</span> 
     </span>
    </p>
   </div>
   <div class='ocr_carea' id='block_1_49' title="bbox 491 3191 2086 3285">
    <p class='ocr_par' dir='ltr' id='par_1_49' title="bbox 491 3191 2086 3285">
     <span class='ocr_line' id='line_1_49' title="bbox 491 3191 2086 3285; baseline -0.016 -17"><span class='ocrx_word' id='word_1_371' title='bbox 491 3191 595 3285; x_wconf 74' lang='lat' dir='ltr'>qua</span> <span class='ocrx_word' id='word_1_372' title='bbox 615 3207 887 3281; x_wconf 86' lang='lat' dir='ltr'>perfectus</span> <span class='ocrx_word' id='word_1_373' title='bbox 909 3202 965 3256; x_wconf 92' lang='lat' dir='ltr'>in</span> <span class='ocrx_word' id='word_1_374' title='bbox 986 3213 1146 3255; x_wconf 89' lang='lat' dir='ltr'>carne</span> <span class='ocrx_word' id='word_1_375' title='bbox 1170 3196 1442 3267; x_wconf 76' lang='lat' dir='ltr'>perfectus</span> <span class='ocrx_word' id='word_1_376' title='bbox 1472 3200 1576 3263; x_wconf 90' lang='lat' dir='ltr'>est,</span> <span class='ocrx_word' id='word_1_377' title='bbox 1610 3193 1712 3247; x_wconf 90' lang='lat' dir='ltr'>sed</span> <span class='ocrx_word' id='word_1_378' title='bbox 1740 3191 2086 3262; x_wconf 84' lang='lat' dir='ltr'>sicutAngeli</span> 
     </span>
    </p>
   </div>
   <div class='ocr_carea' id='block_1_50' title="bbox 488 3280 2086 3360">
    <p class='ocr_par' dir='ltr' id='par_1_50' title="bbox 488 3280 2086 3360">
     <span class='ocr_line' id='line_1_50' title="bbox 488 3280 2086 3360; baseline -0.016 -2"><span class='ocrx_word' id='word_1_379' title='bbox 488 3280 590 3360; x_wconf 84' lang='lat' dir='ltr'>Dei</span> <span class='ocrx_word' id='word_1_380' title='bbox 610 3280 666 3353; x_wconf 83' lang='lat' dir='ltr'>in</span> <span class='ocrx_word' id='word_1_381' title='bbox 683 3294 847 3352; x_wconf 74' lang='lat' dir='ltr'>coelo.</span> <span class='ocrx_word' id='word_1_382' title='bbox 874 3290 980 3346; x_wconf 90' lang='lat' dir='ltr'>Sed</span> <span class='ocrx_word' id='word_1_383' title='bbox 1002 3290 1106 3342; x_wconf 90' lang='lat' dir='ltr'>hoc</span> <span class='ocrx_word' id='word_1_384' title='bbox 1128 3299 1290 3356; x_wconf 89' lang='lat' dir='ltr'>posse</span> <span class='ocrx_word' id='word_1_385' title='bbox 1305 3298 1415 3337; x_wconf 93' lang='lat' dir='ltr'>non</span> <span class='ocrx_word' id='word_1_386' title='bbox 1434 3280 1923 3350; x_wconf 89' lang='lat' dir='ltr'>invenio,quandiu</span> <span class='ocrx_word' id='word_1_387' title='bbox 1940 3294 2086 3334; x_wconf 90' lang='lat' dir='ltr'>mors</span> 
     </span>
    </p>
   </div>
   <div class='ocr_carea' id='block_1_51' title="bbox 487 3367 2085 3465">
    <p class='ocr_par' dir='ltr' id='par_1_51' title="bbox 487 3367 2085 3465">
     <span class='ocr_line' id='line_1_51' title="bbox 487 3367 2085 3465; baseline -0.017 -17"><span class='ocrx_word' id='word_1_388' title='bbox 487 3385 699 3465; x_wconf 83' lang='lat' dir='ltr'>peccati</span> <span class='ocrx_word' id='word_1_389' title='bbox 727 3384 992 3450; x_wconf 88' lang='lat' dir='ltr'>absorpta</span> <span class='ocrx_word' id='word_1_390' title='bbox 1007 3378 1061 3431; x_wconf 89' lang='lat' dir='ltr'>in</span> <span class='ocrx_word' id='word_1_391' title='bbox 1090 3374 1267 3429; x_wconf 85' lang='lat' dir='ltr'>futura</span> <span class='ocrx_word' id='word_1_392' title='bbox 1294 3370 1690 3427; x_wconf 88' lang='lat' dir='ltr'>resurrectione</span> <span class='ocrx_word' id='word_1_393' title='bbox 1726 3384 1853 3424; x_wconf 88' lang='lat' dir='ltr'>.non</span> <span class='ocrx_word' id='word_1_394' title='bbox 1908 3367 2085 3437; x_wconf 89' lang='lat' dir='ltr'>fuerit,</span> 
     </span>
    </p>
   </div>
   <div class='ocr_carea' id='block_1_52' title="bbox 487 3459 2088 3546">
    <p class='ocr_par' dir='ltr' id='par_1_52' title="bbox 487 3459 2088 3546">
     <span class='ocr_line' id='line_1_52' title="bbox 487 3459 2088 3546; baseline -0.017 -10"><span class='ocrx_word' id='word_1_395' title='bbox 487 3459 645 3545; x_wconf 74' lang='lat' dir='ltr'>illud,</span> <span class='ocrx_word' id='word_1_396' title='bbox 679 3473 819 3546; x_wconf 89' lang='lat' dir='ltr'>quod</span> <span class='ocrx_word' id='word_1_397' title='bbox 848 3471 902 3525; x_wconf 91' lang='lat' dir='ltr'>in</span> <span class='ocrx_word' id='word_1_398' title='bbox 915 3483 1003 3523; x_wconf 89' lang='lat' dir='ltr'>me</span> <span class='ocrx_word' id='word_1_399' title='bbox 1032 3470 1313 3536; x_wconf 88' lang='lat' dir='ltr'>peccatum</span> <span class='ocrx_word' id='word_1_400' title='bbox 1336 3459 1619 3526; x_wconf 88' lang='lat' dir='ltr'>inhabitat,</span> <span class='ocrx_word' id='word_1_401' title='bbox 1639 3462 1821 3514; x_wconf 90' lang='lat' dir='ltr'>movet</span> <span class='ocrx_word' id='word_1_402' title='bbox 1851 3472 1939 3511; x_wconf 90' lang='lat' dir='ltr'>me</span> <span class='ocrx_word' id='word_1_403' title='bbox 1960 3471 2088 3511; x_wconf 90' lang='lat' dir='ltr'>con-</span> 
     </span>
    </p>
   </div>
   <div class='ocr_carea' id='block_1_53' title="bbox 488 3549 2084 3627">
    <p class='ocr_par' dir='ltr' id='par_1_53' title="bbox 488 3549 2084 3627">
     <span class='ocr_line' id='line_1_53' title="bbox 488 3549 2084 3627; baseline -0.016 -2"><span class='ocrx_word' id='word_1_404' title='bbox 488 3576 575 3625; x_wconf 87' lang='lat' dir='ltr'>tra</span> <span class='ocrx_word' id='word_1_405' title='bbox 604 3580 712 3621; x_wconf 90' lang='lat' dir='ltr'>me.</span> <span class='ocrx_word' id='word_1_406' title='bbox 747 3561 854 3617; x_wconf 89' lang='lat' dir='ltr'>Sed</span> <span class='ocrx_word' id='word_1_407' title='bbox 885 3555 1028 3627; x_wconf 90' lang='lat' dir='ltr'>quod</span> <span class='ocrx_word' id='word_1_408' title='bbox 1058 3549 1331 3621; x_wconf 76' lang='lat' dir='ltr'>exstingui</span> <span class='ocrx_word' id='word_1_409' title='bbox 1379 3556 1659 3620; x_wconf 90' lang='lat' dir='ltr'>peccatum</span> <span class='ocrx_word' id='word_1_410' title='bbox 1713 3562 1827 3603; x_wconf 92' lang='lat' dir='ltr'>non</span> <span class='ocrx_word' id='word_1_411' title='bbox 1886 3552 2084 3617; x_wconf 89' lang='lat' dir='ltr'>potest,</span> 
     </span>
    </p>
   </div>
   <div class='ocr_carea' id='block_1_54' title="bbox 496 3636 2089 3725">
    <p class='ocr_par' dir='ltr' id='par_1_54' title="bbox 496 3636 2089 3725">
     <span class='ocr_line' id='line_1_54' title="bbox 496 3636 2089 3725; baseline -0.016 -12"><span class='ocrx_word' id='word_1_412' title='bbox 496 3652 727 3725; x_wconf 81' lang='lat' dir='ltr'>effugari</span> <span class='ocrx_word' id='word_1_413' title='bbox 761 3655 959 3721; x_wconf 90' lang='lat' dir='ltr'>potest.</span> <span class='ocrx_word' id='word_1_414' title='bbox 991 3645 1168 3698; x_wconf 86' lang='lat' dir='ltr'>Motus</span> <span class='ocrx_word' id='word_1_415' title='bbox 1197 3639 1398 3711; x_wconf 89' lang='lat' dir='ltr'>quippe</span> <span class='ocrx_word' id='word_1_416' title='bbox 1427 3637 1603 3692; x_wconf 90' lang='lat' dir='ltr'>carnis</span> <span class='ocrx_word' id='word_1_417' title='bbox 1632 3637 1789 3708; x_wconf 89' lang='lat' dir='ltr'>quasi</span> <span class='ocrx_word' id='word_1_418' title='bbox 1825 3636 1881 3690; x_wconf 90' lang='lat' dir='ltr'>in</span> <span class='ocrx_word' id='word_1_419' title='bbox 1902 3636 2089 3707; x_wconf 84' lang='lat' dir='ltr'>fugam</span> 
     </span>
    </p>
   </div>
   <div class='ocr_carea' id='block_1_55' title="bbox 489 3725 2087 3809">
    <p class='ocr_par' dir='ltr' id='par_1_55' title="bbox 489 3725 2087 3809">
     <span class='ocr_line' id='line_1_55' title="bbox 489 3725 2087 3809; baseline -0.013 -8"><span class='ocrx_word' id='word_1_420' title='bbox 489 3744 739 3809; x_wconf 88' lang='lat' dir='ltr'>vertitur,</span> <span class='ocrx_word' id='word_1_421' title='bbox 774 3739 910 3793; x_wconf 90' lang='lat' dir='ltr'>dum</span> <span class='ocrx_word' id='word_1_422' title='bbox 940 3735 1061 3803; x_wconf 89' lang='lat' dir='ltr'>ipsa</span> <span class='ocrx_word' id='word_1_423' title='bbox 1092 3732 1228 3786; x_wconf 92' lang='lat' dir='ltr'>bene</span> <span class='ocrx_word' id='word_1_424' title='bbox 1245 3726 1540 3799; x_wconf 86' lang='lat' dir='ltr'>jejunando</span> <span class='ocrx_word' id='word_1_425' title='bbox 1562 3725 1884 3797; x_wconf 80' lang='lat' dir='ltr'>castigatur.</span> <span class='ocrx_word' id='word_1_426' title='bbox 1916 3726 2087 3780; x_wconf 89' lang='lat' dir='ltr'>Tanto</span> 
     </span>
    </p>
   </div>
   <div class='ocr_carea' id='block_1_56' title="bbox 486 3814 2086 3898">
    <p class='ocr_par' dir='ltr' id='par_1_56' title="bbox 486 3814 2086 3898">
     <span class='ocr_line' id='line_1_56' title="bbox 486 3814 2086 3898; baseline -0.014 -7"><span class='ocrx_word' id='word_1_427' title='bbox 486 3834 635 3891; x_wconf 88' lang='lat' dir='ltr'>enim</span> <span class='ocrx_word' id='word_1_428' title='bbox 661 3829 836 3885; x_wconf 88' lang='lat' dir='ltr'>rarius</span> <span class='ocrx_word' id='word_1_429' title='bbox 865 3839 929 3880; x_wconf 89' lang='lat' dir='ltr'>ac</span> <span class='ocrx_word' id='word_1_430' title='bbox 958 3820 1237 3877; x_wconf 73' lang='lat' dir='ltr'>difficilius</span> <span class='ocrx_word' id='word_1_431' title='bbox 1271 3833 1331 3872; x_wconf 89' lang='lat' dir='ltr'>se</span> <span class='ocrx_word' id='word_1_432' title='bbox 1361 3823 1548 3872; x_wconf 89' lang='lat' dir='ltr'>contra</span> <span class='ocrx_word' id='word_1_433' title='bbox 1603 3815 1847 3883; x_wconf 85' lang='lat' dir='ltr'>spiritum</span> <span class='ocrx_word' id='word_1_434' title='bbox 1904 3814 2086 3898; x_wconf 52' lang='lat' dir='ltr'>erigit,</span> 
     </span>
    </p>
   </div>
   <div class='ocr_carea' id='block_1_57' title="bbox 491 3904 2086 3996">
    <p class='ocr_par' dir='ltr' id='par_1_57' title="bbox 491 3904 2086 3996">
     <span class='ocr_line' id='line_1_57' title="bbox 491 3904 2086 3996; baseline -0.014 -17"><span class='ocrx_word' id='word_1_435' title='bbox 491 3929 690 3996; x_wconf 88' lang='lat' dir='ltr'>quanto</span> <span class='ocrx_word' id='word_1_436' title='bbox 702 3917 810 3972; x_wconf 87' lang='lat' dir='ltr'>sibi</span> <span class='ocrx_word' id='word_1_437' title='bbox 840 3929 961 3971; x_wconf 89' lang='lat' dir='ltr'>eam</span> <span class='ocrx_word' id='word_1_438' title='bbox 973 3909 1272 3982; x_wconf 66' lang='lat' dir='ltr'>prmsidens</span> <span class='ocrx_word' id='word_1_439' title='bbox 1292 3906 1515 3977; x_wconf 90' lang='lat' dir='ltr'>spiritus</span> <span class='ocrx_word' id='word_1_440' title='bbox 1528 3920 1626 3975; x_wconf 90' lang='lat' dir='ltr'>per</span> <span class='ocrx_word' id='word_1_441' title='bbox 1653 3904 2086 3958; x_wconf 82' lang='lat' dir='ltr'>extenuationem</span> 
     </span>
    </p>
   </div>
   <div class='ocr_carea' id='block_1_58' title="bbox 485 3993 2087 4078">
    <p class='ocr_par' dir='ltr' id='par_1_58' title="bbox 485 3993 2087 4078">
     <span class='ocr_line' id='line_1_58' title="bbox 485 3993 2087 4078; baseline -0.012 -10"><span class='ocrx_word' id='word_1_442' title='bbox 485 3993 687 4078; x_wconf 81' lang='lat' dir='ltr'>subdit,</span> <span class='ocrx_word' id='word_1_443' title='bbox 718 4022 841 4063; x_wconf 90' lang='lat' dir='ltr'>cum</span> <span class='ocrx_word' id='word_1_444' title='bbox 871 4005 952 4059; x_wconf 87' lang='lat' dir='ltr'>sic</span> <span class='ocrx_word' id='word_1_445' title='bbox 988 4015 1112 4058; x_wconf 91' lang='lat' dir='ltr'>eam</span> <span class='ocrx_word' id='word_1_446' title='bbox 1143 3998 1348 4064; x_wconf 90' lang='lat' dir='ltr'>domat,</span> <span class='ocrx_word' id='word_1_447' title='bbox 1380 4002 1439 4050; x_wconf 93' lang='lat' dir='ltr'>ut</span> <span class='ocrx_word' id='word_1_448' title='bbox 1470 3994 1626 4049; x_wconf 87' lang='lat' dir='ltr'>tarde</span> <span class='ocrx_word' id='word_1_449' title='bbox 1654 3993 1952 4064; x_wconf 75' lang='lat' dir='ltr'>superbiat,</span> <span class='ocrx_word' id='word_1_450' title='bbox 1979 3993 2087 4048; x_wconf 90' lang='lat' dir='ltr'>cito</span> 
     </span>
    </p>
   </div>
   <div class='ocr_carea' id='block_1_59' title="bbox 486 4098 863 4171">
    <p class='ocr_par' dir='ltr' id='par_1_59' title="bbox 486 4098 863 4171">
     <span class='ocr_line' id='line_1_59' title="bbox 486 4098 863 4171; baseline -0.021 -13"><span class='ocrx_word' id='word_1_451' title='bbox 486 4098 863 4171; x_wconf 85' lang='lat' dir='ltr'>conquiescat.</span> 
     </span>
    </p>
   </div>
   <div class='ocr_carea' id='block_1_60' title="bbox 560 4189 2082 4263">
    <p class='ocr_par' dir='ltr' id='par_1_60' title="bbox 560 4189 2082 4263">
     <span class='ocr_line' id='line_1_60' title="bbox 560 4189 2082 4263; baseline -0.013 1"><span class='ocrx_word' id='word_1_452' title='bbox 560 4210 647 4263; x_wconf 77' lang='grc'><strong>14.</strong></span> <span class='ocrx_word' id='word_1_453' title='bbox 682 4204 792 4262; x_wconf 89' lang='lat' dir='ltr'>Sed</span> <span class='ocrx_word' id='word_1_454' title='bbox 820 4197 1084 4258; x_wconf 90' lang='lat' dir='ltr'>subtiliter</span> <span class='ocrx_word' id='word_1_455' title='bbox 1136 4202 1218 4252; x_wconf 92' lang='lat' dir='ltr'>est</span> <span class='ocrx_word' id='word_1_456' title='bbox 1272 4192 1612 4259; x_wconf 88' lang='lat' dir='ltr'>intuendum,</span> <span class='ocrx_word' id='word_1_457' title='bbox 1649 4192 1791 4262; x_wconf 90' lang='lat' dir='ltr'>quod</span> <span class='ocrx_word' id='word_1_458' title='bbox 1849 4189 2082 4247; x_wconf 89' lang='lat' dir='ltr'>dicitur:</span> 
     </span>
    </p>
   </div>
   <div class='ocr_carea' id='block_1_61' title="bbox 487 4280 2088 4365">
    <p class='ocr_par' dir='ltr' id='par_1_61' title="bbox 487 4280 2088 4365">
     <span class='ocr_line' id='line_1_61' title="bbox 487 4280 2088 4365; baseline -0.017 -8"><span class='ocrx_word' id='word_1_459' title='bbox 487 4298 560 4359; x_wconf 60' lang='lat' dir='ltr'>&quot;Ut</span> <span class='ocrx_word' id='word_1_460' title='bbox 571 4312 687 4354; x_wconf 87' lang='lat' dir='ltr'>non</span> <span class='ocrx_word' id='word_1_461' title='bbox 705 4293 1168 4365; x_wconf 82' lang='lat' dir='ltr'>relinquerentur</span> <span class='ocrx_word' id='word_1_462' title='bbox 1183 4286 1291 4342; x_wconf 89' lang='lat' dir='ltr'>duo</span> <span class='ocrx_word' id='word_1_463' title='bbox 1302 4283 1669 4355; x_wconf 86' lang='lat' dir='ltr'>pariter.Duo</span> <span class='ocrx_word' id='word_1_464' title='bbox 1684 4280 1898 4350; x_wconf 88' lang='lat' dir='ltr'>quidem</span> <span class='ocrx_word' id='word_1_465' title='bbox 1913 4293 2088 4333; x_wconf 88' lang='lat' dir='ltr'>rema-</span> 
     </span>
    </p>
   </div>
   <div class='ocr_carea' id='block_1_62' title="bbox 493 4369 2084 4452">
    <p class='ocr_par' dir='ltr' id='par_1_62' title="bbox 493 4369 2084 4452">
     <span class='ocr_line' id='line_1_62' title="bbox 493 4369 2084 4452; baseline -0.014 -9"><span class='ocrx_word' id='word_1_466' title='bbox 493 4394 649 4451; x_wconf 87' lang='lat' dir='ltr'>nent,</span> <span class='ocrx_word' id='word_1_467' title='bbox 681 4383 782 4439; x_wconf 91' lang='lat' dir='ltr'>sed</span> <span class='ocrx_word' id='word_1_468' title='bbox 812 4380 1014 4452; x_wconf 89' lang='lat' dir='ltr'>pariter</span> <span class='ocrx_word' id='word_1_469' title='bbox 1044 4392 1152 4431; x_wconf 92' lang='lat' dir='ltr'>non</span> <span class='ocrx_word' id='word_1_470' title='bbox 1181 4376 1484 4428; x_wconf 87' lang='lat' dir='ltr'>remanent.</span> <span class='ocrx_word' id='word_1_471' title='bbox 1539 4371 1658 4424; x_wconf 90' lang='lat' dir='ltr'>Duo</span> <span class='ocrx_word' id='word_1_472' title='bbox 1691 4369 1906 4441; x_wconf 89' lang='lat' dir='ltr'>quidem</span> <span class='ocrx_word' id='word_1_473' title='bbox 1941 4375 2084 4435; x_wconf 87' lang='lat' dir='ltr'>sunt,</span> 
     </span>
    </p>
   </div>
   <div class='ocr_carea' id='block_1_63' title="bbox 491 4457 2077 4547">
    <p class='ocr_par' dir='ltr' id='par_1_63' title="bbox 491 4457 2077 4547">
     <span class='ocr_line' id='line_1_63' title="bbox 491 4457 2077 4547; baseline -0.014 -15"><span class='ocrx_word' id='word_1_474' title='bbox 491 4472 746 4547; x_wconf 84' lang='lat' dir='ltr'>cOgitatio</span> <span class='ocrx_word' id='word_1_475' title='bbox 776 4467 1076 4531; x_wconf 87' lang='lat' dir='ltr'>immunda,</span> <span class='ocrx_word' id='word_1_476' title='bbox 1108 4471 1162 4517; x_wconf 92' lang='lat' dir='ltr'>et</span> <span class='ocrx_word' id='word_1_477' title='bbox 1206 4459 1467 4515; x_wconf 87' lang='lat' dir='ltr'>naturalis</span> <span class='ocrx_word' id='word_1_478' title='bbox 1516 4466 1693 4513; x_wconf 90' lang='lat' dir='ltr'>motus</span> <span class='ocrx_word' id='word_1_479' title='bbox 1737 4459 1943 4512; x_wconf 90' lang='lat' dir='ltr'>carnis.</span> <span class='ocrx_word' id='word_1_480' title='bbox 1998 4457 2077 4511; x_wconf 82' lang='lat' dir='ltr'>Ad</span> 
     </span>
    </p>
   </div>
   <div class='ocr_carea' id='block_1_64' title="bbox 488 4547 2082 4627">
    <p class='ocr_par' dir='ltr' id='par_1_64' title="bbox 488 4547 2082 4627">
     <span class='ocr_line' id='line_1_64' title="bbox 488 4547 2082 4627; baseline -0.011 -8"><span class='ocrx_word' id='word_1_481' title='bbox 488 4569 799 4619; x_wconf 86' lang='lat' dir='ltr'>sanctorum</span> <span class='ocrx_word' id='word_1_482' title='bbox 840 4555 1058 4627; x_wconf 87' lang='lat' dir='ltr'>quidem</span> <span class='ocrx_word' id='word_1_483' title='bbox 1099 4550 1406 4606; x_wconf 85' lang='lat' dir='ltr'>conﬂictum</span> <span class='ocrx_word' id='word_1_484' title='bbox 1450 4547 1740 4618; x_wconf 89' lang='lat' dir='ltr'>aliquando</span> <span class='ocrx_word' id='word_1_485' title='bbox 1801 4547 2082 4602; x_wconf 89' lang='lat' dir='ltr'>immunda</span> 
     </span>
    </p>
   </div>
   <div class='ocr_carea' id='block_1_65' title="bbox 486 4638 2079 4723">
    <p class='ocr_par' dir='ltr' id='par_1_65' title="bbox 486 4638 2079 4723">
     <span class='ocr_line' id='line_1_65' title="bbox 486 4638 2079 4723; baseline -0.01 -15"><span class='ocrx_word' id='word_1_486' title='bbox 486 4649 748 4723; x_wconf 82' lang='lat' dir='ltr'>cogitatio</span> <span class='ocrx_word' id='word_1_487' title='bbox 776 4644 1058 4717; x_wconf 75' lang='lat' dir='ltr'>praevenit,</span> <span class='ocrx_word' id='word_1_488' title='bbox 1091 4639 1386 4710; x_wconf 87' lang='lat' dir='ltr'>aliquando</span> <span class='ocrx_word' id='word_1_489' title='bbox 1413 4638 1784 4710; x_wconf 82' lang='lat' dir='ltr'>insurgentem</span> <span class='ocrx_word' id='word_1_490' title='bbox 1816 4638 1919 4693; x_wconf 90' lang='lat' dir='ltr'>sibi</span> <span class='ocrx_word' id='word_1_491' title='bbox 1949 4654 2079 4693; x_wconf 90' lang='lat' dir='ltr'>sen-</span> 
     </span>
    </p>
   </div>
   <div class='ocr_carea' id='block_1_66' title="bbox 489 4728 2079 4809">
    <p class='ocr_par' dir='ltr' id='par_1_66' title="bbox 489 4728 2079 4809">
     <span class='ocr_line' id='line_1_66' title="bbox 489 4728 2079 4809; baseline -0.008 -14"><span class='ocrx_word' id='word_1_492' title='bbox 489 4739 623 4796; x_wconf 89' lang='lat' dir='ltr'>tiunt</span> <span class='ocrx_word' id='word_1_493' title='bbox 653 4738 828 4809; x_wconf 89' lang='lat' dir='ltr'>legem</span> <span class='ocrx_word' id='word_1_494' title='bbox 860 4732 1043 4789; x_wconf 88' lang='lat' dir='ltr'>carnis</span> <span class='ocrx_word' id='word_1_495' title='bbox 1072 4737 1260 4786; x_wconf 88' lang='lat' dir='ltr'>contra</span> <span class='ocrx_word' id='word_1_496' title='bbox 1289 4728 1468 4800; x_wconf 88' lang='lat' dir='ltr'>legem</span> <span class='ocrx_word' id='word_1_497' title='bbox 1500 4728 1721 4791; x_wconf 88' lang='lat' dir='ltr'>mentis;</span> <span class='ocrx_word' id='word_1_498' title='bbox 1746 4728 1841 4782; x_wconf 92' lang='lat' dir='ltr'>sed</span> <span class='ocrx_word' id='word_1_499' title='bbox 1872 4728 1962 4797; x_wconf 91' lang='lat' dir='ltr'>qui</span> <span class='ocrx_word' id='word_1_500' title='bbox 2005 4728 2079 4785; x_wconf 88' lang='lat' dir='ltr'>vi-</span> 
     </span>
    </p>
   </div>
   <div class='ocr_carea' id='block_1_67' title="bbox 491 4817 2078 4896">
    <p class='ocr_par' dir='ltr' id='par_1_67' title="bbox 491 4817 2078 4896">
     <span class='ocr_line' id='line_1_67' title="bbox 491 4817 2078 4896; baseline -0.008 -12"><span class='ocrx_word' id='word_1_501' title='bbox 491 4837 673 4885; x_wconf 90' lang='lat' dir='ltr'>ctores</span> <span class='ocrx_word' id='word_1_502' title='bbox 696 4827 809 4896; x_wconf 88' lang='lat' dir='ltr'>jam</span> <span class='ocrx_word' id='word_1_503' title='bbox 842 4829 981 4889; x_wconf 91' lang='lat' dir='ltr'>sunt,</span> <span class='ocrx_word' id='word_1_504' title='bbox 1015 4822 1199 4875; x_wconf 87' lang='lat' dir='ltr'>hostes</span> <span class='ocrx_word' id='word_1_505' title='bbox 1228 4818 1283 4872; x_wconf 91' lang='lat' dir='ltr'>in</span> <span class='ocrx_word' id='word_1_506' title='bbox 1313 4817 1504 4889; x_wconf 90' lang='lat' dir='ltr'>fugam</span> <span class='ocrx_word' id='word_1_507' title='bbox 1523 4832 1706 4873; x_wconf 86' lang='lat' dir='ltr'>versos</span> <span class='ocrx_word' id='word_1_508' title='bbox 1733 4833 1840 4872; x_wconf 90' lang='lat' dir='ltr'>non</span> <span class='ocrx_word' id='word_1_509' title='bbox 1868 4818 2078 4885; x_wconf 87' lang='lat' dir='ltr'>timent,</span> 
     </span>
    </p>
   </div>
   <div class='ocr_carea' id='block_1_68' title="bbox 489 4907 2083 4983">
    <p class='ocr_par' dir='ltr' id='par_1_68' title="bbox 489 4907 2083 4983">
     <span class='ocr_line' id='line_1_68' title="bbox 489 4907 2083 4983; baseline -0.008 -10"><span class='ocrx_word' id='word_1_510' title='bbox 489 4918 533 4974; x_wconf 88' lang='lat' dir='ltr'>si</span> <span class='ocrx_word' id='word_1_511' title='bbox 562 4918 751 4972; x_wconf 90' lang='lat' dir='ltr'>iterum</span> <span class='ocrx_word' id='word_1_512' title='bbox 782 4913 852 4969; x_wconf 88' lang='lat' dir='ltr'>ad</span> <span class='ocrx_word' id='word_1_513' title='bbox 878 4925 1118 4983; x_wconf 88' lang='lat' dir='ltr'>pugnam</span> <span class='ocrx_word' id='word_1_514' title='bbox 1150 4908 1375 4963; x_wconf 77' lang='lat' dir='ltr'>redeunt</span> <span class='ocrx_word' id='word_1_515' title='bbox 1400 4926 1413 4971; x_wconf 88' lang='lat'><strong>;</strong></span> <span class='ocrx_word' id='word_1_516' title='bbox 1448 4907 1572 4976; x_wconf 89' lang='lat' dir='ltr'>quia</span> <span class='ocrx_word' id='word_1_517' title='bbox 1600 4923 1721 4962; x_wconf 90' lang='lat' dir='ltr'>cum</span> <span class='ocrx_word' id='word_1_518' title='bbox 1771 4907 1850 4962; x_wconf 86' lang='lat' dir='ltr'>eis</span> <span class='ocrx_word' id='word_1_519' title='bbox 1885 4908 2083 4978; x_wconf 88' lang='lat' dir='ltr'>pariter</span> 
     </span>
    </p>
   </div>
   <div class='ocr_carea' id='block_1_69' title="bbox 485 4997 2080 5080">
    <p class='ocr_par' dir='ltr' id='par_1_69' title="bbox 485 4997 2080 5080">
     <span class='ocr_line' id='line_1_69' title="bbox 485 4997 2080 5080; baseline -0.009 -16"><span class='ocrx_word' id='word_1_520' title='bbox 485 5022 735 5080; x_wconf 88' lang='lat' dir='ltr'>pugnare</span> <span class='ocrx_word' id='word_1_521' title='bbox 763 5020 869 5059; x_wconf 92' lang='lat' dir='ltr'>non</span> <span class='ocrx_word' id='word_1_522' title='bbox 900 5003 1154 5072; x_wconf 88' lang='lat' dir='ltr'>possunt.</span> <span class='ocrx_word' id='word_1_523' title='bbox 1186 4998 1324 5053; x_wconf 87' lang='lat' dir='ltr'>Nam</span> <span class='ocrx_word' id='word_1_524' title='bbox 1355 5012 1479 5051; x_wconf 89' lang='lat' dir='ltr'>cum</span> <span class='ocrx_word' id='word_1_525' title='bbox 1513 5012 1683 5067; x_wconf 88' lang='lat' dir='ltr'>prava</span> <span class='ocrx_word' id='word_1_526' title='bbox 1697 4997 1953 5070; x_wconf 83' lang='lat' dir='ltr'>cogitatio</span> <span class='ocrx_word' id='word_1_527' title='bbox 1975 4998 2080 5053; x_wconf 88' lang='lat' dir='ltr'>ob-</span> 
     </span>
    </p>
   </div>
   <div class='ocr_carea' id='block_1_70' title="bbox 486 5086 2073 5166">
    <p class='ocr_par' dir='ltr' id='par_1_70' title="bbox 486 5086 2073 5166">
     <span class='ocr_line' id='line_1_70' title="bbox 486 5086 2073 5166; baseline -0.007 -14"><span class='ocrx_word' id='word_1_528' title='bbox 486 5098 615 5165; x_wconf 89' lang='lat' dir='ltr'>viat,</span> <span class='ocrx_word' id='word_1_529' title='bbox 647 5095 800 5166; x_wconf 91' lang='lat' dir='ltr'>prius</span> <span class='ocrx_word' id='word_1_530' title='bbox 827 5108 945 5148; x_wconf 89' lang='lat' dir='ltr'>eam</span> <span class='ocrx_word' id='word_1_531' title='bbox 974 5088 1258 5159; x_wconf 88' lang='lat' dir='ltr'>abjiciunt,</span> <span class='ocrx_word' id='word_1_532' title='bbox 1292 5101 1452 5157; x_wconf 90' lang='lat' dir='ltr'>quam</span> <span class='ocrx_word' id='word_1_533' title='bbox 1483 5086 1550 5141; x_wconf 92' lang='lat' dir='ltr'>de</span> <span class='ocrx_word' id='word_1_534' title='bbox 1580 5086 1697 5154; x_wconf 86' lang='lat' dir='ltr'>ejus</span> <span class='ocrx_word' id='word_1_535' title='bbox 1724 5087 2073 5159; x_wconf 87' lang='lat' dir='ltr'>suggestione</span> 
     </span>
    </p>
   </div>
   <div class='ocr_carea' id='block_1_71' title="bbox 485 5173 2078 5241">
    <p class='ocr_par' dir='ltr' id='par_1_71' title="bbox 485 5173 2078 5241">
     <span class='ocr_line' id='line_1_71' title="bbox 485 5173 2078 5241; baseline -0.007 0"><span class='ocrx_word' id='word_1_536' title='bbox 485 5199 614 5241; x_wconf 91' lang='lat' dir='ltr'>caro</span> <span class='ocrx_word' id='word_1_537' title='bbox 644 5190 949 5239; x_wconf 86' lang='lat' dir='ltr'>moveatur.</span> <span class='ocrx_word' id='word_1_538' title='bbox 988 5179 1057 5232; x_wconf 88' lang='lat' dir='ltr'>Et</span> <span class='ocrx_word' id='word_1_539' title='bbox 1084 5192 1209 5233; x_wconf 88' lang='lat' dir='ltr'>cum</span> <span class='ocrx_word' id='word_1_540' title='bbox 1237 5174 1423 5230; x_wconf 86' lang='lat' dir='ltr'>carnis</span> <span class='ocrx_word' id='word_1_541' title='bbox 1452 5173 1541 5228; x_wconf 85' lang='lat' dir='ltr'>lex</span> <span class='ocrx_word' id='word_1_542' title='bbox 1573 5175 1816 5228; x_wconf 89' lang='lat' dir='ltr'>membra</span> <span class='ocrx_word' id='word_1_543' title='bbox 1836 5190 2078 5231; x_wconf 90' lang='lat' dir='ltr'>commo-</span> 
     </span>
    </p>
   </div>
   <div class='ocr_carea' id='block_1_72' title="bbox 480 5262 2077 5341">
    <p class='ocr_par' dir='ltr' id='par_1_72' title="bbox 480 5262 2077 5341">
     <span class='ocr_line' id='line_1_72' title="bbox 480 5262 2077 5341; baseline -0.007 -11"><span class='ocrx_word' id='word_1_544' title='bbox 480 5281 590 5341; x_wconf 89' lang='lat' dir='ltr'>vet,</span> <span class='ocrx_word' id='word_1_545' title='bbox 622 5271 711 5327; x_wconf 89' lang='lat' dir='ltr'>lex</span> <span class='ocrx_word' id='word_1_546' title='bbox 741 5270 935 5325; x_wconf 90' lang='lat' dir='ltr'>mentis</span> <span class='ocrx_word' id='word_1_547' title='bbox 967 5274 1176 5337; x_wconf 90' lang='lat' dir='ltr'>turpem</span> <span class='ocrx_word' id='word_1_548' title='bbox 1208 5273 1435 5332; x_wconf 90' lang='lat' dir='ltr'>motum,</span> <span class='ocrx_word' id='word_1_549' title='bbox 1472 5263 1648 5333; x_wconf 80' lang='lat' dir='ltr'>turpia</span> <span class='ocrx_word' id='word_1_550' title='bbox 1676 5262 1963 5334; x_wconf 86' lang='lat' dir='ltr'>cogitando</span> <span class='ocrx_word' id='word_1_551' title='bbox 1987 5282 2077 5320; x_wconf 89' lang='lat' dir='ltr'>ne-</span> 
     </span>
    </p>
   </div>
   <div class='ocr_carea' id='block_1_73' title="bbox 481 5350 2078 5433">
    <p class='ocr_par' dir='ltr' id='par_1_73' title="bbox 481 5350 2078 5433">
     <span class='ocr_line' id='line_1_73' title="bbox 481 5350 2078 5433; baseline -0.009 -16"><span class='ocrx_word' id='word_1_552' title='bbox 481 5375 751 5433; x_wconf 89' lang='lat' dir='ltr'>quaquam</span> <span class='ocrx_word' id='word_1_553' title='bbox 785 5359 947 5420; x_wconf 87' lang='lat' dir='ltr'>t&#39;ovet;</span> <span class='ocrx_word' id='word_1_554' title='bbox 982 5363 1034 5410; x_wconf 92' lang='lat' dir='ltr'>et</span> <span class='ocrx_word' id='word_1_555' title='bbox 1064 5356 1191 5418; x_wconf 89' lang='lat' dir='ltr'>dum</span> <span class='ocrx_word' id='word_1_556' title='bbox 1222 5354 1449 5408; x_wconf 89' lang='lat' dir='ltr'>alterum</span> <span class='ocrx_word' id='word_1_557' title='bbox 1479 5352 1692 5423; x_wconf 86' lang='lat' dir='ltr'>abjicit,</span> <span class='ocrx_word' id='word_1_558' title='bbox 1720 5350 1949 5406; x_wconf 86' lang='lat' dir='ltr'>alterius</span> <span class='ocrx_word' id='word_1_559' title='bbox 1973 5370 2078 5424; x_wconf 88' lang='lat' dir='ltr'>pu-</span> 
     </span>
    </p>
   </div>
   <div class='ocr_carea' id='block_1_74' title="bbox 477 5440 2082 5525">
    <p class='ocr_par' dir='ltr' id='par_1_74' title="bbox 477 5440 2082 5525">
     <span class='ocr_line' id='line_1_74' title="bbox 477 5440 2082 5525; baseline -0.004 -20"><span class='ocrx_word' id='word_1_560' title='bbox 477 5465 643 5525; x_wconf 87' lang='lat' dir='ltr'>gnam</span> <span class='ocrx_word' id='word_1_561' title='bbox 674 5460 1021 5519; x_wconf 84' lang='lat' dir='ltr'>nequaquam</span> <span class='ocrx_word' id='word_1_562' title='bbox 1049 5443 1225 5499; x_wconf 85' lang='lat' dir='ltr'>sentit.</span> <span class='ocrx_word' id='word_1_563' title='bbox 1275 5444 1419 5498; x_wconf 89' lang='lat' dir='ltr'>Bene</span> <span class='ocrx_word' id='word_1_564' title='bbox 1478 5457 1608 5514; x_wconf 85' lang='lat' dir='ltr'>ergo</span> <span class='ocrx_word' id='word_1_565' title='bbox 1661 5440 1729 5497; x_wconf 90' lang='lat' dir='ltr'>de</span> <span class='ocrx_word' id='word_1_566' title='bbox 1786 5440 2082 5499; x_wconf 87' lang='lat' dir='ltr'>electorum</span> 
     </span>
    </p>
   </div>
   <div class='ocr_carea' id='block_1_75' title="bbox 477 5532 2082 5613">
    <p class='ocr_par' dir='ltr' id='par_1_75' title="bbox 477 5532 2082 5613">
     <span class='ocr_line' id='line_1_75' title="bbox 477 5532 2082 5613; baseline -0.002 -17"><span class='ocrx_word' id='word_1_567' title='bbox 477 5537 724 5613; x_wconf 84' lang='lat' dir='ltr'>perfecta</span> <span class='ocrx_word' id='word_1_568' title='bbox 751 5535 981 5593; x_wconf 83' lang='lat' dir='ltr'>victoria</span> <span class='ocrx_word' id='word_1_569' title='bbox 1010 5532 1225 5602; x_wconf 88' lang='lat' dir='ltr'>dicitur,</span> <span class='ocrx_word' id='word_1_570' title='bbox 1258 5532 1383 5606; x_wconf 90' lang='lat' dir='ltr'>quia</span> <span class='ocrx_word' id='word_1_571' title='bbox 1408 5550 1420 5589; x_wconf 93' lang='lat'><strong>:</strong></span> <span class='ocrx_word' id='word_1_572' title='bbox 1445 5532 1851 5606; x_wconf 85' lang='lat' dir='ltr'>Dispersisunt</span> <span class='ocrx_word' id='word_1_573' title='bbox 1869 5532 1995 5605; x_wconf 86' lang='lat' dir='ltr'>alii,</span> <span class='ocrx_word' id='word_1_574' title='bbox 2015 5538 2082 5593; x_wconf 83' lang='lat' dir='ltr'>ut</span> 
     </span>
    </p>
   </div>
   <div class='ocr_carea' id='block_1_76' title="bbox 552 5659 1910 5742">
    <p class='ocr_par' dir='ltr' id='par_1_76' title="bbox 552 5659 1910 5742">
     <span class='ocr_line' id='line_1_76' title="bbox 552 5659 1910 5742; baseline 0.004 -22"><span class='ocrx_word' id='word_1_575' title='bbox 552 5663 632 5741; x_wconf 86' lang='lat' dir='ltr'>(a)</span> <span class='ocrx_word' id='word_1_576' title='bbox 660 5662 844 5736; x_wconf 76' lang='lat' dir='ltr'>Atiter,</span> <span class='ocrx_word' id='word_1_577' title='bbox 879 5660 1071 5739; x_wconf 86' lang='lat' dir='ltr'>aliqua</span> <span class='ocrx_word' id='word_1_578' title='bbox 1098 5659 1344 5719; x_wconf 79' lang='lat' dir='ltr'>libidinis</span> <span class='ocrx_word' id='word_1_579' title='bbox 1364 5659 1659 5742; x_wconf 78' lang='lat' dir='ltr'>turpitudo</span> <span class='ocrx_word' id='word_1_580' title='bbox 1680 5678 1795 5723; x_wconf 84' lang='lat' dir='ltr'>non</span> <span class='ocrx_word' id='word_1_581' title='bbox 1814 5663 1910 5726; x_wconf 76' lang='lat' dir='ltr'>sit.</span> 
     </span>
    </p>
   </div>
   <div class='ocr_carea' id='block_1_77' title="bbox 2193 1853 3765 1929">
    <p class='ocr_par' dir='ltr' id='par_1_77' title="bbox 2193 1853 3765 1929">
     <span class='ocr_line' id='line_1_77' title="bbox 2193 1853 3765 1929; baseline -0.003 -18"><span class='ocrx_word' id='word_1_582' title='bbox 2193 1872 2375 1912; x_wconf 90' lang='lat' dir='ltr'>meros</span> <span class='ocrx_word' id='word_1_583' title='bbox 2404 1864 2713 1911; x_wconf 90' lang='lat' dir='ltr'>nostrorum</span> <span class='ocrx_word' id='word_1_584' title='bbox 2728 1870 2987 1909; x_wconf 90' lang='lat' dir='ltr'>sensuum</span> <span class='ocrx_word' id='word_1_585' title='bbox 3016 1853 3234 1909; x_wconf 90' lang='lat' dir='ltr'>illicitos</span> <span class='ocrx_word' id='word_1_586' title='bbox 3247 1860 3427 1908; x_wconf 90' lang='lat' dir='ltr'>motus</span> <span class='ocrx_word' id='word_1_587' title='bbox 3442 1868 3765 1929; x_wconf 74' lang='lat' dir='ltr'>enervamus;</span> 
     </span>
    </p>
   </div>
   <div class='ocr_carea' id='block_1_78' title="bbox 2188 1940 3768 2016">
    <p class='ocr_par' dir='ltr' id='par_1_78' title="bbox 2188 1940 3768 2016">
     <span class='ocr_line' id='line_1_78' title="bbox 2188 1940 3768 2016; baseline -0.004 -16"><span class='ocrx_word' id='word_1_588' title='bbox 2188 1954 2239 2000; x_wconf 90' lang='lat' dir='ltr'>et</span> <span class='ocrx_word' id='word_1_589' title='bbox 2269 1962 2403 2016; x_wconf 90' lang='lat' dir='ltr'>quos</span> <span class='ocrx_word' id='word_1_590' title='bbox 2429 1944 2658 2000; x_wconf 90' lang='lat' dir='ltr'>omnino</span> <span class='ocrx_word' id='word_1_591' title='bbox 2690 1944 2968 1999; x_wconf 89' lang='lat' dir='ltr'>eradicare</span> <span class='ocrx_word' id='word_1_592' title='bbox 2998 1958 3106 1998; x_wconf 90' lang='lat' dir='ltr'>non</span> <span class='ocrx_word' id='word_1_593' title='bbox 3126 1958 3435 2013; x_wconf 88' lang='lat' dir='ltr'>possumus,</span> <span class='ocrx_word' id='word_1_594' title='bbox 3455 1941 3605 2014; x_wconf 91' lang='lat' dir='ltr'>quasi</span> <span class='ocrx_word' id='word_1_595' title='bbox 3624 1940 3768 1996; x_wconf 87' lang='lat' dir='ltr'>debi-</span> 
     </span>
    </p>
   </div>
   <div class='ocr_carea' id='block_1_79' title="bbox 2189 2031 3775 2106">
    <p class='ocr_par' dir='ltr' id='par_1_79' title="bbox 2189 2031 3775 2106">
     <span class='ocr_line' id='line_1_79' title="bbox 2189 2031 3775 2106; baseline -0.003 -18"><span class='ocrx_word' id='word_1_596' title='bbox 2189 2035 2269 2089; x_wconf 89' lang='lat' dir='ltr'>les</span> <span class='ocrx_word' id='word_1_597' title='bbox 2297 2033 2705 2106; x_wconf 70' lang='lat' dir='ltr'>eHugamas.Ex</span> <span class='ocrx_word' id='word_1_598' title='bbox 2721 2032 2917 2103; x_wconf 90' lang='lat' dir='ltr'>quibus</span> <span class='ocrx_word' id='word_1_599' title='bbox 2938 2032 3046 2087; x_wconf 92' lang='lat' dir='ltr'>duo</span> <span class='ocrx_word' id='word_1_600' title='bbox 3061 2032 3266 2103; x_wconf 86' lang='lat' dir='ltr'>pariter</span> <span class='ocrx_word' id='word_1_601' title='bbox 3287 2031 3448 2086; x_wconf 89' lang='lat' dir='ltr'>nobis</span> <span class='ocrx_word' id='word_1_602' title='bbox 3478 2031 3532 2084; x_wconf 90' lang='lat' dir='ltr'>in</span> <span class='ocrx_word' id='word_1_603' title='bbox 3553 2043 3775 2102; x_wconf 86' lang='lat' dir='ltr'>pugnam</span> 
     </span>
    </p>
   </div>
   <div class='ocr_carea' id='block_1_80' title="bbox 2190 2120 3775 2194">
    <p class='ocr_par' dir='ltr' id='par_1_80' title="bbox 2190 2120 3775 2194">
     <span class='ocr_line' id='line_1_80' title="bbox 2190 2120 3775 2194; baseline -0.002 -17"><span class='ocrx_word' id='word_1_604' title='bbox 2190 2139 2298 2178; x_wconf 90' lang='lat' dir='ltr'>non</span> <span class='ocrx_word' id='word_1_605' title='bbox 2325 2128 2632 2190; x_wconf 87' lang='lat' dir='ltr'>remanent;</span> <span class='ocrx_word' id='word_1_606' title='bbox 2666 2122 2792 2194; x_wconf 90' lang='lat' dir='ltr'>quia</span> <span class='ocrx_word' id='word_1_607' title='bbox 2817 2122 2873 2176; x_wconf 92' lang='lat' dir='ltr'>in</span> <span class='ocrx_word' id='word_1_608' title='bbox 2928 2121 3292 2178; x_wconf 88' lang='lat' dir='ltr'>oblectatione</span> <span class='ocrx_word' id='word_1_609' title='bbox 3322 2120 3549 2191; x_wconf 87' lang='lat' dir='ltr'>alicujus</span> <span class='ocrx_word' id='word_1_610' title='bbox 3601 2134 3775 2175; x_wconf 85' lang='lat' dir='ltr'>sensus</span> 
     </span>
    </p>
   </div>
   <div class='ocr_carea' id='block_1_81' title="bbox 2192 2209 3776 2283">
    <p class='ocr_par' dir='ltr' id='par_1_81' title="bbox 2192 2209 3776 2283">
     <span class='ocr_line' id='line_1_81' title="bbox 2192 2209 3776 2283; baseline -0.004 -15"><span class='ocrx_word' id='word_1_611' title='bbox 2192 2212 2457 2283; x_wconf 86' lang='lat' dir='ltr'>corporei,</span> <span class='ocrx_word' id='word_1_612' title='bbox 2489 2228 2599 2267; x_wconf 89' lang='lat' dir='ltr'>non</span> <span class='ocrx_word' id='word_1_613' title='bbox 2653 2210 3040 2282; x_wconf 87' lang='lat' dir='ltr'>conjungimus</span> <span class='ocrx_word' id='word_1_614' title='bbox 3096 2226 3313 2266; x_wconf 85' lang='lat' dir='ltr'>sensum</span> <span class='ocrx_word' id='word_1_615' title='bbox 3372 2210 3591 2265; x_wconf 89' lang='lat' dir='ltr'>mentis.</span> <span class='ocrx_word' id='word_1_616' title='bbox 3650 2209 3776 2263; x_wconf 89' lang='lat' dir='ltr'>Nam</span> 
     </span>
    </p>
   </div>
   <div class='ocr_carea' id='block_1_82' title="bbox 2192 2299 3776 2373">
    <p class='ocr_par' dir='ltr' id='par_1_82' title="bbox 2192 2299 3776 2373">
     <span class='ocr_line' id='line_1_82' title="bbox 2192 2299 3776 2373; baseline -0.004 -16"><span class='ocrx_word' id='word_1_617' title='bbox 2192 2318 2337 2373; x_wconf 71' lang='lat' dir='ltr'>saepe</span> <span class='ocrx_word' id='word_1_618' title='bbox 2364 2300 2537 2357; x_wconf 91' lang='lat' dir='ltr'>oculis</span> <span class='ocrx_word' id='word_1_619' title='bbox 2566 2300 2876 2370; x_wconf 87' lang='lat' dir='ltr'>aspicimus,</span> <span class='ocrx_word' id='word_1_620' title='bbox 2908 2315 3073 2370; x_wconf 61' lang='lat' dir='ltr'>saepe</span> <span class='ocrx_word' id='word_1_621' title='bbox 3103 2299 3358 2354; x_wconf 89' lang='lat' dir='ltr'>audimus</span> <span class='ocrx_word' id='word_1_622' title='bbox 3381 2299 3623 2367; x_wconf 89' lang='lat' dir='ltr'>auribus,</span> <span class='ocrx_word' id='word_1_623' title='bbox 3645 2312 3776 2366; x_wconf 64' lang='lat' dir='ltr'>sepe</span> 
     </span>
    </p>
   </div>
   <div class='ocr_carea' id='block_1_83' title="bbox 2192 2386 3772 2460">
    <p class='ocr_par' dir='ltr' id='par_1_83' title="bbox 2192 2386 3772 2460">
     <span class='ocr_line' id='line_1_83' title="bbox 2192 2386 3772 2460; baseline -0.004 -16"><span class='ocrx_word' id='word_1_624' title='bbox 2192 2399 2360 2456; x_wconf 87' lang='lat' dir='ltr'>tactu,</span> <span class='ocrx_word' id='word_1_625' title='bbox 2390 2405 2535 2460; x_wconf 71' lang='lat' dir='ltr'>saepe</span> <span class='ocrx_word' id='word_1_626' title='bbox 2562 2388 2766 2444; x_wconf 88' lang='lat' dir='ltr'>olfactu</span> <span class='ocrx_word' id='word_1_627' title='bbox 2797 2388 3146 2459; x_wconf 89' lang='lat' dir='ltr'>percipimus,</span> <span class='ocrx_word' id='word_1_628' title='bbox 3178 2403 3299 2457; x_wconf 69' lang='lat' dir='ltr'>quae</span> <span class='ocrx_word' id='word_1_629' title='bbox 3331 2387 3604 2444; x_wconf 88' lang='lat' dir='ltr'>carnalem</span> <span class='ocrx_word' id='word_1_630' title='bbox 3655 2386 3772 2440; x_wconf 85' lang='lat' dir='ltr'>ani-</span> 
     </span>
    </p>
   </div>
   <div class='ocr_carea' id='block_1_84' title="bbox 2192 2475 3778 2546">
    <p class='ocr_par' dir='ltr' id='par_1_84' title="bbox 2192 2475 3778 2546">
     <span class='ocr_line' id='line_1_84' title="bbox 2192 2475 3778 2546; baseline -0.004 -12"><span class='ocrx_word' id='word_1_631' title='bbox 2192 2495 2343 2534; x_wconf 91' lang='lat' dir='ltr'>mum</span> <span class='ocrx_word' id='word_1_632' title='bbox 2376 2480 2593 2534; x_wconf 86' lang='lat' dir='ltr'>trahere</span> <span class='ocrx_word' id='word_1_633' title='bbox 2621 2478 2689 2533; x_wconf 89' lang='lat' dir='ltr'>ad</span> <span class='ocrx_word' id='word_1_634' title='bbox 2719 2478 2969 2533; x_wconf 84' lang='lat' dir='ltr'>illicitum</span> <span class='ocrx_word' id='word_1_635' title='bbox 2997 2492 3240 2532; x_wconf 87' lang='lat' dir='ltr'>amorem</span> <span class='ocrx_word' id='word_1_636' title='bbox 3270 2483 3528 2546; x_wconf 88' lang='lat' dir='ltr'>possunt,</span> <span class='ocrx_word' id='word_1_637' title='bbox 3560 2475 3653 2530; x_wconf 89' lang='lat' dir='ltr'>sed</span> <span class='ocrx_word' id='word_1_638' title='bbox 3680 2490 3778 2528; x_wconf 92' lang='lat' dir='ltr'>no-</span> 
     </span>
    </p>
   </div>
   <div class='ocr_carea' id='block_1_85' title="bbox 2194 2565 3779 2638">
    <p class='ocr_par' dir='ltr' id='par_1_85' title="bbox 2194 2565 3779 2638">
     <span class='ocr_line' id='line_1_85' title="bbox 2194 2565 3779 2638; baseline -0.006 -13"><span class='ocrx_word' id='word_1_639' title='bbox 2194 2578 2368 2625; x_wconf 88' lang='lat' dir='ltr'>stram</span> <span class='ocrx_word' id='word_1_640' title='bbox 2397 2568 2646 2638; x_wconf 88' lang='lat' dir='ltr'>perfecte</span> <span class='ocrx_word' id='word_1_641' title='bbox 2676 2583 2892 2622; x_wconf 90' lang='lat' dir='ltr'>carnem</span> <span class='ocrx_word' id='word_1_642' title='bbox 2923 2566 3249 2622; x_wconf 88' lang='lat' dir='ltr'>macerando</span> <span class='ocrx_word' id='word_1_643' title='bbox 3290 2565 3528 2622; x_wconf 82' lang='lat' dir='ltr'>victores</span> <span class='ocrx_word' id='word_1_644' title='bbox 3583 2577 3779 2629; x_wconf 87' lang='lat' dir='ltr'>sumus,</span> 
     </span>
    </p>
   </div>
   <div class='ocr_carea' id='block_1_86' title="bbox 2193 2653 3775 2731">
    <p class='ocr_par' dir='ltr' id='par_1_86' title="bbox 2193 2653 3775 2731">
     <span class='ocr_line' id='line_1_86' title="bbox 2193 2653 3775 2731; baseline -0.004 -18"><span class='ocrx_word' id='word_1_645' title='bbox 2193 2658 2321 2731; x_wconf 88' lang='lat' dir='ltr'>quia</span> <span class='ocrx_word' id='word_1_646' title='bbox 2350 2658 2486 2712; x_wconf 91' lang='lat' dir='ltr'>duos</span> <span class='ocrx_word' id='word_1_647' title='bbox 2515 2656 2717 2726; x_wconf 90' lang='lat' dir='ltr'>pariter</span> <span class='ocrx_word' id='word_1_648' title='bbox 2748 2657 2816 2711; x_wconf 91' lang='lat' dir='ltr'>de</span> <span class='ocrx_word' id='word_1_649' title='bbox 2843 2654 3001 2712; x_wconf 88' lang='lat' dir='ltr'>victis</span> <span class='ocrx_word' id='word_1_650' title='bbox 3028 2655 3368 2710; x_wconf 86' lang='lat' dir='ltr'>adversariis</span> <span class='ocrx_word' id='word_1_651' title='bbox 3397 2671 3505 2709; x_wconf 89' lang='lat' dir='ltr'>non</span> <span class='ocrx_word' id='word_1_652' title='bbox 3526 2653 3775 2709; x_wconf 84' lang='lat' dir='ltr'>videmus.</span> 
     </span>
    </p>
   </div>
   <div class='ocr_carea' id='block_1_87' title="bbox 2196 2742 3779 2816">
    <p class='ocr_par' dir='ltr' id='par_1_87' title="bbox 2196 2742 3779 2816">
     <span class='ocr_line' id='line_1_87' title="bbox 2196 2742 3779 2816; baseline -0.005 -12"><span class='ocrx_word' id='word_1_653' title='bbox 2196 2745 2644 2815; x_wconf 86' lang='lat' dir='ltr'>Concupiscenda</span> <span class='ocrx_word' id='word_1_654' title='bbox 2665 2745 2887 2816; x_wconf 90' lang='lat' dir='ltr'>quidem</span> <span class='ocrx_word' id='word_1_655' title='bbox 2909 2748 3038 2800; x_wconf 90' lang='lat' dir='ltr'>tunc</span> <span class='ocrx_word' id='word_1_656' title='bbox 3067 2743 3361 2808; x_wconf 87' lang='lat' dir='ltr'>cernimus,</span> <span class='ocrx_word' id='word_1_657' title='bbox 3393 2744 3493 2798; x_wconf 90' lang='lat' dir='ltr'>sed</span> <span class='ocrx_word' id='word_1_658' title='bbox 3519 2742 3779 2798; x_wconf 87' lang='lat' dir='ltr'>oculorum</span> 
     </span>
    </p>
   </div>
   <div class='ocr_carea' id='block_1_88' title="bbox 2196 2831 3775 2904">
    <p class='ocr_par' dir='ltr' id='par_1_88' title="bbox 2196 2831 3775 2904">
     <span class='ocr_line' id='line_1_88' title="bbox 2196 2831 3775 2904; baseline -0.005 -13"><span class='ocrx_word' id='word_1_659' title='bbox 2196 2836 2432 2891; x_wconf 89' lang='lat' dir='ltr'>motibus</span> <span class='ocrx_word' id='word_1_660' title='bbox 2476 2833 2773 2904; x_wconf 88' lang='lat' dir='ltr'>appetitum</span> <span class='ocrx_word' id='word_1_661' title='bbox 2828 2833 3023 2889; x_wconf 74' lang='lat' dir='ltr'>animae</span> <span class='ocrx_word' id='word_1_662' title='bbox 3073 2832 3415 2904; x_wconf 90' lang='lat' dir='ltr'>conjungere</span> <span class='ocrx_word' id='word_1_663' title='bbox 3468 2831 3775 2887; x_wconf 87' lang='lat' dir='ltr'>devitamus.</span> 
     </span>
    </p>
   </div>
   <div class='ocr_carea' id='block_1_89' title="bbox 2198 2919 3780 2995">
    <p class='ocr_par' dir='ltr' id='par_1_89' title="bbox 2198 2919 3780 2995">
     <span class='ocr_line' id='line_1_89' title="bbox 2198 2919 3780 2995; baseline -0.005 -14"><span class='ocrx_word' id='word_1_664' title='bbox 2198 2927 2357 2995; x_wconf 60' lang='lat' dir='ltr'>Saepe</span> <span class='ocrx_word' id='word_1_665' title='bbox 2387 2923 2548 2979; x_wconf 90' lang='lat' dir='ltr'>etiam</span> <span class='ocrx_word' id='word_1_666' title='bbox 2578 2922 2730 2977; x_wconf 90' lang='lat' dir='ltr'>cordi</span> <span class='ocrx_word' id='word_1_667' title='bbox 2761 2922 3022 2995; x_wconf 85' lang='lat' dir='ltr'>cogitatio</span> <span class='ocrx_word' id='word_1_668' title='bbox 3051 2921 3238 2977; x_wconf 90' lang='lat' dir='ltr'>illicita</span> <span class='ocrx_word' id='word_1_669' title='bbox 3264 2921 3469 2986; x_wconf 79' lang='lat' dir='ltr'>obviat,</span> <span class='ocrx_word' id='word_1_670' title='bbox 3495 2919 3592 2975; x_wconf 89' lang='lat' dir='ltr'>sed</span> <span class='ocrx_word' id='word_1_671' title='bbox 3619 2919 3780 2975; x_wconf 88' lang='lat' dir='ltr'>victor</span> 
     </span>
    </p>
   </div>
   <div class='ocr_carea' id='block_1_90' title="bbox 2195 3007 3782 3087">
    <p class='ocr_par' dir='ltr' id='par_1_90' title="bbox 2195 3007 3782 3087">
     <span class='ocr_line' id='line_1_90' title="bbox 2195 3007 3782 3087; baseline -0.005 -16"><span class='ocrx_word' id='word_1_672' title='bbox 2195 3014 2483 3085; x_wconf 85' lang='lat' dir='ltr'>serpentis,</span> <span class='ocrx_word' id='word_1_673' title='bbox 2517 3013 2803 3087; x_wconf 86' lang='lat' dir='ltr'>fugitivum</span> <span class='ocrx_word' id='word_1_674' title='bbox 2832 3019 3038 3066; x_wconf 91' lang='lat' dir='ltr'>motum</span> <span class='ocrx_word' id='word_1_675' title='bbox 3076 3026 3254 3077; x_wconf 91' lang='lat' dir='ltr'>suum,</span> <span class='ocrx_word' id='word_1_676' title='bbox 3315 3027 3480 3080; x_wconf 91' lang='lat' dir='ltr'>quem</span> <span class='ocrx_word' id='word_1_677' title='bbox 3538 3007 3782 3064; x_wconf 75' lang='lat' dir='ltr'>attendite</span> 
     </span>
    </p>
   </div>
   <div class='ocr_carea' id='block_1_91' title="bbox 2198 3099 3781 3169">
    <p class='ocr_par' dir='ltr' id='par_1_91' title="bbox 2198 3099 3781 3169">
     <span class='ocr_line' id='line_1_91' title="bbox 2198 3099 3781 3169; baseline -0.007 -9"><span class='ocrx_word' id='word_1_678' title='bbox 2198 3105 2374 3160; x_wconf 90' lang='lat' dir='ltr'>solum</span> <span class='ocrx_word' id='word_1_679' title='bbox 2404 3102 2636 3161; x_wconf 84' lang='lat' dir='ltr'>invenit.</span> <span class='ocrx_word' id='word_1_680' title='bbox 2673 3101 2751 3156; x_wconf 81' lang='lat' dir='ltr'>Ad</span> <span class='ocrx_word' id='word_1_681' title='bbox 2784 3116 2847 3156; x_wconf 90' lang='lat' dir='ltr'>ea</span> <span class='ocrx_word' id='word_1_682' title='bbox 2875 3099 3042 3168; x_wconf 91' lang='lat' dir='ltr'>enim,</span> <span class='ocrx_word' id='word_1_683' title='bbox 3093 3115 3213 3169; x_wconf 79' lang='lat' dir='ltr'>quae</span> <span class='ocrx_word' id='word_1_684' title='bbox 3262 3099 3429 3154; x_wconf 90' lang='lat' dir='ltr'>corde</span> <span class='ocrx_word' id='word_1_685' title='bbox 3484 3099 3781 3153; x_wconf 85' lang='lat' dir='ltr'>accidenter</span> 
     </span>
    </p>
   </div>
   <div class='ocr_carea' id='block_1_92' title="bbox 2197 3184 3782 3267">
    <p class='ocr_par' dir='ltr' id='par_1_92' title="bbox 2197 3184 3782 3267">
     <span class='ocr_line' id='line_1_92' title="bbox 2197 3184 3782 3267; baseline -0.006 -18"><span class='ocrx_word' id='word_1_686' title='bbox 2197 3194 2419 3267; x_wconf 86' lang='lat' dir='ltr'>cogitat,</span> <span class='ocrx_word' id='word_1_687' title='bbox 2453 3192 2689 3264; x_wconf 89' lang='lat' dir='ltr'>aliquem</span> <span class='ocrx_word' id='word_1_688' title='bbox 2719 3190 2788 3245; x_wconf 90' lang='lat' dir='ltr'>de</span> <span class='ocrx_word' id='word_1_689' title='bbox 2817 3190 3073 3244; x_wconf 89' lang='lat' dir='ltr'>sensibus</span> <span class='ocrx_word' id='word_1_690' title='bbox 3100 3189 3349 3258; x_wconf 90' lang='lat' dir='ltr'>corporis</span> <span class='ocrx_word' id='word_1_691' title='bbox 3378 3204 3477 3259; x_wconf 88' lang='lat' dir='ltr'>per</span> <span class='ocrx_word' id='word_1_692' title='bbox 3504 3195 3704 3242; x_wconf 89' lang='lat' dir='ltr'>motum</span> <span class='ocrx_word' id='word_1_693' title='bbox 3725 3184 3782 3239; x_wconf 86' lang='lat' dir='ltr'>il-</span> 
     </span>
    </p>
   </div>
   <div class='ocr_carea' id='block_1_93' title="bbox 2193 3275 3782 3350">
    <p class='ocr_par' dir='ltr' id='par_1_93' title="bbox 2193 3275 3782 3350">
     <span class='ocr_line' id='line_1_93' title="bbox 2193 3275 3782 3350; baseline -0.006 -13"><span class='ocrx_word' id='word_1_694' title='bbox 2193 3283 2399 3338; x_wconf 91' lang='lat' dir='ltr'>licitum</span> <span class='ocrx_word' id='word_1_695' title='bbox 2431 3295 2777 3350; x_wconf 87' lang='lat' dir='ltr'>nequaquam</span> <span class='ocrx_word' id='word_1_696' title='bbox 2805 3278 2969 3333; x_wconf 86' lang='lat' dir='ltr'>levat.</span> <span class='ocrx_word' id='word_1_697' title='bbox 3011 3275 3170 3332; x_wconf 87' lang='lat' dir='ltr'>Tales</span> <span class='ocrx_word' id='word_1_698' title='bbox 3200 3276 3404 3346; x_wconf 90' lang='lat' dir='ltr'>quippe</span> <span class='ocrx_word' id='word_1_699' title='bbox 3462 3283 3601 3340; x_wconf 92' lang='lat' dir='ltr'>sunt,</span> <span class='ocrx_word' id='word_1_700' title='bbox 3656 3287 3782 3346; x_wconf 84' lang='lat' dir='ltr'>quos</span> 
     </span>
    </p>
   </div>
   <div class='ocr_carea' id='block_1_94' title="bbox 2192 3363 3782 3443">
    <p class='ocr_par' dir='ltr' id='par_1_94' title="bbox 2192 3363 3782 3443">
     <span class='ocr_line' id='line_1_94' title="bbox 2192 3363 3782 3443; baseline -0.006 -16"><span class='ocrx_word' id='word_1_701' title='bbox 2192 3373 2462 3443; x_wconf 83' lang='lat' dir='ltr'>prOpheta</span> <span class='ocrx_word' id='word_1_702' title='bbox 2491 3370 2732 3435; x_wconf 87' lang='lat' dir='ltr'>miratur,</span> <span class='ocrx_word' id='word_1_703' title='bbox 2768 3368 2984 3423; x_wconf 91' lang='lat' dir='ltr'>dicens:</span> <span class='ocrx_word' id='word_1_704' title='bbox 3010 3366 3265 3433; x_wconf 86' lang='lat' dir='ltr'>Quisunt</span> <span class='ocrx_word' id='word_1_705' title='bbox 3285 3367 3410 3435; x_wconf 82' lang='lat' dir='ltr'>isti,</span> <span class='ocrx_word' id='word_1_706' title='bbox 3434 3365 3605 3438; x_wconf 81' lang='lat' dir='ltr'>quiut</span> <span class='ocrx_word' id='word_1_707' title='bbox 3620 3363 3782 3419; x_wconf 76' lang='lat' dir='ltr'>nube:</span> 
     </span>
    </p>
   </div>
   <div class='ocr_carea' id='block_1_95' title="bbox 2198 3454 3777 3531">
    <p class='ocr_par' dir='ltr' id='par_1_95' title="bbox 2198 3454 3777 3531">
     <span class='ocr_line' id='line_1_95' title="bbox 2198 3454 3777 3531; baseline -0.007 -15"><span class='ocrx_word' id='word_1_708' title='bbox 2198 3460 2411 3527; x_wconf 81' lang='lat' dir='ltr'>volant,</span> <span class='ocrx_word' id='word_1_709' title='bbox 2435 3464 2491 3515; x_wconf 88' lang='lat' dir='ltr'>et</span> <span class='ocrx_word' id='word_1_710' title='bbox 2522 3460 2684 3531; x_wconf 86' lang='lat' dir='ltr'>quasi</span> <span class='ocrx_word' id='word_1_711' title='bbox 2699 3456 2970 3513; x_wconf 65' lang='lat' dir='ltr'>columbae</span> <span class='ocrx_word' id='word_1_712' title='bbox 2991 3454 3065 3511; x_wconf 85' lang='lat' dir='ltr'>ad</span> <span class='ocrx_word' id='word_1_713' title='bbox 3084 3457 3371 3526; x_wconf 80' lang='lat' dir='ltr'>fenestras</span> <span class='ocrx_word' id='word_1_714' title='bbox 3393 3472 3528 3511; x_wconf 83' lang='lat' dir='ltr'>suas</span> <span class='ocrx_word' id='word_1_715' title='bbox 3548 3455 3673 3525; x_wconf 85' lang='lat' dir='ltr'>(Isa.</span> <span class='ocrx_word' id='word_1_716' title='bbox 3694 3467 3777 3518; x_wconf 74' lang='grc' dir='ltr'>ιι,</span> 
     </span>
    </p>
   </div>
   <div class='ocr_carea' id='block_1_96' title="bbox 2197 3542 3785 3619">
    <p class='ocr_par' dir='ltr' id='par_1_96' title="bbox 2197 3542 3785 3619">
     <span class='ocr_line' id='line_1_96' title="bbox 2197 3542 3785 3619; baseline -0.005 -16"><span class='ocrx_word' id='word_1_717' title='bbox 2197 3552 2250 3619; x_wconf 89' lang='grc'>8)</span> <span class='ocrx_word' id='word_1_718' title='bbox 2261 3548 2445 3618; x_wconf 89' lang='lat' dir='ltr'>.Quasi</span> <span class='ocrx_word' id='word_1_719' title='bbox 2463 3548 2606 3603; x_wconf 89' lang='lat' dir='ltr'>enim</span> <span class='ocrx_word' id='word_1_720' title='bbox 2623 3545 2892 3602; x_wconf 70' lang='lat' dir='ltr'>columbae</span> <span class='ocrx_word' id='word_1_721' title='bbox 2908 3545 2976 3599; x_wconf 90' lang='lat' dir='ltr'>ad</span> <span class='ocrx_word' id='word_1_722' title='bbox 2997 3543 3265 3599; x_wconf 85' lang='lat' dir='ltr'>fenestras</span> <span class='ocrx_word' id='word_1_723' title='bbox 3277 3560 3406 3599; x_wconf 88' lang='lat' dir='ltr'>suas</span> <span class='ocrx_word' id='word_1_724' title='bbox 3417 3542 3651 3613; x_wconf 89' lang='lat' dir='ltr'>sunt,qui</span> <span class='ocrx_word' id='word_1_725' title='bbox 3667 3556 3785 3596; x_wconf 89' lang='lat' dir='ltr'>con-</span> 
     </span>
    </p>
   </div>
   <div class='ocr_carea' id='block_1_97' title="bbox 2195 3628 3783 3709">
    <p class='ocr_par' dir='ltr' id='par_1_97' title="bbox 2195 3628 3783 3709">
     <span class='ocr_line' id='line_1_97' title="bbox 2195 3628 3783 3709; baseline -0.007 -16"><span class='ocrx_word' id='word_1_726' title='bbox 2195 3636 2522 3709; x_wconf 87' lang='lat' dir='ltr'>cupiscenda</span> <span class='ocrx_word' id='word_1_727' title='bbox 2541 3635 2827 3705; x_wconf 89' lang='lat' dir='ltr'>recipiunt,</span> <span class='ocrx_word' id='word_1_728' title='bbox 2858 3633 2953 3688; x_wconf 90' lang='lat' dir='ltr'>sed</span> <span class='ocrx_word' id='word_1_729' title='bbox 2975 3630 3376 3702; x_wconf 87' lang='lat' dir='ltr'>simplicitatem</span> <span class='ocrx_word' id='word_1_730' title='bbox 3399 3632 3584 3688; x_wconf 89' lang='lat' dir='ltr'>mundi</span> <span class='ocrx_word' id='word_1_731' title='bbox 3614 3628 3783 3686; x_wconf 88' lang='lat' dir='ltr'>cordis</span> 
     </span>
    </p>
   </div>
   <div class='ocr_carea' id='block_1_98' title="bbox 2194 3720 3783 3796">
    <p class='ocr_par' dir='ltr' id='par_1_98' title="bbox 2194 3720 3783 3796">
     <span class='ocr_line' id='line_1_98' title="bbox 2194 3720 3783 3796; baseline -0.006 -14"><span class='ocrx_word' id='word_1_732' title='bbox 2194 3724 2635 3796; x_wconf 90' lang='lat' dir='ltr'>concupiscendo</span> <span class='ocrx_word' id='word_1_733' title='bbox 2663 3739 2772 3778; x_wconf 92' lang='lat' dir='ltr'>non</span> <span class='ocrx_word' id='word_1_734' title='bbox 2800 3721 3069 3792; x_wconf 88' lang='lat' dir='ltr'>perdunt;</span> <span class='ocrx_word' id='word_1_735' title='bbox 3100 3720 3226 3791; x_wconf 88' lang='lat' dir='ltr'><strong>quia</strong></span> <span class='ocrx_word' id='word_1_736' title='bbox 3253 3721 3441 3776; x_wconf 87' lang='lat' dir='ltr'>vident</span> <span class='ocrx_word' id='word_1_737' title='bbox 3470 3737 3593 3793; x_wconf 74' lang='lat' dir='ltr'>quae</span> <span class='ocrx_word' id='word_1_738' title='bbox 3621 3732 3783 3791; x_wconf 83' lang='lat' dir='ltr'>appe-</span> 
     </span>
    </p>
   </div>
   <div class='ocr_carea' id='block_1_99' title="bbox 2196 3804 3785 3884">
    <p class='ocr_par' dir='ltr' id='par_1_99' title="bbox 2196 3804 3785 3884">
     <span class='ocr_line' id='line_1_99' title="bbox 2196 3804 3785 3884; baseline -0.006 -15"><span class='ocrx_word' id='word_1_739' title='bbox 2196 3822 2329 3884; x_wconf 90' lang='lat' dir='ltr'>tant,</span> <span class='ocrx_word' id='word_1_740' title='bbox 2361 3814 2460 3869; x_wconf 84' lang='lat' dir='ltr'>sed</span> <span class='ocrx_word' id='word_1_741' title='bbox 2489 3813 2677 3868; x_wconf 86' lang='lat' dir='ltr'>illicite</span> <span class='ocrx_word' id='word_1_742' title='bbox 2708 3818 2969 3881; x_wconf 84' lang='lat' dir='ltr'>appetere</span> <span class='ocrx_word' id='word_1_743' title='bbox 3000 3810 3143 3881; x_wconf 89' lang='lat' dir='ltr'>quod</span> <span class='ocrx_word' id='word_1_744' title='bbox 3177 3818 3429 3875; x_wconf 90' lang='lat' dir='ltr'>cernunt,</span> <span class='ocrx_word' id='word_1_745' title='bbox 3458 3810 3648 3867; x_wconf 88' lang='lat' dir='ltr'>vitant.</span> <span class='ocrx_word' id='word_1_746' title='bbox 3706 3804 3785 3861; x_wconf 78' lang='lat' dir='ltr'>Ad</span> 
     </span>
    </p>
   </div>
   <div class='ocr_carea' id='block_1_100' title="bbox 2194 3898 3784 3973">
    <p class='ocr_par' dir='ltr' id='par_1_100' title="bbox 2194 3898 3784 3973">
     <span class='ocr_line' id='line_1_100' title="bbox 2194 3898 3784 3973; baseline -0.005 -15"><span class='ocrx_word' id='word_1_747' title='bbox 2194 3905 2333 3958; x_wconf 90' lang='lat' dir='ltr'>hanc</span> <span class='ocrx_word' id='word_1_748' title='bbox 2361 3902 2602 3973; x_wconf 91' lang='lat' dir='ltr'>profecto</span> <span class='ocrx_word' id='word_1_749' title='bbox 2631 3900 2939 3967; x_wconf 89' lang='lat' dir='ltr'>victoriam,</span> <span class='ocrx_word' id='word_1_750' title='bbox 2974 3899 3099 3970; x_wconf 88' lang='lat' dir='ltr'>quia</span> <span class='ocrx_word' id='word_1_751' title='bbox 3127 3898 3546 3968; x_wconf 86' lang='lat' dir='ltr'>praedicatorum</span> <span class='ocrx_word' id='word_1_752' title='bbox 3576 3902 3784 3952; x_wconf 85' lang='lat' dir='ltr'>nostro-</span> 
     </span>
    </p>
   </div>
   <div class='ocr_carea' id='block_1_101' title="bbox 2193 3987 3784 4060">
    <p class='ocr_par' dir='ltr' id='par_1_101' title="bbox 2193 3987 3784 4060">
     <span class='ocr_line' id='line_1_101' title="bbox 2193 3987 3784 4060; baseline -0.006 -12"><span class='ocrx_word' id='word_1_753' title='bbox 2193 4008 2313 4048; x_wconf 88' lang='lat' dir='ltr'>rum</span> <span class='ocrx_word' id='word_1_754' title='bbox 2346 3990 2720 4046; x_wconf 85' lang='lat' dir='ltr'>exhortatione</span> <span class='ocrx_word' id='word_1_755' title='bbox 2750 3988 3079 4060; x_wconf 86' lang='lat' dir='ltr'>proticimus,</span> <span class='ocrx_word' id='word_1_756' title='bbox 3108 3987 3245 4042; x_wconf 90' lang='lat' dir='ltr'>bene</span> <span class='ocrx_word' id='word_1_757' title='bbox 3276 4003 3373 4058; x_wconf 90' lang='lat' dir='ltr'>per</span> <span class='ocrx_word' id='word_1_758' title='bbox 3402 3987 3532 4043; x_wconf 89' lang='lat' dir='ltr'>Saul</span> <span class='ocrx_word' id='word_1_759' title='bbox 3558 3988 3784 4039; x_wconf 86' lang='lat' dir='ltr'>Ammo-</span> 
     </span>
    </p>
   </div>
   <div class='ocr_carea' id='block_1_102' title="bbox 2194 4077 3781 4149">
    <p class='ocr_par' dir='ltr' id='par_1_102' title="bbox 2194 4077 3781 4149">
     <span class='ocr_line' id='line_1_102' title="bbox 2194 4077 3781 4149; baseline -0.007 -14"><span class='ocrx_word' id='word_1_760' title='bbox 2194 4081 2425 4135; x_wconf 89' lang='lat' dir='ltr'>nitarum</span> <span class='ocrx_word' id='word_1_761' title='bbox 2457 4078 2692 4149; x_wconf 90' lang='lat' dir='ltr'>p0pulus</span> <span class='ocrx_word' id='word_1_762' title='bbox 2723 4077 2969 4131; x_wconf 90' lang='lat' dir='ltr'>devictus</span> <span class='ocrx_word' id='word_1_763' title='bbox 2998 4083 3052 4130; x_wconf 91' lang='lat' dir='ltr'>et</span> <span class='ocrx_word' id='word_1_764' title='bbox 3079 4091 3255 4131; x_wconf 68' lang='lat' dir='ltr'>casus</span> <span class='ocrx_word' id='word_1_765' title='bbox 3284 4091 3408 4132; x_wconf 88' lang='lat' dir='ltr'>esse</span> <span class='ocrx_word' id='word_1_766' title='bbox 3437 4080 3781 4131; x_wconf 88' lang='lat' dir='ltr'>memoratur.</span> 
     </span>
    </p>
   </div>
   <div class='ocr_carea' id='block_1_103' title="bbox 2195 4162 3786 4238">
    <p class='ocr_par' dir='ltr' id='par_1_103' title="bbox 2195 4162 3786 4238">
     <span class='ocr_line' id='line_1_103' title="bbox 2195 4162 3786 4238; baseline -0.005 -16"><span class='ocrx_word' id='word_1_767' title='bbox 2195 4170 2433 4238; x_wconf 87' lang='lat' dir='ltr'>Quorum</span> <span class='ocrx_word' id='word_1_768' title='bbox 2467 4167 2709 4238; x_wconf 89' lang='lat' dir='ltr'>profecto</span> <span class='ocrx_word' id='word_1_769' title='bbox 2741 4165 2883 4219; x_wconf 88' lang='lat' dir='ltr'>bella</span> <span class='ocrx_word' id='word_1_770' title='bbox 2908 4180 3013 4219; x_wconf 93' lang='lat' dir='ltr'>non</span> <span class='ocrx_word' id='word_1_771' title='bbox 3067 4162 3387 4231; x_wconf 89' lang='lat' dir='ltr'>uniformia,</span> <span class='ocrx_word' id='word_1_772' title='bbox 3423 4164 3520 4219; x_wconf 89' lang='lat' dir='ltr'>sed</span> <span class='ocrx_word' id='word_1_773' title='bbox 3576 4164 3786 4216; x_wconf 86' lang='lat' dir='ltr'>diversa</span> 
     </span>
    </p>
   </div>
   <div class='ocr_carea' id='block_1_104' title="bbox 2195 4252 3787 4324">
    <p class='ocr_par' dir='ltr' id='par_1_104' title="bbox 2195 4252 3787 4324">
     <span class='ocr_line' id='line_1_104' title="bbox 2195 4252 3787 4324; baseline -0.006 -12"><span class='ocrx_word' id='word_1_774' title='bbox 2195 4265 2338 4312; x_wconf 91' lang='lat' dir='ltr'>sunt.</span> <span class='ocrx_word' id='word_1_775' title='bbox 2363 4257 2502 4311; x_wconf 89' lang='lat' dir='ltr'>Nam</span> <span class='ocrx_word' id='word_1_776' title='bbox 2535 4254 2827 4324; x_wconf 88' lang='lat' dir='ltr'>aliquando</span> <span class='ocrx_word' id='word_1_777' title='bbox 2856 4253 3096 4308; x_wconf 89' lang='lat' dir='ltr'>occultos</span> <span class='ocrx_word' id='word_1_778' title='bbox 3144 4252 3493 4308; x_wconf 88' lang='lat' dir='ltr'>adversarios</span> <span class='ocrx_word' id='word_1_779' title='bbox 3552 4257 3787 4322; x_wconf 88' lang='lat' dir='ltr'>potenter</span> 
     </span>
    </p>
   </div>
   <div class='ocr_carea' id='block_1_105' title="bbox 2194 4340 3786 4417">
    <p class='ocr_par' dir='ltr' id='par_1_105' title="bbox 2194 4340 3786 4417">
     <span class='ocr_line' id='line_1_105' title="bbox 2194 4340 3786 4417; baseline -0.005 -16"><span class='ocrx_word' id='word_1_780' title='bbox 2194 4346 2523 4417; x_wconf 90' lang='lat' dir='ltr'>opprimunt,</span> <span class='ocrx_word' id='word_1_781' title='bbox 2556 4342 2844 4413; x_wconf 90' lang='lat' dir='ltr'>aliquando</span> <span class='ocrx_word' id='word_1_782' title='bbox 2876 4341 3044 4396; x_wconf 87' lang='lat' dir='ltr'>falsos</span> <span class='ocrx_word' id='word_1_783' title='bbox 3074 4341 3272 4396; x_wconf 87' lang='lat' dir='ltr'>fratres</span> <span class='ocrx_word' id='word_1_784' title='bbox 3289 4342 3565 4412; x_wconf 89' lang='lat' dir='ltr'>sapienter</span> <span class='ocrx_word' id='word_1_785' title='bbox 3594 4340 3786 4395; x_wconf 84' lang='lat' dir='ltr'>ferunt.</span> 
     </span>
    </p>
   </div>
   <div class='ocr_carea' id='block_1_106' title="bbox 2193 4426 3786 4503">
    <p class='ocr_par' dir='ltr' id='par_1_106' title="bbox 2193 4426 3786 4503">
     <span class='ocr_line' id='line_1_106' title="bbox 2193 4426 3786 4503; baseline -0.007 -12"><span class='ocrx_word' id='word_1_786' title='bbox 2193 4435 2323 4492; x_wconf 88' lang='lat' dir='ltr'>Illos</span> <span class='ocrx_word' id='word_1_787' title='bbox 2351 4435 2492 4489; x_wconf 92' lang='lat' dir='ltr'>inlus</span> <span class='ocrx_word' id='word_1_788' title='bbox 2514 4448 2711 4503; x_wconf 77' lang='lat' dir='ltr'>magna</span> <span class='ocrx_word' id='word_1_789' title='bbox 2736 4432 2930 4487; x_wconf 90' lang='lat' dir='ltr'>virtute</span> <span class='ocrx_word' id='word_1_790' title='bbox 2975 4430 3218 4499; x_wconf 89' lang='lat' dir='ltr'>domant,</span> <span class='ocrx_word' id='word_1_791' title='bbox 3277 4430 3415 4485; x_wconf 91' lang='lat' dir='ltr'>istos</span> <span class='ocrx_word' id='word_1_792' title='bbox 3471 4429 3605 4485; x_wconf 88' lang='lat' dir='ltr'>foris</span> <span class='ocrx_word' id='word_1_793' title='bbox 3659 4426 3786 4482; x_wconf 90' lang='lat' dir='ltr'>mira</span> 
     </span>
    </p>
   </div>
   <div class='ocr_carea' id='block_1_107' title="bbox 2192 4516 3788 4596">
    <p class='ocr_par' dir='ltr' id='par_1_107' title="bbox 2192 4516 3788 4596">
     <span class='ocr_line' id='line_1_107' title="bbox 2192 4516 3788 4596; baseline -0.007 -17"><span class='ocrx_word' id='word_1_794' title='bbox 2192 4523 2451 4596; x_wconf 83' lang='lat' dir='ltr'>patientia</span> <span class='ocrx_word' id='word_1_795' title='bbox 2480 4522 2733 4578; x_wconf 87' lang='lat' dir='ltr'>tolerant.</span> <span class='ocrx_word' id='word_1_796' title='bbox 2765 4521 2912 4574; x_wconf 89' lang='lat' dir='ltr'>Intus</span> <span class='ocrx_word' id='word_1_797' title='bbox 2939 4535 3037 4590; x_wconf 90' lang='lat' dir='ltr'>per</span> <span class='ocrx_word' id='word_1_798' title='bbox 3066 4520 3333 4574; x_wconf 90' lang='lat' dir='ltr'>immensa</span> <span class='ocrx_word' id='word_1_799' title='bbox 3360 4516 3660 4574; x_wconf 88' lang='lat' dir='ltr'>certamina</span> <span class='ocrx_word' id='word_1_800' title='bbox 3682 4530 3788 4570; x_wconf 88' lang='lat' dir='ltr'>ma-</span> 
     </span>
    </p>
   </div>
   <div class='ocr_carea' id='block_1_108' title="bbox 2188 4602 3785 4687">
    <p class='ocr_par' dir='ltr' id='par_1_108' title="bbox 2188 4602 3785 4687">
     <span class='ocr_line' id='line_1_108' title="bbox 2188 4602 3785 4687; baseline -0.008 -18"><span class='ocrx_word' id='word_1_801' title='bbox 2188 4629 2419 4687; x_wconf 89' lang='lat' dir='ltr'>gnorum</span> <span class='ocrx_word' id='word_1_802' title='bbox 2451 4610 2844 4680; x_wconf 86' lang='lat' dir='ltr'>triumphorum</span> <span class='ocrx_word' id='word_1_803' title='bbox 2876 4607 3052 4680; x_wconf 87' lang='lat' dir='ltr'>gloria</span> <span class='ocrx_word' id='word_1_804' title='bbox 3080 4607 3325 4681; x_wconf 87' lang='lat' dir='ltr'>insignes</span> <span class='ocrx_word' id='word_1_805' title='bbox 3346 4616 3490 4674; x_wconf 89' lang='lat' dir='ltr'>sunt,</span> <span class='ocrx_word' id='word_1_806' title='bbox 3536 4606 3632 4662; x_wconf 92' lang='lat' dir='ltr'>sed</span> <span class='ocrx_word' id='word_1_807' title='bbox 3659 4602 3785 4660; x_wconf 84' lang='lat' dir='ltr'>foris</span> 
     </span>
    </p>
   </div>
   <div class='ocr_carea' id='block_1_109' title="bbox 2189 4691 3785 4773">
    <p class='ocr_par' dir='ltr' id='par_1_109' title="bbox 2189 4691 3785 4773">
     <span class='ocr_line' id='line_1_109' title="bbox 2189 4691 3785 4773; baseline -0.007 -15"><span class='ocrx_word' id='word_1_808' title='bbox 2189 4700 2704 4773; x_wconf 86' lang='lat' dir='ltr'>incomparabilibus</span> <span class='ocrx_word' id='word_1_809' title='bbox 2760 4706 2924 4753; x_wconf 78' lang='lat' dir='ltr'>tanta:</span> <span class='ocrx_word' id='word_1_810' title='bbox 2974 4697 3398 4752; x_wconf 85' lang='lat' dir='ltr'>mansuetudinis</span> <span class='ocrx_word' id='word_1_811' title='bbox 3449 4712 3564 4751; x_wconf 64' lang='lat' dir='ltr'>suae</span> <span class='ocrx_word' id='word_1_812' title='bbox 3620 4691 3785 4750; x_wconf 89' lang='lat' dir='ltr'>titulis</span> 
     </span>
    </p>
   </div>
   <div class='ocr_carea' id='block_1_110' title="bbox 2190 4784 3782 4859">
    <p class='ocr_par' dir='ltr' id='par_1_110' title="bbox 2190 4784 3782 4859">
     <span class='ocr_line' id='line_1_110' title="bbox 2190 4784 3782 4859; baseline -0.008 -12"><span class='ocrx_word' id='word_1_813' title='bbox 2190 4792 2542 4847; x_wconf 88' lang='lat' dir='ltr'>adornantur.</span> <span class='ocrx_word' id='word_1_814' title='bbox 2578 4787 2683 4857; x_wconf 85' lang='lat' dir='ltr'>Qui</span> <span class='ocrx_word' id='word_1_815' title='bbox 2713 4802 2843 4859; x_wconf 80' lang='lat' dir='ltr'>ergo</span> <span class='ocrx_word' id='word_1_816' title='bbox 2888 4786 3114 4841; x_wconf 73' lang='lat' dir='ltr'>internas</span> <span class='ocrx_word' id='word_1_817' title='bbox 3149 4785 3387 4842; x_wconf 80' lang='lat' dir='ltr'>victorias</span> <span class='ocrx_word' id='word_1_818' title='bbox 3413 4784 3782 4840; x_wconf 89' lang='lat' dir='ltr'>narrationem</span> 
     </span>
    </p>
   </div>
   <div class='ocr_carea' id='block_1_111' title="bbox 2189 4872 3780 4953">
    <p class='ocr_par' dir='ltr' id='par_1_111' title="bbox 2189 4872 3780 4953">
     <span class='ocr_line' id='line_1_111' title="bbox 2189 4872 3780 4953; baseline -0.008 -16"><span class='ocrx_word' id='word_1_819' title='bbox 2189 4880 2565 4953; x_wconf 87' lang='lat' dir='ltr'>cognovimus,</span> <span class='ocrx_word' id='word_1_820' title='bbox 2590 4878 2818 4947; x_wconf 90' lang='lat' dir='ltr'>qualiter</span> <span class='ocrx_word' id='word_1_821' title='bbox 2846 4876 3007 4931; x_wconf 89' lang='lat' dir='ltr'>etiam</span> <span class='ocrx_word' id='word_1_822' title='bbox 3040 4873 3166 4931; x_wconf 86' lang='lat' dir='ltr'>foris</span> <span class='ocrx_word' id='word_1_823' title='bbox 3207 4875 3444 4944; x_wconf 88' lang='lat' dir='ltr'>vincant,</span> <span class='ocrx_word' id='word_1_824' title='bbox 3479 4872 3780 4931; x_wconf 87' lang='lat' dir='ltr'>audiamus.</span> 
     </span>
    </p>
   </div>
   <div class='ocr_carea' id='block_1_112' title="bbox 2187 4968 2645 5039">
    <p class='ocr_par' dir='ltr' id='par_1_112' title="bbox 2187 4968 2645 5039">
     <span class='ocr_line' id='line_1_112' title="bbox 2187 4968 2645 5039; baseline -0.015 -13"><span class='ocrx_word' id='word_1_825' title='bbox 2187 4971 2328 5026; x_wconf 91' lang='lat' dir='ltr'>Nam</span> <span class='ocrx_word' id='word_1_826' title='bbox 2360 4968 2606 5039; x_wconf 89' lang='lat' dir='ltr'>sequitur</span> <span class='ocrx_word' id='word_1_827' title='bbox 2632 4981 2645 5019; x_wconf 87' lang='lat'><strong>:</strong></span> 
     </span>
    </p>
   </div>
   <div class='ocr_carea' id='block_1_113' title="bbox 2260 5057 3787 5139">
    <p class='ocr_par' dir='ltr' id='par_1_113' title="bbox 2260 5057 3787 5139">
     <span class='ocr_line' id='line_1_113' title="bbox 2260 5057 3787 5139; baseline -0.005 -16"><span class='ocrx_word' id='word_1_828' title='bbox 2260 5069 2329 5123; x_wconf 85' lang='lat' dir='ltr'>Et</span> <span class='ocrx_word' id='word_1_829' title='bbox 2350 5067 2433 5123; x_wconf 87' lang='lat' dir='ltr'>ait</span> <span class='ocrx_word' id='word_1_830' title='bbox 2462 5066 2698 5139; x_wconf 79' lang='lat' dir='ltr'>populus</span> <span class='ocrx_word' id='word_1_831' title='bbox 2719 5064 2791 5120; x_wconf 87' lang='lat' dir='ltr'>ad</span> <span class='ocrx_word' id='word_1_832' title='bbox 2812 5063 3131 5120; x_wconf 88' lang='lat' dir='ltr'>Samuelem</span> <span class='ocrx_word' id='word_1_833' title='bbox 3156 5083 3173 5119; x_wconf 87' lang='lat'><strong><em>:</em></strong></span> <span class='ocrx_word' id='word_1_834' title='bbox 3203 5063 3334 5132; x_wconf 83' lang='lat' dir='ltr'>Quis</span> <span class='ocrx_word' id='word_1_835' title='bbox 3353 5066 3460 5131; x_wconf 78' lang='lat' dir='ltr'>est,</span> <span class='ocrx_word' id='word_1_836' title='bbox 3484 5062 3583 5136; x_wconf 86' lang='lat' dir='ltr'>qui</span> <span class='ocrx_word' id='word_1_837' title='bbox 3603 5057 3787 5118; x_wconf 70' lang='lat' dir='ltr'>dixit:</span> 
     </span>
    </p>
   </div>
   <div class='ocr_carea' id='block_1_114' title="bbox 2185 5148 3786 5225">
    <p class='ocr_par' dir='ltr' id='par_1_114' title="bbox 2185 5148 3786 5225">
     <span class='ocr_line' id='line_1_114' title="bbox 2185 5148 3786 5225; baseline -0.004 -13"><span class='ocrx_word' id='word_1_838' title='bbox 2185 5158 2321 5215; x_wconf 80' lang='lat' dir='ltr'>Saul</span> <span class='ocrx_word' id='word_1_839' title='bbox 2344 5172 2481 5212; x_wconf 88' lang='lat' dir='ltr'>num</span> <span class='ocrx_word' id='word_1_840' title='bbox 2500 5155 2752 5225; x_wconf 85' lang='lat' dir='ltr'>regnabit</span> <span class='ocrx_word' id='word_1_841' title='bbox 2775 5169 2944 5225; x_wconf 84' lang='lat' dir='ltr'>super</span> <span class='ocrx_word' id='word_1_842' title='bbox 2965 5168 3064 5208; x_wconf 85' lang='lat' dir='ltr'>nos</span> <span class='ocrx_word' id='word_1_843' title='bbox 3087 5151 3116 5204; x_wconf 83' lang='lat'><em>?</em></span> <span class='ocrx_word' id='word_1_844' title='bbox 3147 5152 3297 5208; x_wconf 88' lang='lat' dir='ltr'>Date</span> <span class='ocrx_word' id='word_1_845' title='bbox 3310 5153 3472 5217; x_wconf 82' lang='lat' dir='ltr'>viros,</span> <span class='ocrx_word' id='word_1_846' title='bbox 3501 5156 3557 5208; x_wconf 89' lang='lat' dir='ltr'>et</span> <span class='ocrx_word' id='word_1_847' title='bbox 3570 5148 3786 5217; x_wconf 81' lang='lat' dir='ltr'>interﬁ-</span> 
     </span>
    </p>
   </div>
   <div class='ocr_carea' id='block_1_115' title="bbox 2185 5238 3787 5313">
    <p class='ocr_par' dir='ltr' id='par_1_115' title="bbox 2185 5238 3787 5313">
     <span class='ocr_line' id='line_1_115' title="bbox 2185 5238 3787 5313; baseline -0.006 -11"><span class='ocrx_word' id='word_1_848' title='bbox 2185 5249 2403 5302; x_wconf 81' lang='lat' dir='ltr'>ciemus</span> <span class='ocrx_word' id='word_1_849' title='bbox 2420 5260 2529 5302; x_wconf 88' lang='lat' dir='ltr'>eos.</span> <span class='ocrx_word' id='word_1_850' title='bbox 2554 5245 2625 5300; x_wconf 84' lang='lat' dir='ltr'>Et</span> <span class='ocrx_word' id='word_1_851' title='bbox 2640 5242 2873 5299; x_wconf 84' lang='lat' dir='ltr'>aitSaul</span> <span class='ocrx_word' id='word_1_852' title='bbox 2896 5262 2912 5297; x_wconf 73' lang='grc' dir='ltr'><strong><em>ε</em></strong></span> <span class='ocrx_word' id='word_1_853' title='bbox 2955 5242 3070 5297; x_wconf 82' lang='grc' dir='ltr'>Νυη</span> <span class='ocrx_word' id='word_1_854' title='bbox 3100 5240 3390 5297; x_wconf 84' lang='lat' dir='ltr'>occidetur</span> <span class='ocrx_word' id='word_1_855' title='bbox 3407 5238 3787 5313; x_wconf 84' lang='lat' dir='ltr'>guisquamin</span> 
     </span>
    </p>
   </div>
   <div class='ocr_carea' id='block_1_116' title="bbox 2187 5330 3599 5407">
    <p class='ocr_par' dir='ltr' id='par_1_116' title="bbox 2187 5330 3599 5407">
     <span class='ocr_line' id='line_1_116' title="bbox 2187 5330 3599 5407; baseline -0.005 -15"><span class='ocrx_word' id='word_1_856' title='bbox 2187 5336 2277 5392; x_wconf 86' lang='lat' dir='ltr'>die</span> <span class='ocrx_word' id='word_1_857' title='bbox 2295 5336 2419 5403; x_wconf 82' lang='lat' dir='ltr'>hac,</span> <span class='ocrx_word' id='word_1_858' title='bbox 2444 5335 2575 5407; x_wconf 86' lang='lat' dir='ltr'>quia</span> <span class='ocrx_word' id='word_1_859' title='bbox 2590 5333 2729 5405; x_wconf 71' lang='lat' dir='ltr'>fecit</span> <span class='ocrx_word' id='word_1_860' title='bbox 2745 5331 3016 5388; x_wconf 85' lang='lat' dir='ltr'>Dominus</span> <span class='ocrx_word' id='word_1_861' title='bbox 3037 5330 3282 5386; x_wconf 80' lang='lat' dir='ltr'>salutem</span> <span class='ocrx_word' id='word_1_862' title='bbox 3304 5331 3367 5387; x_wconf 88' lang='lat' dir='ltr'>in</span> <span class='ocrx_word' id='word_1_863' title='bbox 3388 5330 3599 5386; x_wconf 86' lang='lat' dir='ltr'>Israel.</span> 
     </span>
    </p>
   </div>
   <div class='ocr_carea' id='block_1_117' title="bbox 2263 5439 3786 5516">
    <p class='ocr_par' dir='ltr' id='par_1_117' title="bbox 2263 5439 3786 5516">
     <span class='ocr_line' id='line_1_117' title="bbox 2263 5439 3786 5516; baseline -0.005 -13"><span class='ocrx_word' id='word_1_864' title='bbox 2263 5450 2349 5503; x_wconf 78' lang='grc'>15.</span> <span class='ocrx_word' id='word_1_865' title='bbox 2381 5445 2459 5502; x_wconf 80' lang='lat' dir='ltr'>Ad</span> <span class='ocrx_word' id='word_1_866' title='bbox 2490 5444 2801 5503; x_wconf 88' lang='lat' dir='ltr'>Samuelem</span> <span class='ocrx_word' id='word_1_867' title='bbox 2832 5442 3033 5516; x_wconf 90' lang='lat' dir='ltr'>quippe</span> <span class='ocrx_word' id='word_1_868' title='bbox 3062 5441 3330 5497; x_wconf 88' lang='lat' dir='ltr'>Dominus</span> <span class='ocrx_word' id='word_1_869' title='bbox 3358 5440 3611 5513; x_wconf 88' lang='lat' dir='ltr'>superius</span> <span class='ocrx_word' id='word_1_870' title='bbox 3631 5439 3786 5496; x_wconf 64' lang='lat' dir='ltr'>dixe«</span> 
     </span>
    </p>
   </div>
   <div class='ocr_carea' id='block_1_118' title="bbox 2192 5530 3787 5611">
    <p class='ocr_par' dir='ltr' id='par_1_118' title="bbox 2192 5530 3787 5611">
     <span class='ocr_line' id='line_1_118' title="bbox 2192 5530 3787 5611; baseline -0.005 -17"><span class='ocrx_word' id='word_1_871' title='bbox 2192 5543 2273 5594; x_wconf 86' lang='lat' dir='ltr'>rat</span> <span class='ocrx_word' id='word_1_872' title='bbox 2296 5537 2444 5596; x_wconf 84' lang='lat' dir='ltr'>:Non</span> <span class='ocrx_word' id='word_1_873' title='bbox 2464 5539 2518 5594; x_wconf 84' lang='lat' dir='ltr'>te</span> <span class='ocrx_word' id='word_1_874' title='bbox 2535 5535 2883 5611; x_wconf 71' lang='lat' dir='ltr'>abiecerunt,</span> <span class='ocrx_word' id='word_1_875' title='bbox 2906 5530 3004 5591; x_wconf 82' lang='lat' dir='ltr'>sed</span> <span class='ocrx_word' id='word_1_876' title='bbox 3023 5546 3130 5601; x_wconf 87' lang='lat' dir='ltr'>me,</span> <span class='ocrx_word' id='word_1_877' title='bbox 3151 5546 3225 5591; x_wconf 83' lang='lat' dir='ltr'>ne</span> <span class='ocrx_word' id='word_1_878' title='bbox 3253 5545 3481 5608; x_wconf 81' lang='lat' dir='ltr'>regnem</span> <span class='ocrx_word' id='word_1_879' title='bbox 3503 5544 3681 5605; x_wconf 79' lang='lat' dir='ltr'>super</span> <span class='ocrx_word' id='word_1_880' title='bbox 3698 5541 3787 5589; x_wconf 75' lang='lat' dir='ltr'>eos</span> 
     </span>
    </p>
   </div>
  </div>
