4034 6174
282 314 365 381 325
1089 304 1167 374 ῙΝ
1203 307 1473 374 PRIMUM
1511 311 1758 377 REGUM
1793 304 2423 375 EXPOSITIONES.—
2459 314 2598 377 LIB.
2639 308 2703 376 v’.

3455 323 3558 389 326

283 447 443 516 (IReg.
467 446 668 513 vm,7).
695 442 779 499 De
792 441 920 500 Saul
943 450 1125 499 autem
1161 444 1324 513 paulo
1354 452 1477 500 ante
1507 444 1707 501 dictum
1730 454 1842 501 est:
1876 445 1931 508 Α
1961 448 2140 513 gatur,
2162 446 2339 495 utrum
2362 441 2428 497 sit
2450 446 2660 508 merito,
2693 445 2837 515 quod
2866 453 2944 501 est
2974 447 3184 517 ordine,
3207 465 3313 505 non
3346 466 3561 526 cogno-

279 536 401 604 Quia
417 534 787 606 despexerunt
803 549 952 599 eum,
972 536 1031 588 et
1049 548 1167 587 non
1186 534 1510 589 attulerunt
1537 535 1589 590 ei
1606 551 1849 591 munera

281 622 644 692 (Ibid.,x,27).
677 621 787 677 Sed
815 622 910 677 ille
930 622 1198 691 abjectus,
1230 622 1333 677 iste
1352 622 1663 693 despectus.
1691 624 1848 679 caesis

271 714 368 783 jam
395 712 636 768 hostibus
663 718 956 767 consecuta
984 711 1236 781 victoria,
1258 710 1648 767 vociferantem
1676 728 1850 783 popu-

276 802 371 857 lum
398 800 626 856 audivit:
660 803 801 856 Date
824 800 982 857 nobis
1012 801 1178 867 viros,
1199 805 1255 857 et
1287 801 1697 869 interﬁciemus
1729 818 1841 858 eos.

272 893 435 947 Posset
466 890 684 961 quidem
702 891 965 960 'uterque,
997 904 1105 945 non
1137 889 1539 957 interﬁciendo,
1581 892 1680 946 sed
1710 908 1845 948 con-

270 980 543 1049 sentiendo,
577 980 648 1035 de
674 978 911 1034 inimicis
939 978 1225 1045 vindicari,
1257 979 1355 1033 sed
1384 979 1546 1034 etiam
1579 980 1704 1050 quia
1742 981 1843 1035 ab-

262 1069 412 1140 jectus
456 1069 628 1124 fuerat
671 1069 934 1140 prOpheta
962 1067 1219 1139 loquitur,
1251 1084 1348 1123 rex
1382 1068 1668 1139 despectus
1696 1069 1846 1125 favet

267 1158 439 1216 dicenti
471 1178 484 1214 :
516 1159 639 1216 Non
667 1158 958 1215 occidetur
986 1157 1300 1229 quisquam,
1334 1156 1457 1228 quia
1495 1158 1665 1214 sancti
1692 1175 1840 1230 prae-

264 1250 507 1304 dicatores
561 1248 731 1304 nostri
782 1245 977 1316 majori
1026 1246 1255 1301 victoria
1309 1255 1659 1316 coronantur,
1716 1265 1840 1304 cum

263 1338 328 1410 (a)
354 1338 570 1393 adversa
617 1335 993 1407 proximorum
1043 1334 1291 1401 tolerant,
1325 1351 1484 1406 quam
1541 1350 1665 1392 cum
1708 1336 1840 1393 foris

262 1427 421 1482 hostes
448 1431 787 1497 expugnant.
830 1423 985 1480 Unde
1024 1432 1079 1479 et
1121 1439 1245 1479 vera
1286 1424 1553 1494 sapientia
1582 1426 1637 1479 in
1674 1425 1838 1482 Salo-

260 1531 398 1571 mone
423 1515 684 1585 loquitur,
725 1513 888 1582 269
920 1511 1114 1569 dicens
1139 1530 1152 1566 :
1176 1513 1369 1569 Melior
1383 1520 1468 1569 est
1487 1514 1570 1585 th)
1586 1517 1833 1585 patiens,

256 1605 354 1660 viro
376 1605 511 1675 forti
536 1604 721 1673 (Prov,
737 1603 983 1671 xvr,32).
1028 1600 1139 1656 Sed
1166 1602 1484 1667 notandum,
1516 1603 1663 1672 quod
1693 1603 1835 1659 dici-

256 1700 358 1747 tur:
380 1692 446 1748 In
470 1693 566 1748 die
595 1693 720 1747 hac.
743 1691 805 1745 ln
835 1689 923 1745 die
944 1689 1163 1760 quidem
1183 1690 1424 1746 victoriae
1449 1707 1564 1746 suae
1584 1691 1835 1748 occidere

1957 529 2141 596 scitur,
2176 529 2279 583 nisi
2307 546 2428 585 cum
2469 546 2696 602 operum
2739 534 3058 591 fortitudine
3088 537 3413 597 declaratur.
3457 544 3557 599 Di-

1957 625 2106 673 catur
2136 634 2268 690 ergo
2313 635 2420 675 non
2467 620 2535 675 de
2574 622 2701 688 alio,
2742 624 2837 678 sed
2873 624 2940 679 de
2982 640 3048 680 eo
3093 626 3198 681 alio
3236 627 3420 701 [Forte
3449 632 3559 689 alio

1962 706 2311 780 superﬂuit],
2362 710 2456 779 qui
2507 726 2707 782 magna
2755 712 2979 767 victoria
3026 714 3257 770 claruit:
3295 721 3559 778 Perrexit

1955 798 2138 852 omnis
2157 798 2403 868 populus
2422 800 2482 854 in
2505 800 2759 871 Calgala,
2780 805 2835 857 et
2851 804 3116 872 fecerunt
3130 804 3206 860 ibi
3225 823 3407 878 regem
3420 812 3558 868 Saul

1954 901 2145 942 coram
2200 887 2458 954 Domino,
2509 895 2565 942 ut
2616 889 2855 960 dignitas
2897 892 3088 945 summi
3135 894 3410 963 pontiﬁcis
3447 914 3558 955 non

1952 982 2171 1030 constet
2187 974 2241 1029 in
2264 975 2559 1033 ambitione
2577 978 2854 1046 culminis,
2877 980 2975 1034 sed
3003 980 3060 1034 in
3085 998 3295 1039 summa
3318 985 3550 1043 virtutis.

1950 1062 2019 1117 Et
2047 1063 2103 1117 in
2132 1064 2361 1135 Galgala
2392 1065 2613 1135 quidem
2634 1068 2762 1135 itur,
2787 1068 3105 1139 utjudicare
3124 1071 3192 1126 de
3212 1088 3423 1130 summo
3439 1076 3560 1135 loco

1950 1166 2059 1207 non
2108 1152 2325 1221 audeat,
2369 1154 2455 1209 cui
2503 1154 2800 1225 Scriptura:
2846 1173 3018 1213 sacrae
3068 1159 3385 1219 abscondita
3435 1174 3562 1222 sunt

1948 1244 2244 1311 praecepta.
2291 1243 2358 1297 Et
2397 1257 2581 1298 coram
2609 1244 2844 1301 Domino
2886 1262 2981 1301 rex
3011 1249 3355 1305 constituitur
3388 1269 3401 1306 :
3434 1254 3560 1325 quia

1947 1335 2075 1385 tunc
2116 1329 2310 1386 doctor
2356 1330 2722 1401 subjectorum
2765 1349 2983 1390 suorum
3026 1336 3315 1395 devotione
3342 1341 3558 1411 colitur,

1945 1433 2068 1473 cum
2100 1418 2205 1489 ipsi
2255 1427 2534 1490 acceptam
2577 1421 2695 1491 ejus
2739 1423 2903 1478 vitam
2934 1424 3291 1496 omnipotenti
3321 1430 3557 1489 Domino

1943 1515 2363 1578 recognoscant.
2412 1509 2494 1564 De
2540 1509 2658 1579 ipsa
2706 1519 2887 1566 autem
2933 1515 3257 1585 cognitione
3314 1518 3459 1589 vitm,
3505 1537 3557 1594 et

1941 1594 2210 1652 doctrina:
2239 1598 2471 1668 pastoris
2496 1599 2578 1653 sui
2613 1617 2626 1654 :
2661 1599 2783 1670 quia
2823 1617 2973 1674 saepe
3005 1619 3113 1659 non
3142 1605 3265 1672 sibi,
3296 1609 3390 1663 sed
3423 1626 3553 1667 me-

1941 1684 2168 1754 lioribus
2220 1685 2473 1754 creditur,
2518 1686 2657 1744 bene
2713 1689 2909 1746 dicitur
2959 1692 3194 1763 populus
3240 1698 3296 1750 in
3326 1698 3555 1771 Galgala

254 1784 453 1853 appetit,
484 1781 585 1851 qui
613 1795 729 1846 eos,
761 1794 899 1852 quos
933 1778 1177 1836 clamate
1203 1779 1460 1834 virtutum
1489 1780 1557 1835 ad
1589 1794 1831 1837 amorem
1861 1801 1916 1862 B
1950 1789 2139 1846 regem
2170 1790 2355 1830 coram
2385 1777 2619 1832 Domino
2635 1779 3005 1836 constituisse:
3029 1782 3123 1837 sed
3146 1784 3297 1839 idem
3318 1787 3553 1857 populus

250 1871 333 1926 Dei
356 1870 635 1940 pertrahit,
668 1869 741 1925 ad
771 1868 1074 1924 nocendum
1096 1867 1217 1923 allis
1245 1869 1508 1923 accendit.
1540 1870 1637 1924 Vel
1668 1869 1723 1923 in
1746 1870 1834 1925 die

248 1958 460 2015 victoriae
500 1957 744 2020 occidit;
788 1957 916 2028 quia
947 1971 1015 2012 ea
1048 1956 1167 2011 luce
1204 1956 1487 2025 claritatis,
1519 1958 1707 2029 quain
1736 1974 1835 2013 ve-

246 2047 559 2104 nerationem
607 2045 983 2117 praedicatoris
1037 2044 1343 2113 adducitur,
1381 2045 1451 2100 ad
1492 2046 1620 2101 odia
1658 2046 1835 2102 eidem

246 2136 423 2192 doctori
453 2135 858 2192 detrahentium
902 2134 1182 2191 excitatur.
1223 2135 1327 2203 Qui
1353 2137 1509 2191 enim
1550 2136 1667 2192 odit
1704 2139 1834 2208 fra-

236 2222 375 2283 trem
400 2241 595 2291 suum,
616 2224 897 2281 homicida
925 2227 1011 2279 est
1029 2223 1075 2294 (I
1087 2225 1248 2280 Joan.
1283 2227 1497 2294 111,15).
1530 2224 1667 2293 Quia
1687 2225 1832 2280 enim

243 2314 299 2369 de
321 2315 567 2371 doctrina
592 2313 724 2369 boni
751 2313 984 2384 pastoris
1009 2312 1087 2368 sic
1114 2312 1413 2383 adjuvandi
1447 2321 1573 2369 sunt
1599 2312 1750 2381 boni,
1775 2323 1834 2370 ut

246 2402 515 2459 tolerantur
578 2401 743 2466 mali;
803 2416 987 2470 causa,
1020 2416 1126 2471 qua
1170 2416 1332 2457 nemo
1371 2401 1701 2457 occidendus
1742 2403 1829 2481 sit,

241 2491 359 2547 bene
384 2492 741 2563 subjungitur
770 2508 783 2545 :
819 2490 960 2558 Quia
987 2489 1179 2560 inquit,
1212 2489 1373 2547 hodie
1401 2492 1544 2562 fecit
1562 2491 1834 2550 Dominus

241 2582 463 2638 salutem
491 2583 565 2637 in
595 2581 789 2636 Israel.
823 2579 1079 2651 Sequitur
1103 2598 1116 2635 :

297 2671 445 2727 Dixit
475 2674 677 2727 autem
708 2668 937 2724 Samuel
966 2668 1040 2723 ad
1062 2669 1342 2741 populum
1364 2688 1382 2722 :
1413 2669 1602 2726 Venite
1632 2686 1831 2727 eamus

239 2759 292 2813 in
321 2759 577 2831 Galgala,
608 2762 667 2814 et
697 2757 1030 2814 innovemus
1065 2759 1144 2814 ibi
1179 2774 1440 2829 regnum.
1474 2760 1544 2814 Et
1569 2761 1832 2831 perrexit

238 2852 398 2905 mnis
423 2848 679 2921 populus
702 2849 766 2903 in
799 2845 1060 2918 Galgala,
1087 2851 1143 2903 et
1171 2850 1355 2919 fecere
1375 2848 1452 2903 ibi
1471 2864 1659 2919 regem
1680 2848 1832 2905 Saul

240 2952 408 2994 coram
436 2939 701 2994 Domino.

290 3026 372 3081 16.
412 3027 469 3082 Si
501 3042 651 3097 ergo
676 3025 860 3082 omnia
875 3039 942 3081 eo
970 3024 1157 3093 modo,
1193 3041 1300 3097 quo
1322 3026 1573 3097 superius
1602 3026 1659 3081 in
1687 3025 1830 3083 ordi-

228 3116 389 3172 nando
415 3131 615 3187 regem
645 3113 798 3183 ﬁunt,
815 3114 883 3169 ad
903 3122 1103 3171 sancta:
1124 3115 1386 3171 Ecclesiae
1405 3131 1613 3172 morem
1643 3116 1823 3172 dedu-

228 3204 379 3259 cimus
428 3219 643 3276 magna
683 3204 975 3259 subtilitate
1029 3206 1147 3274 ejus
1184 3212 1424 3261 rectores
1470 3206 1813 3261 ordinantur.

228 3292 361 3348 Prius
388 3293 602 3366 quippe
646 3292 932 3364 propheta:
979 3308 1078 3348 rex
1122 3293 1414 3365 eligendus
1445 3302 1693 3350 ostensus
1719 3304 1819 3364 est,

225 3380 401 3438 ddnde
427 3381 699 3452 quaesitus
729 3381 884 3452 quasi
903 3380 1213 3454 incognitus
1238 3399 1250 3435 :
1274 3390 1467 3452 postea
1486 3383 1651 3438 etiam
1671 3393 1817 3440 sorte

227 3470 469 3540 inventus,
499 3469 660 3527 domi
690 3470 1055 3535 absconditus,
1101 3471 1379 3526 revelatus
1424 3488 1458 3526 a
1498 3472 1752 3541 Domino,
1784 3490 1817 3528 a

225 3558 407 3630 popqu
433 3560 717 3627 sublatus,
748 3565 797 3613 et
825 3558 881 3612 in
898 3558 1108 3631 regiam
1123 3559 1448 3630 dignitatem
1469 3560 1538 3615 ab
1554 3561 1815 3615 omnibus

226 3656 450 3718 receptus
479 3655 599 3704 est.
646 3646 791 3714 Quid
820 3655 903 3701 est
927 3662 1077 3719 ergo,
1111 3648 1257 3717 quod
1287 3648 1473 3703 adhuc
1497 3647 1552 3702 in
1582 3648 1816 3720 Galgala
1844 3712 1849 3715 _

228 3736 455 3802 tenditur,
486 3746 548 3793 ut
611 3735 726 3791 illic
780 3751 1012 3807 regnum
1068 3734 1395 3791 innovatur?
1444 3736 1551 3792 Sed
1608 3753 1817 3809 magna

225 3822 519 3882 discretione
568 3840 671 3880 rex
699 3826 961 3896 quaeritur
986 3831 1042 3879 et
1069 3824 1363 3893 invenitur,
1396 3824 1523 3895 quia
1551 3826 1816 3882 altissima

223 3920 327 3967 sunt
350 3913 726 3970 Ecclesiarum
754 3913 995 3984 negotia,
1025 3928 1147 3983 quae
1172 3912 1218 3966 si
1247 3913 1451 3967 inﬁrmi
1486 3921 1537 3969 et
1575 3914 1816 3985 imperiti

221 4002 521 4072 suscipiunt,
596 4002 718 4072 ipsa
760 4017 941 4056 rerum
980 4001 1352 4073 magnitudine
1407 4001 1805 4073 deprimuntur.

218 4094 412 4147 Atteute
440 4108 586 4164 ergo
618 4097 673 4145 et
713 4089 1067 4145 subtilissima
1101 4090 1515 4161 investigatione
1546 4093 1817 4165 perquiri-

217 4185 309 4245 tur,
338 4183 431 4251 qui
462 4188 623 4236 tanto
651 4179 878 4234 culmini
901 4178 1240 4249 praeferatur.
1265 4176 1368 4247 Qui
1394 4179 1638 4251 profecto
1661 4181 1814 4237 valde

216 4267 587 4336 pmdicandus
605 4274 706 4336 est,
726 4283 833 4323 non
851 4283 980 4323 cum
997 4267 1350 4339 quaerentium
1376 4268 1587 4338 judicio
1602 4271 1813 4325 consti-

215 4354 380 4425 tuitur,
426 4358 529 4412 sed
569 4356 790 4428 quando
836 4356 893 4410 in
934 4355 1057 4427 ipsa
1097 4355 1453 4425 dispositione
1478 4358 1675 4413 summi
1706 4358 1811 4413 mi-

1853 3159 1903 3223 C

1944 1862 2004 1915 in
2061 1862 2313 1933 Galgala,
2357 1873 2615 1921 monente
2681 1868 2933 1925 Samuele
2979 1871 3302 1939 perrexisse.
3344 1876 3552 1935 Eamus

1940 1949 2135 2022 inquit,
2153 1956 2215 2007 in
2239 1951 2566 2024 Galgala,et
2580 1956 2913 2015 innovemus
2934 1959 3015 2015 ibi
3028 1964 3548 2037 regnum.Regnum

1944 2040 2145 2110 quippe
2193 2040 2484 2097 innovatur
2514 2063 2533 2099 :
2566 2044 2689 2114 quia
2720 2046 2845 2101 dum
2888 2047 3095 2104 electus
3132 2052 3459 2121 praedicator
3493 2056 3549 2111 in

1940 2144 2143 2201 magna
2200 2130 2400 2186 virtute
2443 2132 2793 2204 conspicitur,
2815 2143 2869 2191 et
2893 2152 3037 2191 nova
3064 2138 3113 2193 ei
3145 2144 3348 2197 recenti
3378 2142 3547 2201 devo-

1941 2218 2092 2273 tione
2148 2218 2456 2309 auditorum
2512 2222 2677 2277 corda
2732 2223 3140 2281 submittuntur.
3178 2229 3333 2287 Unde
3390 2250 3551 2309 quasi

1939 2314 2157 2362 ostensa
2183 2307 2331 2380 regis
2353 2309 2579 2366 victoria
2599 2327 2832 2383 regnum
2863 2313 3170 2385 innovatur,
3203 2322 3418 2388 quando
3447 2307 3547 2379 eo;

1938 2395 2093 2468 gnita
2118 2410 2323 2469 magna
2348 2400 2511 2467 270
2542 2401 2951 2457 conversatione
2976 2403 3234 2474 doctoris,
3266 2407 3386 2479 ipsa
3407 2413 3545 2466 sub-

1939 2484 2179 2540 ditorum
2201 2486 2363 2540 corda
2385 2486 2734 2557 splendorem
2756 2506 2914 2547 novae
2936 2491 3240 2551 devotionis
3254 2497 3541 2570 accipiunt,

1938 2581 1991 2629 et
2016 2591 2114 2645 per
2139 2575 2261 2645 ejus
2290 2576 2602 2645 exemplum
2624 2578 2692 2634 ad
2717 2581 3059 2651 prOpositum
3090 2598 3307 2655 magnas
3333 2586 3547 2645 virtutis

1938 2663 2256 2719 excitantur.
2290 2663 2397 2719 Sed
2435 2664 2554 2734 jam
2596 2667 2691 2739 qui
2735 2667 2789 2722 in
2836 2685 2944 2725 uno
2974 2670 3314 2729 internorum
3352 2677 3544 2745 praelia

1937 2751 2239 2822 triumphos
2268 2755 2602 2823 aspeximus,
2650 2755 2686 2810 il
2721 2756 2891 2813 altero
2941 2758 3060 2828 jam
3108 2762 3257 2831 pacis
3301 2770 3546 2838 tempora

1935 2841 2181 2896 mirabili
2209 2842 2464 2914 aequitate
2492 2842 2724 2900 decursa
2750 2845 3050 2902 videamus.

2568 2934 2792 2991 CAPUT
2840 2937 2909 2991 ΙΙ.

2007 3022 2053 3093 (Ι
2066 3020 2205 3094 Reg.
2220 3037 2316 3088 xu,
2341 3021 2475 3092 1-3.)
2488 3022 2651 3079 Dixit
2668 3029 2863 3081 autem
2872 3026 3102 3083 Samuel
3116 3027 3190 3085 ad
3212 3032 3541 3092 universum

1936 3109 2155 3166 Israel:
2172 3112 2311 3167 Ecce
2327 3111 2519 3167 audivi
2532 3128 2719 3170 vocem
2740 3117 3171 3187 vestramjuxta
3189 3123 3402 3192 omnia,
3416 3141 3541 3196 qua:

1934 3200 2111 3257 locuti
2130 3200 2267 3255 estis
2286 3201 2358 3256 ad
2387 3217 2498 3268 me,
2530 3206 2586 3258 et
2617 3204 2894 3259 constitui
2922 3220 3093 3277 super
3120 3224 3210 3264 vos
3228 3225 3411 3280 regem
3435 3233 3454 3267 .-
3483 3218 3544 3271 et

1930 3305 2086 3345 nunc
2102 3304 2209 3345 rea:
2227 3289 2528 3360 gradiatur
2548 3296 2689 3348 ante
2705 3309 2816 3349 vos.
2832 3295 2940 3365 Ego
2964 3299 3159 3351 autem
3180 3300 3364 3367 senui,
3379 3306 3435 3356 et
3449 3303 3539 3358 in-

1929 3380 2303 3435 canui.Porro
2318 3378 2427 3445 ﬁlii
2443 3382 2555 3436 mei
2571 3380 2851 3437 vobiscum
2871 3381 3235 3457 suntJtaque
3251 3403 3540 3448 conversa-

1927 3470 2018 3522 tus
2055 3482 2246 3523 coram
2291 3466 2441 3523 vobis
2470 3469 2856 3526 adolescentia
2893 3487 3021 3527 mea
3065 3489 3240 3545 usque
3284 3478 3359 3533 ad
3388 3477 3536 3535 diem

1925 3555 2091 3621 hanc,
2116 3570 2242 3611 ecce
2256 3561 2467 3627 praesto
2491 3573 2637 3613 sum.
2656 3557 2985 3630 Loquimini
3013 3561 3081 3616 de
3105 3579 3196 3618 me
3210 3580 3400 3622 coram
3422 3571 3537 3624 Do-

1921 3646 2078 3700 mino
2097 3648 2153 3700 et
2172 3660 2360 3701 coram
2383 3644 2601 3703 Christo
2620 3649 2761 3717 eius,
2781 3652 2979 3705 utrum
2998 3650 3184 3708 bouem
3200 3656 3537 3729 cuiusquam

1924 3733 2178 3800 tulerim,
2229 3738 2334 3789 aut
2378 3736 2632 3791 asinum.
2689 3736 2749 3793 Si
2776 3739 3098 3809 quempiam
3136 3743 3531 3804 calumniatus

1922 3838 2048 3878 sum
2066 3823 2114 3878 si
2125 3825 2378 3894 Oppressi
2388 3824 2634 3895 aliquem
2647 3826 2697 3880 si
2707 3824 2773 3881 de
2784 3842 2960 3883 manu
2974 3830 3309 3903 cujusquam
3324 3850 3535 3894 munus

1923 3913 2507 3982 accepi,contemnam
2539 3912 2684 3968 illud
2711 3914 2891 3982 hodie,
2926 3918 3339 3991 restituamque
3359 3926 3528 3981 vobis.

1995 4002 2046 4052 l.
2080 3997 2218 4052 Cum
2268 3999 2486 4068 reprobi
2526 4009 2770 4069 pastores
2816 4012 3076 4072 praesunt,
3126 4007 3533 4080 principaleeis

1921 4085 2262 4158 propositum
2321 4094 2405 4141 est
2456 4086 2512 4141 in
2568 4088 2756 4158 rapina
2794 4090 3157 4148 subditorum.
3216 4094 3355 4164 Quia
3385 4101 3531 4157 enim

1921 4184 2250 4232 aeternorum
2274 4175 2542 4231 bonorum
2571 4176 2958 4232 abundantiam
2980 4172 3232 4250 aspicere
3259 4188 3526 4258 nesciunt,

1922 4279 2028 4335 quo
2084 4264 2372 4335 praesentia
2417 4264 2694 4320 ardentius
2740 4267 3145 4339 concupiscunt,
3191 4287 3255 4328 eo
3313 4274 3530 4335 avidius

1920 4353 2105 4409 oblata
2134 4353 2416 4423 recipiunt,
2444 4368 2550 4409 non
2591 4354 2777 4410 oblata
2824 4355 3090 4413 violenter
3116 4360 3326 4419 tollunt.
3357 4366 3529 4423 Inuo-

217 4442 411 4500 nisterii
447 4454 710 4502 strenuus
756 4445 1056 4500 invenitur.
1114 4446 1262 4501 Bene
1300 4460 1435 4517 ergo
1471 4448 1586 4514 jam
1618 4449 1814 4503 trium-
1842 4465 1898 4528 D
1929 4442 2177 4498 centibus
2204 4441 2543 4511 insidiantur,
2576 4442 2787 4500 debiles
2815 4445 3149 4519 Opprimunt,
3180 4465 3405 4511 munera
3431 4471 3529 4512 ac-

222 4531 408 4600 pbante
424 4534 725 4591 constituto
743 4548 874 4606 rege
890 4533 1087 4589 dicitur
1101 4553 1117 4588 :
1132 4535 1523 4590 Peri-exerunt
1549 4536 1611 4592 in
1630 4538 1822 4610 Galga.

230 4620 295 4686 la,
326 4628 382 4679 et
411 4626 685 4695 fecerunt
815 4636 1001 4695 regem
1023 4623 1159 4680 Saul
1187 4638 1379 4679 coram
1397 4622 1632 4681 Domino
1649 4644 1669 4682 :
1691 4628 1821 4698 quia

217 4722 325 4766 cum
353 4712 739 4784 praedicatoris
758 4711 1025 4767 fortitudo
1045 4712 1416 4783 cognoscitur,
1435 4713 1489 4767 in
1503 4715 1815 4772 auditorum

216 4815 424 4856 suorum
472 4801 753 4857 mentibus
804 4802 1121 4857 honoratur.
1153 4801 1214 4855 In
1242 4800 1469 4872 Galgala
1490 4802 1728 4874 quidem,
1760 4806 1818 4861 id

216 4894 287 4943 est
311 4898 516 4957 rotam,
535 4890 702 4957 imus,
727 4889 946 4962 quando
975 4905 1073 4960 per
1097 4903 1309 4946 sacrum
1342 4891 1613 4961 eloquium
1636 4893 1819 4950 docto-

214 4972 276 5027 ris
298 4975 466 5030 nostri
496 4975 872 5045 operationem
905 4974 1244 5041 discutimus,
1258 4982 1314 5030 et
1340 4990 1464 5031 eum
1483 4976 1597 5032 illic
1624 4993 1813 5034 coram

212 5058 425 5120 Domino
476 5080 669 5137 regem
723 5063 953 5120 facimus
998 5080 1012 5118 :
1057 5063 1201 5134 quia,
1260 5080 1423 5135 quem
1476 5064 1813 5136 probabilem

211 5153 492 5222 cernimus,
512 5153 743 5225 dignum
760 5167 881 5209 esse
903 5159 1048 5208 tanto
1064 5152 1643 5222 culminejudicamus.
1659 5155 1814 5212 Prius

214 5249 327 5311 ergo
378 5241 584 5297 dicitur
636 5241 765 5297 Saul
810 5257 841 5295 a
888 5241 1096 5312 populo
1141 5241 1363 5311 electus,
1394 5242 1463 5297 ad
1508 5251 1810 5300 extremum

212 5340 296 5381 rex
325 5329 378 5384 in
408 5330 647 5403 Galgala
674 5330 999 5386 constitutus
1027 5345 1211 5386 coram
1240 5330 1512 5387 Domino:
1538 5332 1664 5403 quia
1686 5333 1812 5390 licet

214 5416 368 5474 multa
394 5419 609 5477 consilii
635 5419 903 5495 gravitate
930 5419 987 5476 in
1013 5426 1202 5477 sancta
1224 5419 1470 5478 Ecclesia
1490 5428 1677 5493 pastor
1702 5420 1808 5481 eli-

271 5582 472 5658 (a)Hoc
497 5589 846 5659 est,adversa
877 5606 910 5648 a
937 5588 1205 5659 proximis
1222 5588 1611 5650 illata.Eodem
1642 5606 1805 5650 sensu

211 5665 307 5716 vox
332 5661 649 5723 adversitas
681 5664 913 5723 sumitur
931 5661 1026 5723 lib.
1050 5678 1131 5723 xx.
1162 5664 1356 5723 Morel.
1378 5680 1534 5722 num.
1554 5667 1659 5741 38;
1692 5664 1793 5726 lib.

1931 4531 2155 4603 cipiunt,
2181 4529 2415 4602 juraque
2455 4540 2800 4601 pervertunt.
2850 4534 2932 4590 De
2977 4536 3061 4591 bis
3099 4541 3406 4610 pastoribus
3434 4562 3532 4618 per

1927 4620 2255 4690 prOphetam
2313 4619 2589 4676 Dominus
2642 4622 2846 4678 Judaese
2892 4623 3244 4698 improperat.
3289 4631 3525 4691 dicens:

1926 4710 2187 4764 Pastores
2219 4708 2308 4764 tui
2339 4709 2459 4782 lupi
2487 4724 2732 4783 vespere,
2750 4728 2866 4768 non
2894 4715 3239 4786 reliquentes
3263 4720 3327 4777 in
3356 4740 3527 4781 mane

1924 4792 2221 4868 (Sophdn,
2257 4797 2329 4866 3).
2362 4797 2795 4855 Ualumniatores
2830 4800 3195 4859 innocentium
3237 4811 3448 4877 pariter
3476 4821 3531 4870 et

1923 4900 2281 4957 oppressores
2307 4885 2569 4941 debilium
2598 4887 2723 4943 item
2754 4890 3004 4961 percutit,
3036 4892 3223 4949 dicens
3254 4914 3267 4950 :
3304 4897 3375 4956 Si
3403 4904 3528 4972 quis

1921 4992 2037 5032 non
2050 4974 2267 5031 dederit
2280 4976 2341 5031 in
2354 4991 2449 5031 ore
2459 4992 2652 5032 eorum
2663 4977 3345 5052 quippiam,sanctiﬁcant
3355 5004 3528 5061 super

1919 5064 2088 5120 illum
2106 5063 2337 5119 bellum.
2356 5063 2705 5136 Quapropter
2722 5082 2842 5123 nox
2862 5070 2943 5124 eis
2960 5086 3063 5141 pro
3084 5071 3294 5128 visione
3321 5076 3449 5142 erit,
3466 5081 3525 5133 et

1923 5153 2164 5209 tenebras
2187 5168 2293 5222 pro
2318 5152 2670 5211 divinatione
2703 5156 2884 5224 (Mich.
2920 5172 3003 5226 ιη,
3025 5161 3079 5223 5,
3110 5159 3192 5228 6).
3220 5160 3360 5215 Nam
3389 5162 3523 5220 dum

1918 5239 2253 5310 iniquitatem
2291 5246 2625 5313 cognoscunt
2655 5258 2818 5313 quam
2854 5244 3076 5311 faciunt,
3106 5260 3209 5315 per
3236 5248 3522 5308 audaciam

1918 5328 2234 5402 nequissimi
2263 5330 2459 5400 operis,
2493 5328 2693 5386 cadunt
2722 5329 2777 5384 in
2799 5331 3098 5387 caecitatem
3120 5334 3322 5404 cordis,
3345 5345 3402 5393 ut
3420 5355 3522 5412 per

1918 5433 2182 5489 amorem,
2203 5417 2381 5475 lucem
2402 5418 2644 5477 veritatis
2672 5417 2815 5474 ultra
2842 5433 2951 5476 non
2970 5418 3215 5492 videant,
3234 5440 3336 5498 per
3354 5443 3521 5501 quam

1912 5603 2025 5660 xvr,
2057 5584 2212 5647 num.
2252 5590 2341 5657 t5,
2374 5596 2428 5647 et
2452 5585 2604 5646 alibi.

1985 5656 2064 5738 (ὃ)
2096 5662 2302 5723 Vitiosa
2330 5656 2406 5722 in
2434 5660 2631 5737 Vatia,
2684 5656 2870 5723 GilOt.
2904 5669 2953 5723 et
2984 5662 3255 5730 Gusssnv.
3288 5674 3519 5752 sapiens
