4034 6174
443 304 546 366 327
1635 285 1896 354 SANCTI
1935 282 2288 353 GREGORII
2328 292 2561 353 MAGNI
3630 295 3726 364 323

442 453 475 492 a
503 434 765 508 pravitate
796 431 1138 505 resipiscant.
1183 426 1317 484 Item
1359 440 1641 480 munerum
1672 424 2039 494 acceptionem
2072 425 2127 484 A
2159 427 2347 479 mater
2366 424 2521 480 inter
2549 426 2744 494 gentes
2765 423 2941 494 (Rom.
2966 441 3025 491 ιι,
3057 424 3168 493 24).
3198 422 3337 480 Hinc
3368 426 3486 480 item
3518 426 3733 501 discipu-

442 523 793 596 reprehendit
812 522 1004 589 Isaias,
1035 520 1223 575 dicens
1245 535 1255 570 :
1278 516 1481 572 Omnes
1501 512 1759 585 diligunt
1782 530 2046 579 munera,
2161 514 2268 567 lum
2283 513 3003 583 admonet,dicens:0porlet
3020 514 3528 585 etiamEpiscopum
3540 517 3731 574 bonum

444 617 760 687 sequuntur
796 611 1200 667 retributiones
1232 605 1376 675 (Isa.
1421 620 1461 672 1,
1491 607 1606 668 23).
1650 603 1873 658 Sanctus
1915 618 2052 673 ergo
2163 603 2551 657 testimonium
2570 602 2771 657 habere
2787 603 2940 658 abiis
2958 605 3055 673 qui
3072 602 3214 672 [oris
3233 604 3429 673 su—nl(I
3446 606 3734 678 Tim,m,7).

444 704 552 771 vir,
580 702 711 757 dum
742 700 1066 755 innocentia
1096 712 1208 751 suae
1241 692 1638 763 simplicitatem
1663 692 1919 756 ostendit,
1946 707 2056 762 qua
2162 692 2302 745 Dum
2337 707 2468 763 ergo
2500 692 2640 745 mala
2670 708 2726 746 se
2760 700 2867 745 tam
2898 700 3052 745 caute
3082 691 3278 746 vitasse
3305 694 3546 761 asseruit,
3578 704 3627 749 et
3655 697 3737 751 in-

442 794 759 849 meritorum
791 788 1074 844 altitudine
1108 784 1291 850 fuerit,
1321 780 1568 836 sublimis
1595 780 1863 851 apparuit.
1898 778 2055 848 Quod
2162 779 2345 852 gentia
2392 780 2552 848 bona,
2597 796 2717 850 qua}
2768 780 2915 845 fecit,
2968 779 3114 833 siluit
3160 798 3173 832 :
3216 788 3398 850 aperte
3446 782 3525 837 vir
3563 782 3739 840 beatus

445 882 663 955 quidem
696 877 904 933 virtutis
931 873 1265 947 praeconium
1311 872 1363 926 in
1413 886 1477 925 eo
1507 885 1613 924 uno
1641 869 1965 935 ostenditur,
1998 874 2057 923 ut
2164 868 2423 935 ostendit,
2466 869 2518 921 in
2576 878 2778 937 quanto
2821 868 3057 924 culmine
3105 868 3359 924 virtutum
3404 872 3562 939 stetit,
3618 874 3742 930 dum

446 970 697 1027 omnibus
736 966 921 1022 electis
952 963 1265 1021 doctoribus
1294 960 1485 1016 eadem
1530 958 1789 1014 bonitatis
1832 956 2056 1013 confor-
2161 958 2308 1011 mala
2341 957 2707 1026 reprobando,
2746 958 2814 1012 ad
2859 958 3159 1014 electorum
3189 959 3501 1029 exemplum
3533 961 3742 1019 odorem

444 1060 602 1116 mites
631 1057 970 1113 ostendatur.
2163 1046 2400 1101 servavit
2456 1046 2614 1101 bona:
2673 1046 2990 1117 opinionis:
3034 1055 3088 1102 et
3134 1046 3462 1103 occultando
3507 1050 3747 1106 virtutum

514 1152 568 1206 2.
604 1147 740 1202 Vitae
768 1144 988 1216 quidem
1019 1140 1386 1197 innocentiam
1428 1153 1526 1209 pro
1570 1136 1726 1192 nobis
1769 1136 2051 1215 habemus,
2162 1150 2345 1205 Opera,
2381 1136 2605 1205 praemia
2646 1152 2741 1190 cus
2781 1136 2949 1191 adivit
2981 1144 3202 1191 aeterne;
3240 1136 3617 1193 retributionis.
3649 1140 3747 1197 Sed

446 1237 541 1293 sed
598 1233 927 1306 praelationis
975 1231 1191 1285 culmen
1247 1244 1347 1298 pro
1397 1227 1540 1293 aliis,
1598 1241 1709 1280 non
1756 1241 1856 1295 pro
1898 1222 2057 1278 nobis
2162 1224 2482 1292 notandum,
2507 1224 2633 1293 quia
2662 1240 2783 1279 cum
2814 1225 3103 1280 Dominum
3134 1232 3324 1280 testem
3358 1242 3471 1281 suae
3500 1226 3751 1284 innocen-

449 1324 819 1382 ascendimus.
856 1323 957 1375 Per
988 1318 1311 1374 innocentim
1343 1317 1545 1372 bonum
1576 1315 1646 1369 ad
1678 1318 1932 1368 aeternam
1956 1327 2053 1382 pa-
2162 1312 2250 1367 tiae
2298 1322 2581 1380 assereret,
2636 1314 2814 1383 ipsum
2866 1314 3155 1369 Dominum
3204 1313 3399 1370 fecisse
3445 1317 3657 1387 Moysen
3703 1327 3752 1375 et

450 1415 603 1470 triam
633 1411 925 1478 tendimus,
957 1425 1055 1479 per
1083 1406 1424 1462 altitudinem
1458 1403 1794 1474 prmlationis
1823 1402 1881 1455 in
1911 1400 2053 1455 alio-
2160 1405 2341 1457 Aaron
2371 1402 2526 1457 dixit.
2561 1403 2703 1472 Quid
2734 1411 2815 1458 est
2845 1405 2948 1459 hoc
2976 1404 3144 1472 aliud,
3178 1403 3285 1458 nisi
3314 1405 3442 1475 quia
3470 1410 3524 1460 et
3551 1407 3756 1462 virtutis

446 1520 563 1560 rum
594 1500 839 1558 custodia
867 1498 1172 1570 vigilamus.
1208 1498 1266 1550 In
1295 1495 1388 1549 illa
1417 1495 1612 1550 virtute
1645 1490 1821 1547 securi
1843 1505 2051 1555 sumus,
2162 1506 2276 1545 suae
2306 1491 2521 1546 culmen
2551 1492 2805 1560 ostendit,
2852 1493 2948 1546 sed
2978 1492 3031 1546 in
3060 1500 3209 1548 tanto
3237 1493 3475 1549 culmine
3503 1488 3652 1550 solus'
3672 1512 3758 1567 ap-

449 1595 610 1648 istam
640 1606 768 1647 vero
798 1588 1178 1643 celsitudinem
1209 1600 1331 1640 cum
1381 1597 1580 1653 magno
1630 1589 1778 1634 metu
1810 1578 2054 1650 posside-
2159 1594 2353 1650 parere
2381 1579 2569 1635 noduit
2599 1582 2626 1633 ‘?
2676 1580 2844 1649 Quasi
2884 1580 3172 1636 latentibus
3207 1582 3457 1637 sensibus
3485 1584 3627 1639 dicat
3659 1604 3670 1640 :
3702 1587 3760 1639 In

448 1698 570 1738 mus
601 1698 615 1735 :
649 1679 777 1750 quia
806 1678 896 1747 qui
930 1682 1237 1730 nostrorum
1269 1688 1495 1743 operum
1525 1670 1788 1724 rationem
1821 1668 2054 1723 reddere
2161 1676 2304 1722 tanta
2355 1669 2520 1723 animi
2571 1669 2763 1725 virtute
2809 1670 3087 1724 mirandus
3123 1686 3234 1726 non
3263 1688 3388 1725 sum
3420 1686 3432 1725 :
3465 1675 3593 1743 quia
3620 1673 3672 1727 in
3701 1691 3761 1729 ea

445 1772 801 1829 vehementer
839 1763 1272 1835 expavescimus,
1305 1762 1371 1816 de
1412 1776 1478 1815 eo
1519 1760 1661 1831 quod
1693 1758 1815 1814 aliis
1843 1774 2048 1828 praesu-
2082 1789 2135 1848 Β
2164 1756 2314 1811 solus
2345 1773 2452 1812 non
2481 1774 2619 1812 sum.
2656 1760 3039 1829 Contemptum
3086 1775 3268 1814 rerum
3309 1761 3366 1814 in
3405 1778 3623 1818 munere
3653 1764 3760 1818 vir-

446 1874 646 1925 sumus,
693 1856 808 1910 Deo
853 1853 1084 1908 reddere
1134 1851 1394 1905 rationem
1452 1848 1737 1903 debemus.
1799 1846 1855 1901 Si
1914 1859 2053 1915 ergo
2082 1846 2123 1848 “
2168 1846 2292 1899 tutis
2322 1846 2519 1913 habeo,
2562 1847 2657 1902 sed
2688 1849 2832 1903 hunc
2861 1848 2915 1902 in
2943 1848 3242 1903 intentione
3274 1866 3428 1905 vanae
3455 1851 3629 1907 laudis
3656 1869 3763 1908 non

449 1947 603 2003 electi
649 1944 774 2012 viri,
824 1942 1035 1997 volente
1070 1942 1206 2008 Deo,
1246 1939 1410 1994 etiam
1455 1934 1784 2008 prmlationis
1839 1933 2054 1989 culmen
2166 1935 2383 1989 habeo:
2431 1935 2486 1989 in
2531 1951 2639 2004 quo
2696 1937 2856 1992 valde
2913 1936 3162 1992 meliores
3207 1946 3371 2008 atque
3429 1941 3762 1997 sublimiore;

448 2035 600 2092 inviti
631 2031 1021 2100 conscendunt,
1062 2030 1278 2086 volente
1307 2028 1443 2094 Deo,
1476 2027 1617 2081 idem
1648 2026 1861 2080 culmen
1891 2024 2057 2077 devo-
2167 2038 2347 2078 cerno.
2383 2025 2448 2077 Et
2490 2024 2617 2095 quia
2665 2025 2845 2094 ipsum
2891 2026 3114 2096 Moysen
3157 2034 3211 2081 et
3256 2030 3440 2083 Aaron
3482 2030 3764 2085 Dominum

451 2124 611 2181 tionis
640 2123 923 2176 deserunt.
981 2119 1213 2172 Sanctus
1243 2132 1375 2188 ergo
1403 2117 1490 2171 vir
1518 2115 1647 2169 dicit
1668 2132 1681 2167 :
1700 2114 1836 2168 Ecce
1867 2106 2057 2167 audivi
2167 2111 2362 2167 fecisse
2393 2114 2643 2181 asseruit,
2668 2114 2772 2169 tale
2803 2123 2884 2169 est
2913 2115 3038 2169 item
3068 2130 3134 2171 ac
3164 2116 3207 2168 si
3229 2115 3379 2171 dicat
3403 2137 3415 2171 :
3439 2117 3600 2186 Quod
3631 2120 3769 2175 mala

452 2229 637 2271 vocem
652 2214 916 2275 vestram,
935 2212 988 2263 et
1002 2207 1279 2264 constitui
1297 2221 1465 2277 super
1480 2221 1570 2260 vos
1589 2218 1770 2274 regem
1786 2222 1808 2265 ,-
1830 2205 1883 2256 et
1901 2216 2056 2255 nunc
2167 2207 2274 2255 tam
2310 2202 2519 2257 fortiter
2548 2218 2741 2258 cavere
2771 2203 2945 2272 potui,
2977 2203 3121 2257 illius
3150 2204 3313 2259 debet
3335 2208 3529 2277 gratiae
3551 2208 3769 2273 ascribi,

449 2299 1044 2372 rex(a)graditurante
1058 2312 1168 2351 vos.
1190 2297 1301 2365 Ego
1316 2292 1776 2356 autemsenui,et
1793 2289 2052 2344 incanui.
2168 2290 2260 2360 qui
2292 2291 2502 2345 Moisen
2531 2299 2584 2346 et
2613 2292 2802 2347 Aaron
2831 2292 2972 2347 tales
2992 2291 3139 2348 fecit.
3159 2292 3269 2348 Sed
3298 2295 3373 2349 ad
3406 2297 3539 2365 quid
3568 2306 3774 2353 sanctus

450 2393 622 2447 Porro
650 2388 760 2457 ﬁlii
778 2386 893 2441 mei
919 2385 1198 2439 vobiscum
1222 2385 1379 2437 sunt.
1403 2380 1568 2448 Quasi
1598 2379 1716 2432 aliis
1732 2378 1957 2432 vocibus
1977 2376 2055 2429 di—
2166 2378 2249 2431 vir
2275 2380 2380 2432 ista
2438 2380 2786 2449 praemiserit,
2846 2380 3080 2436 ostendit
3113 2398 3125 2435 :
3169 2382 3298 2451 quia
3356 2383 3639 2440 subintuiit
3690 2386 3773 2441 di-

451 2487 541 2536 cat
572 2496 585 2532 :
620 2476 760 2544 Quia
791 2490 898 2528 non
919 2488 1021 2542 pro
1051 2487 1160 2538 me,
1193 2470 1293 2525 sed
1323 2486 1420 2540 pro
1453 2468 1608 2523 vobis
1638 2466 1860 2536 praefui,
1886 2463 2058 2537 digni—
2165 2480 2297 2521 cens
2328 2486 2339 2521 :

452 2576 611 2623 tatem
642 2579 803 2636 quam
835 2560 1001 2626 tenui,
1025 2560 1261 2614 libenter
1291 2558 1380 2612 alii
1411 2557 1557 2613 dedi.
1582 2559 1644 2611 In
1664 2555 1854 2609 eadem
1877 2552 2056 2624 digni-
2237 2556 2411 2624 (Vers.
2430 2560 2507 2627 ’7.)
2540 2559 2701 2616 Nunc
2722 2575 2849 2631 ergo
2880 2563 3052 2628 state,
3095 2564 3151 2617 et
3184 2562 3409 2633 judicio
3440 2564 3777 2621 contendam

451 2663 558 2712 tate
580 2655 696 2724 jam
725 2648 897 2712 senui,
938 2658 991 2703 et
1034 2656 1214 2703 tamen
1248 2647 1446 2718 longus
1471 2662 1602 2701 usus
1643 2641 2052 2715 praeeminendi,
2163 2643 2433 2701 adversus
2460 2663 2552 2702 vos
2583 2664 2775 2704 coram
2807 2649 3046 2706 Domino
3085 2650 3153 2705 de
3201 2652 3471 2707 omnibus
3508 2654 3777 2711 miscear-

450 2759 613 2817 quem
644 2740 807 2805 tenui,
839 2737 1142 2809 obligatum
1176 2752 1261 2791 me
1292 2736 1345 2789 in
1390 2735 1470 2789 sui
1502 2732 1793 2789 ambitione
1827 2748 1934 2787 non
1966 2734 2054 2785 te—
2164 2732 2270 2789 diis
2302 2750 2440 2806 quas
2459 2737 2598 2806 fecit
2620 2737 2901 2793 vobiscum
2937 2742 2996 2793 et
3020 2754 3148 2794 cum
3167 2740 3437 2811 patribus
3468 2742 3691 2799 vestris.

450 2829 747 2900 nuit.Quid
773 2843 906 2899 ergo
927 2836 1009 2882 est
1026 2824 1173 2897 quod
1191 2824 1572 2879 aitzFiliimei
1588 2822 1870 2878 vobiscum
1891 2823 2050 2888 sunt,
2232 2823 2285 2875 4.
2318 2822 2467 2879 Ordo
2509 2841 2738 2881 summa;
2778 2826 3011 2881 rationis
3040 2835 3147 2893 est,
3180 2836 3240 2882 ut
3286 2829 3385 2900 qui
3440 2830 3585 2886 bona
3622 2847 3784 2903 agere

450 2922 561 2980 nisi
582 2920 707 2991 quia
735 2918 791 2973 in
819 2915 1021 2971 sanctis
1049 2914 1180 2971 viris
1200 2928 1401 2985 magna
1424 2913 1502 2967 vis
1532 2911 1821 2983 spiritualis
1850 2909 2052 2964 amoris
2162 2925 2267 2964 non
2325 2920 2495 2979 curat,
2545 2914 2690 2968 mala
2743 2914 2797 2968 in
2830 2914 2954 2969 aliis
2982 2931 3333 2988 nequaquam
3379 2920 3776 2990 reprehendat.

451 3020 552 3079 est,
585 3024 687 3079 qua
728 3006 854 3060 ﬁliis
899 3005 970 3059 ad
1014 3004 1228 3059 culmen
1276 3000 1643 3065 nascentibus,
1669 3000 1760 3069 jus
1806 2998 2054 3053 auferunt
2161 2996 2394 3057 Sanctus
2422 3017 2554 3074 ergo
2580 3003 2663 3056 vir
2677 3002 2829 3072 prius
2860 3003 3004 3058 mala
3024 3020 3084 3059 se
3105 3005 3322 3060 vitasse
3342 3016 3502 3062 caute
3532 3008 3783 3075 asseruit,

451 3094 851 3155 successionis?
879 3092 991 3147 Sed
1021 3093 1114 3162 qui
1145 3106 1417 3145 summam
1457 3088 1668 3144 ordinis
1698 3095 1805 3141 tam
1841 3086 2053 3156 quietus
2082 3137 2129 3165 η
2160 3094 2354 3149 deinde
2383 3091 2451 3146 ad
2476 3092 2959 3161 reprehensionem
2985 3092 3213 3148 aliorum
3245 3095 3520 3165 prosum;
3557 3105 3615 3151 ιη
3634 3095 3788 3153 electi

451 3137 843 3155 .uws.-......-.
879 3137 991 3147 ,η-
1024 3137 1114 3162 ημ-
1145 3137 1417 3145 --.η-ω----
1461 3137 1664 3144 -------
1702 3137 1804 3141 --η-
2160 3137 2354 3149 ...μην
2383 3137 2451 3146 η
2476 3137 2959 3161 .-Γνην-.-.νηω-
2986 3137 3213 3148 ....ν....-.
3245 3137 3520 3165 ,μω-..μη
3560 3137 3787 3153 mue...

451 3186 675 3249 deserit.
714 3186 813 3252 2'7
840 3190 868 3247 1.
907 3180 1083 3252 qualis
1134 3180 1190 3234 ίη
1233 3179 1425 3234 εοάθῐη
1482 3177 1717 3234 Ουὶῐῐιίηθ
1774 3175 2047 3238 manserit.
2081 3137 2129 3202 Ο
2158 3180 2539 3254 praedicatoris
2571 3195 2750 3235 mores
2797 3180 3054 3245 insinuet,
3088 3180 3180 3253 qui
3222 3184 3645 3251 praedicationis
3672 3186 3787 3240 fru-

451 3274 705 3335 ostendit.
738 3270 877 3339 Quia
905 3270 1048 3324 enim
1068 3269 1275 3339 rapina:
1304 3267 1616 3323 violentiam
1645 3283 1756 3319 non
1786 3263 2050 3329 exercuit,
2159 3278 2304 3326 ctum
2336 3269 2480 3324 bene
2510 3266 2660 3323 ferre
2686 3283 2793 3324 non
2826 3268 3109 3337 praevalet,
3133 3270 3242 3323 nisi
3264 3286 3397 3326 cum
3430 3273 3507 3340 id,
3541 3274 3689 3344 quod
3722 3274 3788 3329 de

451 3365 624 3422 dicit:
659 3359 985 3432 Loquimini
1023 3358 1089 3413 de
1138 3372 1225 3411 me
1255 3372 1448 3412 caram
1500 3355 1731 3411 Domino
1767 3359 1822 3409 et
1860 3369 2044 3409 coram

2197 3358 2459 3414 eternitate
2505 3356 2745 3411 lucidum
2792 3357 3070 3427 praedicat,
3115 3357 3412 3427 splendida
3456 3362 3623 3419 etiam
3654 3379 3790 3420 con-

455 3455 675 3513 atu-isto
697 3451 836 3521 ejus,
854 3451 1055 3503 utrum
1094 3447 1279 3502 bovem
1304 3445 1638 3513 cuiusquam
1673 3443 1926 3509 tulerim,
1950 3448 2054 3496 aut
2161 3447 2467 3501 versatione
2508 3445 2871 3500 demonstrat.
2919 3445 3063 3500 Dicit
3091 3461 3221 3518 ergo
3262 3462 3275 3501 :
3324 3450 3497 3506 Nunc
3527 3456 3702 3518 state,
3732 3456 3789 3507 et

449 3545 699 3600 asinum.
729 3540 862 3592 Item
895 3536 1023 3607 quia
1052 3535 1185 3589 nulli
1215 3533 1445 3589 nocendi
1475 3532 1814 3587 occasionem
1847 3530 2052 3600 qumsi-
2152 3535 2370 3606 judicio
2395 3532 2736 3590 contendam
2758 3533 3026 3588 adversus
3061 3550 3152 3591 vos
3177 3534 3245 3590 de
3273 3539 3552 3595 omnibus
3573 3541 3793 3597 miseri-

450 3632 547 3698 νίῐν
581 3626 874 3697 surdum“:
915 3624 1104 3680 dicens
1136 3642 1148 3677 ε
1188 3622 1256 3677 Si
1295 3622 1614 3694 quempiam
1662 3620 2053 3675 σαιαηῑηὶαιηε
2161 3624 2370 3680 cordiis
2395 3622 2638 3679 Domini.
2663 3621 2819 3676 Stare
2852 3622 3071 3690 quidem
3101 3623 3471 3696 auditoribus,
3508 3638 3591 3684 est
3618 3630 3792 3686 intem-

449 3737 603 3777 sum.
643 3718 777 3770 Item
808 3714 936 3784 quia
972 3712 1243 3767 debilibus
1272 3710 1456 3782 gravis
1496 3725 1602 3764 non
1637 3708 1752 3774 fuit,
1784 3708 1914 3763 dicit
1946 3725 1957 3760 :
1991 3706 2057 3763 Si
2165 3714 2366 3768 tionem
2393 3711 2589 3765 mentis
2606 3710 2675 3765 ad
2697 3710 2923 3766 verbum
2945 3711 3323 3781 praedicatoris
3340 3717 3792 3788 erigeremerilo

449 3804 699 3881 Oppressi
734 3805 1003 3875 aliquem.
1036 3801 1171 3856 Item
1203 3799 1333 3871 quia
1379 3798 1447 3853 de
1470 3796 1790 3867 praelatione
1820 3812 1918 3850 sua
1947 3811 2053 3851 non
2162 3817 2295 3873 ergo
2324 3808 2467 3855 stare
2513 3799 2900 3870 praecipiuntur
2934 3818 2944 3854 :
2988 3801 3118 3870 quia
3154 3800 3355 3857 doctor
3396 3807 3538 3861 nihil
3580 3810 3790 3864 exhor-

449 3904 681 3959 terrena,
715 3892 812 3947 sed
858 3889 1102 3947 caalestia
1140 3888 1409 3959 quaesivit,
1443 3887 1573 3942 dicit
1606 3906 1618 3941 :
1670 3885 1739 3942 Si
1773 3886 1840 3941 de
1879 3902 2055 3941 manu
2162 3890 2328 3945 tando
2366 3886 2597 3958 prolicit,
2631 3888 2678 3941 si
2721 3888 2933 3943 auditor
2961 3896 3196 3943 mentem
3226 3891 3292 3944 ad
3328 3909 3419 3959 ea,
3444 3912 3585 3964 quae
3615 3896 3793 3967 lequi-

448 3987 778 4058 cujusquam
794 3996 1005 4035 munus
1021 3980 1229 4049 accepi,
1249 3982 1307 4034 et
1324 3982 1687 4034 contemnam
1708 3974 1855 4030 illud
1872 3974 2050 4041 hodie,
2163 3986 2264 4044 tur,
2296 3993 2405 4032 non
2434 3975 2688 4031 intendit.
2718 3976 2954 4031 Easdem
2986 3976 3408 4036 misericordias
3430 3998 3793 4055 enumerans,

445 4076 860 4142 restituumque
882 4067 1051 4125 vobis.
1112 4065 1254 4135 Quia
1294 4082 1429 4121 vero
1471 4066 1525 4120 in
1554 4068 1705 4121 tanto
1742 4070 2054 4136 contemptu
2160 4067 2273 4122 ait:

447 4178 625 4222 rerum
648 4162 716 4217 ab
746 4158 997 4215 omnibus
1018 4164 1175 4212 notus
1205 4157 1475 4223 extiterat,
1507 4153 1748 4224 sequitur
1779 4170 1793 4207 :
2245 4157 2341 4225 27
2368 4158 2401 4217 3
2418 4154 2590 4224 (Vers.
2615 4156 2785 4225 8-11.)
2803 4154 3078 4223 Quomodo
3096 4157 3385 4227 iggressus
3417 4167 3510 4217 est
3529 4162 3710 4221 Jacob
3732 4166 3794 4221 in

520 4253 696 4324 (Vera.
716 4251 845 4319 4-6,)
876 4249 943 4305 Et
965 4247 1275 4302 dixerunt:
1297 4245 1415 4301 Non
1436 4259 1493 4299 es
1515 4244 1904 4299 calumniatus
1928 4256 2049 4307 nos,
2159 4245 2477 4316 .«Egyptum,
2496 4246 2553 4298 et
2569 4241 3045 4298 exclamaverunt
3063 4248 3254 4316 patres
3275 4253 3476 4307 nostri
3503 4254 3582 4308 ad
3598 4254 3795 4309 Domi-

446 4357 626 4415 neque
655 4338 980 4411 oppressisti
1010 4350 1083 4390 ne
1103 4350 1206 4407 que
1251 4332 1444 4389 tulisti
1486 4332 1551 4387 de
1599 4347 1777 4386 manu
1807 4329 2051 4399 alicujus
2159 4348 2300 4387 num
2321 4336 2376 4387 et
2396 4331 2555 4387 misit
2584 4332 2859 4386 Dominus
2886 4331 3104 4403 Moysen
3136 4337 3193 4387 et
3218 4335 3414 4392 Aaron
3437 4362 3458 4396 .-
3489 4346 3548 4395 et
3588 4343 3801 4398 eduxit

446 4431 761 4506 quippiam.
811 4425 1082 4495 Dixitque
1112 4423 1183 4477 ad
1212 4437 1301 4477 eos
1333 4443 1350 4476 .-
1396 4421 1571 4475 Testis
1605 4420 1744 4474 mihi
1776 4419 2047 4475 Dominus
2074 4492 2115 4506 ἢ
2155 4424 2346 4490 patres
2368 4423 2594 4475 nostros
2614 4435 2688 4474 ex
2716 4421 2970 4491 .«Egypto,
3009 4423 3067 4475 et
3097 4421 3402 4480 collocavit
3445 4444 3545 4484 eos
3582 4432 3650 4485 in
3680 4432 3796 4486 loco

447 4492 712 4575 adversus
740 4530 852 4580 vos,
884 4516 940 4568 et
973 4492 1134 4567 testis
1154 4510 1408 4566 Christus
1430 4510 1550 4579 ejus
1573 4509 1633 4563 in
1657 4508 1745 4563 die
1767 4507 2040 4579 hac,quia
2069 4492 2119 4553 Ι)
2152 4510 2271 4565 hoc.
2304 4510 2374 4562 Et
2393 4508 2525 4580 quia
2544 4507 2711 4563 oblivi
2750 4511 2885 4561 sunt
2906 4508 3131 4563 Domini
3157 4511 3254 4564 De;
3272 4514 3391 4580 δαί,
3419 4517 3683 4574 tradidit
3708 4534 3800 4576 ea,

447 4623 565 4664 non
608 4603 909 4660 invenietis
958 4603 1020 4656 in
1058 4616 1238 4655 manu
1278 4614 1405 4654 mea
1435 4598 1743 4669 quippiam.
1778 4598 1848 4650 Et
1877 4596 2045 4652 dixe-
2156 4604 2218 4655 in
2239 4613 2418 4652 manu
2437 4598 2656 4651 Sisara:
2671 4595 2932 4666 magistri
2952 4596 3385 4669 militiwAssur,
3413 4609 3478 4659 et
3500 4608 3567 4661 in
3587 4623 3800 4662 manu;

448 4699 587 4752 runt
620 4713 638 4747 :
672 4691 864 4748 Testis.
907 4690 1033 4761 Ipse
1072 4705 1197 4746 vero
1226 4689 1409 4743 adhuc
1439 4684 1650 4751 subdit,
1676 4686 1901 4741 dicens:
1936 4687 2045 4741 Do-
2156 4687 2615 4750 Philistinurum,
2637 4688 2692 4739 et
2722 4684 2873 4755 regis
2897 4683 3059 4740 Moab
3085 4705 3103 4740 ς
3146 4691 3204 4741 et
3228 4699 3661 4761 pugnaverunt
3703 4696 3807 4752 ad-

447 4784 660 4849 minus,
691 4780 788 4853 qui
816 4780 953 4850 fecit
983 4778 1200 4849 Moysen
1222 4780 1278 4832 et
1311 4778 1517 4841 Aaron,
1549 4778 1605 4830 et
1629 4774 1830 4830 eduxit
1856 4778 2048 4847 patres
2157 4790 2349 4830 versus
2365 4776 2694 4830 vos.Postea
2707 4772 3023 4828 clamavere
3039 4774 3110 4828 ad
3122 4774 3804 4849 Dominum,etdixere:

446 4876 665 4929 nostros
694 4870 760 4925 dc
791 4872 946 4924 terra
975 4866 1216 4939 zEgypti,
1248 4867 1371 4936 ipse
1405 4866 1562 4920 testis
1583 4866 1668 4919 est
2156 4860 2687 4932 Peccavimus,un
2719 4858 3128 4931 dereliquimus
3159 4866 3577 4935 Dominum,et
3609 4872 3804 4929 servi-

516 4964 568 5016 3.
602 4959 720 5029 Quo
749 4958 806 5012 in
833 4957 953 5011 loco
983 4955 1280 5010 notandum
1313 4960 1415 5021 est,
1448 4952 1575 5023 quia
1606 4952 1749 5007 bona
1775 4967 1899 5022 quae
1922 4950 2049 5007 fecit
2158 4953 2341 5007 vimus
2383 4951 2619 5020 Baalim,
2656 4952 2707 5003 el
2741 4948 3042 5018 Astaroth,
3064 4968 3219 5009 nunc
3241 4969 3371 5024 ergo
3404 4973 3557 5015 erue
3586 4979 3695 5018 nos
3734 4963 3805 5018 de

439 5050 526 5108 vir
554 5057 790 5115 sanctus,
832 5060 941 5101 non
967 5043 1100 5098 dixit
1132 5059 1145 5098 :
1196 5042 1335 5097 mala
1391 5057 1540 5106 vero,
1583 5057 1705 5113 quae
1750 5057 1860 5096 non
1899 5040 2047 5109 fecit,
2155 5056 2336 5095 manu
2368 5039 2865 5104 Philisthinorum,
2885 5042 2942 5093 et
2970 5040 3276 5096 serviemus
3298 5045 3428 5100 tibi.
3469 5049 3545 5102 Et
3571 5050 3806 5107 dimisit

442 5138 731 5211 exposuit;
765 5142 819 5190 ut
849 5133 1056 5189 silendo
1087 5130 1155 5187 ad
1184 5139 1387 5186 aeterna
1418 5130 1570 5187 lucra
1600 5130 1745 5185 bona
1782 5136 2045 5197 servaret,
2157 5130 2428 5186 Dominus
2450 5126 2730 5193 Jerobaal,
2765 5130 2819 5181 et
2850 5128 3089 5190 Barach,
3123 5134 3179 5184 et
3208 5132 3386 5203 Jepte,
3416 5141 3479 5191 et
3508 5136 3805 5207 Samuel;

443 5236 497 5285 et
523 5226 797 5298 loquendo
844 5224 1070 5280 odorem
1114 5221 1272 5276 bona:
1309 5219 1580 5291 opinionis
1631 5235 1740 5273 non
1768 5219 2047 5289 perderet.
2158 5222 2214 5274 et
2245 5220 2398 5273 eruit
2435 5232 2528 5272 vos
2569 5216 2636 5270 de
2679 5231 2856 5273 manu
2888 5215 3257 5275 inimicorum
3296 5227 3643 5284 vestrorum
3695 5244 3803 5305 per

445 5317 649 5373 Paulus
685 5329 815 5370 vero
845 5313 1101 5384 loquitur,
1152 5311 1340 5365 dicens
1370 5326 1385 5363 :
1427 5309 1638 5365 Christi
1693 5307 1869 5363 bonus
1918 5306 2050 5361 odor
2157 5308 2485 5375 circuitum,
2509 5309 2564 5361 et
2586 5303 2887 5360 habitastis
2913 5305 3287 5374 conﬁdenter.

442 5420 641 5463 sumus
675 5404 737 5458 in
766 5402 923 5459 omni
949 5401 1064 5458 loco
1096 5398 1174 5470 (II
1194 5397 1313 5454 Cor.
1331 5413 1388 5466 ιι,
1414 5397 1523 5467 15).
1555 5397 1681 5467 Ipse
1699 5395 1859 5450 etiam
1878 5409 2049 5465 quos-
2228 5400 2281 5453 5.
2348 5397 2459 5451 Has
2510 5392 2729 5467 quidem
2782 5391 3180 5451 misericordias
3247 5397 3394 5456 tacta
3476 5406 3804 5465 secundum

336 5550 347 5559 ,
446 5494 571 5553 dam
598 5491 952 5563 redarguens,
987 5489 1058 5545 ait
1093 5506 1105 5545 :
1164 5488 1377 5546 Nomen
1409 5486 1509 5545 Dei
1537 5501 1641 5560 per
1677 5501 1767 5545 vos
1803 5481 2052 5561 blasphe-
2158 5484 2439 5543 historiam
2485 5482 2686 5542 idcirco
2721 5491 3126 5556 commemorat,
3166 5493 3221 5544 ut
3269 5487 3321 5545 in
3351 5503 3449 5563 eo,
3505 5496 3671 5569 quod
3711 5513 3810 5558 re-

519 5615 594 5701 (α)
628 5614 822 5685 Vatia,
847 5614 1150 5692 gradiatur
1179 5615 1316 5673 ante
1347 5627 1459 5673 vos.
