  <div class='ocr_page' id='page_1' title='image "/cluster/home/n/w/nwhite01/storage/ocr_20150623/79/hvd.32044054758834/170.png"; bbox 0 0 4034 6174; ppageno 0'>
   <div class='ocr_carea' id='block_1_1' title="bbox 268 341 347 395">
    <p class='ocr_par' dir='ltr' id='par_1_1' title="bbox 268 341 347 395">
     <span class='ocr_line' id='line_1_1' title="bbox 268 341 347 395; baseline -0.038 0"><span class='ocrx_word' id='word_1_1' title='bbox 268 341 347 395; x_wconf 78' lang='lat'>329</span> 
     </span>
    </p>
   </div>
   <div class='ocr_carea' id='block_1_2' title="bbox 1049 320 2679 384">
    <p class='ocr_par' dir='ltr' id='par_1_2' title="bbox 1049 320 2679 384">
     <span class='ocr_line' id='line_1_2' title="bbox 1049 320 2679 384; baseline -0.002 0"><span class='ocrx_word' id='word_1_2' title='bbox 1049 325 1122 384; x_wconf 84' lang='lat' dir='ltr'>IN</span> <span class='ocrx_word' id='word_1_3' title='bbox 1161 327 1426 383; x_wconf 80' lang='lat' dir='ltr'>PRIMUM</span> <span class='ocrx_word' id='word_1_4' title='bbox 1467 321 1712 381; x_wconf 80' lang='lat' dir='ltr'>REGUM</span> <span class='ocrx_word' id='word_1_5' title='bbox 1766 320 2303 380; x_wconf 80' lang='lat' dir='ltr'>EXPOSITIONES.</span> <span class='ocrx_word' id='word_1_6' title='bbox 2337 357 2404 366; x_wconf 91' lang='lat'><strong>—</strong></span> <span class='ocrx_word' id='word_1_7' title='bbox 2444 325 2570 380; x_wconf 84' lang='lat' dir='ltr'>LIB.</span> <span class='ocrx_word' id='word_1_8' title='bbox 2617 325 2679 381; x_wconf 64' lang='grc' dir='ltr'><strong>ν.</strong></span> 
     </span>
    </p>
   </div>
   <div class='ocr_carea' id='block_1_3' title="bbox 3408 333 3510 386">
    <p class='ocr_par' dir='ltr' id='par_1_3' title="bbox 3408 333 3510 386">
     <span class='ocr_line' id='line_1_3' title="bbox 3408 333 3510 386; baseline -0.02 0"><span class='ocrx_word' id='word_1_9' title='bbox 3408 333 3510 386; x_wconf 83' lang='grc'>330</span> 
     </span>
    </p>
   </div>
   <div class='ocr_carea' id='block_1_4' title="bbox 269 447 3516 542">
    <p class='ocr_par' dir='ltr' id='par_1_4' title="bbox 269 447 3516 542">
     <span class='ocr_line' id='line_1_4' title="bbox 269 447 3516 542; baseline -0.004 -20"><span class='ocrx_word' id='word_1_10' title='bbox 269 485 368 542; x_wconf 78' lang='lat' dir='ltr'>gem</span> <span class='ocrx_word' id='word_1_11' title='bbox 387 463 541 537; x_wconf 88' lang='lat' dir='ltr'>petiit,</span> <span class='ocrx_word' id='word_1_12' title='bbox 564 474 713 515; x_wconf 89' lang='lat' dir='ltr'>reum</span> <span class='ocrx_word' id='word_1_13' title='bbox 735 472 792 511; x_wconf 88' lang='lat' dir='ltr'>se</span> <span class='ocrx_word' id='word_1_14' title='bbox 813 469 994 510; x_wconf 92' lang='lat' dir='ltr'>coram</span> <span class='ocrx_word' id='word_1_15' title='bbox 1019 452 1251 542; x_wconf 81' lang='lat' dir='ltr'>Domino</span> <span class='ocrx_word' id='word_1_16' title='bbox 1277 452 1506 542; x_wconf 79' lang='lat' dir='ltr'>pOpulus</span> <span class='ocrx_word' id='word_1_17' title='bbox 1526 457 1808 542; x_wconf 72' lang='lat' dir='ltr'>agnoscat.</span> <span class='ocrx_word' id='word_1_18' title='bbox 1838 448 1892 512; x_wconf 83' lang='grc' dir='ltr'><strong>Α</strong></span> <span class='ocrx_word' id='word_1_19' title='bbox 1926 447 2202 520; x_wconf 71' lang='lat' dir='ltr'>elegistis,</span> <span class='ocrx_word' id='word_1_20' title='bbox 2243 453 2298 505; x_wconf 82' lang='lat' dir='ltr'>et</span> <span class='ocrx_word' id='word_1_21' title='bbox 2329 451 2572 521; x_wconf 73' lang='lat' dir='ltr'>petistis.</span> <span class='ocrx_word' id='word_1_22' title='bbox 2613 452 2749 508; x_wconf 79' lang='lat' dir='ltr'>Ecce</span> <span class='ocrx_word' id='word_1_23' title='bbox 2781 450 2938 507; x_wconf 88' lang='lat' dir='ltr'>dedit</span> <span class='ocrx_word' id='word_1_24' title='bbox 2973 454 3117 508; x_wconf 87' lang='lat' dir='ltr'>Deus</span> <span class='ocrx_word' id='word_1_25' title='bbox 3152 458 3332 509; x_wconf 85' lang='lat' dir='ltr'>vester</span> <span class='ocrx_word' id='word_1_26' title='bbox 3369 456 3516 512; x_wconf 83' lang='lat' dir='ltr'>vobis</span> 
     </span>
    </p>
   </div>
   <div class='ocr_carea' id='block_1_5' title="bbox 267 539 1816 625">
    <p class='ocr_par' dir='ltr' id='par_1_5' title="bbox 267 539 1816 625">
     <span class='ocr_line' id='line_1_5' title="bbox 267 539 1816 625; baseline -0.014 -12"><span class='ocrx_word' id='word_1_27' title='bbox 267 539 376 613; x_wconf 61' lang='lat' dir='ltr'>tiam</span> <span class='ocrx_word' id='word_1_28' title='bbox 403 553 486 625; x_wconf 86' lang='lat' dir='ltr'>qui</span> <span class='ocrx_word' id='word_1_29' title='bbox 516 551 585 605; x_wconf 88' lang='lat' dir='ltr'>ad</span> <span class='ocrx_word' id='word_1_30' title='bbox 615 546 799 603; x_wconf 83' lang='lat' dir='ltr'>omnia</span> <span class='ocrx_word' id='word_1_31' title='bbox 830 542 1068 616; x_wconf 86' lang='lat' dir='ltr'>pericula</span> <span class='ocrx_word' id='word_1_32' title='bbox 1117 540 1493 595; x_wconf 87' lang='lat' dir='ltr'>submovenda</span> <span class='ocrx_word' id='word_1_33' title='bbox 1526 539 1816 592; x_wconf 88' lang='lat' dir='ltr'>Dominum</span> 
     </span>
    </p>
   </div>
   <div class='ocr_carea' id='block_1_6' title="bbox 264 632 1817 718">
    <p class='ocr_par' dir='ltr' id='par_1_6' title="bbox 264 632 1817 718">
     <span class='ocr_line' id='line_1_6' title="bbox 264 632 1817 718; baseline -0.015 -17"><span class='ocrx_word' id='word_1_34' title='bbox 264 650 542 718; x_wconf 73' lang='lat' dir='ltr'>praesentem</span> <span class='ocrx_word' id='word_1_35' title='bbox 574 635 781 700; x_wconf 86' lang='lat' dir='ltr'>habuit,</span> <span class='ocrx_word' id='word_1_36' title='bbox 819 632 1094 687; x_wconf 83' lang='lat' dir='ltr'>hominem</span> <span class='ocrx_word' id='word_1_37' title='bbox 1126 643 1289 697; x_wconf 82' lang='lat' dir='ltr'>super</span> <span class='ocrx_word' id='word_1_38' title='bbox 1319 643 1378 682; x_wconf 91' lang='lat' dir='ltr'>se</span> <span class='ocrx_word' id='word_1_39' title='bbox 1410 643 1591 697; x_wconf 86' lang='lat' dir='ltr'>regem</span> <span class='ocrx_word' id='word_1_40' title='bbox 1627 641 1817 681; x_wconf 89' lang='lat' dir='ltr'>neces-</span> 
     </span>
    </p>
   </div>
   <div class='ocr_carea' id='block_1_7' title="bbox 262 712 1815 790">
    <p class='ocr_par' dir='ltr' id='par_1_7' title="bbox 262 712 1815 790">
     <span class='ocr_line' id='line_1_7' title="bbox 262 712 1815 790; baseline -0.014 -1"><span class='ocrx_word' id='word_1_41' title='bbox 262 712 428 790; x_wconf 69' lang='lat' dir='ltr'>sarium</span> <span class='ocrx_word' id='word_1_42' title='bbox 457 743 564 782; x_wconf 89' lang='lat' dir='ltr'>non</span> <span class='ocrx_word' id='word_1_43' title='bbox 594 722 798 778; x_wconf 80' lang='lat' dir='ltr'>habuit.</span> <span class='ocrx_word' id='word_1_44' title='bbox 835 722 1011 790; x_wconf 86' lang='lat' dir='ltr'>Ipsam</span> <span class='ocrx_word' id='word_1_45' title='bbox 1034 725 1208 772; x_wconf 88' lang='lat' dir='ltr'>autem</span> <span class='ocrx_word' id='word_1_46' title='bbox 1232 715 1574 785; x_wconf 66' lang='lat' dir='ltr'>praesentium</span> <span class='ocrx_word' id='word_1_47' title='bbox 1597 712 1815 769; x_wconf 88' lang='lat' dir='ltr'>Domini</span> 
     </span>
    </p>
   </div>
   <div class='ocr_carea' id='block_1_8' title="bbox 265 802 1817 894">
    <p class='ocr_par' dir='ltr' id='par_1_8' title="bbox 265 802 1817 894">
     <span class='ocr_line' id='line_1_8' title="bbox 265 802 1817 894; baseline -0.014 -20"><span class='ocrx_word' id='word_1_48' title='bbox 265 840 344 894; x_wconf 82' lang='lat' dir='ltr'>per</span> <span class='ocrx_word' id='word_1_49' title='bbox 360 821 620 889; x_wconf 88' lang='lat' dir='ltr'>impensas</span> <span class='ocrx_word' id='word_1_50' title='bbox 649 806 1054 866; x_wconf 80' lang='lat' dir='ltr'>misericordias</span> <span class='ocrx_word' id='word_1_51' title='bbox 1083 803 1339 870; x_wconf 75' lang='lat' dir='ltr'>ostendit,</span> <span class='ocrx_word' id='word_1_52' title='bbox 1373 804 1498 856; x_wconf 91' lang='lat' dir='ltr'>dum</span> <span class='ocrx_word' id='word_1_53' title='bbox 1543 802 1613 856; x_wconf 87' lang='lat' dir='ltr'>de</span> <span class='ocrx_word' id='word_1_54' title='bbox 1653 817 1817 856; x_wconf 87' lang='lat' dir='ltr'>manu</span> 
     </span>
    </p>
   </div>
   <div class='ocr_carea' id='block_1_9' title="bbox 263 889 1814 983">
    <p class='ocr_par' dir='ltr' id='par_1_9' title="bbox 263 889 1814 983">
     <span class='ocr_line' id='line_1_9' title="bbox 263 889 1814 983; baseline -0.012 -22"><span class='ocrx_word' id='word_1_55' title='bbox 263 889 592 983; x_wconf 55' lang='lat' dir='ltr'>Egyptiorum</span> <span class='ocrx_word' id='word_1_56' title='bbox 627 916 726 972; x_wconf 90' lang='lat' dir='ltr'>per</span> <span class='ocrx_word' id='word_1_57' title='bbox 756 900 976 966; x_wconf 73' lang='lat' dir='ltr'>Moysen</span> <span class='ocrx_word' id='word_1_58' title='bbox 1021 902 1073 949; x_wconf 85' lang='lat' dir='ltr'>et</span> <span class='ocrx_word' id='word_1_59' title='bbox 1115 895 1313 956; x_wconf 81' lang='lat' dir='ltr'>Aaron,</span> <span class='ocrx_word' id='word_1_60' title='bbox 1345 898 1399 947; x_wconf 90' lang='lat' dir='ltr'>et</span> <span class='ocrx_word' id='word_1_61' title='bbox 1427 891 1494 945; x_wconf 88' lang='lat' dir='ltr'>de</span> <span class='ocrx_word' id='word_1_62' title='bbox 1525 906 1695 945; x_wconf 87' lang='lat' dir='ltr'>manu</span> <span class='ocrx_word' id='word_1_63' title='bbox 1725 889 1814 944; x_wconf 84' lang='lat' dir='ltr'>Si-</span> 
     </span>
    </p>
   </div>
   <div class='ocr_carea' id='block_1_10' title="bbox 264 979 1818 1055">
    <p class='ocr_par' dir='ltr' id='par_1_10' title="bbox 264 979 1818 1055">
     <span class='ocr_line' id='line_1_10' title="bbox 264 979 1818 1055; baseline -0.015 0"><span class='ocrx_word' id='word_1_64' title='bbox 264 979 374 1055; x_wconf 74' lang='lat' dir='ltr'>sara:</span> <span class='ocrx_word' id='word_1_65' title='bbox 400 1005 446 1049; x_wconf 88' lang='lat' dir='ltr'>et</span> <span class='ocrx_word' id='word_1_66' title='bbox 477 991 902 1054; x_wconf 85' lang='lat' dir='ltr'>Philistinorum,</span> <span class='ocrx_word' id='word_1_67' title='bbox 936 992 988 1039; x_wconf 92' lang='lat' dir='ltr'>et</span> <span class='ocrx_word' id='word_1_68' title='bbox 1013 983 1083 1038; x_wconf 90' lang='lat' dir='ltr'>de</span> <span class='ocrx_word' id='word_1_69' title='bbox 1112 998 1274 1036; x_wconf 90' lang='lat' dir='ltr'>manu</span> <span class='ocrx_word' id='word_1_70' title='bbox 1317 981 1464 1051; x_wconf 85' lang='lat' dir='ltr'>regis</span> <span class='ocrx_word' id='word_1_71' title='bbox 1513 979 1671 1034; x_wconf 82' lang='lat' dir='ltr'>Moab</span> <span class='ocrx_word' id='word_1_72' title='bbox 1719 995 1818 1049; x_wconf 91' lang='lat' dir='ltr'>per</span> 
     </span>
    </p>
   </div>
   <div class='ocr_carea' id='block_1_11' title="bbox 250 1067 1812 1150">
    <p class='ocr_par' dir='ltr' id='par_1_11' title="bbox 250 1067 1812 1150">
     <span class='ocr_line' id='line_1_11' title="bbox 250 1067 1812 1150; baseline -0.015 -6"><span class='ocrx_word' id='word_1_73' title='bbox 250 1085 482 1150; x_wconf 80' lang='lat' dir='ltr'>lerobaal,</span> <span class='ocrx_word' id='word_1_74' title='bbox 511 1080 736 1144; x_wconf 78' lang='lat' dir='ltr'>Barach,</span> <span class='ocrx_word' id='word_1_75' title='bbox 760 1083 812 1130; x_wconf 90' lang='lat' dir='ltr'>et</span> <span class='ocrx_word' id='word_1_76' title='bbox 839 1076 1012 1144; x_wconf 87' lang='lat' dir='ltr'>Jepte,</span> <span class='ocrx_word' id='word_1_77' title='bbox 1040 1080 1090 1127; x_wconf 88' lang='lat' dir='ltr'>et</span> <span class='ocrx_word' id='word_1_78' title='bbox 1110 1086 1141 1126; x_wconf 89' lang='lat' dir='ltr'>a</span> <span class='ocrx_word' id='word_1_79' title='bbox 1163 1071 1412 1125; x_wconf 88' lang='lat' dir='ltr'>Samuele</span> <span class='ocrx_word' id='word_1_80' title='bbox 1435 1085 1530 1124; x_wconf 88' lang='lat' dir='ltr'>eos</span> <span class='ocrx_word' id='word_1_81' title='bbox 1554 1067 1812 1122; x_wconf 88' lang='lat' dir='ltr'>liberatos</span> 
     </span>
    </p>
   </div>
   <div class='ocr_carea' id='block_1_12' title="bbox 253 1159 1805 1238">
    <p class='ocr_par' dir='ltr' id='par_1_12' title="bbox 253 1159 1805 1238">
     <span class='ocr_line' id='line_1_12' title="bbox 253 1159 1805 1238; baseline -0.015 -5"><span class='ocrx_word' id='word_1_82' title='bbox 253 1174 472 1233; x_wconf 73' lang='lat' dir='ltr'>asseruit.</span> <span class='ocrx_word' id='word_1_83' title='bbox 511 1170 633 1238; x_wconf 89' lang='lat' dir='ltr'>Quo</span> <span class='ocrx_word' id='word_1_84' title='bbox 661 1167 714 1220; x_wconf 93' lang='lat' dir='ltr'>in</span> <span class='ocrx_word' id='word_1_85' title='bbox 743 1166 862 1220; x_wconf 89' lang='lat' dir='ltr'>loco</span> <span class='ocrx_word' id='word_1_86' title='bbox 891 1162 1052 1217; x_wconf 85' lang='lat' dir='ltr'>valde</span> <span class='ocrx_word' id='word_1_87' title='bbox 1081 1159 1431 1230; x_wconf 72' lang='lat' dir='ltr'>quaerendum</span> <span class='ocrx_word' id='word_1_88' title='bbox 1462 1164 1560 1221; x_wconf 88' lang='lat' dir='ltr'>est,</span> <span class='ocrx_word' id='word_1_89' title='bbox 1591 1173 1687 1212; x_wconf 88' lang='lat' dir='ltr'>cur</span> <span class='ocrx_word' id='word_1_90' title='bbox 1717 1173 1805 1227; x_wconf 90' lang='lat' dir='ltr'>pe-</span> 
     </span>
    </p>
   </div>
   <div class='ocr_carea' id='block_1_13' title="bbox 252 1245 1808 1332">
    <p class='ocr_par' dir='ltr' id='par_1_13' title="bbox 252 1245 1808 1332">
     <span class='ocr_line' id='line_1_13' title="bbox 252 1245 1808 1332; baseline -0.016 -11"><span class='ocrx_word' id='word_1_91' title='bbox 252 1267 363 1332; x_wconf 87' lang='lat' dir='ltr'>titio,</span> <span class='ocrx_word' id='word_1_92' title='bbox 383 1277 478 1332; x_wconf 89' lang='lat' dir='ltr'>qua</span> <span class='ocrx_word' id='word_1_93' title='bbox 507 1274 604 1313; x_wconf 83' lang='lat' dir='ltr'>rex</span> <span class='ocrx_word' id='word_1_94' title='bbox 635 1257 857 1327; x_wconf 76' lang='lat' dir='ltr'>petitur,</span> <span class='ocrx_word' id='word_1_95' title='bbox 879 1260 984 1307; x_wconf 90' lang='lat' dir='ltr'>tam</span> <span class='ocrx_word' id='word_1_96' title='bbox 1017 1249 1258 1304; x_wconf 88' lang='lat' dir='ltr'>districte</span> <span class='ocrx_word' id='word_1_97' title='bbox 1289 1255 1340 1302; x_wconf 87' lang='lat' dir='ltr'>et</span> <span class='ocrx_word' id='word_1_98' title='bbox 1369 1245 1808 1317; x_wconf 88' lang='lat' dir='ltr'>reprehenditur,</span> 
     </span>
    </p>
   </div>
   <div class='ocr_carea' id='block_1_14' title="bbox 251 1332 1818 1423">
    <p class='ocr_par' dir='ltr' id='par_1_14' title="bbox 251 1332 1818 1423">
     <span class='ocr_line' id='line_1_14' title="bbox 251 1332 1818 1423; baseline -0.015 -14"><span class='ocrx_word' id='word_1_99' title='bbox 251 1364 297 1410; x_wconf 87' lang='lat' dir='ltr'>et</span> <span class='ocrx_word' id='word_1_100' title='bbox 321 1355 420 1423; x_wconf 88' lang='lat' dir='ltr'>ipsa</span> <span class='ocrx_word' id='word_1_101' title='bbox 449 1349 658 1404; x_wconf 79' lang='lat' dir='ltr'>divinae</span> <span class='ocrx_word' id='word_1_102' title='bbox 690 1339 1081 1398; x_wconf 71' lang='lat' dir='ltr'>misericordiae</span> <span class='ocrx_word' id='word_1_103' title='bbox 1128 1335 1330 1392; x_wconf 81' lang='lat' dir='ltr'>auxilia</span> <span class='ocrx_word' id='word_1_104' title='bbox 1361 1333 1560 1406; x_wconf 90' lang='lat' dir='ltr'>populo</span> <span class='ocrx_word' id='word_1_105' title='bbox 1593 1332 1691 1387; x_wconf 91' lang='lat' dir='ltr'>Dei</span> <span class='ocrx_word' id='word_1_106' title='bbox 1721 1347 1818 1403; x_wconf 91' lang='lat' dir='ltr'>per</span> 
     </span>
    </p>
   </div>
   <div class='ocr_carea' id='block_1_15' title="bbox 249 1421 1812 1515">
    <p class='ocr_par' dir='ltr' id='par_1_15' title="bbox 249 1421 1812 1515">
     <span class='ocr_line' id='line_1_15' title="bbox 249 1421 1812 1515; baseline -0.015 -16"><span class='ocrx_word' id='word_1_107' title='bbox 249 1421 458 1515; x_wconf 71' lang='lat' dir='ltr'>praelatos</span> <span class='ocrx_word' id='word_1_108' title='bbox 487 1435 740 1490; x_wconf 87' lang='lat' dir='ltr'>homines</span> <span class='ocrx_word' id='word_1_109' title='bbox 771 1432 1010 1500; x_wconf 89' lang='lat' dir='ltr'>impensa</span> <span class='ocrx_word' id='word_1_110' title='bbox 1039 1441 1158 1482; x_wconf 84' lang='lat' dir='ltr'>esse</span> <span class='ocrx_word' id='word_1_111' title='bbox 1188 1426 1500 1479; x_wconf 81' lang='lat' dir='ltr'>doceantur.</span> <span class='ocrx_word' id='word_1_112' title='bbox 1529 1421 1648 1490; x_wconf 90' lang='lat' dir='ltr'>Qua</span> <span class='ocrx_word' id='word_1_113' title='bbox 1673 1421 1724 1475; x_wconf 91' lang='lat' dir='ltr'>in</span> <span class='ocrx_word' id='word_1_114' title='bbox 1757 1435 1812 1475; x_wconf 90' lang='lat' dir='ltr'>re</span> 
     </span>
    </p>
   </div>
   <div class='ocr_carea' id='block_1_16' title="bbox 247 1511 1812 1602">
    <p class='ocr_par' dir='ltr' id='par_1_16' title="bbox 247 1511 1812 1602">
     <span class='ocr_line' id='line_1_16' title="bbox 247 1511 1812 1602; baseline -0.015 -16"><span class='ocrx_word' id='word_1_115' title='bbox 247 1511 349 1602; x_wconf 80' lang='lat' dir='ltr'>quid</span> <span class='ocrx_word' id='word_1_116' title='bbox 373 1521 806 1598; x_wconf 88' lang='lat' dir='ltr'>respondendum</span> <span class='ocrx_word' id='word_1_117' title='bbox 839 1527 940 1579; x_wconf 88' lang='lat' dir='ltr'>est,</span> <span class='ocrx_word' id='word_1_118' title='bbox 977 1515 1080 1570; x_wconf 87' lang='lat' dir='ltr'>nisi</span> <span class='ocrx_word' id='word_1_119' title='bbox 1114 1515 1238 1583; x_wconf 87' lang='lat' dir='ltr'>quia</span> <span class='ocrx_word' id='word_1_120' title='bbox 1267 1512 1428 1567; x_wconf 90' lang='lat' dir='ltr'>valde</span> <span class='ocrx_word' id='word_1_121' title='bbox 1472 1511 1687 1565; x_wconf 88' lang='lat' dir='ltr'>diversa</span> <span class='ocrx_word' id='word_1_122' title='bbox 1735 1517 1812 1564; x_wconf 87' lang='lat' dir='ltr'>est</span> 
     </span>
    </p>
   </div>
   <div class='ocr_carea' id='block_1_17' title="bbox 243 1597 1803 1691">
    <p class='ocr_par' dir='ltr' id='par_1_17' title="bbox 243 1597 1803 1691">
     <span class='ocr_line' id='line_1_17' title="bbox 243 1597 1803 1691; baseline -0.016 -17"><span class='ocrx_word' id='word_1_123' title='bbox 243 1597 681 1691; x_wconf 69' lang='lat' dir='ltr'>praelatioregum</span> <span class='ocrx_word' id='word_1_124' title='bbox 717 1625 748 1663; x_wconf 88' lang='lat' dir='ltr'>a</span> <span class='ocrx_word' id='word_1_125' title='bbox 788 1604 1102 1678; x_wconf 71' lang='lat' dir='ltr'>praelatione</span> <span class='ocrx_word' id='word_1_126' title='bbox 1141 1601 1384 1672; x_wconf 84' lang='lat' dir='ltr'>judicum</span> <span class='ocrx_word' id='word_1_127' title='bbox 1404 1600 1432 1652; x_wconf 86' lang='lat'>‘?</span> <span class='ocrx_word' id='word_1_128' title='bbox 1462 1598 1554 1653; x_wconf 89' lang='lat' dir='ltr'>Isti</span> <span class='ocrx_word' id='word_1_129' title='bbox 1585 1597 1803 1670; x_wconf 86' lang='lat' dir='ltr'>quidem</span> 
     </span>
    </p>
   </div>
   <div class='ocr_carea' id='block_1_18' title="bbox 241 1685 1806 1778">
    <p class='ocr_par' dir='ltr' id='par_1_18' title="bbox 241 1685 1806 1778">
     <span class='ocr_line' id='line_1_18' title="bbox 241 1685 1806 1778; baseline -0.016 -15"><span class='ocrx_word' id='word_1_130' title='bbox 241 1685 284 1762; x_wconf 76' lang='lat' dir='ltr'>ut</span> <span class='ocrx_word' id='word_1_131' title='bbox 309 1721 449 1778; x_wconf 86' lang='lat' dir='ltr'>pares</span> <span class='ocrx_word' id='word_1_132' title='bbox 481 1706 745 1774; x_wconf 69' lang='lat' dir='ltr'>praesunt,</span> <span class='ocrx_word' id='word_1_133' title='bbox 773 1695 848 1750; x_wconf 87' lang='lat' dir='ltr'>illi</span> <span class='ocrx_word' id='word_1_134' title='bbox 875 1709 1004 1750; x_wconf 88' lang='lat' dir='ltr'>vero</span> <span class='ocrx_word' id='word_1_135' title='bbox 1034 1691 1090 1746; x_wconf 91' lang='lat' dir='ltr'>in</span> <span class='ocrx_word' id='word_1_136' title='bbox 1119 1692 1387 1762; x_wconf 82' lang='lat' dir='ltr'>potestate</span> <span class='ocrx_word' id='word_1_137' title='bbox 1417 1685 1806 1759; x_wconf 67' lang='lat' dir='ltr'>praeeminendi</span> 
     </span>
    </p>
   </div>
   <div class='ocr_carea' id='block_1_19' title="bbox 1929 537 3519 610">
    <p class='ocr_par' dir='ltr' id='par_1_19' title="bbox 1929 537 3519 610">
     <span class='ocr_line' id='line_1_19' title="bbox 1929 537 3519 610; baseline 0.005 -18"><span class='ocrx_word' id='word_1_138' title='bbox 1929 554 2111 609; x_wconf 82' lang='lat' dir='ltr'>regem</span> <span class='ocrx_word' id='word_1_139' title='bbox 2122 577 2134 590; x_wconf 93' lang='lat'>.</span> <span class='ocrx_word' id='word_1_140' title='bbox 2146 537 2212 592; x_wconf 97' lang='lat' dir='ltr'>Si</span> <span class='ocrx_word' id='word_1_141' title='bbox 2226 540 2539 594; x_wconf 82' lang='lat' dir='ltr'>timueritis</span> <span class='ocrx_word' id='word_1_142' title='bbox 2560 541 2757 605; x_wconf 88' lang='lat' dir='ltr'>Deum,</span> <span class='ocrx_word' id='word_1_143' title='bbox 2776 544 2832 596; x_wconf 89' lang='lat' dir='ltr'>et</span> <span class='ocrx_word' id='word_1_144' title='bbox 2849 541 3158 597; x_wconf 65' lang='lat' dir='ltr'>serviet-itis</span> <span class='ocrx_word' id='word_1_145' title='bbox 3169 543 3240 610; x_wconf 88' lang='lat' dir='ltr'>ei,</span> <span class='ocrx_word' id='word_1_146' title='bbox 3255 545 3314 598; x_wconf 83' lang='lat' dir='ltr'>et</span> <span class='ocrx_word' id='word_1_147' title='bbox 3327 544 3519 601; x_wconf 88' lang='lat' dir='ltr'>audie-</span> 
     </span>
    </p>
   </div>
   <div class='ocr_carea' id='block_1_20' title="bbox 1926 629 3515 704">
    <p class='ocr_par' dir='ltr' id='par_1_20' title="bbox 1926 629 3515 704">
     <span class='ocr_line' id='line_1_20' title="bbox 1926 629 3515 704; baseline 0.003 -23"><span class='ocrx_word' id='word_1_148' title='bbox 1926 629 2057 682; x_wconf 83' lang='lat' dir='ltr'>ritis</span> <span class='ocrx_word' id='word_1_149' title='bbox 2079 643 2263 682; x_wconf 84' lang='lat' dir='ltr'>vocem</span> <span class='ocrx_word' id='word_1_150' title='bbox 2303 629 2442 698; x_wconf 84' lang='lat' dir='ltr'>ejus,</span> <span class='ocrx_word' id='word_1_151' title='bbox 2464 632 2519 682; x_wconf 87' lang='lat' dir='ltr'>et</span> <span class='ocrx_word' id='word_1_152' title='bbox 2540 644 2650 684; x_wconf 89' lang='lat' dir='ltr'>non</span> <span class='ocrx_word' id='word_1_153' title='bbox 2674 629 3145 699; x_wconf 73' lang='lat' dir='ltr'>exasperaveritis</span> <span class='ocrx_word' id='word_1_154' title='bbox 3179 646 3237 685; x_wconf 91' lang='lat' dir='ltr'>os</span> <span class='ocrx_word' id='word_1_155' title='bbox 3267 632 3515 704; x_wconf 78' lang='lat' dir='ltr'>Domini,</span> 
     </span>
    </p>
   </div>
   <div class='ocr_carea' id='block_1_21' title="bbox 1925 718 3514 793">
    <p class='ocr_par' dir='ltr' id='par_1_21' title="bbox 1925 718 3514 793">
     <span class='ocr_line' id='line_1_21' title="bbox 1925 718 3514 793; baseline 0.004 -21"><span class='ocrx_word' id='word_1_156' title='bbox 1925 719 2086 772; x_wconf 86' lang='lat' dir='ltr'>eritis</span> <span class='ocrx_word' id='word_1_157' title='bbox 2100 721 2154 772; x_wconf 90' lang='lat' dir='ltr'>et</span> <span class='ocrx_word' id='word_1_158' title='bbox 2170 733 2278 784; x_wconf 77' lang='lat' dir='ltr'>vos,</span> <span class='ocrx_word' id='word_1_159' title='bbox 2296 723 2348 772; x_wconf 85' lang='lat' dir='ltr'>et</span> <span class='ocrx_word' id='word_1_160' title='bbox 2365 733 2468 791; x_wconf 55' lang='lat' dir='ltr'>re;</span> <span class='ocrx_word' id='word_1_161' title='bbox 2481 721 2660 772; x_wconf 80' lang='lat' dir='ltr'>vester</span> <span class='ocrx_word' id='word_1_162' title='bbox 2675 719 2770 789; x_wconf 88' lang='lat' dir='ltr'>qui</span> <span class='ocrx_word' id='word_1_163' title='bbox 2784 718 3028 787; x_wconf 88' lang='lat' dir='ltr'>imperat</span> <span class='ocrx_word' id='word_1_164' title='bbox 3040 719 3205 787; x_wconf 85' lang='lat' dir='ltr'>vobis,</span> <span class='ocrx_word' id='word_1_165' title='bbox 3222 727 3514 793; x_wconf 85' lang='lat' dir='ltr'>sequentes</span> 
     </span>
    </p>
   </div>
   <div class='ocr_carea' id='block_1_22' title="bbox 1926 803 3514 867">
    <p class='ocr_par' dir='ltr' id='par_1_22' title="bbox 1926 803 3514 867">
     <span class='ocr_line' id='line_1_22' title="bbox 1926 803 3514 867; baseline 0.004 -6"><span class='ocrx_word' id='word_1_166' title='bbox 1926 806 2224 861; x_wconf 88' lang='lat' dir='ltr'>Dominum</span> <span class='ocrx_word' id='word_1_167' title='bbox 2239 807 2412 860; x_wconf 89' lang='lat' dir='ltr'>Deum</span> <span class='ocrx_word' id='word_1_168' title='bbox 2428 809 2694 861; x_wconf 85' lang='lat' dir='ltr'>vestrum.</span> <span class='ocrx_word' id='word_1_169' title='bbox 2707 803 2775 861; x_wconf 88' lang='lat' dir='ltr'>Si</span> <span class='ocrx_word' id='word_1_170' title='bbox 2795 811 2988 861; x_wconf 84' lang='lat' dir='ltr'>autem</span> <span class='ocrx_word' id='word_1_171' title='bbox 3009 823 3122 862; x_wconf 81' lang='lat' dir='ltr'>non</span> <span class='ocrx_word' id='word_1_172' title='bbox 3140 811 3514 867; x_wconf 70' lang='lat' dir='ltr'>exaudiet-itis</span> 
     </span>
    </p>
   </div>
   <div class='ocr_carea' id='block_1_23' title="bbox 1925 894 3518 969">
    <p class='ocr_par' dir='ltr' id='par_1_23' title="bbox 1925 894 3518 969">
     <span class='ocr_line' id='line_1_23' title="bbox 1925 894 3518 969; baseline 0.006 -21"><span class='ocrx_word' id='word_1_173' title='bbox 1925 894 2460 962; x_wconf 85' lang='lat' dir='ltr'>vocemDomini,sed</span> <span class='ocrx_word' id='word_1_174' title='bbox 2472 910 2749 966; x_wconf 73' lang='lat' dir='ltr'>exaspera</span> <span class='ocrx_word' id='word_1_175' title='bbox 2759 895 2953 950; x_wconf 83' lang='lat' dir='ltr'>veritis</span> <span class='ocrx_word' id='word_1_176' title='bbox 2964 911 3245 952; x_wconf 84' lang='lat' dir='ltr'>sermones</span> <span class='ocrx_word' id='word_1_177' title='bbox 3258 900 3518 969; x_wconf 84' lang='lat' dir='ltr'>ejus,erit</span> 
     </span>
    </p>
   </div>
   <div class='ocr_carea' id='block_1_24' title="bbox 1923 984 3443 1055">
    <p class='ocr_par' dir='ltr' id='par_1_24' title="bbox 1923 984 3443 1055">
     <span class='ocr_line' id='line_1_24' title="bbox 1923 984 3443 1055; baseline 0.005 -19"><span class='ocrx_word' id='word_1_178' title='bbox 1923 998 2131 1038; x_wconf 84' lang='lat' dir='ltr'>manus</span> <span class='ocrx_word' id='word_1_179' title='bbox 2151 984 2375 1038; x_wconf 84' lang='lat' dir='ltr'>Domini</span> <span class='ocrx_word' id='word_1_180' title='bbox 2398 999 2567 1055; x_wconf 81' lang='lat' dir='ltr'>super</span> <span class='ocrx_word' id='word_1_181' title='bbox 2597 998 2708 1049; x_wconf 90' lang='lat' dir='ltr'>vos,</span> <span class='ocrx_word' id='word_1_182' title='bbox 2727 986 2782 1037; x_wconf 84' lang='lat' dir='ltr'>et</span> <span class='ocrx_word' id='word_1_183' title='bbox 2800 998 2972 1055; x_wconf 81' lang='lat' dir='ltr'>super</span> <span class='ocrx_word' id='word_1_184' title='bbox 2996 992 3189 1054; x_wconf 82' lang='lat' dir='ltr'>patres</span> <span class='ocrx_word' id='word_1_185' title='bbox 3213 993 3443 1044; x_wconf 84' lang='lat' dir='ltr'>vestros.</span> 
     </span>
    </p>
   </div>
   <div class='ocr_carea' id='block_1_25' title="bbox 1993 1071 3523 1142">
    <p class='ocr_par' dir='ltr' id='par_1_25' title="bbox 1993 1071 3523 1142">
     <span class='ocr_line' id='line_1_25' title="bbox 1993 1071 3523 1142; baseline 0.006 -18"><span class='ocrx_word' id='word_1_186' title='bbox 1993 1073 2044 1124; x_wconf 87' lang='lat'>7.</span> <span class='ocrx_word' id='word_1_187' title='bbox 2079 1073 2208 1126; x_wconf 66' lang='lat' dir='ltr'>llaec</span> <span class='ocrx_word' id='word_1_188' title='bbox 2237 1071 2487 1142; x_wconf 85' lang='lat' dir='ltr'>profecto</span> <span class='ocrx_word' id='word_1_189' title='bbox 2518 1087 2626 1126; x_wconf 92' lang='lat' dir='ltr'>non</span> <span class='ocrx_word' id='word_1_190' title='bbox 2657 1072 2912 1142; x_wconf 84' lang='lat' dir='ltr'>mystica,</span> <span class='ocrx_word' id='word_1_191' title='bbox 2955 1072 3052 1128; x_wconf 90' lang='lat' dir='ltr'>sed</span> <span class='ocrx_word' id='word_1_192' title='bbox 3095 1073 3348 1131; x_wconf 90' lang='lat' dir='ltr'>historica</span> <span class='ocrx_word' id='word_1_193' title='bbox 3397 1087 3523 1134; x_wconf 89' lang='lat' dir='ltr'>sunt</span> 
     </span>
    </p>
   </div>
   <div class='ocr_carea' id='block_1_26' title="bbox 1923 1159 3515 1235">
    <p class='ocr_par' dir='ltr' id='par_1_26' title="bbox 1923 1159 3515 1235">
     <span class='ocr_line' id='line_1_26' title="bbox 1923 1159 3515 1235; baseline 0.005 -22"><span class='ocrx_word' id='word_1_194' title='bbox 1923 1159 1976 1213; x_wconf 88' lang='lat' dir='ltr'>in</span> <span class='ocrx_word' id='word_1_195' title='bbox 2006 1160 2278 1214; x_wconf 90' lang='lat' dir='ltr'>omnibus.</span> <span class='ocrx_word' id='word_1_196' title='bbox 2320 1159 2457 1214; x_wconf 87' lang='lat' dir='ltr'>Nam</span> <span class='ocrx_word' id='word_1_197' title='bbox 2502 1160 2594 1214; x_wconf 90' lang='lat' dir='ltr'>ubi</span> <span class='ocrx_word' id='word_1_198' title='bbox 2638 1160 2842 1230; x_wconf 79' lang='lat' dir='ltr'>praelati</span> <span class='ocrx_word' id='word_1_199' title='bbox 2885 1168 2938 1216; x_wconf 87' lang='lat' dir='ltr'>et</span> <span class='ocrx_word' id='word_1_200' title='bbox 2977 1161 3174 1217; x_wconf 85' lang='lat' dir='ltr'>subditi</span> <span class='ocrx_word' id='word_1_201' title='bbox 3223 1165 3515 1235; x_wconf 89' lang='lat' dir='ltr'>reprobam</span> 
     </span>
    </p>
   </div>
   <div class='ocr_carea' id='block_1_27' title="bbox 1921 1248 3514 1322">
    <p class='ocr_par' dir='ltr' id='par_1_27' title="bbox 1921 1248 3514 1322">
     <span class='ocr_line' id='line_1_27' title="bbox 1921 1248 3514 1322; baseline 0.004 -18"><span class='ocrx_word' id='word_1_202' title='bbox 1921 1253 2091 1304; x_wconf 87' lang='lat' dir='ltr'>vitam</span> <span class='ocrx_word' id='word_1_203' title='bbox 2123 1248 2344 1313; x_wconf 87' lang='lat' dir='ltr'>ducunt,</span> <span class='ocrx_word' id='word_1_204' title='bbox 2377 1249 2574 1303; x_wconf 70' lang='lat' dir='ltr'>divina:</span> <span class='ocrx_word' id='word_1_205' title='bbox 2605 1249 2820 1304; x_wconf 91' lang='lat' dir='ltr'>ultionis</span> <span class='ocrx_word' id='word_1_206' title='bbox 2868 1264 3087 1318; x_wconf 71' lang='lat' dir='ltr'>pmnam</span> <span class='ocrx_word' id='word_1_207' title='bbox 3136 1253 3337 1322; x_wconf 89' lang='lat' dir='ltr'>pariter</span> <span class='ocrx_word' id='word_1_208' title='bbox 3379 1255 3514 1309; x_wconf 87' lang='lat' dir='ltr'>sub-</span> 
     </span>
    </p>
   </div>
   <div class='ocr_carea' id='block_1_28' title="bbox 1921 1335 3517 1413">
    <p class='ocr_par' dir='ltr' id='par_1_28' title="bbox 1921 1335 3517 1413">
     <span class='ocr_line' id='line_1_28' title="bbox 1921 1335 3517 1413; baseline 0.005 -21"><span class='ocrx_word' id='word_1_209' title='bbox 1921 1346 2070 1392; x_wconf 87' lang='lat' dir='ltr'>eunt.</span> <span class='ocrx_word' id='word_1_210' title='bbox 2106 1337 2213 1392; x_wconf 86' lang='lat' dir='ltr'>Sed</span> <span class='ocrx_word' id='word_1_211' title='bbox 2245 1338 2365 1407; x_wconf 89' lang='lat' dir='ltr'>quia</span> <span class='ocrx_word' id='word_1_212' title='bbox 2391 1337 2678 1406; x_wconf 86' lang='lat' dir='ltr'>separatim</span> <span class='ocrx_word' id='word_1_213' title='bbox 2709 1337 2975 1394; x_wconf 89' lang='lat' dir='ltr'>ducuntur</span> <span class='ocrx_word' id='word_1_214' title='bbox 2995 1335 3180 1411; x_wconf 83' lang='lat' dir='ltr'>[Forte</span> <span class='ocrx_word' id='word_1_215' title='bbox 3196 1341 3517 1413; x_wconf 85' lang='lat' dir='ltr'>legendum,</span> 
     </span>
    </p>
   </div>
   <div class='ocr_carea' id='block_1_29' title="bbox 1920 1424 3516 1502">
    <p class='ocr_par' dir='ltr' id='par_1_29' title="bbox 1920 1424 3516 1502">
     <span class='ocr_line' id='line_1_29' title="bbox 1920 1424 3516 1502; baseline 0.007 -25"><span class='ocrx_word' id='word_1_216' title='bbox 1920 1424 2189 1495; x_wconf 87' lang='lat' dir='ltr'>dicuntur]</span> <span class='ocrx_word' id='word_1_217' title='bbox 2239 1425 2398 1496; x_wconf 89' lang='lat' dir='ltr'>bona,</span> <span class='ocrx_word' id='word_1_218' title='bbox 2452 1425 2744 1496; x_wconf 78' lang='lat' dir='ltr'>separatim</span> <span class='ocrx_word' id='word_1_219' title='bbox 2790 1427 2966 1492; x_wconf 87' lang='lat' dir='ltr'>mala;</span> <span class='ocrx_word' id='word_1_220' title='bbox 3013 1426 3139 1496; x_wconf 91' lang='lat' dir='ltr'>illa,</span> <span class='ocrx_word' id='word_1_221' title='bbox 3181 1445 3278 1500; x_wconf 88' lang='lat' dir='ltr'>pro</span> <span class='ocrx_word' id='word_1_222' title='bbox 3321 1432 3516 1502; x_wconf 81' lang='lat' dir='ltr'>quibus</span> 
     </span>
    </p>
   </div>
   <div class='ocr_carea' id='block_1_30' title="bbox 1923 1513 3516 1588">
    <p class='ocr_par' dir='ltr' id='par_1_30' title="bbox 1923 1513 3516 1588">
     <span class='ocr_line' id='line_1_30' title="bbox 1923 1513 3516 1588; baseline 0.005 -21"><span class='ocrx_word' id='word_1_223' title='bbox 1923 1529 2110 1568; x_wconf 89' lang='lat' dir='ltr'>manus</span> <span class='ocrx_word' id='word_1_224' title='bbox 2129 1513 2351 1568; x_wconf 89' lang='lat' dir='ltr'>Domini</span> <span class='ocrx_word' id='word_1_225' title='bbox 2382 1529 2544 1584; x_wconf 86' lang='lat' dir='ltr'>super</span> <span class='ocrx_word' id='word_1_226' title='bbox 2573 1529 2668 1568; x_wconf 90' lang='lat' dir='ltr'>eos</span> <span class='ocrx_word' id='word_1_227' title='bbox 2699 1514 2876 1568; x_wconf 82' lang='lat' dir='ltr'>futura</span> <span class='ocrx_word' id='word_1_228' title='bbox 2906 1516 3240 1588; x_wconf 70' lang='lat' dir='ltr'>prtedicitur,</span> <span class='ocrx_word' id='word_1_229' title='bbox 3264 1519 3516 1575; x_wconf 80' lang='lat' dir='ltr'>subtilius</span> 
     </span>
    </p>
   </div>
   <div class='ocr_carea' id='block_1_31' title="bbox 1924 1601 3522 1673">
    <p class='ocr_par' dir='ltr' id='par_1_31' title="bbox 1924 1601 3522 1673">
     <span class='ocr_line' id='line_1_31' title="bbox 1924 1601 3522 1673; baseline 0.006 -15"><span class='ocrx_word' id='word_1_230' title='bbox 1924 1601 2320 1658; x_wconf 86' lang='lat' dir='ltr'>consideranda</span> <span class='ocrx_word' id='word_1_231' title='bbox 2334 1610 2484 1657; x_wconf 88' lang='lat' dir='ltr'>sunt.</span> <span class='ocrx_word' id='word_1_232' title='bbox 2507 1601 2651 1670; x_wconf 82' lang='lat' dir='ltr'>Quid</span> <span class='ocrx_word' id='word_1_233' title='bbox 2665 1618 2822 1673; x_wconf 88' lang='lat' dir='ltr'>ergo,</span> <span class='ocrx_word' id='word_1_234' title='bbox 2841 1603 2986 1673; x_wconf 81' lang='lat' dir='ltr'>quod</span> <span class='ocrx_word' id='word_1_235' title='bbox 3002 1604 3076 1658; x_wconf 88' lang='lat' dir='ltr'>ait</span> <span class='ocrx_word' id='word_1_236' title='bbox 3096 1606 3188 1661; x_wconf 88' lang='lat' dir='ltr'>:Si</span> <span class='ocrx_word' id='word_1_237' title='bbox 3209 1609 3522 1666; x_wconf 82' lang='lat' dir='ltr'>timueritis</span> 
     </span>
    </p>
   </div>
   <div class='ocr_carea' id='block_1_32' title="bbox 1931 1691 3523 1765">
    <p class='ocr_par' dir='ltr' id='par_1_32' title="bbox 1931 1691 3523 1765">
     <span class='ocr_line' id='line_1_32' title="bbox 1931 1691 3523 1765; baseline 0.006 -20"><span class='ocrx_word' id='word_1_238' title='bbox 1931 1691 2250 1758; x_wconf 85' lang='lat' dir='ltr'>Dominum,</span> <span class='ocrx_word' id='word_1_239' title='bbox 2277 1695 2333 1746; x_wconf 86' lang='lat' dir='ltr'>et</span> <span class='ocrx_word' id='word_1_240' title='bbox 2351 1691 2663 1746; x_wconf 64' lang='lat' dir='ltr'>serviet-itis</span> <span class='ocrx_word' id='word_1_241' title='bbox 2682 1692 2738 1746; x_wconf 84' lang='lat' dir='ltr'>ei</span> <span class='ocrx_word' id='word_1_242' title='bbox 2754 1710 2772 1743; x_wconf 90' lang='lat'><strong><em>:</em></strong></span> <span class='ocrx_word' id='word_1_243' title='bbox 2792 1691 2892 1746; x_wconf 90' lang='lat' dir='ltr'>nisi</span> <span class='ocrx_word' id='word_1_244' title='bbox 2914 1692 3037 1761; x_wconf 91' lang='lat' dir='ltr'>quia</span> <span class='ocrx_word' id='word_1_245' title='bbox 3059 1692 3300 1765; x_wconf 85' lang='lat' dir='ltr'>plerique</span> <span class='ocrx_word' id='word_1_246' title='bbox 3316 1697 3523 1755; x_wconf 86' lang='lat' dir='ltr'>divinae</span> 
     </span>
    </p>
   </div>
   <div class='ocr_carea' id='block_1_33' title="bbox 242 1773 3523 1868">
    <p class='ocr_par' dir='ltr' id='par_1_33' title="bbox 242 1773 3523 1868">
     <span class='ocr_line' id='line_1_33' title="bbox 242 1773 3523 1868; baseline -0.003 -17"><span class='ocrx_word' id='word_1_247' title='bbox 242 1773 580 1868; x_wconf 72' lang='lat' dir='ltr'>arrogantiam</span> <span class='ocrx_word' id='word_1_248' title='bbox 613 1786 871 1843; x_wconf 75' lang='lat' dir='ltr'>exhibent</span> <span class='ocrx_word' id='word_1_249' title='bbox 901 1778 1309 1838; x_wconf 85' lang='lat' dir='ltr'>dominationis.</span> <span class='ocrx_word' id='word_1_250' title='bbox 1366 1776 1458 1830; x_wconf 87' lang='lat' dir='ltr'>Isti</span> <span class='ocrx_word' id='word_1_251' title='bbox 1490 1773 1810 1868; x_wconf 73' lang='lat' dir='ltr'>innocentiae</span> <span class='ocrx_word' id='word_1_252' title='bbox 1838 1799 1893 1860; x_wconf 80' lang='grc' dir='ltr'>Β</span> <span class='ocrx_word' id='word_1_253' title='bbox 1926 1777 2276 1834; x_wconf 86' lang='lat' dir='ltr'>districtionis</span> <span class='ocrx_word' id='word_1_254' title='bbox 2311 1778 2512 1848; x_wconf 88' lang='lat' dir='ltr'>judicia</span> <span class='ocrx_word' id='word_1_255' title='bbox 2560 1787 2820 1846; x_wconf 89' lang='lat' dir='ltr'>metuunt,</span> <span class='ocrx_word' id='word_1_256' title='bbox 2863 1788 2916 1835; x_wconf 89' lang='lat' dir='ltr'>et</span> <span class='ocrx_word' id='word_1_257' title='bbox 2943 1789 3121 1837; x_wconf 90' lang='lat' dir='ltr'>tamen</span> <span class='ocrx_word' id='word_1_258' title='bbox 3165 1801 3326 1855; x_wconf 88' lang='lat' dir='ltr'>prava</span> <span class='ocrx_word' id='word_1_259' title='bbox 3357 1803 3523 1860; x_wconf 87' lang='lat' dir='ltr'>agere</span> 
     </span>
    </p>
   </div>
   <div class='ocr_carea' id='block_1_34' title="bbox 241 1861 1810 1940">
    <p class='ocr_par' dir='ltr' id='par_1_34' title="bbox 241 1861 1810 1940">
     <span class='ocr_line' id='line_1_34' title="bbox 241 1861 1810 1940; baseline -0.014 0"><span class='ocrx_word' id='word_1_260' title='bbox 241 1861 721 1940; x_wconf 63' lang='lat' dir='ltr'>suatestimonium</span> <span class='ocrx_word' id='word_1_261' title='bbox 770 1888 953 1929; x_wconf 89' lang='lat' dir='ltr'>coram</span> <span class='ocrx_word' id='word_1_262' title='bbox 993 1869 1228 1925; x_wconf 90' lang='lat' dir='ltr'>Domino</span> <span class='ocrx_word' id='word_1_263' title='bbox 1284 1873 1338 1922; x_wconf 89' lang='lat' dir='ltr'>et</span> <span class='ocrx_word' id='word_1_264' title='bbox 1393 1863 1539 1922; x_wconf 91' lang='lat' dir='ltr'>omni</span> <span class='ocrx_word' id='word_1_265' title='bbox 1600 1861 1810 1936; x_wconf 90' lang='lat' dir='ltr'>populo</span> 
     </span>
    </p>
   </div>
   <div class='ocr_carea' id='block_1_35' title="bbox 244 1954 1820 2034">
    <p class='ocr_par' dir='ltr' id='par_1_35' title="bbox 244 1954 1820 2034">
     <span class='ocr_line' id='line_1_35' title="bbox 244 1954 1820 2034; baseline -0.016 -5"><span class='ocrx_word' id='word_1_266' title='bbox 244 1969 599 2029; x_wconf 86' lang='lat' dir='ltr'>commendant</span> <span class='ocrx_word' id='word_1_267' title='bbox 632 1984 643 2019; x_wconf 93' lang='lat'>:</span> <span class='ocrx_word' id='word_1_268' title='bbox 679 1962 801 2034; x_wconf 86' lang='lat' dir='ltr'>quia</span> <span class='ocrx_word' id='word_1_269' title='bbox 856 1975 958 2016; x_wconf 91' lang='lat' dir='ltr'>nec</span> <span class='ocrx_word' id='word_1_270' title='bbox 1014 1959 1248 2029; x_wconf 86' lang='lat' dir='ltr'>aliquem</span> <span class='ocrx_word' id='word_1_271' title='bbox 1309 1954 1654 2026; x_wconf 86' lang='lat' dir='ltr'>opprimunt,</span> <span class='ocrx_word' id='word_1_272' title='bbox 1717 1967 1820 2006; x_wconf 89' lang='lat' dir='ltr'>nec</span> 
     </span>
    </p>
   </div>
   <div class='ocr_carea' id='block_1_36' title="bbox 244 2041 1810 2126">
    <p class='ocr_par' dir='ltr' id='par_1_36' title="bbox 244 2041 1810 2126">
     <span class='ocr_line' id='line_1_36' title="bbox 244 2041 1810 2126; baseline -0.013 -11"><span class='ocrx_word' id='word_1_273' title='bbox 244 2061 451 2116; x_wconf 85' lang='lat' dir='ltr'>alienum</span> <span class='ocrx_word' id='word_1_274' title='bbox 481 2052 698 2126; x_wconf 86' lang='lat' dir='ltr'>aliquid</span> <span class='ocrx_word' id='word_1_275' title='bbox 729 2052 784 2105; x_wconf 88' lang='lat' dir='ltr'>in</span> <span class='ocrx_word' id='word_1_276' title='bbox 813 2049 923 2104; x_wconf 89' lang='lat' dir='ltr'>suis</span> <span class='ocrx_word' id='word_1_277' title='bbox 951 2047 1142 2102; x_wconf 88' lang='lat' dir='ltr'>usibus</span> <span class='ocrx_word' id='word_1_278' title='bbox 1171 2044 1362 2100; x_wconf 91' lang='lat' dir='ltr'>tollunt</span> <span class='ocrx_word' id='word_1_279' title='bbox 1395 2058 1408 2098; x_wconf 90' lang='lat'>:</span> <span class='ocrx_word' id='word_1_280' title='bbox 1437 2041 1513 2096; x_wconf 92' lang='lat' dir='ltr'>illi</span> <span class='ocrx_word' id='word_1_281' title='bbox 1544 2055 1671 2097; x_wconf 89' lang='lat' dir='ltr'>vero</span> <span class='ocrx_word' id='word_1_282' title='bbox 1702 2056 1810 2094; x_wconf 92' lang='lat' dir='ltr'>non</span> 
     </span>
    </p>
   </div>
   <div class='ocr_carea' id='block_1_37' title="bbox 253 2129 1828 2218">
    <p class='ocr_par' dir='ltr' id='par_1_37' title="bbox 253 2129 1828 2218">
     <span class='ocr_line' id='line_1_37' title="bbox 253 2129 1828 2218; baseline -0.015 -14"><span class='ocrx_word' id='word_1_283' title='bbox 253 2150 401 2204; x_wconf 81' lang='lat' dir='ltr'>solum</span> <span class='ocrx_word' id='word_1_284' title='bbox 430 2143 658 2218; x_wconf 82' lang='lat' dir='ltr'>prepria</span> <span class='ocrx_word' id='word_1_285' title='bbox 683 2137 912 2194; x_wconf 88' lang='lat' dir='ltr'>subditis</span> <span class='ocrx_word' id='word_1_286' title='bbox 933 2136 1198 2201; x_wconf 81' lang='lat' dir='ltr'>auferunt,</span> <span class='ocrx_word' id='word_1_287' title='bbox 1224 2133 1321 2189; x_wconf 90' lang='lat' dir='ltr'>sed</span> <span class='ocrx_word' id='word_1_288' title='bbox 1342 2132 1505 2187; x_wconf 87' lang='lat' dir='ltr'>etiam</span> <span class='ocrx_word' id='word_1_289' title='bbox 1529 2129 1677 2200; x_wconf 90' lang='lat' dir='ltr'>ipsas</span> <span class='ocrx_word' id='word_1_290' title='bbox 1697 2129 1828 2182; x_wconf 88' lang='lat' dir='ltr'>sub-</span> 
     </span>
    </p>
   </div>
   <div class='ocr_carea' id='block_1_38' title="bbox 254 2217 1831 2305">
    <p class='ocr_par' dir='ltr' id='par_1_38' title="bbox 254 2217 1831 2305">
     <span class='ocr_line' id='line_1_38' title="bbox 254 2217 1831 2305; baseline -0.014 -12"><span class='ocrx_word' id='word_1_291' title='bbox 254 2217 458 2293; x_wconf 87' lang='lat' dir='ltr'>ditorum</span> <span class='ocrx_word' id='word_1_292' title='bbox 493 2245 770 2305; x_wconf 84' lang='lat' dir='ltr'>personas</span> <span class='ocrx_word' id='word_1_293' title='bbox 798 2241 964 2283; x_wconf 91' lang='lat' dir='ltr'>onere</span> <span class='ocrx_word' id='word_1_294' title='bbox 986 2222 1260 2280; x_wconf 80' lang='lat' dir='ltr'>servitutis</span> <span class='ocrx_word' id='word_1_295' title='bbox 1278 2227 1547 2293; x_wconf 88' lang='lat' dir='ltr'>premunt.</span> <span class='ocrx_word' id='word_1_296' title='bbox 1571 2217 1831 2273; x_wconf 88' lang='lat' dir='ltr'>Subdens</span> 
     </span>
    </p>
   </div>
   <div class='ocr_carea' id='block_1_39' title="bbox 249 2325 509 2397">
    <p class='ocr_par' dir='ltr' id='par_1_39' title="bbox 249 2325 509 2397">
     <span class='ocr_line' id='line_1_39' title="bbox 249 2325 509 2397; baseline -0.019 -17"><span class='ocrx_word' id='word_1_297' title='bbox 249 2341 362 2397; x_wconf 80' lang='lat' dir='ltr'>ergo</span> <span class='ocrx_word' id='word_1_298' title='bbox 389 2325 462 2379; x_wconf 87' lang='lat' dir='ltr'>ait</span> <span class='ocrx_word' id='word_1_299' title='bbox 493 2341 509 2375; x_wconf 91' lang='lat'><strong>:</strong></span> 
     </span>
    </p>
   </div>
   <div class='ocr_carea' id='block_1_40' title="bbox 304 2393 1820 2483">
    <p class='ocr_par' dir='ltr' id='par_1_40' title="bbox 304 2393 1820 2483">
     <span class='ocr_line' id='line_1_40' title="bbox 304 2393 1820 2483; baseline -0.015 -13"><span class='ocrx_word' id='word_1_300' title='bbox 304 2393 468 2483; x_wconf 59' lang='grc' dir='ltr'>(γεγε.</span> <span class='ocrx_word' id='word_1_301' title='bbox 489 2412 610 2482; x_wconf 68' lang='grc' dir='ltr'>ιε.)</span> <span class='ocrx_word' id='word_1_302' title='bbox 635 2409 891 2465; x_wconf 83' lang='lat' dir='ltr'>Videntes</span> <span class='ocrx_word' id='word_1_303' title='bbox 902 2408 1118 2469; x_wconf 88' lang='lat' dir='ltr'>autem,</span> <span class='ocrx_word' id='word_1_304' title='bbox 1137 2398 1280 2474; x_wconf 86' lang='lat' dir='ltr'>quod</span> <span class='ocrx_word' id='word_1_305' title='bbox 1305 2399 1452 2453; x_wconf 89' lang='lat' dir='ltr'>Naas</span> <span class='ocrx_word' id='word_1_306' title='bbox 1468 2393 1820 2461; x_wconf 81' lang='lat' dir='ltr'>ascenderet,</span> 
     </span>
    </p>
   </div>
   <div class='ocr_carea' id='block_1_41' title="bbox 246 2479 1835 2574">
    <p class='ocr_par' dir='ltr' id='par_1_41' title="bbox 246 2479 1835 2574">
     <span class='ocr_line' id='line_1_41' title="bbox 246 2479 1835 2574; baseline -0.015 -15"><span class='ocrx_word' id='word_1_307' title='bbox 246 2505 290 2558; x_wconf 86' lang='lat' dir='ltr'>et</span> <span class='ocrx_word' id='word_1_308' title='bbox 314 2479 598 2574; x_wconf 77' lang='lat' dir='ltr'>pugnaret</span> <span class='ocrx_word' id='word_1_309' title='bbox 625 2498 892 2553; x_wconf 84' lang='lat' dir='ltr'>adversus</span> <span class='ocrx_word' id='word_1_310' title='bbox 910 2509 1001 2549; x_wconf 85' lang='lat' dir='ltr'>vos</span> <span class='ocrx_word' id='word_1_311' title='bbox 1019 2511 1037 2542; x_wconf 89' lang='lat'><strong><em>:</em></strong></span> <span class='ocrx_word' id='word_1_312' title='bbox 1052 2491 1429 2561; x_wconf 80' lang='lat' dir='ltr'>Nequaquam,</span> <span class='ocrx_word' id='word_1_313' title='bbox 1446 2485 1686 2541; x_wconf 71' lang='lat' dir='ltr'>dixistis</span> <span class='ocrx_word' id='word_1_314' title='bbox 1705 2501 1722 2534; x_wconf 90' lang='lat'><strong><em>:</em></strong></span> <span class='ocrx_word' id='word_1_315' title='bbox 1740 2479 1835 2537; x_wconf 88' lang='lat' dir='ltr'>sed</span> 
     </span>
    </p>
   </div>
   <div class='ocr_carea' id='block_1_42' title="bbox 239 2571 1828 2661">
    <p class='ocr_par' dir='ltr' id='par_1_42' title="bbox 239 2571 1828 2661">
     <span class='ocr_line' id='line_1_42' title="bbox 239 2571 1828 2661; baseline -0.014 -15"><span class='ocrx_word' id='word_1_316' title='bbox 239 2571 330 2648; x_wconf 57' lang='lat' dir='ltr'>ree</span> <span class='ocrx_word' id='word_1_317' title='bbox 350 2571 650 2661; x_wconf 73' lang='lat' dir='ltr'>eritsuper</span> <span class='ocrx_word' id='word_1_318' title='bbox 671 2601 774 2641; x_wconf 89' lang='lat' dir='ltr'>nos</span> <span class='ocrx_word' id='word_1_319' title='bbox 788 2604 806 2650; x_wconf 86' lang='lat'><strong><em>;</em></strong></span> <span class='ocrx_word' id='word_1_320' title='bbox 837 2599 965 2639; x_wconf 86' lang='lat' dir='ltr'>cum</span> <span class='ocrx_word' id='word_1_321' title='bbox 990 2580 1260 2637; x_wconf 81' lang='lat' dir='ltr'>Dominus</span> <span class='ocrx_word' id='word_1_322' title='bbox 1290 2578 1556 2648; x_wconf 87' lang='lat' dir='ltr'>regnaret</span> <span class='ocrx_word' id='word_1_323' title='bbox 1580 2573 1641 2628; x_wconf 83' lang='lat' dir='ltr'>in</span> <span class='ocrx_word' id='word_1_324' title='bbox 1660 2571 1828 2628; x_wconf 86' lang='lat' dir='ltr'>vobis.</span> 
     </span>
    </p>
   </div>
   <div class='ocr_carea' id='block_1_43' title="bbox 308 2657 1835 2746">
    <p class='ocr_par' dir='ltr' id='par_1_43' title="bbox 308 2657 1835 2746">
     <span class='ocr_line' id='line_1_43' title="bbox 308 2657 1835 2746; baseline -0.014 -14"><span class='ocrx_word' id='word_1_325' title='bbox 308 2683 355 2732; x_wconf 87' lang='lat'>6.</span> <span class='ocrx_word' id='word_1_326' title='bbox 387 2657 560 2746; x_wconf 84' lang='lat' dir='ltr'>Quasi</span> <span class='ocrx_word' id='word_1_327' title='bbox 592 2675 739 2730; x_wconf 85' lang='lat' dir='ltr'>dicat</span> <span class='ocrx_word' id='word_1_328' title='bbox 772 2690 785 2727; x_wconf 92' lang='lat'>:</span> <span class='ocrx_word' id='word_1_329' title='bbox 818 2671 908 2725; x_wconf 88' lang='lat' dir='ltr'>Ad</span> <span class='ocrx_word' id='word_1_330' title='bbox 950 2671 1055 2724; x_wconf 88' lang='lat' dir='ltr'>hoc</span> <span class='ocrx_word' id='word_1_331' title='bbox 1084 2666 1240 2722; x_wconf 80' lang='lat' dir='ltr'>vobis</span> <span class='ocrx_word' id='word_1_332' title='bbox 1267 2665 1541 2719; x_wconf 87' lang='lat' dir='ltr'>hominem</span> <span class='ocrx_word' id='word_1_333' title='bbox 1574 2657 1835 2731; x_wconf 75' lang='lat' dir='ltr'>elegistis,</span> 
     </span>
    </p>
   </div>
   <div class='ocr_carea' id='block_1_44' title="bbox 249 2746 1838 2839">
    <p class='ocr_par' dir='ltr' id='par_1_44' title="bbox 249 2746 1838 2839">
     <span class='ocr_line' id='line_1_44' title="bbox 249 2746 1838 2839; baseline -0.014 -17"><span class='ocrx_word' id='word_1_334' title='bbox 249 2768 306 2822; x_wconf 86' lang='lat' dir='ltr'>ad</span> <span class='ocrx_word' id='word_1_335' title='bbox 336 2767 476 2839; x_wconf 91' lang='lat' dir='ltr'>quod</span> <span class='ocrx_word' id='word_1_336' title='bbox 509 2766 686 2820; x_wconf 91' lang='lat' dir='ltr'>Deum</span> <span class='ocrx_word' id='word_1_337' title='bbox 716 2760 921 2815; x_wconf 88' lang='lat' dir='ltr'>habere</span> <span class='ocrx_word' id='word_1_338' title='bbox 951 2754 1232 2812; x_wconf 85' lang='lat' dir='ltr'>solebatis.</span> <span class='ocrx_word' id='word_1_339' title='bbox 1275 2752 1447 2821; x_wconf 87' lang='lat' dir='ltr'>Quem</span> <span class='ocrx_word' id='word_1_340' title='bbox 1478 2749 1728 2804; x_wconf 89' lang='lat' dir='ltr'>nimirum</span> <span class='ocrx_word' id='word_1_341' title='bbox 1760 2746 1838 2801; x_wconf 88' lang='lat' dir='ltr'>lo-</span> 
     </span>
    </p>
   </div>
   <div class='ocr_carea' id='block_1_45' title="bbox 242 2838 1838 2924">
    <p class='ocr_par' dir='ltr' id='par_1_45' title="bbox 242 2838 1838 2924">
     <span class='ocr_line' id='line_1_45' title="bbox 242 2838 1838 2924; baseline -0.013 -14"><span class='ocrx_word' id='word_1_342' title='bbox 242 2838 362 2911; x_wconf 9' lang='lat' dir='ltr'>cum,</span> <span class='ocrx_word' id='word_1_343' title='bbox 405 2856 454 2908; x_wconf 91' lang='lat' dir='ltr'>si</span> <span class='ocrx_word' id='word_1_344' title='bbox 503 2849 872 2924; x_wconf 81' lang='lat' dir='ltr'>spiritualiter</span> <span class='ocrx_word' id='word_1_345' title='bbox 918 2846 1188 2901; x_wconf 89' lang='lat' dir='ltr'>discutere</span> <span class='ocrx_word' id='word_1_346' title='bbox 1216 2841 1485 2906; x_wconf 86' lang='lat' dir='ltr'>volumus,</span> <span class='ocrx_word' id='word_1_347' title='bbox 1515 2838 1619 2893; x_wconf 89' lang='lat' dir='ltr'>hoc</span> <span class='ocrx_word' id='word_1_348' title='bbox 1661 2852 1732 2890; x_wconf 81' lang='lat' dir='ltr'>ex</span> <span class='ocrx_word' id='word_1_349' title='bbox 1773 2848 1838 2890; x_wconf 88' lang='lat' dir='ltr'>eo</span> 
     </span>
    </p>
   </div>
   <div class='ocr_carea' id='block_1_46' title="bbox 238 2929 1834 3014">
    <p class='ocr_par' dir='ltr' id='par_1_46' title="bbox 238 2929 1834 3014">
     <span class='ocr_line' id='line_1_46' title="bbox 238 2929 1834 3014; baseline -0.014 -16"><span class='ocrx_word' id='word_1_350' title='bbox 238 2943 491 3014; x_wconf 83' lang='lat' dir='ltr'>colligitur</span> <span class='ocrx_word' id='word_1_351' title='bbox 516 2961 532 2997; x_wconf 84' lang='lat'><strong>:</strong></span> <span class='ocrx_word' id='word_1_352' title='bbox 559 2939 688 3012; x_wconf 85' lang='lat' dir='ltr'>quia</span> <span class='ocrx_word' id='word_1_353' title='bbox 719 2937 809 3009; x_wconf 90' lang='lat' dir='ltr'>qui</span> <span class='ocrx_word' id='word_1_354' title='bbox 838 2933 1112 2990; x_wconf 85' lang='lat' dir='ltr'>carnalem</span> <span class='ocrx_word' id='word_1_355' title='bbox 1141 2930 1246 2985; x_wconf 89' lang='lat' dir='ltr'>sibi</span> <span class='ocrx_word' id='word_1_356' title='bbox 1275 2942 1516 3000; x_wconf 78' lang='lat' dir='ltr'>praeesse</span> <span class='ocrx_word' id='word_1_357' title='bbox 1549 2929 1834 2994; x_wconf 81' lang='lat' dir='ltr'>expetunt,</span> 
     </span>
    </p>
   </div>
   <div class='ocr_carea' id='block_1_47' title="bbox 238 3012 1834 3102">
    <p class='ocr_par' dir='ltr' id='par_1_47' title="bbox 238 3012 1834 3102">
     <span class='ocr_line' id='line_1_47' title="bbox 238 3012 1834 3102; baseline -0.013 -17"><span class='ocrx_word' id='word_1_358' title='bbox 238 3012 460 3086; x_wconf 81' lang='lat' dir='ltr'>divinam</span> <span class='ocrx_word' id='word_1_359' title='bbox 483 3028 735 3102; x_wconf 79' lang='lat' dir='ltr'>gratiam</span> <span class='ocrx_word' id='word_1_360' title='bbox 767 3041 797 3079; x_wconf 86' lang='lat' dir='ltr'>a</span> <span class='ocrx_word' id='word_1_361' title='bbox 827 3039 884 3078; x_wconf 89' lang='lat' dir='ltr'>se</span> <span class='ocrx_word' id='word_1_362' title='bbox 907 3019 1196 3093; x_wconf 86' lang='lat' dir='ltr'>repellunt.</span> <span class='ocrx_word' id='word_1_363' title='bbox 1225 3019 1358 3072; x_wconf 86' lang='lat' dir='ltr'>Nam</span> <span class='ocrx_word' id='word_1_364' title='bbox 1390 3017 1518 3069; x_wconf 91' lang='lat' dir='ltr'>dum</span> <span class='ocrx_word' id='word_1_365' title='bbox 1548 3012 1834 3067; x_wconf 87' lang='lat' dir='ltr'>humilium</span> 
     </span>
    </p>
   </div>
   <div class='ocr_carea' id='block_1_48' title="bbox 239 3101 1906 3214">
    <p class='ocr_par' dir='ltr' id='par_1_48' title="bbox 239 3101 1906 3214">
     <span class='ocr_line' id='line_1_48' title="bbox 239 3101 1906 3214; baseline -0.013 -42"><span class='ocrx_word' id='word_1_366' title='bbox 239 3101 505 3174; x_wconf 75' lang='lat' dir='ltr'>ductorum</span> <span class='ocrx_word' id='word_1_367' title='bbox 540 3114 806 3185; x_wconf 75' lang='lat' dir='ltr'>exemplo</span> <span class='ocrx_word' id='word_1_368' title='bbox 828 3112 1036 3176; x_wconf 85' lang='lat' dir='ltr'>vivunt,</span> <span class='ocrx_word' id='word_1_369' title='bbox 1061 3107 1207 3162; x_wconf 85' lang='lat' dir='ltr'>velut</span> <span class='ocrx_word' id='word_1_370' title='bbox 1235 3106 1303 3161; x_wconf 87' lang='lat' dir='ltr'>ab</span> <span class='ocrx_word' id='word_1_371' title='bbox 1334 3105 1567 3176; x_wconf 71' lang='lat' dir='ltr'>Egypto</span> <span class='ocrx_word' id='word_1_372' title='bbox 1597 3101 1831 3156; x_wconf 86' lang='lat' dir='ltr'>liberan-</span> <span class='ocrx_word' id='word_1_373' title='bbox 1860 3149 1906 3214; x_wconf 65' lang='grc' dir='ltr'>Ο</span> 
     </span>
     <span class='ocr_line' id='line_1_49' title="bbox 242 3188 1830 3214; baseline 0 0"><span class='ocrx_word' id='word_1_374' title='bbox 242 3212 247 3214; x_wconf 85' lang='grc'>.</span> <span class='ocrx_word' id='word_1_375' title='bbox 464 3207 474 3214; x_wconf 91' lang='grc'>.</span> <span class='ocrx_word' id='word_1_376' title='bbox 627 3204 658 3214; x_wconf 75' lang='grc' dir='ltr'>ι.</span> <span class='ocrx_word' id='word_1_377' title='bbox 711 3205 719 3214; x_wconf 88' lang='grc'><em>.</em></span> <span class='ocrx_word' id='word_1_378' title='bbox 1034 3198 1046 3214; x_wconf 91' lang='lat' dir='ltr'><strong>I</strong></span> <span class='ocrx_word' id='word_1_379' title='bbox 1109 3197 1138 3214; x_wconf 64' lang='lat'>,9</span> <span class='ocrx_word' id='word_1_380' title='bbox 1179 3194 1371 3214; x_wconf 42' lang='lat' dir='ltr'>-,A_-_!_</span> <span class='ocrx_word' id='word_1_381' title='bbox 1409 3201 1517 3214; x_wconf 68' lang='grc' dir='ltr'>ι-.-</span> <span class='ocrx_word' id='word_1_382' title='bbox 1557 3188 1830 3214; x_wconf 65' lang='grc' dir='ltr'>Ᾱ,-2.]Α-ζιι</span> 
     </span>
    </p>
   </div>
   <div class='ocr_carea' id='block_1_49' title="bbox 235 3188 1832 3279">
    <p class='ocr_par' dir='ltr' id='par_1_49' title="bbox 235 3188 1832 3279">
     <span class='ocr_line' id='line_1_50' title="bbox 235 3188 1832 3279; baseline -0.012 -19"><span class='ocrx_word' id='word_1_383' title='bbox 235 3212 312 3262; x_wconf 86' lang='lat' dir='ltr'>tur</span> <span class='ocrx_word' id='word_1_384' title='bbox 343 3227 353 3260; x_wconf 95' lang='lat'>:</span> <span class='ocrx_word' id='word_1_385' title='bbox 387 3207 514 3279; x_wconf 90' lang='lat' dir='ltr'>quia</span> <span class='ocrx_word' id='word_1_386' title='bbox 554 3204 855 3274; x_wconf 81' lang='lat' dir='ltr'>caliginem</span> <span class='ocrx_word' id='word_1_387' title='bbox 884 3197 1142 3254; x_wconf 89' lang='lat' dir='ltr'>mundani</span> <span class='ocrx_word' id='word_1_388' title='bbox 1174 3194 1375 3249; x_wconf 90' lang='lat' dir='ltr'>amoris</span> <span class='ocrx_word' id='word_1_389' title='bbox 1409 3201 1521 3247; x_wconf 88' lang='lat' dir='ltr'>toto</span> <span class='ocrx_word' id='word_1_390' title='bbox 1554 3188 1832 3245; x_wconf 88' lang='lat' dir='ltr'>desiderio</span> 
     </span>
    </p>
   </div>
   <div class='ocr_carea' id='block_1_50' title="bbox 237 3277 1835 3368">
    <p class='ocr_par' dir='ltr' id='par_1_50' title="bbox 237 3277 1835 3368">
     <span class='ocr_line' id='line_1_51' title="bbox 237 3277 1835 3368; baseline -0.013 -19"><span class='ocrx_word' id='word_1_391' title='bbox 237 3277 431 3368; x_wconf 76' lang='lat' dir='ltr'>fugant.</span> <span class='ocrx_word' id='word_1_392' title='bbox 493 3294 646 3364; x_wconf 86' lang='lat' dir='ltr'>Quia</span> <span class='ocrx_word' id='word_1_393' title='bbox 690 3290 850 3346; x_wconf 86' lang='lat' dir='ltr'>etiam</span> <span class='ocrx_word' id='word_1_394' title='bbox 895 3286 1137 3343; x_wconf 85' lang='lat' dir='ltr'>omnium</span> <span class='ocrx_word' id='word_1_395' title='bbox 1184 3283 1433 3338; x_wconf 87' lang='lat' dir='ltr'>vitiorum</span> <span class='ocrx_word' id='word_1_396' title='bbox 1492 3277 1835 3351; x_wconf 82' lang='lat' dir='ltr'>tyrannidem</span> 
     </span>
    </p>
   </div>
   <div class='ocr_carea' id='block_1_51' title="bbox 234 3367 1832 3443">
    <p class='ocr_par' dir='ltr' id='par_1_51' title="bbox 234 3367 1832 3443">
     <span class='ocr_line' id='line_1_52' title="bbox 234 3367 1832 3443; baseline -0.014 -2"><span class='ocrx_word' id='word_1_397' title='bbox 234 3367 405 3440; x_wconf 79' lang='lat' dir='ltr'>eorum</span> <span class='ocrx_word' id='word_1_398' title='bbox 435 3381 699 3439; x_wconf 87' lang='lat' dir='ltr'>doctrina</span> <span class='ocrx_word' id='word_1_399' title='bbox 727 3377 981 3443; x_wconf 88' lang='lat' dir='ltr'>evadunt,</span> <span class='ocrx_word' id='word_1_400' title='bbox 1014 3374 1158 3428; x_wconf 88' lang='lat' dir='ltr'>velut</span> <span class='ocrx_word' id='word_1_401' title='bbox 1186 3372 1255 3427; x_wconf 89' lang='lat' dir='ltr'>de</span> <span class='ocrx_word' id='word_1_402' title='bbox 1281 3386 1444 3425; x_wconf 88' lang='lat' dir='ltr'>manu</span> <span class='ocrx_word' id='word_1_403' title='bbox 1468 3368 1686 3434; x_wconf 64' lang='lat' dir='ltr'>Sisara),</span> <span class='ocrx_word' id='word_1_404' title='bbox 1711 3367 1832 3420; x_wconf 90' lang='lat' dir='ltr'>Phi-</span> 
     </span>
    </p>
   </div>
   <div class='ocr_carea' id='block_1_52' title="bbox 237 3456 1836 3538">
    <p class='ocr_par' dir='ltr' id='par_1_52' title="bbox 237 3456 1836 3538">
     <span class='ocr_line' id='line_1_53' title="bbox 237 3456 1836 3538; baseline -0.011 -13"><span class='ocrx_word' id='word_1_405' title='bbox 237 3473 548 3537; x_wconf 83' lang='lat' dir='ltr'>listinorum,</span> <span class='ocrx_word' id='word_1_406' title='bbox 585 3478 638 3523; x_wconf 89' lang='lat' dir='ltr'>et</span> <span class='ocrx_word' id='word_1_407' title='bbox 667 3467 817 3538; x_wconf 86' lang='lat' dir='ltr'>regis</span> <span class='ocrx_word' id='word_1_408' title='bbox 848 3464 1027 3531; x_wconf 80' lang='lat' dir='ltr'>Moab,</span> <span class='ocrx_word' id='word_1_409' title='bbox 1079 3461 1260 3516; x_wconf 86' lang='lat' dir='ltr'>missis</span> <span class='ocrx_word' id='word_1_410' title='bbox 1304 3458 1560 3525; x_wconf 88' lang='lat' dir='ltr'>ducibus,</span> <span class='ocrx_word' id='word_1_411' title='bbox 1593 3456 1836 3510; x_wconf 88' lang='lat' dir='ltr'>liberan-</span> 
     </span>
    </p>
   </div>
   <div class='ocr_carea' id='block_1_53' title="bbox 235 3547 1834 3631">
    <p class='ocr_par' dir='ltr' id='par_1_53' title="bbox 235 3547 1834 3631">
     <span class='ocr_line' id='line_1_54' title="bbox 235 3547 1834 3631; baseline -0.011 -17"><span class='ocrx_word' id='word_1_412' title='bbox 235 3569 323 3617; x_wconf 85' lang='lat' dir='ltr'>tur.</span> <span class='ocrx_word' id='word_1_413' title='bbox 354 3563 411 3615; x_wconf 86' lang='lat' dir='ltr'>ln</span> <span class='ocrx_word' id='word_1_414' title='bbox 443 3558 659 3631; x_wconf 83' lang='lat' dir='ltr'>quibus</span> <span class='ocrx_word' id='word_1_415' title='bbox 685 3557 831 3610; x_wconf 90' lang='lat' dir='ltr'>Deus</span> <span class='ocrx_word' id='word_1_416' title='bbox 872 3553 988 3624; x_wconf 84' lang='lat' dir='ltr'>jam</span> <span class='ocrx_word' id='word_1_417' title='bbox 1035 3550 1182 3606; x_wconf 89' lang='lat' dir='ltr'>solus</span> <span class='ocrx_word' id='word_1_418' title='bbox 1222 3547 1568 3617; x_wconf 86' lang='lat' dir='ltr'>omnipotens</span> <span class='ocrx_word' id='word_1_419' title='bbox 1597 3550 1791 3615; x_wconf 81' lang='lat' dir='ltr'>regnat</span> <span class='ocrx_word' id='word_1_420' title='bbox 1823 3559 1834 3595; x_wconf 93' lang='lat'>:</span> 
     </span>
    </p>
   </div>
   <div class='ocr_carea' id='block_1_54' title="bbox 238 3631 1839 3717">
    <p class='ocr_par' dir='ltr' id='par_1_54' title="bbox 238 3631 1839 3717">
     <span class='ocr_line' id='line_1_55' title="bbox 238 3631 1839 3717; baseline -0.012 -14"><span class='ocrx_word' id='word_1_421' title='bbox 238 3650 347 3717; x_wconf 86' lang='lat' dir='ltr'>quia</span> <span class='ocrx_word' id='word_1_422' title='bbox 375 3651 510 3703; x_wconf 88' lang='lat' dir='ltr'>dum</span> <span class='ocrx_word' id='word_1_423' title='bbox 545 3644 786 3700; x_wconf 85' lang='lat' dir='ltr'>humiles</span> <span class='ocrx_word' id='word_1_424' title='bbox 809 3649 1054 3714; x_wconf 85' lang='lat' dir='ltr'>pastores</span> <span class='ocrx_word' id='word_1_425' title='bbox 1084 3637 1216 3694; x_wconf 88' lang='lat' dir='ltr'>foris</span> <span class='ocrx_word' id='word_1_426' title='bbox 1236 3635 1532 3700; x_wconf 90' lang='lat' dir='ltr'>imitantur,</span> <span class='ocrx_word' id='word_1_427' title='bbox 1556 3631 1839 3704; x_wconf 80' lang='lat' dir='ltr'>regnantis</span> 
     </span>
    </p>
   </div>
   <div class='ocr_carea' id='block_1_55' title="bbox 236 3719 1836 3798">
    <p class='ocr_par' dir='ltr' id='par_1_55' title="bbox 236 3719 1836 3798">
     <span class='ocr_line' id='line_1_56' title="bbox 236 3719 1836 3798; baseline -0.013 -8"><span class='ocrx_word' id='word_1_428' title='bbox 236 3734 364 3792; x_wconf 86' lang='lat' dir='ltr'>inter</span> <span class='ocrx_word' id='word_1_429' title='bbox 390 3752 452 3792; x_wconf 84' lang='lat' dir='ltr'>se</span> <span class='ocrx_word' id='word_1_430' title='bbox 485 3733 795 3790; x_wconf 88' lang='lat' dir='ltr'>divinitatis</span> <span class='ocrx_word' id='word_1_431' title='bbox 824 3743 1063 3784; x_wconf 90' lang='lat' dir='ltr'>amorem</span> <span class='ocrx_word' id='word_1_432' title='bbox 1096 3731 1366 3798; x_wconf 81' lang='lat' dir='ltr'>gratanter</span> <span class='ocrx_word' id='word_1_433' title='bbox 1394 3721 1689 3792; x_wconf 81' lang='lat' dir='ltr'>excipiunt.</span> <span class='ocrx_word' id='word_1_434' title='bbox 1738 3719 1836 3774; x_wconf 87' lang='lat' dir='ltr'>Di-</span> 
     </span>
    </p>
   </div>
   <div class='ocr_carea' id='block_1_56' title="bbox 239 3806 1841 3897">
    <p class='ocr_par' dir='ltr' id='par_1_56' title="bbox 239 3806 1841 3897">
     <span class='ocr_line' id='line_1_57' title="bbox 239 3806 1841 3897; baseline -0.009 -21"><span class='ocrx_word' id='word_1_435' title='bbox 239 3833 308 3878; x_wconf 82' lang='lat' dir='ltr'>cat</span> <span class='ocrx_word' id='word_1_436' title='bbox 335 3840 468 3897; x_wconf 79' lang='lat' dir='ltr'>ergo</span> <span class='ocrx_word' id='word_1_437' title='bbox 501 3823 818 3895; x_wconf 80' lang='lat' dir='ltr'>prepheta:</span> <span class='ocrx_word' id='word_1_438' title='bbox 863 3816 1098 3872; x_wconf 75' lang='lat' dir='ltr'>Dixistis</span> <span class='ocrx_word' id='word_1_439' title='bbox 1117 3812 1260 3870; x_wconf 83' lang='lat' dir='ltr'>mihi</span> <span class='ocrx_word' id='word_1_440' title='bbox 1291 3812 1711 3883; x_wconf 87' lang='lat' dir='ltr'>:Nequaquam,</span> <span class='ocrx_word' id='word_1_441' title='bbox 1742 3806 1841 3863; x_wconf 89' lang='lat' dir='ltr'>sed</span> 
     </span>
    </p>
   </div>
   <div class='ocr_carea' id='block_1_57' title="bbox 242 3897 1830 3982">
    <p class='ocr_par' dir='ltr' id='par_1_57' title="bbox 242 3897 1830 3982">
     <span class='ocr_line' id='line_1_58' title="bbox 242 3897 1830 3982; baseline -0.009 -18"><span class='ocrx_word' id='word_1_442' title='bbox 242 3928 334 3968; x_wconf 71' lang='lat' dir='ltr'>rex</span> <span class='ocrx_word' id='word_1_443' title='bbox 348 3915 456 3969; x_wconf 85' lang='lat' dir='ltr'>erit</span> <span class='ocrx_word' id='word_1_444' title='bbox 475 3924 804 3982; x_wconf 86' lang='lat' dir='ltr'>supernos;</span> <span class='ocrx_word' id='word_1_445' title='bbox 831 3922 959 3963; x_wconf 88' lang='lat' dir='ltr'>cum</span> <span class='ocrx_word' id='word_1_446' title='bbox 977 3905 1248 3961; x_wconf 87' lang='lat' dir='ltr'>Dominus</span> <span class='ocrx_word' id='word_1_447' title='bbox 1276 3903 1539 3971; x_wconf 81' lang='lat' dir='ltr'>regnaret</span> <span class='ocrx_word' id='word_1_448' title='bbox 1562 3899 1623 3953; x_wconf 88' lang='lat' dir='ltr'>in</span> <span class='ocrx_word' id='word_1_449' title='bbox 1643 3897 1791 3953; x_wconf 88' lang='lat' dir='ltr'>vobis</span> <span class='ocrx_word' id='word_1_450' title='bbox 1818 3913 1830 3950; x_wconf 91' lang='lat'><strong>:</strong></span> 
     </span>
    </p>
   </div>
   <div class='ocr_carea' id='block_1_58' title="bbox 240 3984 1840 4067">
    <p class='ocr_par' dir='ltr' id='par_1_58' title="bbox 240 3984 1840 4067">
     <span class='ocr_line' id='line_1_59' title="bbox 240 3984 1840 4067; baseline -0.011 -14"><span class='ocrx_word' id='word_1_451' title='bbox 240 4008 288 4053; x_wconf 90' lang='lat' dir='ltr'>ut</span> <span class='ocrx_word' id='word_1_452' title='bbox 313 4001 577 4056; x_wconf 81' lang='lat' dir='ltr'>ostendat</span> <span class='ocrx_word' id='word_1_453' title='bbox 609 3997 736 4067; x_wconf 88' lang='lat' dir='ltr'>quia</span> <span class='ocrx_word' id='word_1_454' title='bbox 782 3995 871 4064; x_wconf 90' lang='lat' dir='ltr'>qui</span> <span class='ocrx_word' id='word_1_455' title='bbox 917 3992 1232 4048; x_wconf 86' lang='lat' dir='ltr'>carnalibus</span> <span class='ocrx_word' id='word_1_456' title='bbox 1259 4006 1316 4044; x_wconf 90' lang='lat' dir='ltr'>se</span> <span class='ocrx_word' id='word_1_457' title='bbox 1364 3986 1627 4041; x_wconf 88' lang='lat' dir='ltr'>imitando</span> <span class='ocrx_word' id='word_1_458' title='bbox 1662 3984 1840 4054; x_wconf 89' lang='lat' dir='ltr'>subji-</span> 
     </span>
    </p>
   </div>
   <div class='ocr_carea' id='block_1_59' title="bbox 238 4074 1833 4158">
    <p class='ocr_par' dir='ltr' id='par_1_59' title="bbox 238 4074 1833 4158">
     <span class='ocr_line' id='line_1_60' title="bbox 238 4074 1833 4158; baseline -0.011 -14"><span class='ocrx_word' id='word_1_459' title='bbox 238 4089 392 4158; x_wconf 80' lang='lat' dir='ltr'>ciunt,</span> <span class='ocrx_word' id='word_1_460' title='bbox 428 4089 640 4144; x_wconf 79' lang='lat' dir='ltr'>divinae</span> <span class='ocrx_word' id='word_1_461' title='bbox 669 4084 866 4156; x_wconf 69' lang='lat' dir='ltr'>gratiae</span> <span class='ocrx_word' id='word_1_462' title='bbox 897 4082 1216 4154; x_wconf 80' lang='lat' dir='ltr'>dignitatem</span> <span class='ocrx_word' id='word_1_463' title='bbox 1250 4079 1498 4149; x_wconf 89' lang='lat' dir='ltr'>perdunt.</span> <span class='ocrx_word' id='word_1_464' title='bbox 1519 4074 1833 4130; x_wconf 84' lang='lat' dir='ltr'>Notandum</span> 
     </span>
    </p>
   </div>
   <div class='ocr_carea' id='block_1_60' title="bbox 237 4162 1842 4248">
    <p class='ocr_par' dir='ltr' id='par_1_60' title="bbox 237 4162 1842 4248">
     <span class='ocr_line' id='line_1_61' title="bbox 237 4162 1842 4248; baseline -0.011 -17"><span class='ocrx_word' id='word_1_465' title='bbox 237 4179 414 4242; x_wconf 88' lang='lat' dir='ltr'>etiam,</span> <span class='ocrx_word' id='word_1_466' title='bbox 447 4178 587 4248; x_wconf 85' lang='lat' dir='ltr'>quia</span> <span class='ocrx_word' id='word_1_467' title='bbox 619 4174 888 4246; x_wconf 88' lang='lat' dir='ltr'>propheta</span> <span class='ocrx_word' id='word_1_468' title='bbox 918 4168 1134 4226; x_wconf 87' lang='lat' dir='ltr'>Samuel</span> <span class='ocrx_word' id='word_1_469' title='bbox 1179 4183 1277 4238; x_wconf 87' lang='lat' dir='ltr'>per</span> <span class='ocrx_word' id='word_1_470' title='bbox 1324 4165 1570 4222; x_wconf 83' lang='lat' dir='ltr'>virtutem</span> <span class='ocrx_word' id='word_1_471' title='bbox 1619 4162 1842 4216; x_wconf 86' lang='lat' dir='ltr'>humili-</span> 
     </span>
    </p>
   </div>
   <div class='ocr_carea' id='block_1_61' title="bbox 234 4250 1838 4336">
    <p class='ocr_par' dir='ltr' id='par_1_61' title="bbox 234 4250 1838 4336">
     <span class='ocr_line' id='line_1_62' title="bbox 234 4250 1838 4336; baseline -0.007 -19"><span class='ocrx_word' id='word_1_472' title='bbox 234 4267 344 4319; x_wconf 87' lang='lat' dir='ltr'>tatis</span> <span class='ocrx_word' id='word_1_473' title='bbox 372 4266 587 4336; x_wconf 87' lang='lat' dir='ltr'>ubique</span> <span class='ocrx_word' id='word_1_474' title='bbox 619 4278 676 4317; x_wconf 89' lang='lat' dir='ltr'>se</span> <span class='ocrx_word' id='word_1_475' title='bbox 707 4260 892 4316; x_wconf 86' lang='lat' dir='ltr'>electis</span> <span class='ocrx_word' id='word_1_476' title='bbox 920 4257 1154 4314; x_wconf 88' lang='lat' dir='ltr'>ostendit</span> <span class='ocrx_word' id='word_1_477' title='bbox 1183 4256 1237 4310; x_wconf 92' lang='lat' dir='ltr'>in</span> <span class='ocrx_word' id='word_1_478' title='bbox 1269 4270 1454 4309; x_wconf 88' lang='lat' dir='ltr'>norma</span> <span class='ocrx_word' id='word_1_479' title='bbox 1485 4250 1838 4308; x_wconf 82' lang='lat' dir='ltr'>rectitudinis.</span> 
     </span>
    </p>
   </div>
   <div class='ocr_carea' id='block_1_62' title="bbox 234 4342 1837 4417">
    <p class='ocr_par' dir='ltr' id='par_1_62' title="bbox 234 4342 1837 4417">
     <span class='ocr_line' id='line_1_63' title="bbox 234 4342 1837 4417; baseline -0.008 -11"><span class='ocrx_word' id='word_1_480' title='bbox 234 4353 359 4408; x_wconf 74' lang='lat' dir='ltr'>Nam</span> <span class='ocrx_word' id='word_1_481' title='bbox 390 4370 520 4409; x_wconf 88' lang='lat' dir='ltr'>cum</span> <span class='ocrx_word' id='word_1_482' title='bbox 558 4349 886 4406; x_wconf 56' lang='lat' dir='ltr'>Israelitica</span> <span class='ocrx_word' id='word_1_483' title='bbox 916 4345 1093 4417; x_wconf 87' lang='lat' dir='ltr'>plebis</span> <span class='ocrx_word' id='word_1_484' title='bbox 1133 4342 1505 4398; x_wconf 88' lang='lat' dir='ltr'>liberationem</span> <span class='ocrx_word' id='word_1_485' title='bbox 1550 4346 1837 4405; x_wconf 86' lang='lat' dir='ltr'>assereret,</span> 
     </span>
    </p>
   </div>
   <div class='ocr_carea' id='block_1_63' title="bbox 233 4426 1838 4504">
    <p class='ocr_par' dir='ltr' id='par_1_63' title="bbox 233 4426 1838 4504">
     <span class='ocr_line' id='line_1_64' title="bbox 233 4426 1838 4504; baseline -0.008 -10"><span class='ocrx_word' id='word_1_486' title='bbox 233 4456 331 4495; x_wconf 89' lang='lat' dir='ltr'>non</span> <span class='ocrx_word' id='word_1_487' title='bbox 359 4442 434 4496; x_wconf 86' lang='lat' dir='ltr'>ait</span> <span class='ocrx_word' id='word_1_488' title='bbox 468 4458 482 4496; x_wconf 92' lang='lat'><strong>:</strong></span> <span class='ocrx_word' id='word_1_489' title='bbox 520 4439 679 4494; x_wconf 78' lang='lat' dir='ltr'>Misit</span> <span class='ocrx_word' id='word_1_490' title='bbox 705 4437 968 4493; x_wconf 90' lang='lat' dir='ltr'>Dominus</span> <span class='ocrx_word' id='word_1_491' title='bbox 991 4434 1146 4504; x_wconf 86' lang='lat' dir='ltr'>Jepte</span> <span class='ocrx_word' id='word_1_492' title='bbox 1176 4439 1229 4487; x_wconf 91' lang='lat' dir='ltr'>et</span> <span class='ocrx_word' id='word_1_493' title='bbox 1257 4447 1344 4486; x_wconf 89' lang='lat' dir='ltr'>me</span> <span class='ocrx_word' id='word_1_494' title='bbox 1377 4449 1387 4484; x_wconf 94' lang='lat'>:</span> <span class='ocrx_word' id='word_1_495' title='bbox 1422 4429 1518 4484; x_wconf 88' lang='lat' dir='ltr'>sed</span> <span class='ocrx_word' id='word_1_496' title='bbox 1552 4446 1563 4482; x_wconf 89' lang='lat'><strong>:</strong></span> <span class='ocrx_word' id='word_1_497' title='bbox 1592 4426 1752 4500; x_wconf 82' lang='lat' dir='ltr'>Jepte</span> <span class='ocrx_word' id='word_1_498' title='bbox 1783 4430 1838 4484; x_wconf 88' lang='lat' dir='ltr'>et</span> 
     </span>
    </p>
   </div>
   <div class='ocr_carea' id='block_1_64' title="bbox 1933 1867 3530 1944">
    <p class='ocr_par' dir='ltr' id='par_1_64' title="bbox 1933 1867 3530 1944">
     <span class='ocr_line' id='line_1_65' title="bbox 1933 1867 3530 1944; baseline 0.008 -24"><span class='ocrx_word' id='word_1_499' title='bbox 1933 1882 2040 1921; x_wconf 91' lang='lat' dir='ltr'>non</span> <span class='ocrx_word' id='word_1_500' title='bbox 2071 1867 2370 1922; x_wconf 75' lang='lat' dir='ltr'>desistunt?</span> <span class='ocrx_word' id='word_1_501' title='bbox 2427 1867 2646 1923; x_wconf 90' lang='lat' dir='ltr'>Paventi</span> <span class='ocrx_word' id='word_1_502' title='bbox 2679 1867 2895 1937; x_wconf 89' lang='lat' dir='ltr'>quidem</span> <span class='ocrx_word' id='word_1_503' title='bbox 2926 1871 3091 1927; x_wconf 89' lang='lat' dir='ltr'>corde</span> <span class='ocrx_word' id='word_1_504' title='bbox 3122 1872 3298 1928; x_wconf 87' lang='lat' dir='ltr'>futura</span> <span class='ocrx_word' id='word_1_505' title='bbox 3320 1875 3530 1944; x_wconf 88' lang='lat' dir='ltr'>judicia</span> 
     </span>
    </p>
   </div>
   <div class='ocr_carea' id='block_1_65' title="bbox 1935 1955 3528 2030">
    <p class='ocr_par' dir='ltr' id='par_1_65' title="bbox 1935 1955 3528 2030">
     <span class='ocr_line' id='line_1_66' title="bbox 1935 1955 3528 2030; baseline 0.006 -20"><span class='ocrx_word' id='word_1_506' title='bbox 1935 1955 2199 2027; x_wconf 88' lang='lat' dir='ltr'>cogitant,</span> <span class='ocrx_word' id='word_1_507' title='bbox 2232 1956 2331 2011; x_wconf 84' lang='lat' dir='ltr'>sed</span> <span class='ocrx_word' id='word_1_508' title='bbox 2361 1957 2624 2025; x_wconf 86' lang='lat' dir='ltr'>praesenti</span> <span class='ocrx_word' id='word_1_509' title='bbox 2655 1956 2928 2026; x_wconf 79' lang='lat' dir='ltr'>voluptate</span> <span class='ocrx_word' id='word_1_510' title='bbox 2956 1959 3177 2030; x_wconf 87' lang='lat' dir='ltr'>devicti,</span> <span class='ocrx_word' id='word_1_511' title='bbox 3207 1963 3353 2018; x_wconf 87' lang='lat' dir='ltr'>mala</span> <span class='ocrx_word' id='word_1_512' title='bbox 3382 1980 3528 2020; x_wconf 86' lang='lat' dir='ltr'>com-</span> 
     </span>
    </p>
   </div>
   <div class='ocr_carea' id='block_1_66' title="bbox 1935 2044 3531 2119">
    <p class='ocr_par' dir='ltr' id='par_1_66' title="bbox 1935 2044 3531 2119">
     <span class='ocr_line' id='line_1_67' title="bbox 1935 2044 3531 2119; baseline 0.007 -22"><span class='ocrx_word' id='word_1_513' title='bbox 1935 2045 2144 2099; x_wconf 82' lang='lat' dir='ltr'>mittere</span> <span class='ocrx_word' id='word_1_514' title='bbox 2188 2059 2529 2114; x_wconf 87' lang='lat' dir='ltr'>nequaquam</span> <span class='ocrx_word' id='word_1_515' title='bbox 2561 2044 2752 2100; x_wconf 87' lang='lat' dir='ltr'>vitant.</span> <span class='ocrx_word' id='word_1_516' title='bbox 2793 2045 2934 2100; x_wconf 88' lang='lat' dir='ltr'>Bene</span> <span class='ocrx_word' id='word_1_517' title='bbox 2963 2063 3096 2119; x_wconf 83' lang='lat' dir='ltr'>ergo</span> <span class='ocrx_word' id='word_1_518' title='bbox 3124 2058 3250 2118; x_wconf 88' lang='lat' dir='ltr'>post</span> <span class='ocrx_word' id='word_1_519' title='bbox 3278 2052 3531 2110; x_wconf 83' lang='lat' dir='ltr'>timorem</span> 
     </span>
    </p>
   </div>
   <div class='ocr_carea' id='block_1_67' title="bbox 1937 2131 3531 2207">
    <p class='ocr_par' dir='ltr' id='par_1_67' title="bbox 1937 2131 3531 2207">
     <span class='ocr_line' id='line_1_68' title="bbox 1937 2131 3531 2207; baseline 0.005 -19"><span class='ocrx_word' id='word_1_520' title='bbox 1937 2132 2157 2188; x_wconf 90' lang='lat' dir='ltr'>Domini</span> <span class='ocrx_word' id='word_1_521' title='bbox 2208 2131 2324 2200; x_wconf 87' lang='lat' dir='ltr'>ejus</span> <span class='ocrx_word' id='word_1_522' title='bbox 2371 2131 2589 2187; x_wconf 81' lang='lat' dir='ltr'>servitia</span> <span class='ocrx_word' id='word_1_523' title='bbox 2627 2141 2995 2188; x_wconf 86' lang='lat' dir='ltr'>memorantur</span> <span class='ocrx_word' id='word_1_524' title='bbox 3026 2153 3038 2189; x_wconf 93' lang='lat'>:</span> <span class='ocrx_word' id='word_1_525' title='bbox 3073 2137 3199 2207; x_wconf 90' lang='lat' dir='ltr'>quia</span> <span class='ocrx_word' id='word_1_526' title='bbox 3245 2139 3337 2195; x_wconf 88' lang='lat' dir='ltr'>ille</span> <span class='ocrx_word' id='word_1_527' title='bbox 3384 2141 3531 2196; x_wconf 89' lang='lat' dir='ltr'>solus</span> 
     </span>
    </p>
   </div>
   <div class='ocr_carea' id='block_1_68' title="bbox 1940 2220 3534 2292">
    <p class='ocr_par' dir='ltr' id='par_1_68' title="bbox 1940 2220 3534 2292">
     <span class='ocr_line' id='line_1_69' title="bbox 1940 2220 3534 2292; baseline 0.006 -17"><span class='ocrx_word' id='word_1_528' title='bbox 1940 2221 2098 2275; x_wconf 89' lang='lat' dir='ltr'>timor</span> <span class='ocrx_word' id='word_1_529' title='bbox 2127 2220 2436 2290; x_wconf 88' lang='lat' dir='ltr'>probabilis</span> <span class='ocrx_word' id='word_1_530' title='bbox 2466 2229 2566 2287; x_wconf 91' lang='lat' dir='ltr'>est,</span> <span class='ocrx_word' id='word_1_531' title='bbox 2595 2220 2685 2290; x_wconf 90' lang='lat' dir='ltr'>qui</span> <span class='ocrx_word' id='word_1_532' title='bbox 2717 2221 2843 2275; x_wconf 89' lang='lat' dir='ltr'>dum</span> <span class='ocrx_word' id='word_1_533' title='bbox 2892 2230 3123 2278; x_wconf 89' lang='lat' dir='ltr'>mentem</span> <span class='ocrx_word' id='word_1_534' title='bbox 3174 2229 3432 2292; x_wconf 86' lang='lat' dir='ltr'>concutit,</span> <span class='ocrx_word' id='word_1_535' title='bbox 3464 2231 3534 2284; x_wconf 88' lang='lat' dir='ltr'>ad</span> 
     </span>
    </p>
   </div>
   <div class='ocr_carea' id='block_1_69' title="bbox 1938 2307 3536 2381">
    <p class='ocr_par' dir='ltr' id='par_1_69' title="bbox 1938 2307 3536 2381">
     <span class='ocr_line' id='line_1_70' title="bbox 1938 2307 3536 2381; baseline 0.006 -19"><span class='ocrx_word' id='word_1_536' title='bbox 1938 2308 2074 2364; x_wconf 88' lang='lat' dir='ltr'>boni</span> <span class='ocrx_word' id='word_1_537' title='bbox 2103 2307 2284 2380; x_wconf 88' lang='lat' dir='ltr'>operis</span> <span class='ocrx_word' id='word_1_538' title='bbox 2313 2308 2547 2363; x_wconf 90' lang='lat' dir='ltr'>studium</span> <span class='ocrx_word' id='word_1_539' title='bbox 2578 2309 2759 2363; x_wconf 86' lang='lat' dir='ltr'>trahit.</span> <span class='ocrx_word' id='word_1_540' title='bbox 2793 2311 2928 2364; x_wconf 88' lang='lat' dir='ltr'>Item</span> <span class='ocrx_word' id='word_1_541' title='bbox 2973 2312 3098 2381; x_wconf 90' lang='lat' dir='ltr'>quia</span> <span class='ocrx_word' id='word_1_542' title='bbox 3141 2316 3379 2369; x_wconf 89' lang='lat' dir='ltr'>nonnulli</span> <span class='ocrx_word' id='word_1_543' title='bbox 3411 2325 3536 2372; x_wconf 90' lang='lat' dir='ltr'>sunt</span> 
     </span>
    </p>
   </div>
   <div class='ocr_carea' id='block_1_70' title="bbox 1940 2397 3536 2473">
    <p class='ocr_par' dir='ltr' id='par_1_70' title="bbox 1940 2397 3536 2473">
     <span class='ocr_line' id='line_1_71' title="bbox 1940 2397 3536 2473; baseline 0.006 -23"><span class='ocrx_word' id='word_1_544' title='bbox 1940 2398 2031 2467; x_wconf 90' lang='lat' dir='ltr'>qui</span> <span class='ocrx_word' id='word_1_545' title='bbox 2079 2413 2178 2466; x_wconf 89' lang='lat' dir='ltr'>per</span> <span class='ocrx_word' id='word_1_546' title='bbox 2219 2397 2468 2452; x_wconf 90' lang='lat' dir='ltr'>timorem</span> <span class='ocrx_word' id='word_1_547' title='bbox 2499 2397 2718 2452; x_wconf 92' lang='lat' dir='ltr'>Domini</span> <span class='ocrx_word' id='word_1_548' title='bbox 2769 2399 3018 2466; x_wconf 71' lang='lat' dir='ltr'>quaedam</span> <span class='ocrx_word' id='word_1_549' title='bbox 3066 2401 3207 2455; x_wconf 85' lang='lat' dir='ltr'>mala</span> <span class='ocrx_word' id='word_1_550' title='bbox 3255 2415 3536 2473; x_wconf 90' lang='lat' dir='ltr'>respuunt,</span> 
     </span>
    </p>
   </div>
   <div class='ocr_carea' id='block_1_71' title="bbox 1940 2485 3536 2560">
    <p class='ocr_par' dir='ltr' id='par_1_71' title="bbox 1940 2485 3536 2560">
     <span class='ocr_line' id='line_1_72' title="bbox 1940 2485 3536 2560; baseline 0.008 -22"><span class='ocrx_word' id='word_1_551' title='bbox 1940 2485 2120 2555; x_wconf 90' lang='lat' dir='ltr'>aliqua</span> <span class='ocrx_word' id='word_1_552' title='bbox 2151 2485 2296 2540; x_wconf 89' lang='lat' dir='ltr'>bona</span> <span class='ocrx_word' id='word_1_553' title='bbox 2340 2493 2537 2556; x_wconf 81' lang='lat' dir='ltr'>agunt;</span> <span class='ocrx_word' id='word_1_554' title='bbox 2572 2493 2625 2540; x_wconf 89' lang='lat' dir='ltr'>et</span> <span class='ocrx_word' id='word_1_555' title='bbox 2655 2493 2836 2541; x_wconf 89' lang='lat' dir='ltr'>tamen</span> <span class='ocrx_word' id='word_1_556' title='bbox 2885 2503 2990 2544; x_wconf 89' lang='lat' dir='ltr'>nec</span> <span class='ocrx_word' id='word_1_557' title='bbox 3037 2489 3180 2543; x_wconf 89' lang='lat' dir='ltr'>mala</span> <span class='ocrx_word' id='word_1_558' title='bbox 3222 2491 3385 2560; x_wconf 90' lang='lat' dir='ltr'>plene</span> <span class='ocrx_word' id='word_1_559' title='bbox 3432 2495 3536 2550; x_wconf 88' lang='lat' dir='ltr'>de-</span> 
     </span>
    </p>
   </div>
   <div class='ocr_carea' id='block_1_72' title="bbox 1940 2572 3539 2653">
    <p class='ocr_par' dir='ltr' id='par_1_72' title="bbox 1940 2572 3539 2653">
     <span class='ocr_line' id='line_1_73' title="bbox 1940 2572 3539 2653; baseline 0.007 -26"><span class='ocrx_word' id='word_1_560' title='bbox 1940 2582 2142 2639; x_wconf 86' lang='lat' dir='ltr'>serunt,</span> <span class='ocrx_word' id='word_1_561' title='bbox 2176 2589 2278 2630; x_wconf 88' lang='lat' dir='ltr'>nec</span> <span class='ocrx_word' id='word_1_562' title='bbox 2309 2573 2453 2629; x_wconf 91' lang='lat' dir='ltr'>bona</span> <span class='ocrx_word' id='word_1_563' title='bbox 2491 2572 2819 2630; x_wconf 79' lang='lat' dir='ltr'>sufﬁcienter</span> <span class='ocrx_word' id='word_1_564' title='bbox 2843 2585 3150 2645; x_wconf 88' lang='lat' dir='ltr'>operantur,</span> <span class='ocrx_word' id='word_1_565' title='bbox 3184 2579 3496 2653; x_wconf 89' lang='lat' dir='ltr'>adjungitur</span> <span class='ocrx_word' id='word_1_566' title='bbox 3528 2603 3539 2638; x_wconf 88' lang='lat'><strong>:</strong></span> 
     </span>
    </p>
   </div>
   <div class='ocr_carea' id='block_1_73' title="bbox 1942 2661 3540 2740">
    <p class='ocr_par' dir='ltr' id='par_1_73' title="bbox 1942 2661 3540 2740">
     <span class='ocr_line' id='line_1_74' title="bbox 1942 2661 3540 2740; baseline 0.006 -22"><span class='ocrx_word' id='word_1_567' title='bbox 1942 2666 2011 2719; x_wconf 85' lang='lat' dir='ltr'>Et</span> <span class='ocrx_word' id='word_1_568' title='bbox 2043 2662 2343 2718; x_wconf 83' lang='lat' dir='ltr'>audieritis</span> <span class='ocrx_word' id='word_1_569' title='bbox 2377 2678 2565 2718; x_wconf 87' lang='lat' dir='ltr'>vocem</span> <span class='ocrx_word' id='word_1_570' title='bbox 2595 2663 2738 2733; x_wconf 86' lang='lat' dir='ltr'>ejus.</span> <span class='ocrx_word' id='word_1_571' title='bbox 2770 2661 2871 2732; x_wconf 88' lang='lat' dir='ltr'>Qui</span> <span class='ocrx_word' id='word_1_572' title='bbox 2903 2680 3094 2721; x_wconf 89' lang='lat' dir='ltr'>vocem</span> <span class='ocrx_word' id='word_1_573' title='bbox 3125 2667 3340 2722; x_wconf 88' lang='lat' dir='ltr'>Domini</span> <span class='ocrx_word' id='word_1_574' title='bbox 3370 2672 3540 2740; x_wconf 89' lang='lat' dir='ltr'>audit,</span> 
     </span>
    </p>
   </div>
   <div class='ocr_carea' id='block_1_74' title="bbox 1941 2750 3535 2823">
    <p class='ocr_par' dir='ltr' id='par_1_74' title="bbox 1941 2750 3535 2823">
     <span class='ocr_line' id='line_1_75' title="bbox 1941 2750 3535 2823; baseline 0.006 -16"><span class='ocrx_word' id='word_1_575' title='bbox 1941 2760 1993 2807; x_wconf 88' lang='lat' dir='ltr'>et</span> <span class='ocrx_word' id='word_1_576' title='bbox 2023 2751 2165 2806; x_wconf 90' lang='lat' dir='ltr'>bona</span> <span class='ocrx_word' id='word_1_577' title='bbox 2197 2751 2355 2822; x_wconf 89' lang='lat' dir='ltr'>plene</span> <span class='ocrx_word' id='word_1_578' title='bbox 2384 2750 2514 2822; x_wconf 83' lang='lat' dir='ltr'>agit,</span> <span class='ocrx_word' id='word_1_579' title='bbox 2549 2758 2603 2806; x_wconf 91' lang='lat' dir='ltr'>et</span> <span class='ocrx_word' id='word_1_580' title='bbox 2629 2751 2773 2805; x_wconf 87' lang='lat' dir='ltr'>mala</span> <span class='ocrx_word' id='word_1_581' title='bbox 2822 2753 3034 2823; x_wconf 87' lang='lat' dir='ltr'>penitus</span> <span class='ocrx_word' id='word_1_582' title='bbox 3080 2755 3295 2810; x_wconf 89' lang='lat' dir='ltr'>deserit.</span> <span class='ocrx_word' id='word_1_583' title='bbox 3330 2759 3535 2816; x_wconf 87' lang='lat' dir='ltr'>Eadem</span> 
     </span>
    </p>
   </div>
   <div class='ocr_carea' id='block_1_75' title="bbox 1941 2839 3543 2909">
    <p class='ocr_par' dir='ltr' id='par_1_75' title="bbox 1941 2839 3543 2909">
     <span class='ocr_line' id='line_1_76' title="bbox 1941 2839 3543 2909; baseline 0.005 -13"><span class='ocrx_word' id='word_1_584' title='bbox 1941 2855 2074 2896; x_wconf 85' lang='lat' dir='ltr'>vero</span> <span class='ocrx_word' id='word_1_585' title='bbox 2102 2839 2245 2895; x_wconf 89' lang='lat' dir='ltr'>bona</span> <span class='ocrx_word' id='word_1_586' title='bbox 2285 2854 2450 2909; x_wconf 88' lang='lat' dir='ltr'>opera</span> <span class='ocrx_word' id='word_1_587' title='bbox 2478 2839 2532 2893; x_wconf 92' lang='lat' dir='ltr'>in</span> <span class='ocrx_word' id='word_1_588' title='bbox 2564 2839 2920 2896; x_wconf 87' lang='lat' dir='ltr'>delectatione</span> <span class='ocrx_word' id='word_1_589' title='bbox 2966 2843 3244 2898; x_wconf 88' lang='lat' dir='ltr'>suavitatis</span> <span class='ocrx_word' id='word_1_590' title='bbox 3291 2846 3543 2904; x_wconf 87' lang='lat' dir='ltr'>habenda</span> 
     </span>
    </p>
   </div>
   <div class='ocr_carea' id='block_1_76' title="bbox 1942 2927 3544 3006">
    <p class='ocr_par' dir='ltr' id='par_1_76' title="bbox 1942 2927 3544 3006">
     <span class='ocr_line' id='line_1_77' title="bbox 1942 2927 3544 3006; baseline 0.006 -23"><span class='ocrx_word' id='word_1_591' title='bbox 1942 2936 2082 2992; x_wconf 89' lang='lat' dir='ltr'>sunt,</span> <span class='ocrx_word' id='word_1_592' title='bbox 2116 2943 2222 2982; x_wconf 91' lang='lat' dir='ltr'>non</span> <span class='ocrx_word' id='word_1_593' title='bbox 2271 2928 2324 2981; x_wconf 91' lang='lat' dir='ltr'>in</span> <span class='ocrx_word' id='word_1_594' title='bbox 2375 2927 2736 2983; x_wconf 69' lang='lat' dir='ltr'>aestimatione</span> <span class='ocrx_word' id='word_1_595' title='bbox 2784 2930 3108 2998; x_wconf 87' lang='lat' dir='ltr'>asperitatis.</span> <span class='ocrx_word' id='word_1_596' title='bbox 3157 2932 3297 2987; x_wconf 90' lang='lat' dir='ltr'>Nam</span> <span class='ocrx_word' id='word_1_597' title='bbox 3348 2935 3544 3006; x_wconf 88' lang='lat' dir='ltr'>quibus</span> 
     </span>
    </p>
   </div>
   <div class='ocr_carea' id='block_1_77' title="bbox 1943 3015 3541 3094">
    <p class='ocr_par' dir='ltr' id='par_1_77' title="bbox 1943 3015 3541 3094">
     <span class='ocr_line' id='line_1_78' title="bbox 1943 3015 3541 3094; baseline 0.005 -22"><span class='ocrx_word' id='word_1_598' title='bbox 1943 3033 2161 3086; x_wconf 84' lang='lat' dir='ltr'>semper</span> <span class='ocrx_word' id='word_1_599' title='bbox 2186 3015 2320 3070; x_wconf 89' lang='lat' dir='ltr'>dura</span> <span class='ocrx_word' id='word_1_600' title='bbox 2350 3024 2402 3070; x_wconf 92' lang='lat' dir='ltr'>et</span> <span class='ocrx_word' id='word_1_601' title='bbox 2430 3031 2622 3084; x_wconf 87' lang='lat' dir='ltr'>aspera</span> <span class='ocrx_word' id='word_1_602' title='bbox 2650 3016 2903 3071; x_wconf 85' lang='lat' dir='ltr'>videntur</span> <span class='ocrx_word' id='word_1_603' title='bbox 2931 3034 3051 3088; x_wconf 67' lang='lat' dir='ltr'>quae</span> <span class='ocrx_word' id='word_1_604' title='bbox 3081 3035 3111 3074; x_wconf 92' lang='lat' dir='ltr'>a</span> <span class='ocrx_word' id='word_1_605' title='bbox 3132 3020 3374 3078; x_wconf 92' lang='lat' dir='ltr'>Domino</span> <span class='ocrx_word' id='word_1_606' title='bbox 3401 3041 3541 3094; x_wconf 76' lang='lat' dir='ltr'>prte-</span> 
     </span>
    </p>
   </div>
   <div class='ocr_carea' id='block_1_78' title="bbox 1943 3103 3542 3176">
    <p class='ocr_par' dir='ltr' id='par_1_78' title="bbox 1943 3103 3542 3176">
     <span class='ocr_line' id='line_1_79' title="bbox 1943 3103 3542 3176; baseline 0.006 -16"><span class='ocrx_word' id='word_1_607' title='bbox 1943 3106 2232 3176; x_wconf 89' lang='lat' dir='ltr'>cipiuutnr,</span> <span class='ocrx_word' id='word_1_608' title='bbox 2264 3103 2526 3174; x_wconf 85' lang='lat' dir='ltr'>paulatim</span> <span class='ocrx_word' id='word_1_609' title='bbox 2554 3104 2819 3158; x_wconf 88' lang='lat' dir='ltr'>decidunt</span> <span class='ocrx_word' id='word_1_610' title='bbox 2848 3114 2900 3159; x_wconf 88' lang='lat' dir='ltr'>et</span> <span class='ocrx_word' id='word_1_611' title='bbox 2929 3104 3201 3163; x_wconf 82' lang='lat' dir='ltr'>deﬁciunt.</span> <span class='ocrx_word' id='word_1_612' title='bbox 3226 3111 3364 3168; x_wconf 85' lang='lat' dir='ltr'>Hinc</span> <span class='ocrx_word' id='word_1_613' title='bbox 3393 3115 3542 3171; x_wconf 86' lang='lat' dir='ltr'>enim</span> 
     </span>
    </p>
   </div>
   <div class='ocr_carea' id='block_1_79' title="bbox 1949 3191 3549 3265">
    <p class='ocr_par' dir='ltr' id='par_1_79' title="bbox 1949 3191 3549 3265">
     <span class='ocr_line' id='line_1_80' title="bbox 1949 3191 3549 3265; baseline 0.008 -17"><span class='ocrx_word' id='word_1_614' title='bbox 1949 3211 2047 3264; x_wconf 88' lang='lat' dir='ltr'>per</span> <span class='ocrx_word' id='word_1_615' title='bbox 2077 3193 2431 3262; x_wconf 88' lang='lat' dir='ltr'>semetipsam</span> <span class='ocrx_word' id='word_1_616' title='bbox 2463 3191 2672 3247; x_wconf 81' lang='lat' dir='ltr'>Veritas</span> <span class='ocrx_word' id='word_1_617' title='bbox 2713 3192 2844 3247; x_wconf 89' lang='lat' dir='ltr'>dicit</span> <span class='ocrx_word' id='word_1_618' title='bbox 2876 3212 2887 3248; x_wconf 91' lang='lat'><strong>:</strong></span> <span class='ocrx_word' id='word_1_619' title='bbox 2922 3195 3125 3265; x_wconf 75' lang='lat' dir='ltr'>Iugum</span> <span class='ocrx_word' id='word_1_620' title='bbox 3169 3200 3324 3256; x_wconf 86' lang='lat' dir='ltr'>enim</span> <span class='ocrx_word' id='word_1_621' title='bbox 3357 3219 3549 3261; x_wconf 86' lang='lat' dir='ltr'>meum</span> 
     </span>
    </p>
   </div>
   <div class='ocr_carea' id='block_1_80' title="bbox 1945 3283 3548 3359">
    <p class='ocr_par' dir='ltr' id='par_1_80' title="bbox 1945 3283 3548 3359">
     <span class='ocr_line' id='line_1_81' title="bbox 1945 3283 3548 3359; baseline 0.006 -20"><span class='ocrx_word' id='word_1_622' title='bbox 1945 3298 2116 3339; x_wconf 77' lang='lat' dir='ltr'>suave</span> <span class='ocrx_word' id='word_1_623' title='bbox 2137 3287 2242 3350; x_wconf 81' lang='lat' dir='ltr'>est,</span> <span class='ocrx_word' id='word_1_624' title='bbox 2269 3285 2325 3336; x_wconf 86' lang='lat' dir='ltr'>et</span> <span class='ocrx_word' id='word_1_625' title='bbox 2347 3297 2490 3338; x_wconf 87' lang='lat' dir='ltr'>onus</span> <span class='ocrx_word' id='word_1_626' title='bbox 2527 3297 2718 3338; x_wconf 87' lang='lat' dir='ltr'>meum</span> <span class='ocrx_word' id='word_1_627' title='bbox 2744 3283 2857 3339; x_wconf 85' lang='lat' dir='ltr'>leve</span> <span class='ocrx_word' id='word_1_628' title='bbox 2887 3284 3108 3351; x_wconf 75' lang='lat' dir='ltr'>(Matth.</span> <span class='ocrx_word' id='word_1_629' title='bbox 3133 3302 3212 3354; x_wconf 67' lang='grc' dir='ltr'>χι,</span> <span class='ocrx_word' id='word_1_630' title='bbox 3247 3293 3361 3359; x_wconf 85' lang='lat'>30).</span> <span class='ocrx_word' id='word_1_631' title='bbox 3413 3293 3548 3349; x_wconf 85' lang='lat' dir='ltr'>Hinc</span> 
     </span>
    </p>
   </div>
   <div class='ocr_carea' id='block_1_81' title="bbox 1941 3369 3541 3449">
    <p class='ocr_par' dir='ltr' id='par_1_81' title="bbox 1941 3369 3541 3449">
     <span class='ocr_line' id='line_1_82' title="bbox 1941 3369 3541 3449; baseline 0.008 -25"><span class='ocrx_word' id='word_1_632' title='bbox 1941 3371 2182 3426; x_wconf 87' lang='lat' dir='ltr'>Joannes</span> <span class='ocrx_word' id='word_1_633' title='bbox 2211 3369 2285 3424; x_wconf 91' lang='lat' dir='ltr'>ait</span> <span class='ocrx_word' id='word_1_634' title='bbox 2318 3389 2329 3424; x_wconf 91' lang='lat'><strong>:</strong></span> <span class='ocrx_word' id='word_1_635' title='bbox 2365 3370 2633 3426; x_wconf 82' lang='lat' dir='ltr'>Mandata</span> <span class='ocrx_word' id='word_1_636' title='bbox 2655 3371 2777 3441; x_wconf 87' lang='lat' dir='ltr'>ejus</span> <span class='ocrx_word' id='word_1_637' title='bbox 2792 3373 2986 3442; x_wconf 88' lang='lat' dir='ltr'>gravia</span> <span class='ocrx_word' id='word_1_638' title='bbox 3011 3389 3126 3429; x_wconf 87' lang='lat' dir='ltr'>non</span> <span class='ocrx_word' id='word_1_639' title='bbox 3147 3381 3284 3432; x_wconf 85' lang='lat' dir='ltr'>sunt</span> <span class='ocrx_word' id='word_1_640' title='bbox 3305 3378 3541 3449; x_wconf 86' lang='lat' dir='ltr'>(IJoan.</span> 
     </span>
    </p>
   </div>
   <div class='ocr_carea' id='block_1_82' title="bbox 1945 3458 3542 3536">
    <p class='ocr_par' dir='ltr' id='par_1_82' title="bbox 1945 3458 3542 3536">
     <span class='ocr_line' id='line_1_83' title="bbox 1945 3458 3542 3536; baseline 0.006 -21"><span class='ocrx_word' id='word_1_641' title='bbox 1945 3475 1999 3523; x_wconf 86' lang='lat' dir='ltr'>v,</span> <span class='ocrx_word' id='word_1_642' title='bbox 2034 3462 2109 3529; x_wconf 87' lang='grc'>3).</span> <span class='ocrx_word' id='word_1_643' title='bbox 2160 3458 2360 3514; x_wconf 87' lang='lat' dir='ltr'>Gravia</span> <span class='ocrx_word' id='word_1_644' title='bbox 2403 3459 2605 3530; x_wconf 90' lang='lat' dir='ltr'>quippe</span> <span class='ocrx_word' id='word_1_645' title='bbox 2652 3475 2760 3513; x_wconf 91' lang='lat' dir='ltr'>non</span> <span class='ocrx_word' id='word_1_646' title='bbox 2807 3467 2928 3514; x_wconf 90' lang='lat' dir='ltr'>sunt</span> <span class='ocrx_word' id='word_1_647' title='bbox 2974 3461 3206 3516; x_wconf 88' lang='lat' dir='ltr'>electis:</span> <span class='ocrx_word' id='word_1_648' title='bbox 3241 3465 3368 3536; x_wconf 89' lang='lat' dir='ltr'>quia</span> <span class='ocrx_word' id='word_1_649' title='bbox 3413 3469 3542 3524; x_wconf 90' lang='lat' dir='ltr'>dum</span> 
     </span>
    </p>
   </div>
   <div class='ocr_carea' id='block_1_83' title="bbox 1946 3546 3547 3628">
    <p class='ocr_par' dir='ltr' id='par_1_83' title="bbox 1946 3546 3547 3628">
     <span class='ocr_line' id='line_1_84' title="bbox 1946 3546 3547 3628; baseline 0.007 -26"><span class='ocrx_word' id='word_1_650' title='bbox 1946 3555 2162 3602; x_wconf 69' lang='lat' dir='ltr'>aeternae</span> <span class='ocrx_word' id='word_1_651' title='bbox 2211 3546 2337 3602; x_wconf 71' lang='lat' dir='ltr'>vitae</span> <span class='ocrx_word' id='word_1_652' title='bbox 2384 3546 2616 3617; x_wconf 82' lang='lat' dir='ltr'>gloriam</span> <span class='ocrx_word' id='word_1_653' title='bbox 2665 3563 2868 3619; x_wconf 79' lang='lat' dir='ltr'>magno</span> <span class='ocrx_word' id='word_1_654' title='bbox 2923 3548 3191 3606; x_wconf 87' lang='lat' dir='ltr'>desiderio</span> <span class='ocrx_word' id='word_1_655' title='bbox 3248 3563 3547 3628; x_wconf 87' lang='lat' dir='ltr'>appetunt,</span> 
     </span>
    </p>
   </div>
   <div class='ocr_carea' id='block_1_84' title="bbox 1949 3635 3550 3718">
    <p class='ocr_par' dir='ltr' id='par_1_84' title="bbox 1949 3635 3550 3718">
     <span class='ocr_line' id='line_1_85' title="bbox 1949 3635 3550 3718; baseline 0.009 -29"><span class='ocrx_word' id='word_1_656' title='bbox 1949 3644 2224 3705; x_wconf 76' lang='lat' dir='ltr'>praecepta</span> <span class='ocrx_word' id='word_1_657' title='bbox 2253 3635 2584 3718; x_wconf 75' lang='lat' dir='ltr'>Evangelica</span> <span class='ocrx_word' id='word_1_658' title='bbox 2613 3643 2892 3706; x_wconf 83' lang='lat' dir='ltr'>gratanter</span> <span class='ocrx_word' id='word_1_659' title='bbox 2920 3636 3120 3694; x_wconf 86' lang='lat' dir='ltr'>ferunt.</span> <span class='ocrx_word' id='word_1_660' title='bbox 3161 3641 3343 3698; x_wconf 90' lang='lat' dir='ltr'>Potest</span> <span class='ocrx_word' id='word_1_661' title='bbox 3387 3653 3440 3701; x_wconf 89' lang='lat' dir='ltr'>et</span> <span class='ocrx_word' id='word_1_662' title='bbox 3486 3663 3550 3702; x_wconf 92' lang='lat' dir='ltr'>os</span> 
     </span>
    </p>
   </div>
   <div class='ocr_carea' id='block_1_85' title="bbox 1949 3722 3550 3803">
    <p class='ocr_par' dir='ltr' id='par_1_85' title="bbox 1949 3722 3550 3803">
     <span class='ocr_line' id='line_1_86' title="bbox 1949 3722 3550 3803; baseline 0.007 -24"><span class='ocrx_word' id='word_1_663' title='bbox 1949 3724 2170 3779; x_wconf 90' lang='lat' dir='ltr'>Domini</span> <span class='ocrx_word' id='word_1_664' title='bbox 2200 3723 2512 3794; x_wconf 66' lang='lat' dir='ltr'>praedicatio</span> <span class='ocrx_word' id='word_1_665' title='bbox 2533 3722 2790 3793; x_wconf 58' lang='lat' dir='ltr'>perfecta</span> <span class='ocrx_word' id='word_1_666' title='bbox 2810 3723 3089 3781; x_wconf 88' lang='lat' dir='ltr'>cbaritatis</span> <span class='ocrx_word' id='word_1_667' title='bbox 3107 3727 3356 3803; x_wconf 81' lang='lat' dir='ltr'>intelligi.</span> <span class='ocrx_word' id='word_1_668' title='bbox 3381 3732 3550 3803; x_wconf 87' lang='lat' dir='ltr'>Quasi</span> 
     </span>
    </p>
   </div>
   <div class='ocr_carea' id='block_1_86' title="bbox 1948 3811 3546 3888">
    <p class='ocr_par' dir='ltr' id='par_1_86' title="bbox 1948 3811 3546 3888">
     <span class='ocr_line' id='line_1_87' title="bbox 1948 3811 3546 3888; baseline 0.008 -22"><span class='ocrx_word' id='word_1_669' title='bbox 1948 3811 2094 3866; x_wconf 92' lang='lat' dir='ltr'>enim</span> <span class='ocrx_word' id='word_1_670' title='bbox 2145 3812 2253 3865; x_wconf 90' lang='lat' dir='ltr'>oris</span> <span class='ocrx_word' id='word_1_671' title='bbox 2295 3811 2377 3865; x_wconf 90' lang='lat' dir='ltr'>sui</span> <span class='ocrx_word' id='word_1_672' title='bbox 2409 3811 2783 3867; x_wconf 88' lang='lat' dir='ltr'>blandimenta</span> <span class='ocrx_word' id='word_1_673' title='bbox 2830 3813 3044 3868; x_wconf 87' lang='lat' dir='ltr'>volebat</span> <span class='ocrx_word' id='word_1_674' title='bbox 3087 3819 3389 3888; x_wconf 89' lang='lat' dir='ltr'>ostendere,</span> <span class='ocrx_word' id='word_1_675' title='bbox 3422 3839 3546 3878; x_wconf 90' lang='lat' dir='ltr'>cum</span> 
     </span>
    </p>
   </div>
   <div class='ocr_carea' id='block_1_87' title="bbox 1950 3900 3549 3976">
    <p class='ocr_par' dir='ltr' id='par_1_87' title="bbox 1950 3900 3549 3976">
     <span class='ocr_line' id='line_1_88' title="bbox 1950 3900 3549 3976; baseline 0.009 -23"><span class='ocrx_word' id='word_1_676' title='bbox 1950 3901 2002 3953; x_wconf 86' lang='lat' dir='ltr'>di</span> <span class='ocrx_word' id='word_1_677' title='bbox 2011 3900 2169 3955; x_wconf 90' lang='lat' dir='ltr'>ccbat</span> <span class='ocrx_word' id='word_1_678' title='bbox 2196 3918 2206 3953; x_wconf 88' lang='lat'>:</span> <span class='ocrx_word' id='word_1_679' title='bbox 2233 3901 2341 3955; x_wconf 81' lang='lat' dir='ltr'>Hoc</span> <span class='ocrx_word' id='word_1_680' title='bbox 2352 3904 2434 3954; x_wconf 88' lang='lat' dir='ltr'>est</span> <span class='ocrx_word' id='word_1_681' title='bbox 2445 3905 2792 3970; x_wconf 68' lang='lat' dir='ltr'>praeceptum</span> <span class='ocrx_word' id='word_1_682' title='bbox 2809 3917 3019 3968; x_wconf 89' lang='lat' dir='ltr'>meum,</span> <span class='ocrx_word' id='word_1_683' title='bbox 3039 3908 3106 3959; x_wconf 88' lang='lat' dir='ltr'>ut</span> <span class='ocrx_word' id='word_1_684' title='bbox 3127 3905 3383 3976; x_wconf 78' lang='lat' dir='ltr'>diligatis</span> <span class='ocrx_word' id='word_1_685' title='bbox 3404 3912 3463 3966; x_wconf 87' lang='lat' dir='ltr'>in</span> <span class='ocrx_word' id='word_1_686' title='bbox 3473 3915 3549 3969; x_wconf 87' lang='lat' dir='ltr'>vi-</span> 
     </span>
    </p>
   </div>
   <div class='ocr_carea' id='block_1_88' title="bbox 1949 3988 3549 4071">
    <p class='ocr_par' dir='ltr' id='par_1_88' title="bbox 1949 3988 3549 4071">
     <span class='ocr_line' id='line_1_89' title="bbox 1949 3988 3549 4071; baseline 0.008 -28"><span class='ocrx_word' id='word_1_687' title='bbox 1949 4004 2068 4044; x_wconf 87' lang='lat' dir='ltr'>cem</span> <span class='ocrx_word' id='word_1_688' title='bbox 2118 3988 2269 4043; x_wconf 86' lang='lat' dir='ltr'>sicut</span> <span class='ocrx_word' id='word_1_689' title='bbox 2317 3988 2498 4042; x_wconf 70' lang='lat' dir='ltr'>dilexi</span> <span class='ocrx_word' id='word_1_690' title='bbox 2540 4003 2634 4043; x_wconf 84' lang='lat' dir='ltr'>vos</span> <span class='ocrx_word' id='word_1_691' title='bbox 2672 3989 2857 4056; x_wconf 85' lang='lat' dir='ltr'>(Joan.</span> <span class='ocrx_word' id='word_1_692' title='bbox 2903 4006 2994 4057; x_wconf 78' lang='lat' dir='ltr'>xv,</span> <span class='ocrx_word' id='word_1_693' title='bbox 3029 3996 3144 4062; x_wconf 80' lang='lat' dir='ltr'>t2).</span> <span class='ocrx_word' id='word_1_694' title='bbox 3194 3994 3309 4050; x_wconf 86' lang='lat' dir='ltr'>Hoc</span> <span class='ocrx_word' id='word_1_695' title='bbox 3349 3999 3549 4071; x_wconf 90' lang='lat' dir='ltr'>quippe</span> 
     </span>
    </p>
   </div>
   <div class='ocr_carea' id='block_1_89' title="bbox 1948 4074 3546 4147">
    <p class='ocr_par' dir='ltr' id='par_1_89' title="bbox 1948 4074 3546 4147">
     <span class='ocr_line' id='line_1_90' title="bbox 1948 4074 3546 4147; baseline 0.008 -18"><span class='ocrx_word' id='word_1_696' title='bbox 1948 4084 2284 4146; x_wconf 69' lang='lat' dir='ltr'>praeceptum</span> <span class='ocrx_word' id='word_1_697' title='bbox 2317 4074 2554 4141; x_wconf 91' lang='lat' dir='ltr'>Domini,</span> <span class='ocrx_word' id='word_1_698' title='bbox 2608 4076 2712 4131; x_wconf 87' lang='lat' dir='ltr'>hoc</span> <span class='ocrx_word' id='word_1_699' title='bbox 2754 4078 2950 4147; x_wconf 87' lang='lat' dir='ltr'>jugum</span> <span class='ocrx_word' id='word_1_700' title='bbox 2997 4089 3075 4133; x_wconf 87' lang='lat' dir='ltr'>est</span> <span class='ocrx_word' id='word_1_701' title='bbox 3118 4081 3316 4138; x_wconf 75' lang='lat' dir='ltr'>divinae</span> <span class='ocrx_word' id='word_1_702' title='bbox 3361 4090 3546 4141; x_wconf 89' lang='lat' dir='ltr'>suavi-</span> 
     </span>
    </p>
   </div>
   <div class='ocr_carea' id='block_1_90' title="bbox 1949 4163 3548 4243">
    <p class='ocr_par' dir='ltr' id='par_1_90' title="bbox 1949 4163 3548 4243">
     <span class='ocr_line' id='line_1_91' title="bbox 1949 4163 3548 4243; baseline 0.009 -27"><span class='ocrx_word' id='word_1_703' title='bbox 1949 4165 2089 4220; x_wconf 86' lang='lat' dir='ltr'>tatis.</span> <span class='ocrx_word' id='word_1_704' title='bbox 2132 4164 2275 4232; x_wconf 86' lang='lat' dir='ltr'>Quid</span> <span class='ocrx_word' id='word_1_705' title='bbox 2314 4163 2454 4218; x_wconf 90' lang='lat' dir='ltr'>enim</span> <span class='ocrx_word' id='word_1_706' title='bbox 2491 4163 2681 4232; x_wconf 88' lang='lat' dir='ltr'>levius,</span> <span class='ocrx_word' id='word_1_707' title='bbox 2713 4173 2805 4218; x_wconf 89' lang='lat' dir='ltr'>aut</span> <span class='ocrx_word' id='word_1_708' title='bbox 2847 4180 3087 4236; x_wconf 89' lang='lat' dir='ltr'>unquam</span> <span class='ocrx_word' id='word_1_709' title='bbox 3131 4171 3353 4241; x_wconf 85' lang='lat' dir='ltr'>gratius,</span> <span class='ocrx_word' id='word_1_710' title='bbox 3386 4189 3548 4243; x_wconf 87' lang='lat' dir='ltr'>quam</span> 
     </span>
    </p>
   </div>
   <div class='ocr_carea' id='block_1_91' title="bbox 1951 4251 3548 4326">
    <p class='ocr_par' dir='ltr' id='par_1_91' title="bbox 1951 4251 3548 4326">
     <span class='ocr_line' id='line_1_92' title="bbox 1951 4251 3548 4326; baseline 0.007 -18"><span class='ocrx_word' id='word_1_711' title='bbox 1951 4269 2104 4308; x_wconf 83' lang='lat' dir='ltr'>amor</span> <span class='ocrx_word' id='word_1_712' title='bbox 2161 4253 2371 4308; x_wconf 76' lang='lat' dir='ltr'>fertur?</span> <span class='ocrx_word' id='word_1_713' title='bbox 2401 4251 2543 4321; x_wconf 89' lang='lat' dir='ltr'>Quid</span> <span class='ocrx_word' id='word_1_714' title='bbox 2573 4261 2838 4322; x_wconf 73' lang='lat' dir='ltr'>praeterea</span> <span class='ocrx_word' id='word_1_715' title='bbox 2867 4270 3036 4326; x_wconf 84' lang='lat' dir='ltr'>grave</span> <span class='ocrx_word' id='word_1_716' title='bbox 3081 4272 3190 4312; x_wconf 88' lang='lat' dir='ltr'>non</span> <span class='ocrx_word' id='word_1_717' title='bbox 3237 4259 3430 4317; x_wconf 87' lang='lat' dir='ltr'>leviter</span> <span class='ocrx_word' id='word_1_718' title='bbox 3460 4273 3548 4319; x_wconf 87' lang='lat' dir='ltr'>to-</span> 
     </span>
    </p>
   </div>
   <div class='ocr_carea' id='block_1_92' title="bbox 1948 4339 3550 4419">
    <p class='ocr_par' dir='ltr' id='par_1_92' title="bbox 1948 4339 3550 4419">
     <span class='ocr_line' id='line_1_93' title="bbox 1948 4339 3550 4419; baseline 0.006 -22"><span class='ocrx_word' id='word_1_719' title='bbox 1948 4343 2121 4410; x_wconf 91' lang='lat' dir='ltr'>lerat,</span> <span class='ocrx_word' id='word_1_720' title='bbox 2179 4341 2270 4413; x_wconf 93' lang='lat' dir='ltr'>qui</span> <span class='ocrx_word' id='word_1_721' title='bbox 2329 4343 2518 4395; x_wconf 76' lang='lat' dir='ltr'>amat?</span> <span class='ocrx_word' id='word_1_722' title='bbox 2576 4339 2850 4411; x_wconf 88' lang='lat' dir='ltr'>Quidquid</span> <span class='ocrx_word' id='word_1_723' title='bbox 2905 4341 3048 4397; x_wconf 89' lang='lat' dir='ltr'>enim</span> <span class='ocrx_word' id='word_1_724' title='bbox 3105 4345 3366 4419; x_wconf 88' lang='lat' dir='ltr'>diligitur,</span> <span class='ocrx_word' id='word_1_725' title='bbox 3426 4369 3550 4410; x_wconf 90' lang='lat' dir='ltr'>cum</span> 
     </span>
    </p>
   </div>
   <div class='ocr_carea' id='block_1_93' title="bbox 1954 4429 3552 4513">
    <p class='ocr_par' dir='ltr' id='par_1_93' title="bbox 1954 4429 3552 4513">
     <span class='ocr_line' id='line_1_94' title="bbox 1954 4429 3552 4513; baseline 0.006 -29"><span class='ocrx_word' id='word_1_726' title='bbox 1954 4446 2153 4502; x_wconf 86' lang='lat' dir='ltr'>magna</span> <span class='ocrx_word' id='word_1_727' title='bbox 2183 4429 2472 4485; x_wconf 79' lang='lat' dir='ltr'>devotione</span> <span class='ocrx_word' id='word_1_728' title='bbox 2501 4437 2762 4499; x_wconf 88' lang='lat' dir='ltr'>portatur.</span> <span class='ocrx_word' id='word_1_729' title='bbox 2805 4429 2942 4499; x_wconf 90' lang='lat' dir='ltr'>Quia</span> <span class='ocrx_word' id='word_1_730' title='bbox 2967 4447 3100 4504; x_wconf 90' lang='lat' dir='ltr'>ergo</span> <span class='ocrx_word' id='word_1_731' title='bbox 3133 4435 3405 4493; x_wconf 87' lang='lat' dir='ltr'>vinculum</span> <span class='ocrx_word' id='word_1_732' title='bbox 3432 4457 3552 4513; x_wconf 79' lang='lat' dir='ltr'>per-</span> 
     </span>
    </p>
   </div>
   <div class='ocr_carea' id='block_1_94' title="bbox 233 4499 3550 4600">
    <p class='ocr_par' dir='ltr' id='par_1_94' title="bbox 233 4499 3550 4600">
     <span class='ocr_line' id='line_1_95' title="bbox 233 4499 3550 4600; baseline 0.001 -16"><span class='ocrx_word' id='word_1_733' title='bbox 233 4529 478 4600; x_wconf 87' lang='lat' dir='ltr'>Samuel,</span> <span class='ocrx_word' id='word_1_734' title='bbox 511 4532 577 4584; x_wconf 87' lang='lat' dir='ltr'>et</span> <span class='ocrx_word' id='word_1_735' title='bbox 612 4526 767 4582; x_wconf 86' lang='lat' dir='ltr'>eruit</span> <span class='ocrx_word' id='word_1_736' title='bbox 801 4539 892 4580; x_wconf 86' lang='lat' dir='ltr'>vos</span> <span class='ocrx_word' id='word_1_737' title='bbox 927 4521 994 4578; x_wconf 90' lang='lat' dir='ltr'>de</span> <span class='ocrx_word' id='word_1_738' title='bbox 1023 4537 1202 4576; x_wconf 85' lang='lat' dir='ltr'>manu</span> <span class='ocrx_word' id='word_1_739' title='bbox 1233 4518 1597 4575; x_wconf 81' lang='lat' dir='ltr'>inimicorum</span> <span class='ocrx_word' id='word_1_740' title='bbox 1624 4519 1842 4573; x_wconf 85' lang='lat' dir='ltr'>vestro-</span> <span class='ocrx_word' id='word_1_741' title='bbox 1873 4499 1924 4560; x_wconf 83' lang='lat' dir='ltr'>D</span> <span class='ocrx_word' id='word_1_742' title='bbox 1954 4499 2198 4574; x_wconf 74' lang='lat' dir='ltr'>factionis</span> <span class='ocrx_word' id='word_1_743' title='bbox 2229 4526 2309 4573; x_wconf 85' lang='lat' dir='ltr'>est</span> <span class='ocrx_word' id='word_1_744' title='bbox 2335 4517 2566 4572; x_wconf 89' lang='lat' dir='ltr'>charitas</span> <span class='ocrx_word' id='word_1_745' title='bbox 2607 4518 2699 4572; x_wconf 91' lang='lat' dir='ltr'>Dei</span> <span class='ocrx_word' id='word_1_746' title='bbox 2730 4525 2783 4573; x_wconf 90' lang='lat' dir='ltr'>et</span> <span class='ocrx_word' id='word_1_747' title='bbox 2811 4499 3063 4589; x_wconf 70' lang='lat' dir='ltr'>proximi,</span> <span class='ocrx_word' id='word_1_748' title='bbox 3095 4521 3232 4579; x_wconf 89' lang='lat' dir='ltr'>bene</span> <span class='ocrx_word' id='word_1_749' title='bbox 3262 4525 3318 4581; x_wconf 91' lang='lat' dir='ltr'>in</span> <span class='ocrx_word' id='word_1_750' title='bbox 3361 4499 3550 4589; x_wconf 77' lang='lat' dir='ltr'>ultimo</span> 
     </span>
    </p>
   </div>
   <div class='ocr_carea' id='block_1_95' title="bbox 234 4603 1844 4686">
    <p class='ocr_par' dir='ltr' id='par_1_95' title="bbox 234 4603 1844 4686">
     <span class='ocr_line' id='line_1_96' title="bbox 234 4603 1844 4686; baseline -0.007 -17"><span class='ocrx_word' id='word_1_751' title='bbox 234 4633 375 4672; x_wconf 86' lang='lat' dir='ltr'>rum.</span> <span class='ocrx_word' id='word_1_752' title='bbox 396 4618 470 4673; x_wconf 89' lang='lat' dir='ltr'>Se</span> <span class='ocrx_word' id='word_1_753' title='bbox 506 4614 738 4686; x_wconf 85' lang='lat' dir='ltr'>quidem</span> <span class='ocrx_word' id='word_1_754' title='bbox 759 4611 912 4684; x_wconf 87' lang='lat' dir='ltr'>quasi</span> <span class='ocrx_word' id='word_1_755' title='bbox 933 4609 1095 4664; x_wconf 89' lang='lat' dir='ltr'>alium</span> <span class='ocrx_word' id='word_1_756' title='bbox 1113 4607 1432 4672; x_wconf 88' lang='lat' dir='ltr'>nominavit,</span> <span class='ocrx_word' id='word_1_757' title='bbox 1452 4613 1508 4660; x_wconf 89' lang='lat' dir='ltr'>ut</span> <span class='ocrx_word' id='word_1_758' title='bbox 1527 4605 1697 4660; x_wconf 87' lang='lat' dir='ltr'>virtus</span> <span class='ocrx_word' id='word_1_759' title='bbox 1719 4603 1844 4658; x_wconf 89' lang='lat' dir='ltr'>libe-</span> 
     </span>
    </p>
   </div>
   <div class='ocr_carea' id='block_1_96' title="bbox 231 4692 1862 4770">
    <p class='ocr_par' dir='ltr' id='par_1_96' title="bbox 231 4692 1862 4770">
     <span class='ocr_line' id='line_1_97' title="bbox 231 4692 1862 4770; baseline -0.008 -10"><span class='ocrx_word' id='word_1_760' title='bbox 231 4706 447 4762; x_wconf 83' lang='lat' dir='ltr'>rationis</span> <span class='ocrx_word' id='word_1_761' title='bbox 479 4721 600 4760; x_wconf 92' lang='lat' dir='ltr'>non</span> <span class='ocrx_word' id='word_1_762' title='bbox 633 4701 995 4759; x_wconf 87' lang='lat' dir='ltr'>ascriberetur</span> <span class='ocrx_word' id='word_1_763' title='bbox 1027 4712 1272 4770; x_wconf 78' lang='lat' dir='ltr'>personae</span> <span class='ocrx_word' id='word_1_764' title='bbox 1303 4694 1450 4749; x_wconf 89' lang='lat' dir='ltr'>missi</span> <span class='ocrx_word' id='word_1_765' title='bbox 1483 4711 1494 4747; x_wconf 90' lang='lat'>:</span> <span class='ocrx_word' id='word_1_766' title='bbox 1530 4693 1627 4749; x_wconf 87' lang='lat' dir='ltr'>sed</span> <span class='ocrx_word' id='word_1_767' title='bbox 1656 4692 1862 4765; x_wconf 27' lang='lat' dir='ltr'>gratiae,</span> 
     </span>
    </p>
   </div>
   <div class='ocr_carea' id='block_1_97' title="bbox 232 4782 1842 4859">
    <p class='ocr_par' dir='ltr' id='par_1_97' title="bbox 232 4782 1842 4859">
     <span class='ocr_line' id='line_1_98' title="bbox 232 4782 1842 4859; baseline -0.008 -10"><span class='ocrx_word' id='word_1_768' title='bbox 232 4794 492 4848; x_wconf 86' lang='lat' dir='ltr'>mittentis</span> <span class='ocrx_word' id='word_1_769' title='bbox 507 4791 635 4848; x_wconf 89' lang='lat' dir='ltr'>Dei.</span> <span class='ocrx_word' id='word_1_770' title='bbox 655 4787 1034 4859; x_wconf 82' lang='lat' dir='ltr'>Misit,inquit,</span> <span class='ocrx_word' id='word_1_771' title='bbox 1053 4787 1322 4842; x_wconf 85' lang='lat' dir='ltr'>Dominus</span> <span class='ocrx_word' id='word_1_772' title='bbox 1342 4782 1601 4850; x_wconf 88' lang='lat' dir='ltr'>Samuel,</span> <span class='ocrx_word' id='word_1_773' title='bbox 1617 4792 1670 4838; x_wconf 83' lang='lat' dir='ltr'>et</span> <span class='ocrx_word' id='word_1_774' title='bbox 1693 4782 1842 4837; x_wconf 84' lang='lat' dir='ltr'>eruit</span> 
     </span>
    </p>
   </div>
   <div class='ocr_carea' id='block_1_98' title="bbox 231 4871 1842 4952">
    <p class='ocr_par' dir='ltr' id='par_1_98' title="bbox 231 4871 1842 4952">
     <span class='ocr_line' id='line_1_99' title="bbox 231 4871 1842 4952; baseline -0.009 -14"><span class='ocrx_word' id='word_1_775' title='bbox 231 4897 331 4938; x_wconf 78' lang='lat' dir='ltr'>vos.</span> <span class='ocrx_word' id='word_1_776' title='bbox 367 4882 547 4952; x_wconf 87' lang='lat' dir='ltr'>Quasi</span> <span class='ocrx_word' id='word_1_777' title='bbox 582 4881 727 4936; x_wconf 91' lang='lat' dir='ltr'>dicat</span> <span class='ocrx_word' id='word_1_778' title='bbox 759 4895 771 4930; x_wconf 88' lang='lat'>:</span> <span class='ocrx_word' id='word_1_779' title='bbox 805 4877 981 4945; x_wconf 88' lang='lat' dir='ltr'>Quem</span> <span class='ocrx_word' id='word_1_780' title='bbox 1026 4874 1212 4938; x_wconf 89' lang='lat' dir='ltr'>voluit,</span> <span class='ocrx_word' id='word_1_781' title='bbox 1265 4871 1443 4934; x_wconf 84' lang='lat' dir='ltr'>misit;</span> <span class='ocrx_word' id='word_1_782' title='bbox 1476 4879 1528 4925; x_wconf 89' lang='lat' dir='ltr'>et</span> <span class='ocrx_word' id='word_1_783' title='bbox 1558 4886 1654 4942; x_wconf 91' lang='lat' dir='ltr'>per</span> <span class='ocrx_word' id='word_1_784' title='bbox 1684 4886 1842 4940; x_wconf 89' lang='lat' dir='ltr'>quem</span> 
     </span>
    </p>
   </div>
   <div class='ocr_carea' id='block_1_99' title="bbox 233 4958 1844 5040">
    <p class='ocr_par' dir='ltr' id='par_1_99' title="bbox 233 4958 1844 5040">
     <span class='ocr_line' id='line_1_100' title="bbox 233 4958 1844 5040; baseline -0.012 -10"><span class='ocrx_word' id='word_1_785' title='bbox 233 4974 386 5040; x_wconf 81' lang='lat'><strong>273</strong></span> <span class='ocrx_word' id='word_1_786' title='bbox 424 4970 631 5033; x_wconf 86' lang='lat' dir='ltr'>voluit,</span> <span class='ocrx_word' id='word_1_787' title='bbox 666 4967 814 5022; x_wconf 82' lang='lat' dir='ltr'>fecit.</span> <span class='ocrx_word' id='word_1_788' title='bbox 863 4965 927 5019; x_wconf 83' lang='lat' dir='ltr'>Et</span> <span class='ocrx_word' id='word_1_789' title='bbox 956 4964 1186 5019; x_wconf 85' lang='lat' dir='ltr'>fortasse</span> <span class='ocrx_word' id='word_1_790' title='bbox 1233 4961 1303 5016; x_wconf 91' lang='lat' dir='ltr'>de</span> <span class='ocrx_word' id='word_1_791' title='bbox 1348 4976 1407 5015; x_wconf 89' lang='lat' dir='ltr'>se</span> <span class='ocrx_word' id='word_1_792' title='bbox 1448 4958 1608 5029; x_wconf 88' lang='lat' dir='ltr'>quasi</span> <span class='ocrx_word' id='word_1_793' title='bbox 1639 4960 1706 5014; x_wconf 89' lang='lat' dir='ltr'>de</span> <span class='ocrx_word' id='word_1_794' title='bbox 1739 4959 1844 5013; x_wconf 92' lang='lat' dir='ltr'>alio</span> 
     </span>
    </p>
   </div>
   <div class='ocr_carea' id='block_1_100' title="bbox 228 5043 1845 5129">
    <p class='ocr_par' dir='ltr' id='par_1_100' title="bbox 228 5043 1845 5129">
     <span class='ocr_line' id='line_1_101' title="bbox 228 5043 1845 5129; baseline -0.012 -14"><span class='ocrx_word' id='word_1_795' title='bbox 228 5056 470 5129; x_wconf 87' lang='lat' dir='ltr'>loquitur</span> <span class='ocrx_word' id='word_1_796' title='bbox 508 5073 521 5108; x_wconf 90' lang='lat'>:</span> <span class='ocrx_word' id='word_1_797' title='bbox 563 5052 697 5124; x_wconf 86' lang='lat' dir='ltr'>quia</span> <span class='ocrx_word' id='word_1_798' title='bbox 723 5064 832 5104; x_wconf 91' lang='lat' dir='ltr'>non</span> <span class='ocrx_word' id='word_1_799' title='bbox 861 5048 980 5118; x_wconf 86' lang='lat' dir='ltr'>ipse</span> <span class='ocrx_word' id='word_1_800' title='bbox 1008 5055 1106 5113; x_wconf 91' lang='lat' dir='ltr'>est,</span> <span class='ocrx_word' id='word_1_801' title='bbox 1138 5045 1228 5116; x_wconf 90' lang='lat' dir='ltr'>qui</span> <span class='ocrx_word' id='word_1_802' title='bbox 1261 5061 1360 5115; x_wconf 91' lang='lat' dir='ltr'>per</span> <span class='ocrx_word' id='word_1_803' title='bbox 1389 5043 1629 5113; x_wconf 77' lang='lat' dir='ltr'>seipsum</span> <span class='ocrx_word' id='word_1_804' title='bbox 1659 5044 1845 5115; x_wconf 90' lang='lat' dir='ltr'>loqui-</span> 
     </span>
    </p>
   </div>
   <div class='ocr_carea' id='block_1_101' title="bbox 230 5133 1844 5210">
    <p class='ocr_par' dir='ltr' id='par_1_101' title="bbox 230 5133 1844 5210">
     <span class='ocr_line' id='line_1_102' title="bbox 230 5133 1844 5210; baseline -0.002 -17"><span class='ocrx_word' id='word_1_805' title='bbox 230 5154 309 5200; x_wconf 79' lang='grc' dir='ltr'>ιυι-</span> <span class='ocrx_word' id='word_1_806' title='bbox 341 5166 354 5201; x_wconf 78' lang='lat'><strong>;</strong></span> <span class='ocrx_word' id='word_1_807' title='bbox 389 5145 496 5201; x_wconf 81' lang='lat' dir='ltr'>sed</span> <span class='ocrx_word' id='word_1_808' title='bbox 531 5139 777 5210; x_wconf 87' lang='lat' dir='ltr'>Spiritus</span> <span class='ocrx_word' id='word_1_809' title='bbox 807 5146 1044 5192; x_wconf 88' lang='lat' dir='ltr'>sanctus.</span> <span class='ocrx_word' id='word_1_810' title='bbox 1080 5136 1144 5189; x_wconf 79' lang='lat' dir='ltr'>Et</span> <span class='ocrx_word' id='word_1_811' title='bbox 1172 5135 1302 5204; x_wconf 90' lang='lat' dir='ltr'>quia</span> <span class='ocrx_word' id='word_1_812' title='bbox 1328 5133 1692 5202; x_wconf 80' lang='lat' dir='ltr'>permissione</span> <span class='ocrx_word' id='word_1_813' title='bbox 1723 5135 1844 5202; x_wconf 87' lang='lat' dir='ltr'>Dei,</span> 
     </span>
    </p>
   </div>
   <div class='ocr_carea' id='block_1_102' title="bbox 227 5221 1847 5306">
    <p class='ocr_par' dir='ltr' id='par_1_102' title="bbox 227 5221 1847 5306">
     <span class='ocr_line' id='line_1_103' title="bbox 227 5221 1847 5306; baseline -0.008 -16"><span class='ocrx_word' id='word_1_814' title='bbox 227 5235 340 5304; x_wconf 78' lang='lat' dir='ltr'>jam</span> <span class='ocrx_word' id='word_1_815' title='bbox 367 5250 514 5306; x_wconf 84' lang='lat' dir='ltr'>rege</span> <span class='ocrx_word' id='word_1_816' title='bbox 548 5227 868 5293; x_wconf 81' lang='lat' dir='ltr'>constituto,</span> <span class='ocrx_word' id='word_1_817' title='bbox 903 5225 984 5280; x_wconf 91' lang='lat' dir='ltr'>vir</span> <span class='ocrx_word' id='word_1_818' title='bbox 1013 5222 1229 5278; x_wconf 91' lang='lat' dir='ltr'>Domini</span> <span class='ocrx_word' id='word_1_819' title='bbox 1260 5223 1364 5276; x_wconf 89' lang='lat' dir='ltr'>ista</span> <span class='ocrx_word' id='word_1_820' title='bbox 1393 5221 1713 5290; x_wconf 90' lang='lat' dir='ltr'>loquebatur</span> <span class='ocrx_word' id='word_1_821' title='bbox 1729 5242 1743 5288; x_wconf 87' lang='lat'><strong>;</strong></span> <span class='ocrx_word' id='word_1_822' title='bbox 1778 5223 1847 5277; x_wconf 89' lang='lat' dir='ltr'>ad</span> 
     </span>
    </p>
   </div>
   <div class='ocr_carea' id='block_1_103' title="bbox 228 5310 1850 5393">
    <p class='ocr_par' dir='ltr' id='par_1_103' title="bbox 228 5310 1850 5393">
     <span class='ocr_line' id='line_1_104' title="bbox 228 5310 1850 5393; baseline -0.008 -17"><span class='ocrx_word' id='word_1_823' title='bbox 228 5324 324 5378; x_wconf 84' lang='lat' dir='ltr'>hoc</span> <span class='ocrx_word' id='word_1_824' title='bbox 350 5322 625 5393; x_wconf 78' lang='lat' dir='ltr'>profecto</span> <span class='ocrx_word' id='word_1_825' title='bbox 654 5313 994 5384; x_wconf 89' lang='lat' dir='ltr'>loquebatur,</span> <span class='ocrx_word' id='word_1_826' title='bbox 1042 5320 1098 5366; x_wconf 91' lang='lat' dir='ltr'>ut</span> <span class='ocrx_word' id='word_1_827' title='bbox 1141 5326 1331 5381; x_wconf 84' lang='lat' dir='ltr'>regem</span> <span class='ocrx_word' id='word_1_828' title='bbox 1380 5317 1432 5364; x_wconf 88' lang='lat' dir='ltr'>et</span> <span class='ocrx_word' id='word_1_829' title='bbox 1479 5311 1734 5380; x_wconf 91' lang='lat' dir='ltr'>populum</span> <span class='ocrx_word' id='word_1_830' title='bbox 1780 5310 1850 5364; x_wconf 91' lang='lat' dir='ltr'>ad</span> 
     </span>
    </p>
   </div>
   <div class='ocr_carea' id='block_1_104' title="bbox 229 5397 1846 5474">
    <p class='ocr_par' dir='ltr' id='par_1_104' title="bbox 229 5397 1846 5474">
     <span class='ocr_line' id='line_1_105' title="bbox 229 5397 1846 5474; baseline -0.007 -9"><span class='ocrx_word' id='word_1_831' title='bbox 229 5409 322 5465; x_wconf 89' lang='lat' dir='ltr'>Dei</span> <span class='ocrx_word' id='word_1_832' title='bbox 353 5409 580 5466; x_wconf 86' lang='lat' dir='ltr'>cultum</span> <span class='ocrx_word' id='word_1_833' title='bbox 605 5404 880 5474; x_wconf 77' lang='lat' dir='ltr'>dirigeret,</span> <span class='ocrx_word' id='word_1_834' title='bbox 905 5415 1010 5456; x_wconf 91' lang='lat' dir='ltr'>non</span> <span class='ocrx_word' id='word_1_835' title='bbox 1032 5408 1090 5455; x_wconf 91' lang='lat' dir='ltr'>ut</span> <span class='ocrx_word' id='word_1_836' title='bbox 1111 5399 1284 5470; x_wconf 89' lang='lat' dir='ltr'>ipsam</span> <span class='ocrx_word' id='word_1_837' title='bbox 1303 5397 1620 5470; x_wconf 88' lang='lat' dir='ltr'>dignitatem</span> <span class='ocrx_word' id='word_1_838' title='bbox 1643 5399 1846 5470; x_wconf 79' lang='lat' dir='ltr'>regiam</span> 
     </span>
    </p>
   </div>
   <div class='ocr_carea' id='block_1_105' title="bbox 229 5488 1387 5561">
    <p class='ocr_par' dir='ltr' id='par_1_105' title="bbox 229 5488 1387 5561">
     <span class='ocr_line' id='line_1_106' title="bbox 229 5488 1387 5561; baseline -0.013 -5"><span class='ocrx_word' id='word_1_839' title='bbox 229 5503 564 5557; x_wconf 82' lang='lat' dir='ltr'>evacuaret.</span> <span class='ocrx_word' id='word_1_840' title='bbox 601 5491 758 5549; x_wconf 83' lang='lat' dir='ltr'>Unde</span> <span class='ocrx_word' id='word_1_841' title='bbox 787 5497 842 5546; x_wconf 89' lang='lat' dir='ltr'>et</span> <span class='ocrx_word' id='word_1_842' title='bbox 869 5488 1232 5561; x_wconf 85' lang='lat' dir='ltr'>subjungens,</span> <span class='ocrx_word' id='word_1_843' title='bbox 1265 5488 1340 5542; x_wconf 87' lang='lat' dir='ltr'>ait</span> <span class='ocrx_word' id='word_1_844' title='bbox 1374 5503 1387 5541; x_wconf 89' lang='lat'>:</span> 
     </span>
    </p>
   </div>
   <div class='ocr_carea' id='block_1_106' title="bbox 300 5579 1848 5659">
    <p class='ocr_par' dir='ltr' id='par_1_106' title="bbox 300 5579 1848 5659">
     <span class='ocr_line' id='line_1_107' title="bbox 300 5579 1848 5659; baseline -0.007 -14"><span class='ocrx_word' id='word_1_845' title='bbox 300 5589 488 5659; x_wconf 72' lang='lat' dir='ltr'>(Vera.</span> <span class='ocrx_word' id='word_1_846' title='bbox 517 5581 722 5652; x_wconf 73' lang='lat'>13-15.)</span> <span class='ocrx_word' id='word_1_847' title='bbox 761 5579 924 5636; x_wconf 81' lang='lat' dir='ltr'>Nune</span> <span class='ocrx_word' id='word_1_848' title='bbox 954 5581 1162 5653; x_wconf 67' lang='lat' dir='ltr'>praesto</span> <span class='ocrx_word' id='word_1_849' title='bbox 1193 5579 1278 5637; x_wconf 80' lang='lat' dir='ltr'>est</span> <span class='ocrx_word' id='word_1_850' title='bbox 1313 5592 1419 5637; x_wconf 73' lang='lat' dir='ltr'>rex</span> <span class='ocrx_word' id='word_1_851' title='bbox 1454 5581 1654 5645; x_wconf 76' lang='lat' dir='ltr'>vester,</span> <span class='ocrx_word' id='word_1_852' title='bbox 1687 5593 1848 5654; x_wconf 84' lang='lat' dir='ltr'>quem</span> 
     </span>
    </p>
   </div>
   <div class='ocr_carea' id='block_1_107' title="bbox 451 5673 1006 5738">
    <p class='ocr_par' dir='ltr' id='par_1_107' title="bbox 451 5673 1006 5738">
     <span class='ocr_line' id='line_1_108' title="bbox 451 5673 1006 5738; baseline -0.014 0"><span class='ocrx_word' id='word_1_853' title='bbox 451 5681 706 5738; x_wconf 74' lang='grc' dir='ltr'>ΡΑτιοι..</span> <span class='ocrx_word' id='word_1_854' title='bbox 749 5673 1006 5734; x_wconf 79' lang='lat' dir='ltr'>LXXIX.</span> 
     </span>
    </p>
   </div>
   <div class='ocr_carea' id='block_1_108' title="bbox 1955 4605 3550 4690">
    <p class='ocr_par' dir='ltr' id='par_1_108' title="bbox 1955 4605 3550 4690">
     <span class='ocr_line' id='line_1_109' title="bbox 1955 4605 3550 4690; baseline 0.01 -29"><span class='ocrx_word' id='word_1_855' title='bbox 1955 4607 2074 4662; x_wconf 90' lang='lat' dir='ltr'>loco</span> <span class='ocrx_word' id='word_1_856' title='bbox 2105 4607 2368 4678; x_wconf 85' lang='lat' dir='ltr'>propheta</span> <span class='ocrx_word' id='word_1_857' title='bbox 2398 4605 2693 4674; x_wconf 89' lang='lat' dir='ltr'>denuntiat,</span> <span class='ocrx_word' id='word_1_858' title='bbox 2725 4606 2913 4663; x_wconf 88' lang='lat' dir='ltr'>dicens</span> <span class='ocrx_word' id='word_1_859' title='bbox 2945 4626 2957 4662; x_wconf 95' lang='lat'><strong>:</strong></span> <span class='ocrx_word' id='word_1_860' title='bbox 2991 4609 3196 4668; x_wconf 79' lang='lat' dir='ltr'>Sinon</span> <span class='ocrx_word' id='word_1_861' title='bbox 3235 4630 3550 4690; x_wconf 71' lang='lat' dir='ltr'>exaspera-</span> 
     </span>
    </p>
   </div>
   <div class='ocr_carea' id='block_1_109' title="bbox 1952 4693 3549 4778">
    <p class='ocr_par' dir='ltr' id='par_1_109' title="bbox 1952 4693 3549 4778">
     <span class='ocr_line' id='line_1_110' title="bbox 1952 4693 3549 4778; baseline 0.005 -26"><span class='ocrx_word' id='word_1_862' title='bbox 1952 4693 2152 4752; x_wconf 85' lang='lat' dir='ltr'>veritis</span> <span class='ocrx_word' id='word_1_863' title='bbox 2167 4710 2224 4750; x_wconf 85' lang='lat' dir='ltr'>os</span> <span class='ocrx_word' id='word_1_864' title='bbox 2244 4695 2487 4761; x_wconf 80' lang='lat' dir='ltr'>Domini,</span> <span class='ocrx_word' id='word_1_865' title='bbox 2514 4695 2672 4750; x_wconf 83' lang='lat' dir='ltr'>eritis</span> <span class='ocrx_word' id='word_1_866' title='bbox 2702 4701 2758 4750; x_wconf 89' lang='lat' dir='ltr'>et</span> <span class='ocrx_word' id='word_1_867' title='bbox 2792 4711 2904 4764; x_wconf 83' lang='lat' dir='ltr'>vos,</span> <span class='ocrx_word' id='word_1_868' title='bbox 2938 4701 2996 4752; x_wconf 92' lang='lat' dir='ltr'>et</span> <span class='ocrx_word' id='word_1_869' title='bbox 3027 4715 3133 4756; x_wconf 78' lang='lat' dir='ltr'>rea:</span> <span class='ocrx_word' id='word_1_870' title='bbox 3171 4706 3266 4774; x_wconf 84' lang='lat' dir='ltr'>qui</span> <span class='ocrx_word' id='word_1_871' title='bbox 3301 4706 3549 4778; x_wconf 81' lang='lat' dir='ltr'>imperat</span> 
     </span>
    </p>
   </div>
   <div class='ocr_carea' id='block_1_110' title="bbox 1952 4783 3548 4861">
    <p class='ocr_par' dir='ltr' id='par_1_110' title="bbox 1952 4783 3548 4861">
     <span class='ocr_line' id='line_1_111' title="bbox 1952 4783 3548 4861; baseline 0.008 -22"><span class='ocrx_word' id='word_1_872' title='bbox 1952 4783 2123 4848; x_wconf 85' lang='lat' dir='ltr'>vobis,</span> <span class='ocrx_word' id='word_1_873' title='bbox 2143 4787 2440 4855; x_wconf 83' lang='lat' dir='ltr'>sequentes</span> <span class='ocrx_word' id='word_1_874' title='bbox 2469 4784 2769 4840; x_wconf 84' lang='lat' dir='ltr'>Dominum</span> <span class='ocrx_word' id='word_1_875' title='bbox 2789 4783 2965 4841; x_wconf 87' lang='lat' dir='ltr'>Deum</span> <span class='ocrx_word' id='word_1_876' title='bbox 2978 4792 3250 4845; x_wconf 84' lang='lat' dir='ltr'>vestrum.</span> <span class='ocrx_word' id='word_1_877' title='bbox 3266 4791 3430 4861; x_wconf 88' lang='lat' dir='ltr'>Quasi</span> <span class='ocrx_word' id='word_1_878' title='bbox 3457 4798 3548 4852; x_wconf 84' lang='lat' dir='ltr'>di-</span> 
     </span>
    </p>
   </div>
   <div class='ocr_carea' id='block_1_111' title="bbox 1953 4870 3548 4946">
    <p class='ocr_par' dir='ltr' id='par_1_111' title="bbox 1953 4870 3548 4946">
     <span class='ocr_line' id='line_1_112' title="bbox 1953 4870 3548 4946; baseline 0.008 -18"><span class='ocrx_word' id='word_1_879' title='bbox 1953 4881 2040 4929; x_wconf 87' lang='lat' dir='ltr'>cat</span> <span class='ocrx_word' id='word_1_880' title='bbox 2074 4872 2260 4926; x_wconf 90' lang='lat' dir='ltr'>:Tunc</span> <span class='ocrx_word' id='word_1_881' title='bbox 2290 4871 2430 4926; x_wconf 90' lang='lat' dir='ltr'>bene</span> <span class='ocrx_word' id='word_1_882' title='bbox 2459 4870 2697 4925; x_wconf 90' lang='lat' dir='ltr'>divinam</span> <span class='ocrx_word' id='word_1_883' title='bbox 2728 4871 3057 4930; x_wconf 88' lang='lat' dir='ltr'>voluntatem</span> <span class='ocrx_word' id='word_1_884' title='bbox 3097 4876 3373 4946; x_wconf 85' lang='lat' dir='ltr'>perﬁcitis,</span> <span class='ocrx_word' id='word_1_885' title='bbox 3406 4884 3450 4936; x_wconf 91' lang='lat' dir='ltr'>si</span> <span class='ocrx_word' id='word_1_886' title='bbox 3494 4895 3548 4940; x_wconf 91' lang='lat' dir='ltr'>et</span> 
     </span>
    </p>
   </div>
   <div class='ocr_carea' id='block_1_112' title="bbox 1953 4959 3548 5032">
    <p class='ocr_par' dir='ltr' id='par_1_112' title="bbox 1953 4959 3548 5032">
     <span class='ocr_line' id='line_1_113' title="bbox 1953 4959 3548 5032; baseline 0.008 -16"><span class='ocrx_word' id='word_1_887' title='bbox 1953 4963 2326 5029; x_wconf 88' lang='lat' dir='ltr'>contemptum</span> <span class='ocrx_word' id='word_1_888' title='bbox 2370 4959 2663 5029; x_wconf 86' lang='lat' dir='ltr'>pravitatis,</span> <span class='ocrx_word' id='word_1_889' title='bbox 2713 4967 2766 5014; x_wconf 89' lang='lat' dir='ltr'>et</span> <span class='ocrx_word' id='word_1_890' title='bbox 2811 4960 2938 5015; x_wconf 92' lang='lat' dir='ltr'>boni</span> <span class='ocrx_word' id='word_1_891' title='bbox 2984 4964 3163 5032; x_wconf 86' lang='lat' dir='ltr'>operis</span> <span class='ocrx_word' id='word_1_892' title='bbox 3209 4968 3444 5024; x_wconf 90' lang='lat' dir='ltr'>studium</span> <span class='ocrx_word' id='word_1_893' title='bbox 3495 4972 3548 5028; x_wconf 92' lang='lat' dir='ltr'>in</span> 
     </span>
    </p>
   </div>
   <div class='ocr_carea' id='block_1_113' title="bbox 1955 5047 3549 5122">
    <p class='ocr_par' dir='ltr' id='par_1_113' title="bbox 1955 5047 3549 5122">
     <span class='ocr_line' id='line_1_114' title="bbox 1955 5047 3549 5122; baseline 0.008 -18"><span class='ocrx_word' id='word_1_894' title='bbox 1955 5049 2139 5104; x_wconf 85' lang='lat' dir='ltr'>divina</span> <span class='ocrx_word' id='word_1_895' title='bbox 2166 5048 2424 5122; x_wconf 87' lang='lat' dir='ltr'>charitate</span> <span class='ocrx_word' id='word_1_896' title='bbox 2453 5047 2719 5103; x_wconf 88' lang='lat' dir='ltr'>solidatis.</span> <span class='ocrx_word' id='word_1_897' title='bbox 2752 5049 2908 5106; x_wconf 91' lang='lat' dir='ltr'>Tunc</span> <span class='ocrx_word' id='word_1_898' title='bbox 2935 5051 3003 5104; x_wconf 90' lang='lat' dir='ltr'>ad</span> <span class='ocrx_word' id='word_1_899' title='bbox 3033 5068 3294 5108; x_wconf 91' lang='lat' dir='ltr'>summam</span> <span class='ocrx_word' id='word_1_900' title='bbox 3327 5065 3549 5116; x_wconf 61' lang='lat' dir='ltr'>aeternas</span> 
     </span>
    </p>
   </div>
   <div class='ocr_carea' id='block_1_114' title="bbox 1955 5135 3544 5218">
    <p class='ocr_par' dir='ltr' id='par_1_114' title="bbox 1955 5135 3544 5218">
     <span class='ocr_line' id='line_1_115' title="bbox 1955 5135 3544 5218; baseline 0.008 -28"><span class='ocrx_word' id='word_1_901' title='bbox 1955 5138 2079 5191; x_wconf 74' lang='lat' dir='ltr'>vita:</span> <span class='ocrx_word' id='word_1_902' title='bbox 2108 5135 2500 5192; x_wconf 87' lang='lat' dir='ltr'>beatitudinem</span> <span class='ocrx_word' id='word_1_903' title='bbox 2532 5137 2668 5192; x_wconf 89' lang='lat' dir='ltr'>bene</span> <span class='ocrx_word' id='word_1_904' title='bbox 2696 5146 2817 5207; x_wconf 90' lang='lat' dir='ltr'>post</span> <span class='ocrx_word' id='word_1_905' title='bbox 2845 5138 3265 5208; x_wconf 82' lang='lat' dir='ltr'>Redemptorem</span> <span class='ocrx_word' id='word_1_906' title='bbox 3313 5147 3544 5218; x_wconf 85' lang='lat' dir='ltr'>curritis,</span> 
     </span>
    </p>
   </div>
   <div class='ocr_carea' id='block_1_115' title="bbox 1956 5226 3546 5299">
    <p class='ocr_par' dir='ltr' id='par_1_115' title="bbox 1956 5226 3546 5299">
     <span class='ocr_line' id='line_1_116' title="bbox 1956 5226 3546 5299; baseline 0.008 -20"><span class='ocrx_word' id='word_1_907' title='bbox 1956 5226 1998 5279; x_wconf 87' lang='lat' dir='ltr'>si</span> <span class='ocrx_word' id='word_1_908' title='bbox 2029 5241 2092 5280; x_wconf 88' lang='lat' dir='ltr'>ea</span> <span class='ocrx_word' id='word_1_909' title='bbox 2122 5241 2242 5295; x_wconf 65' lang='lat' dir='ltr'>quae</span> <span class='ocrx_word' id='word_1_910' title='bbox 2279 5227 2588 5280; x_wconf 89' lang='lat' dir='ltr'>carnalibus</span> <span class='ocrx_word' id='word_1_911' title='bbox 2634 5241 2826 5296; x_wconf 90' lang='lat' dir='ltr'>aspera</span> <span class='ocrx_word' id='word_1_912' title='bbox 2871 5235 2996 5281; x_wconf 87' lang='lat' dir='ltr'>sunt</span> <span class='ocrx_word' id='word_1_913' title='bbox 3041 5239 3313 5299; x_wconf 72' lang='lat' dir='ltr'>praecepta</span> <span class='ocrx_word' id='word_1_914' title='bbox 3359 5236 3546 5293; x_wconf 85' lang='lat' dir='ltr'>chari-</span> 
     </span>
    </p>
   </div>
   <div class='ocr_carea' id='block_1_116' title="bbox 1958 5313 3548 5385">
    <p class='ocr_par' dir='ltr' id='par_1_116' title="bbox 1958 5313 3548 5385">
     <span class='ocr_line' id='line_1_117' title="bbox 1958 5313 3548 5385; baseline 0.009 -16"><span class='ocrx_word' id='word_1_915' title='bbox 1958 5313 2100 5379; x_wconf 89' lang='lat' dir='ltr'>tatis,</span> <span class='ocrx_word' id='word_1_916' title='bbox 2161 5329 2330 5384; x_wconf 89' lang='lat' dir='ltr'>usque</span> <span class='ocrx_word' id='word_1_917' title='bbox 2379 5315 2450 5368; x_wconf 90' lang='lat' dir='ltr'>ad</span> <span class='ocrx_word' id='word_1_918' title='bbox 2504 5315 2630 5370; x_wconf 74' lang='lat' dir='ltr'>vita:</span> <span class='ocrx_word' id='word_1_919' title='bbox 2680 5313 2842 5369; x_wconf 85' lang='lat' dir='ltr'>ﬁnem</span> <span class='ocrx_word' id='word_1_920' title='bbox 2897 5330 3020 5370; x_wconf 87' lang='lat' dir='ltr'>cum</span> <span class='ocrx_word' id='word_1_921' title='bbox 3070 5315 3408 5385; x_wconf 89' lang='lat' dir='ltr'>jucunditate</span> <span class='ocrx_word' id='word_1_922' title='bbox 3457 5327 3548 5384; x_wconf 77' lang='lat' dir='ltr'>de-</span> 
     </span>
    </p>
   </div>
   <div class='ocr_carea' id='block_1_117' title="bbox 1955 5401 2169 5458">
    <p class='ocr_par' dir='ltr' id='par_1_117' title="bbox 1955 5401 2169 5458">
     <span class='ocr_line' id='line_1_118' title="bbox 1955 5401 2169 5458; baseline -0.005 -1"><span class='ocrx_word' id='word_1_923' title='bbox 1955 5401 2169 5458; x_wconf 88' lang='lat' dir='ltr'>ducitis.</span> 
     </span>
    </p>
   </div>
   <div class='ocr_carea' id='block_1_118' title="bbox 2029 5489 3551 5572">
    <p class='ocr_par' dir='ltr' id='par_1_118' title="bbox 2029 5489 3551 5572">
     <span class='ocr_line' id='line_1_119' title="bbox 2029 5489 3551 5572; baseline 0.011 -27"><span class='ocrx_word' id='word_1_924' title='bbox 2029 5494 2080 5545; x_wconf 85' lang='lat'>8.</span> <span class='ocrx_word' id='word_1_925' title='bbox 2106 5489 2214 5547; x_wconf 87' lang='lat' dir='ltr'>Sed</span> <span class='ocrx_word' id='word_1_926' title='bbox 2241 5489 2366 5563; x_wconf 90' lang='lat' dir='ltr'>quia</span> <span class='ocrx_word' id='word_1_927' title='bbox 2395 5490 2622 5546; x_wconf 78' lang='lat' dir='ltr'>inﬁmis</span> <span class='ocrx_word' id='word_1_928' title='bbox 2645 5499 2697 5547; x_wconf 88' lang='lat' dir='ltr'>et</span> <span class='ocrx_word' id='word_1_929' title='bbox 2725 5491 3033 5549; x_wconf 89' lang='lat' dir='ltr'>carnalibus</span> <span class='ocrx_word' id='word_1_930' title='bbox 3061 5492 3400 5572; x_wconf 88' lang='lat' dir='ltr'>loquebatur,</span> <span class='ocrx_word' id='word_1_931' title='bbox 3425 5505 3551 5562; x_wconf 85' lang='lat' dir='ltr'>sub-</span> 
     </span>
    </p>
   </div>
   <div class='ocr_carea' id='block_1_119' title="bbox 1959 5578 3546 5659">
    <p class='ocr_par' dir='ltr' id='par_1_119' title="bbox 1959 5578 3546 5659">
     <span class='ocr_line' id='line_1_120' title="bbox 1959 5578 3546 5659; baseline 0.013 -21"><span class='ocrx_word' id='word_1_932' title='bbox 1959 5587 2252 5655; x_wconf 84' lang='lat' dir='ltr'>sequenter</span> <span class='ocrx_word' id='word_1_933' title='bbox 2276 5579 2604 5637; x_wconf 87' lang='lat' dir='ltr'>denuntians</span> <span class='ocrx_word' id='word_1_934' title='bbox 2629 5580 2702 5636; x_wconf 88' lang='lat' dir='ltr'>ait</span> <span class='ocrx_word' id='word_1_935' title='bbox 2732 5597 2744 5636; x_wconf 90' lang='lat'><strong>:</strong></span> <span class='ocrx_word' id='word_1_936' title='bbox 2767 5578 2860 5638; x_wconf 83' lang='lat' dir='ltr'>Sit</span> <span class='ocrx_word' id='word_1_937' title='bbox 2885 5595 3001 5641; x_wconf 81' lang='lat' dir='ltr'>non</span> <span class='ocrx_word' id='word_1_938' title='bbox 3024 5585 3332 5649; x_wconf 77' lang='lat' dir='ltr'>audieritis</span> <span class='ocrx_word' id='word_1_939' title='bbox 3359 5608 3546 5659; x_wconf 77' lang='lat' dir='ltr'>vocem</span> 
     </span>
    </p>
   </div>
   <div class='ocr_carea' id='block_1_120' title="bbox 3276 5693 3333 5748">
    <p class='ocr_par' dir='ltr' id='par_1_120' title="bbox 3276 5693 3333 5748">
     <span class='ocr_line' id='line_1_121' title="bbox 3276 5693 3333 5748; baseline 0.053 -3"><span class='ocrx_word' id='word_1_940' title='bbox 3276 5693 3333 5748; x_wconf 76' lang='grc'><strong>11</strong></span> 
     </span>
    </p>
   </div>
  </div>
