4034 6174
530 384 628 439 331

1747 372 2003 434 SANCTI
2040 371 2385 431 GREGORII
2423 368 2650 429 MAGNI
3698 384 3789 444 332

529 508 773 577 Domini,
786 506 885 564 sed
895 522 1172 577 exaspera
1179 505 1375 562 veritis
1391 517 1711 560 sermonem
1723 505 1864 574 ejus,
1877 504 1987 558 erit
2001 517 2121 558 ma-

2233 494 2376 565 fecit,
2407 496 2504 550 sed
2535 496 2694 551 etiam
2724 497 2869 553 bona
2900 497 3105 556 fortiter
3133 508 3279 572 agat,
3316 519 3431 572 quae
3459 508 3669 577 appetit.
3698 511 3797 567 Sed

529 613 640 652 nus
653 597 1061 667 Dominisuper
1075 612 1186 664 vos,
1205 599 1262 650 et
1285 609 1454 665 super
1471 597 1668 664 patres
1700 596 1932 648 vestros.
1962 595 2005 655 2
2022 591 2131 659 74

532 687 720 741 Manus
766 683 988 740 Domini
1040 684 1236 739 divinae
1292 691 1368 737 est
1421 681 1678 735 severitas
1723 680 1959 735 ultionis.
1999 677 2133 746 Quae

540 774 788 843 profecto
845 788 1034 828 manus
1072 787 1235 840 super
1272 770 1416 824 filios
1468 777 1521 823 et
1574 777 1751 839 patres
1805 768 2133 831 extenditur,

537 877 660 914 cum
693 859 861 914 divini
889 852 1228 928 contemptus
1257 856 1468 923 merito,
1496 864 1548 911 et
1576 854 1795 925 reprobi
1830 854 2035 926 praelati
2083 861 2135 908 et

539 948 740 1002 subditi
791 947 1097 1018 puniuntur.
1148 946 1355 1000 Eadem
1392 959 1604 1015 quoque
1633 959 1826 997 manus
1852 943 1921 996 ad
1967 942 2132 996 ultio-

539 1052 662 1090 nem
697 1035 1021 1102 extenditur,
1056 1049 1178 1089 cum
1209 1050 1319 1089 vox
1350 1032 1562 1087 Domini
1592 1047 1699 1086 non
1731 1031 1963 1099 auditur,
2010 1044 2133 1084 cum

534 1124 652 1192 ejus
694 1138 977 1178 sermones
1025 1129 1413 1192 exasperentur
1463 1138 1474 1173 :
1529 1120 1654 1189 quia
1700 1120 1766 1186 ii,
1816 1119 1906 1189 qui
1952 1118 2135 1173 divina

534 1211 788 1265 mandata
818 1211 974 1279 quasi
1019 1210 1155 1264 dura
1196 1219 1249 1265 et
1284 1207 1647 1279 importabilia
1675 1216 1953 1277 respuunt,
1983 1207 2131 1261 into-

536 1299 745 1353 lerabili
777 1314 951 1370 poena:
983 1314 1147 1354 onere
1193 1297 1251 1351 in
1298 1298 1476 1351 futuro
1516 1296 1920 1367 deprimuntur.
1962 1295 2132 1349 Stulta

534 1388 741 1458 quippe
777 1386 1005 1441 audacia
1042 1385 1297 1448 hominis,
1327 1384 1469 1440 unde
1517 1384 1583 1439 ad
1630 1385 1904 1439 modicum
1952 1383 2132 1438 subire

534 1492 618 1543 ea,
651 1491 771 1547 quae
802 1474 905 1530 sibi
937 1474 1189 1530 videntur
1217 1489 1432 1544 aspeta,
1464 1472 1694 1543 refugit;
1727 1471 1852 1528 inde
1881 1487 1938 1525 se
1966 1487 2128 1542 aspe-

530 1564 763 1618 rioribus
792 1566 846 1617 in
878 1570 1138 1618 aeternum
1170 1562 1369 1616 subdit.
1399 1562 1538 1616 Nam
1569 1561 1610 1614 si
1641 1560 1914 1631 sapienter
1962 1575 2129 1629 sape-

528 1660 627 1721 ret,
660 1653 764 1707 hoc
806 1650 908 1705 sibi
953 1651 1096 1720 quod
1142 1649 1396 1719 displicet
1438 1650 1731 1703 suaderet:
1766 1656 1823 1702 ut
1848 1664 1948 1717 per
1992 1648 2126 1702 dura

521 1748 575 1794 et
607 1756 801 1810 aspera
828 1738 988 1808 hujus
1019 1737 1319 1815 brevissimi
1368 1736 1649 1807 temporis,
1681 1736 1819 1789 dura
1849 1744 1903 1791 et
1930 1751 2124 1805 aspera

2239 583 2345 640 hoc
2374 584 2427 637 in
2454 584 2546 639 die
2575 586 2763 640 messis
2778 588 2936 642 tritici
2962 589 3077 643 fieri
3101 589 3382 656 dicitur,ut
3400 593 3562 648 virtus
3578 598 3797 655 miraculi

2238 671 2571 744 designetur.
2594 674 2718 730 Non
2746 683 2829 730 est
2856 678 3081 748 quidem
3101 678 3280 733 minus
3299 680 3603 736 miraculum
3630 685 3800 743 immu-

2242 761 2370 815 tatio
2430 762 2628 829 cordis,
2680 780 2843 834 quam
2897 765 3229 835 perturbatio
3284 770 3448 823 aeris.
3487 770 3605 826 Non
3644 775 3799 829 minus

2237 848 2557 905 miraculum
2584 859 2667 906 est
2695 853 2904 908 arentia
2933 855 3102 910 corda
3130 855 3473 925 reviviscere,
3495 876 3650 928 quam
3675 866 3800 918 asti-

2236 937 2317 993 vis
2345 938 2627 993 ardoribus
2649 941 2905 996 inusitato
2930 958 3081 997 more
3113 943 3323 1012 pluvias
3350 945 3624 1003 inundare.
3646 950 3804 1020 Majus

2238 1026 2440 1097 quippe
2488 1027 2804 1084 miraculum
2853 1038 2952 1097 est,
3003 1030 3192 1086 intimo
3239 1033 3414 1088 sonitu
3457 1034 3803 1094 insensibilem

2238 1123 2473 1170 mentem
2510 1124 2816 1183 concutere,
2849 1134 3031 1188 quam,
3063 1119 3267 1174 collisis
3312 1138 3411 1191 per
3454 1131 3671 1178 ventum
3712 1143 3805 1181 nu-

2237 1201 2418 1270 bibus,
2464 1205 2751 1258 tonitruum
2790 1207 3061 1263 inconare.
3096 1207 3204 1262 Sed
3232 1217 3407 1264 rectus
3435 1211 3566 1266 ordo
3593 1227 3805 1269 conver-

2234 1290 2401 1345 sionis
2449 1292 2749 1346 ostenditur
2801 1294 2856 1347 in
2908 1295 3157 1350 ordinata
3201 1297 3471 1366 positione
3516 1300 3808 1356 verborum.

2233 1379 2373 1432 Nam
2400 1380 2528 1434 dicit
2552 1397 2563 1433 :
2579 1381 2743 1436 Dedit
2763 1384 3035 1438 Dominus
3052 1400 3205 1440 voces
3217 1389 3275 1441 et
3284 1387 3510 1456 pluvias
3528 1408 3548 1449 ,-
3560 1394 3612 1444 et
3626 1392 3807 1445 timuit

2231 1470 2416 1523 omnis
2433 1470 2674 1541 populus
2690 1470 2864 1526 nimis
2880 1473 3183 1531 Dominum
3201 1476 3305 1543 27
3317 1478 3365 1544 5
3390 1479 3449 1532 et
3471 1473 3810 1534 Samuelem.

2232 1555 2649 1611 Ordinatissima
2680 1559 2884 1631 quippe
2902 1564 3260 1617 conversione
3288 1579 3415 1618 cum
3445 1566 3643 1620 malum
3671 1569 3812 1623 dese-

2228 1644 2384 1709 ritur,
2418 1644 2619 1699 bonum
2668 1647 2724 1700 in
2777 1656 2957 1703 mente
2990 1659 3359 1722 propagatur;
3406 1668 3530 1707 cum
3575 1656 3809 1710 conversi

2228 1748 2383 1788 mens
2410 1734 2566 1804 quasi
2598 1750 2696 1804 per
2725 1736 2967 1804 pluviam
3009 1737 3211 1793 bonum
3251 1756 3445 1796 semen
3474 1744 3655 1808 nutrit,
3686 1752 3737 1799 et
3762 1761 3817 1800 se

525 1829 781 1884 evaderet
802 1828 992 1882 ςυιωιω
1013 1826 1399 1881 damnationis.
1426 1826 1552 1879 Haec.
1572 1823 1812 1914 profecto
1835 1825 1974 1914 dura
1995 1840 2122 1914 cor-
2150 1855 2202 1914 B
2233 1819 2345 1914 Deo
2374 1824 2427 1875 et
2455 1822 2765 1914 hominibus
2805 1840 2902 1914 per
2942 1824 3267 1884 obedientim
3314 1830 3567 1885 virtutem
3622 1833 3817 1887 subdit.

526 1917 594 1973 da
650 1917 947 1971 carnalium
994 1915 1252 1971 velociter
1304 1913 1548 1980 audiunt,
1606 1913 1702 1967 sed
1757 1928 1856 1983 per
1904 1913 2123 1967 salubre

524 2006 817 2062 consilium
879 2004 1040 2059 facile
1094 2002 1294 2057 molliri
1349 2018 1458 2057 non
1514 2008 1770 2072 possunt.
1814 2002 1957 2056 Bene
1995 2016 2126 2074 ergo

520 2094 868 2164 subjungitur
899 2109 914 2148 :

594 2184 766 2251 (Vers.
794 2185 881 2248 16,
907 2182 1016 2249 Π.)
1046 2178 1164 2236 Sed
1215 2185 1270 2235 et
1315 2195 1471 2235 nunc
1505 2182 1675 2247 state,
1707 2182 1764 2234 et
1797 2178 1975 2234 videte
2004 2193 2124 2234 rem

526 2272 697 2326 istam
719 2271 1008 2342 grandem,
1032 2285 1203 2341 quam
1221 2273 1489 2336 [acturus
1508 2272 1591 2323 est
1608 2267 1899 2335 Dominus,
1916 2268 1977 2321 in
1996 2282 2124 2322 con-

523 2367 722 2430 spectu
752 2363 952 2414 vestro.
969 2358 1254 2428 Numquid
1276 2373 1387 2413 non
1405 2357 1602 2411 messis
1624 2355 1805 2410 tritici
1825 2359 1908 2409 est
1922 2353 2125 2409 hodie?

527 2447 797 2504 lm'ocabo
829 2449 1157 2513 Dominum,
1198 2450 1252 2499 et
1285 2444 1440 2498 dabit
1470 2459 1625 2499 voces
1673 2446 1727 2496 et
1768 2443 2022 2513 pluvias;
2069 2448 2124 2496 et

522 2537 714 2591 scietis
738 2540 790 2589 et
806 2533 1085 2600 videbitis,
1103 2534 1235 2604 quia
1251 2531 1691 2602 graudemalum
1708 2530 1962 2599 feceritis
1979 2530 2125 2584 vobis

523 2624 585 2677 in
616 2626 924 2694 conspectu
952 2621 1200 2687 Domini,
1222 2622 1483 2690 patentes
1512 2634 1680 2691 super
1699 2633 1791 2673 vos
1811 2632 2019 2689 regem.

600 2716 651 2764 9.
685 2708 825 2778 Quia
877 2717 983 2764 tam
1032 2716 1253 2772 attente,
1305 2716 1356 2761 et
1405 2706 1563 2761 toties
1604 2706 1709 2760 ista
1758 2706 1943 2776 petitio
1982 2704 2128 2778 regis

525 2799 959 2868 reprehenditur,
1011 2798 1113 2851 hoc
1164 2795 1352 2851 electis
1396 2795 1629 2849 insinuat
1678 2813 1689 2847 :
1743 2794 1868 2865 quia
1917 2794 2005 2864 qui
2055 2794 2125 2849 ad

523 2888 740 2943 culmen
786 2894 985 2942 sanctas
1033 2885 1290 2941 Ecclesiae
1339 2883 1582 2939 carnales
1628 2884 1947 2953 provehunt,
1991 2898 2122 2955 gra-

520 2976 745 3034 vissima
775 2974 980 3046 peccati
1012 2973 1343 3045 obligatione
1382 2973 1696 3027 retinentur.
1728 2972 1866 3027 Nam
1896 2979 2125 3040 peccata

517 3063 726 3133 reliqua
756 3062 1051 3134 singularis
1087 3077 1261 3133 pmnte
1304 3061 1557 3116 meritum
1600 3059 1868 3127 obtinent,
1902 3060 1993 3131 qui
2021 3076 2119 3116 ve-

519 3168 580 3207 ro
606 3153 879 3208 carnalem
909 3150 1260 3221 praepositum
1291 3149 1585 3217 constituit,
1620 3156 1695 3203 tot
1722 3148 1947 3202 incurrit
1991 3163 2118 3217 pa:-

2231 1907 2373 1963 Bene
2401 1924 2533 1981 ergo
2560 1910 2791 1967 dicitur:
2823 1913 3030 1970 Timuit
3052 1918 3239 1972 omnis
3255 1920 3506 1989 populus
3533 1921 3820 1977 Dominum

2231 2004 2288 2052 et
2320 1996 2671 2067 Samuelem,
2704 2001 2829 2069 quia
2870 2002 2962 2071 qui
3006 2004 3202 2058 summi
3253 2005 3491 2077 Spiritus
3540 2009 3822 2063 adventum

2233 2086 2471 2155 suscipit,
2505 2091 2563 2141 et
2591 2088 2736 2141 mala
2780 2088 3006 2157 deserit,
3057 2101 3112 2145 et
3152 2091 3303 2148 bona
3351 2097 3733 2165 apprehendit,
3780 2107 3828 2152 et

2232 2173 2309 2227 sic
2363 2174 2479 2228 Deo
2529 2175 2794 2241 subditur,
2853 2185 2911 2232 ut
2958 2194 3059 2248 pro
3114 2180 3228 2236 Deo
3285 2182 3454 2238 etiam
3525 2185 3826 2240 hominibus

2232 2261 2623 2317 substernatur.
2660 2264 2725 2318 Et
2753 2265 2875 2334 quia
2904 2269 3389 2337 praesumptionem
3440 2271 3496 2326 in
3535 2273 3654 2342 ipsa
3699 2273 3827 2329 obe-

2232 2349 2457 2405 dientiae
2497 2351 2691 2406 virtute
2728 2367 2836 2407 non
2870 2354 3086 2418 habent,
3119 2357 3303 2412 dicunt
3334 2377 3345 2412 :
3380 2360 3491 2416 Ora
3525 2377 3628 2433 pro
3664 2365 3829 2418 seruis

2233 2439 2349 2492 tuis
2384 2439 2456 2493 ad
2477 2439 2806 2511 Dominum,
2826 2447 2891 2497 ut
2930 2459 3045 2498 non
3076 2446 3422 2504 moriamur.
3448 2449 3587 2503 Cum
3618 2451 3833 2521 spiritus

2232 2523 2362 2580 vitae
2408 2542 2467 2581 se
2514 2528 2681 2583 menti
2747 2529 3008 2594 infundit,
3060 2534 3309 2601 protinus
3356 2551 3482 2591 eam
3531 2539 3602 2592 ad
3650 2539 3831 2593 mortis

2231 2627 2492 2683 pavorem
2520 2615 2683 2687 erigit
2714 2633 2726 2669 :
2760 2617 2886 2687 quia
2914 2619 3293 2691 magisterium
3323 2624 3582 2693 ejusdem
3623 2626 3835 2695 spiritus

2232 2710 2332 2765 est,
2365 2710 2421 2756 ut
2451 2702 2685 2758 timendo
2714 2721 2867 2760 mens
2890 2715 3037 2777 agat,
3070 2724 3136 2762 ne
3167 2711 3316 2779 quod
3357 2712 3516 2768 timet
3555 2714 3792 2769 inveniat
3821 2733 3831 2768 :

2231 2791 2327 2845 sed
2357 2792 2528 2847 sancti
2557 2792 2656 2847 viri
2685 2809 2783 2864 pro
2826 2794 2904 2850 eis
2949 2804 3162 2853 orantes
3187 2800 3441 2855 exaudiri
3470 2811 3717 2872 possunt,
3748 2802 3835 2874 qui

2230 2886 2284 2933 et
2311 2878 2527 2935 occulta
2550 2889 2775 2950 peccata
2803 2883 2989 2938 cordis
3028 2900 3130 2954 per
3178 2887 3552 2945 humilitatem
3599 2890 3837 2946 revelant

2229 2966 2600 3022 confessionis.
2649 2970 2810 3026 Unde
2852 2979 2905 3026 et
2949 2972 3202 3027 subditur
3237 2993 3250 3029 :
3282 2976 3641 3033 Addidimus
3685 2980 3832 3034 enim

2224 3057 2507 3112 universis
2534 3058 2704 3114 malis
2720 3061 2955 3128 nostris,
2989 3066 3055 3117 ut
3086 3066 3424 3133 peteremus
3446 3068 3613 3124 nobis
3629 3084 3833 3140 regem.

2228 3140 2366 3210 Quia
2389 3160 2519 3200 vero
2548 3145 2664 3201 haec
2701 3147 2833 3202 satis
2873 3147 2991 3218 jam
3037 3154 3367 3221 exponendo
3399 3156 3668 3211 ventilata
3697 3162 3837 3221 sunt,

519 3206 710 3295 narum
758 3206 978 3307 merita,
1027 3206 1158 3308 quot
1205 3238 1294 3292 ille
1343 3206 1595 3292 ﬁdelibus
1639 3236 1869 3291 subditis
1915 3206 2197 3306 praebetC
2224 3206 2509 3300 sequentia
2546 3234 2843 3290 videamus.

519 3328 803 3399 pravitatis
831 3327 1100 3398 exempla.
1138 3327 1247 3382 Sed
1278 3341 1446 3397 grave
1476 3325 1690 3397 pondus
1731 3324 1975 3378 criminis
2018 3325 2119 3379 de-

521 3418 651 3488 poni
699 3434 809 3473 non
857 3424 1055 3487 potest,
1103 3416 1205 3470 nisi
1249 3415 1556 3469 austeritate
1600 3429 1820 3484 magna:
1850 3428 2120 3483 compun-

520 3506 730 3562 ctionis.
766 3504 1210 3575 Compunctionis
1236 3510 1415 3558 autem
1437 3502 1611 3573 gratia
1631 3501 1796 3556 menti
1816 3517 1923 3555 non
1945 3501 2122 3556 infun-

524 3596 688 3661 ditur,
720 3594 823 3647 nisi
851 3593 1001 3663 prius
1029 3593 1146 3663 ipsa
1174 3590 1224 3647 ei
1252 3591 1465 3663 peccati
1494 3589 1813 3661 magnitudo
1851 3599 2122 3646 monstre-

524 3690 627 3738 tur.
675 3680 944 3751 PrOpheta
975 3695 1106 3751 ergo
1135 3678 1380 3745 Domini,
1424 3686 1483 3733 ut
1528 3679 1598 3733 ad
1644 3692 1898 3750 congrum
1944 3679 2121 3749 paeni-

524 3768 707 3825 tentiae
736 3768 970 3823 fructum
1000 3776 1320 3837 peccantem
1352 3766 1613 3837 populum
1656 3776 1994 3837 provocarat,
2027 3783 2125 3837 per

522 3857 830 3913 mirabilem
853 3865 1056 3912 motum
1087 3856 1248 3921 aeris,
1280 3855 1329 3910 ei
1371 3855 1605 3910 insinuat
1632 3871 1892 3926 magnum
1922 3872 2121 3927 pecca-

525 3955 636 4002 tum
669 3945 1129 4018 transgressionis.
1181 3946 1241 3999 ln
1285 3959 1463 4000 messe
1502 3951 1679 3999 autem
1710 3944 1889 4009 tritici,
1920 3943 2123 4014 pluvias

520 4042 574 4091 et
606 4035 837 4091 tonitrua
882 4032 939 4089 in
981 4033 1077 4088 illa
1118 4033 1341 4106 regione
1388 4048 1496 4089 non
1544 4031 1697 4088 ﬁunt.
1746 4031 1890 4088 Bene
1942 4039 2120 4089 autem

524 4123 915 4195 subsequenter
941 4123 1257 4193 adjunctum
1286 4129 1375 4177 est
1406 4139 1418 4175 :

595 4230 772 4301 (Vers.
808 4232 896 4292 18,
927 4229 1041 4299 19.)
1076 4228 1359 4284 Clamauit
1390 4228 1630 4284 Samuel
1679 4228 1753 4283 ad
1786 4228 2122 4294 Dominum,

523 4323 581 4377 et
608 4319 761 4375 dedit
795 4318 1073 4373 Dominus
1104 4333 1289 4383 voces,
1330 4319 1387 4371 et
1432 4317 1739 4387 pluvias-in
1766 4315 1854 4371 die
1884 4316 1993 4371 illa
2021 4335 2040 4371 :
2066 4318 2123 4370 et

527 4407 727 4463 timuit
758 4407 944 4461 omnis
970 4405 1213 4477 papulas
1237 4404 1431 4465 nimis,
1469 4405 1860 4470 Dominum,et
1875 4401 2122 4459 Samue-

525 4495 658 4549 lem.
701 4493 972 4565 Dixitque
1021 4492 1319 4546 universus
1360 4492 1600 4561 papulus
1633 4491 1704 4545 ad
1736 4490 2063 4548 Samuelem
2104 4511 2123 4547 .-

2297 3333 2467 3402 (Vers.
2500 3334 2619 3407 20.)
2646 3335 2816 3393 Dixit
2835 3343 3029 3395 autem
3069 3340 3311 3399 Samuel
3346 3364 3366 3398 ε
3400 3345 3602 3403 Nolite
3627 3348 3844 3404 timere.

2233 3422 2329 3478 Vos
2363 3424 2582 3492 fecistis
2618 3427 2947 3482 universum
2991 3430 3209 3486 malum
3258 3432 3394 3490 hoc.
3441 3436 3850 3493 Verumtamen

2226 3511 2406 3566 nolite
2433 3512 2693 3569 recedere
2712 3530 2747 3569 η
2779 3519 2935 3587 tergo
2964 3517 3211 3575 Domini.

2300 3620 2386 3673 11.
2418 3617 2731 3675 Ραδηίιθοῑίε
2757 3636 2912 3677 mens
2943 3630 3070 3680 tunc
3098 3623 3239 3681 bene
3266 3626 3570 3700 dirigitur,
3596 3632 3643 3687 si
3675 3632 3855 3689 divina

2222 3705 2431 3775 judicia
2483 3714 2704 3778 metuat,
2735 3717 2788 3765 et
2815 3711 2883 3765 de
2915 3711 3014 3766 Dei
3043 3714 3450 3784 omnipotentis
3500 3720 3854 3776 miseratione

2227 3793 2483 3848 conﬁdat.
2524 3795 2708 3852 Timor
2742 3798 2964 3868 quidem
2993 3800 3107 3856 sine
3135 3818 3232 3873 spe
3282 3803 3343 3859 in
3399 3806 3855 3879 desperationem

2227 3882 2548 3954 prmcipitat,
2573 3885 2671 3940 sed
2697 3902 2819 3941 cum
2846 3888 2964 3958 spei
2990 3890 3362 3963 conjungitur,
3388 3895 3637 3953 salutem
3664 3899 3858 3953 mentis

2229 3979 2503 4041 operatur.
2534 3971 2714 4041 Quare
2742 3982 2793 4030 et
2822 3991 3038 4033 summo
3062 3979 3244 4034 studio
3274 3980 3591 4055 invigilare
3622 3987 3861 4058 optimus

2228 4058 2424 4115 doctor
2450 4061 2631 4129 debet,
2663 4071 2721 4118 ut
2749 4073 3069 4135 peccantem
3118 4073 3339 4139 terreat,
3394 4081 3455 4129 et
3506 4075 3761 4130 territum
3792 4074 3859 4129 ad

2228 4148 2403 4236 veniae
2430 4165 2582 4219 spem
2612 4152 2836 4209 reducat
2869 4171 2880 4208 :
2914 4163 3174 4226 quatenus
3216 4172 3312 4228 per
3358 4169 3591 4218 metum
3632 4179 3866 4236 peccare

2229 4235 2458 4306 desinat,
2481 4245 2534 4293 et
2552 4255 2652 4310 per
2676 4256 2834 4311 spem
2856 4242 3214 4314 impetranda
3236 4235 3650 4321 indulgentiae,
3665 4252 3865 4308 divinae

2228 4324 2616 4382 misericordiae
2644 4337 2857 4399 portum
2888 4340 3121 4402 quierat.
3154 4334 3402 4392 Territos
3435 4353 3581 4412 ergo
3612 4341 3867 4397 subditos

2229 4413 2299 4467 ad
2329 4414 2445 4483 spei
2487 4415 2738 4471 virtutem
2768 4419 2985 4475 Samuel
3017 4422 3255 4494 erigens,
3290 4423 3439 4480 dicit
3467 4445 3481 4482 :
3518 4430 3624 4486 l'os
3641 4433 3870 4503 fecistis

2229 4504 2560 4560 universum
2578 4507 2796 4562 malum
2815 4507 2934 4578 hoc,
2960 4514 3352 4567 verumtamen
3372 4517 3579 4574 nolite
3599 4519 3867 4576 recedere

525 4581 635 4636 Ora
663 4596 763 4652 pro
793 4560 967 4676 servis
1013 4579 1141 4676 tuis.
1162 4578 1569 4676 Dominum
1611 4578 1785 4676 Deum
1825 4583 2007 4676 tuum,
2053 4585 2121 4676 ut
2145 4560 2198 4622 D
2227 4607 2261 4646 a
2299 4594 2449 4664 tergo
2482 4560 2941 4662 DomiuirQu'a'si

525 4683 641 4724 non
683 4668 1022 4723 moriamur.
1060 4666 1395 4722 Addidimus
1434 4668 1588 4723 enim
1628 4669 1907 4723 uniuersis
1951 4670 2123 4724 malis

523 4753 759 4819 nostris,
783 4755 848 4806 ut
869 4754 1187 4823 peteremus
1208 4749 1370 4806 nobis
1388 4766 1595 4823 regem.

594 4859 680 4914 to.
715 4855 873 4927 Quod
903 4870 1053 4925 sane,
1085 4857 1127 4911 si
1158 4856 1229 4912 ad
1262 4864 1445 4912 nostra
1489 4864 1731 4927 tempora
1776 4857 2115 4927 deducimus,

522 4952 581 5002 ut
604 4946 839 5017 populus
867 4945 937 5001 ad
968 4944 1332 5018 cognitionem
1370 4953 1715 5015 peccatorum
1743 4947 1945 5014 veniat,
1976 4963 2120 5017 prte-

523 5034 797 5091 dicatores
822 5047 919 5097 pro
962 5033 1042 5089 eis
1087 5033 1157 5088 ad
1203 5033 1380 5088 Deum
1410 5032 1644 5089 clamant
1677 5052 1689 5087 :
1723 5034 1847 5105 quia
1877 5034 2119 5089 fidelium

519 5124 745 5180 salutem
777 5122 991 5194 magnis
1020 5121 1305 5177 desideriis
1330 5120 1592 5195 ﬂagitant.
1626 5122 1871 5179 Clamare
1899 5122 2116 5195 quidem

518 5212 988 5285 praedicatoribus,
1020 5217 1100 5266 est
1129 5210 1421 5266 electorum
1452 5210 1687 5267 salutem
1715 5226 1915 5284 magna
1944 5212 2116 5269 devo-

520 5301 667 5357 tione
730 5300 1024 5371 postulare.
1065 5298 1146 5355 Ad
1212 5314 1438 5369 quorum
1508 5299 1802 5355 clamorem
1860 5300 2121 5356 Dominus

521 5403 711 5445 vocem
744 5388 833 5444 dat
868 5405 882 5445 :
915 5387 1043 5461 quia
1076 5394 1423 5459 peccatorum
1454 5387 1617 5443 corda
1646 5387 1862 5453 excitat,
1896 5394 1954 5442 ut
1981 5404 2113 5457 pra-

518 5476 703 5533 vitatis
750 5490 864 5531 sute
912 5476 1206 5547 nequitiam
1254 5484 1669 5548 recognoscant.
1708 5473 1813 5530 Dat
1853 5475 2110 5545 pluvias:

510 5562 641 5636 quia
680 5563 918 5621 excitata
944 5562 1110 5620 corda
1150 5579 1252 5635 per
1296 5562 1622 5621 infusionem
1648 5577 1895 5635 supernae
1921 5564 2112 5636 gratiae

2225 4678 2295 4733 ad
2318 4679 2665 4735 obtinendam
2689 4683 3105 4739 commissorum
3128 4688 3344 4743 veniam
3370 4697 3690 4761 pervenire
3709 4696 3875 4752 citius

2224 4768 2473 4837 potestis.
2517 4770 2703 4826 Nolite
2740 4787 2865 4843 ergo
2887 4774 3145 4831 recedere
3184 4792 3220 4831 a
3261 4780 3427 4850 tergo
3486 4782 3761 4843 Domini.
3793 4786 3874 4841 De

2220 4855 2352 4945 justi
2376 4856 2551 4945 laude
2580 4859 2926 4927 promittitur.
2962 4863 3193 4920 Prwibis
3241 4866 3403 4922 enim
3451 4876 3608 4928 ante
3650 4876 3873 4945 faciem

2230 4942 2453 5000 Domini
2464 4960 2672 5017 parare
2699 4947 2818 5004 vias
2835 4951 2956 5020 ejus
2979 4951 3134 5020 (Luc.
3154 4966 3192 5021 t,
3216 4953 3325 5023 76).
3363 4956 3522 5013 Hinc
3556 4942 3730 5018 Elias
3761 4964 3833 5018 ait
3860 4982 3873 5017 :

2240 5032 2377 5088 Viuit
2412 5033 2703 5123 Dominus,
2748 5036 2811 5091 in
2858 5037 3022 5108 cujus
3070 5044 3378 5113 conspectu
3424 5049 3529 5102 sto
3584 5049 3694 5119 (Ill
3716 5054 3874 5123 Reg.
3954 5094 3961 5101 .

2225 5136 2360 5191 ινιτ,
2402 5122 2476 5194 t).
2527 5122 2663 5179 Hinc
2692 5124 2975 5181 Psalmista
3023 5125 3196 5183 dicit:
3229 5130 3542 5192 Exultent
3596 5138 3767 5208 justi
3812 5122 3882 5198 in

2225 5215 2529 5299 conspectu
2549 5210 2651 5268 Dei
2678 5213 2852 5284 (Psal.
2875 5228 3041 5284 van,
3076 5216 3150 5286 4).
3183 5215 3244 5271 In
3269 5232 3607 5292 conspectu
3644 5228 3880 5299 quidem

2222 5298 2478 5369 Domini,
2528 5301 2616 5357 vel
2656 5310 2781 5357 ante
2827 5302 3115 5359 Dominum
3163 5314 3328 5374 stare,
3379 5320 3475 5366 est
3533 5298 3885 5377 testimonio

2226 5387 2384 5443 bonae
2411 5390 2751 5447 conscientiae
2796 5389 2863 5446 de
2904 5406 3091 5449 amore
3135 5393 3459 5455 Conditoris
3478 5417 3881 5473 praesumere.

2224 5476 2378 5532 Stant
2433 5477 2652 5546 quidem
2711 5478 2766 5533 in
2822 5489 3118 5551 conspectu
3176 5483 3312 5554 ejus,
3359 5488 3471 5556 qui
3537 5507 3617 5548 ex
3675 5495 3886 5554 merito

2221 5579 2434 5659 magna
2463 5566 2713 5659 actionis,
2760 5565 2828 5622 de
2877 5583 3112 5640 superna
3156 5570 3486 5632 Conditoris
3539 5582 3641 5639 sui
3687 5588 3888 5659 gratia

511 5649 776 5727 adjuvat;
806 5657 866 5708 ut
889 5665 1003 5710 non
1043 5651 1218 5711 solum
1266 5651 1481 5711 deserat
1527 5649 1675 5709 mala
1719 5650 1949 5729 quisque
1989 5666 2113 5729 quo
2216 5653 2393 5712 secuti
2428 5660 2570 5713 sunt.
2612 5655 2928 5716 νεαραῖσι-οε
2974 5659 3153 5719 autem
3198 5676 3321 5720 cum
3371 5665 3547 5725 mala
3599 5649 3884 5733 commit.
