4034 6174
226 349 311 407 331

1037 345 1111 401 IN
1149 346 1416 405 PRIMUM
1456 347 1702 407 REGUM
1740 345 2280 408 EXPOSITIONES.
2310 384 2380 394 —
2422 350 2547 408 UB.
2608 351 2671 410 ν.

3403 363 3499 420 334

231 457 345 513 tunt,
373 463 399 501 a
429 446 559 501 facie
603 445 818 502 Domini
852 445 1083 519 fugiunt,
1131 447 1226 502 sed
1259 464 1381 504 cum
1440 449 1615 506 redire
1665 464 1787 522 ρω-
1817 448 1871 508 Α
1903 450 2031 504 dum
2062 457 2143 503 est
2176 467 2188 503 :
2222 450 2346 520 quia
2372 451 2450 505 eis
2480 454 2798 524 temporalia
2826 454 2969 510 bona
3019 470 3126 512 non
3181 460 3495 530 proderunt,

220 536 411 591 nitendo
436 535 750 598 deliberant,
782 536 930 607 quasi
960 543 1085 605 post
1117 543 1326 607 tergum
1357 537 1575 592 Domini
1604 545 1729 592 sunt
1763 554 1776 594 :

222 625 327 695 quia
351 632 399 679 et
423 623 701 679 discedere
740 624 955 695 longius
1008 625 1216 691 nolunt,
1275 633 1329 679 et
1387 633 1567 681 tamen
1636 642 1787 697 prae-

218 727 401 768 sumere
426 711 492 766 de
519 712 633 766 Deo
662 712 816 781 quasi
845 711 1004 765 amici
1038 726 1145 766 non
1177 720 1422 780 possunt.
1489 714 1632 769 Hinc
1677 721 1778 779 est,

219 801 341 871 quod
391 801 658 871 peccatrix
712 798 911 854 mulier
964 807 1110 854 retro
1169 800 1384 855 stetisse
1435 802 1660 869 dicitur,
1732 809 1791 856 ut

220 891 362 963 pedes
390 887 600 943 Domini
628 887 926 943 deosculari
958 896 1257 942 mereretur
1285 890 1440 957 (Luc.
1496 904 1597 958 vn,
1657 892 1777 961 58).

225 980 359 1033 Retro
392 977 550 1032 etiam
589 976 685 1030 illa
721 976 890 1043 stetit,
942 992 1063 1046 quae
1112 974 1355 1032 ﬁmbrias
1410 979 1530 1049 ejus
1590 978 1785 1051 tetigit,

223 1076 265 1123 et
287 1081 315 1120 ι
344 1064 482 1120 ﬂuxu
509 1065 792 1136 sanguinis
821 1064 901 1118 sui
917 1065 1097 1120 curari
1115 1066 1548 1132 meruit(Matth.
1576 1081 1653 1131 lx,
1675 1068 1787 1135 20).

223 1157 357 1210 Retro
383 1153 596 1224 quidem
628 1161 732 1207 stat
757 1168 856 1224 pro
885 1152 1211 1208 verecundia
1230 1155 1460 1223 peccati,
1494 1155 1589 1210 sed
1620 1155 1793 1228 tangit

220 1258 298 1315 per
320 1242 557 1296 virtutem
589 1241 727 1311 spei.
761 1238 903 1309 Quia
921 1255 1054 1313 ergo
1066 1256 1166 1312 pro
1182 1242 1486 1297 commissis
1502 1243 1794 1313 iniquitati-

221 1333 305 1386 bus
332 1345 545 1401 semper
555 1329 882 1385 erubescere
901 1328 1194 1397 debemus,
1208 1328 1332 1384 etin
1347 1329 1545 1401 quibus
1560 1346 1665 1387 con
1673 1331 1794 1386 fun-

218 1419 372 1473 dimur
396 1418 662 1486 devitarc,
693 1416 914 1472 Samuel
942 1416 1320 1487 peccatoribus
1348 1418 1597 1489 imperat,
1646 1427 1705 1475 ut
1760 1433 1796 1474 a

219 1516 346 1578 tergo
371 1506 588 1560 Domini
619 1519 727 1559 non
755 1503 1037 1561 recedant.
1075 1503 1185 1560 Sed
1209 1505 1338 1576 quia
1366 1520 1475 1562 non
1504 1505 1695 1562 suﬂicit
1715 1510 1792 1576 (τι)

217 1594 470 1649 conversio
502 1592 803 1664 peccatori,
833 1600 890 1647 ut
938 1600 1163 1664 peccata
1218 1607 1327 1650 non
1383 1602 1535 1668 agat,
1593 1595 1791 1651 subse-

223 1690 421 1753 quenter
443 1682 693 1752 adjunxit
725 1698 739 1735 :
776 1678 781 1681 ⁷

1898 538 1988 608 qui
2019 543 2145 609 post
2174 538 2292 593 haec
2321 539 2596 595 declinare
2626 543 2991 613 perhibentur.
3024 544 3153 600 Post
3179 544 3324 604 bona
3377 556 3502 604 ete-

1897 625 2008 679 nim
2042 625 2300 697 temporis
2328 626 2620 697 declinare,
2653 638 2737 685 est
2765 630 2820 684 in
2849 646 3037 687 eorum
3066 634 3364 703 appetitum
3396 635 3499 692 de-

1898 711 2084 781 fluere,
2116 728 2360 769 amorem
2394 715 2611 771 illorum
2645 717 2829 774 divino
2857 719 3030 775 amori
3059 722 3336 792 praeferre.
3378 724 3498 782 Me-

1896 801 1998 857 rito
2027 818 2157 874 ergo
2190 803 2271 857 his
2300 820 2443 859 vana
2473 821 2580 860 non
2610 807 2929 877 proderunt:
2965 809 3087 878 quia
3116 824 3178 865 ea
3199 825 3264 866 eo
3285 812 3494 882 ordine,

1897 906 2006 960 quo
2035 891 2248 948 condita
2279 900 2419 962 sunt,
2453 893 2655 949 habere
2684 895 2930 951 noluere.
2993 895 3099 952 Sed
3153 913 3259 969 quo
3315 899 3497 958 fructu

1898 994 2031 1034 vana
2063 980 2449 1050 despiciantur,
2484 982 2799 1052 insinuatur,
2832 985 2961 1040 dum
2989 984 3238 1043 subditur
3268 1006 3280 1043 :

1969 1068 2143 1137 (Vers.
2176 1068 2290 1138 22.)
2313 1070 2382 1126 Et
2408 1085 2525 1126 non
2547 1073 2897 1146 derelinquet
2928 1073 3201 1133 Dominus
3226 1079 3499 1150 populum

1897 1172 2065 1213 suum
2091 1161 2324 1229 propter
2343 1174 2551 1215 nomen
2581 1176 2749 1216 suum
2776 1178 3050 1233 magnum
3071 1181 3090 1220 :
3119 1166 3251 1236 quia
3271 1166 3497 1238 juravit

1901 1241 2171 1297 Dominus
2186 1244 2376 1311 facere
2397 1243 2503 1299 sibi
2526 1245 2820 1317 papulum.

1972 1329 2057 1382 l4.
2092 1329 2346 1401 Magnum
2377 1331 2578 1385 malum
2610 1332 2726 1388 haec
2744 1348 2880 1388 vana
2895 1342 3016 1405 post
3031 1350 3089 1391 se
3105 1336 3498 1395 declinantibus

1899 1416 2189 1488 ingerunt:
2222 1418 2344 1487 quia
2373 1417 2503 1473 dum
2534 1419 2838 1477 inordinate
2868 1428 3084 1479 terrena
3138 1433 3414 1496 appetunt,
3465 1443 3500 1485 a

1900 1519 2115 1559 summo
2146 1512 2198 1559 et
2228 1506 2584 1575 omnipotenti
2609 1507 2725 1564 Deo
2756 1508 2826 1563 ad
2854 1510 3168 1567 sustinenda
3196 1512 3374 1570 futura
3390 1523 3501 1571 tor-

1900 1601 2081 1647 menta
2110 1592 2444 1648 deseruntur.
2475 1594 2571 1650 His
2599 1611 2750 1668 ergo,
2783 1597 2874 1667 qui
2902 1597 3175 1656 declinare
3192 1608 3318 1671 post
3363 1620 3505 1661 vana

1902 1680 2279 1751 prohibentur,
2312 1682 2505 1738 merito
2549 1684 2813 1754 propheta
2866 1688 3207 1757 repromittit,
3266 1691 3499 1749 dicens:

277 1799 445 1871 (Vera.
459 1798 581 1862 20.)
604 1800 670 1853 Et
686 1799 892 1855 seruile
905 1797 1150 1854 Domino
1165 1798 1231 1854 in
1243 1799 1402 1856 omni
1416 1798 1579 1856 corde
1590 1814 1678 1857 ves
1686 1802 1791 1857 tro.

1914 1769 2026 1825 Non
2040 1770 2679 1871 deretinquetDomin'us
2688 1774 2958 1845 populum
2969 1790 3138 1833 suum
3153 1783 3501 1852 propterno-

275 1897 351 1952 lit.
380 1897 533 1951 Tunc
590 1910 825 1966 namque
867 1895 1170 1967 promereri
1213 1895 1428 1950 veniam
1486 1911 1795 1967 possumus,

218 1986 253 2039 si
274 2000 482 2056 peccare
515 1984 835 2051 desinimus,
872 1993 923 2039 et
953 1983 1112 2039 bonis
1143 1983 1399 2054 operibus
1453 1984 1799 2041 inhaeremus.

218 2074 266 2128 ln
289 2074 423 2129 omni
454 2072 660 2128 etenim
692 2073 858 2127 corde
887 2072 1119 2127 Domino
1148 2073 1375 2140 servire,
1406 2080 1488 2129 est
1543 2073 1804 2144 peccandi

216 2163 390 2216 nullam
421 2162 475 2216 in
511 2162 681 2216 corde
710 2160 1057 2216 intentionem
1090 2161 1343 2217 retinere.
1381 2161 1558 2217 Omne
1578 2161 1801 2231 quidem

215 2266 292 2306 cor
314 2250 374 2306 ad
404 2249 691 2305 servitium
724 2248 1038 2305 Conditoris
1064 2248 1372 2317 inﬂectitur,
1418 2250 1581 2319 276
1616 2265 1796 2321 quan-

215 2338 273 2394 do
299 2339 364 2393 sic
392 2339 546 2394 bona
576 2337 814 2410 agimus,
846 2344 903 2392 ut
931 2337 1075 2393 mala
1104 2353 1206 2409 per
1261 2337 1595 2410 propositum
1654 2338 1801 2395 nulla

217 2435 483 2483 teneamus.
524 2425 684 2497 Quod
718 2434 771 2482 et
800 2427 1062 2497 propheta
1091 2425 1310 2482 Domini
1341 2426 1560 2483 Samuel
1611 2434 1801 2500 aperte

220 2514 453 2584 insinuat,
486 2530 619 2572 cum
650 2513 931 2587 subiungit
963 2530 977 2567 :

274 2631 444 2701 (Vera.
483 2631 620 2700 21.)
642 2632 710 2686 Et
732 2630 911 2685 nolile
929 2628 1216 2686 declinare
1231 2634 1357 2702 post
1369 2647 1535 2700 vana,
1557 2647 1680 2703 quae
1691 2647 1806 2688 non

218 2719 511 2788 proderunt
546 2719 718 2788 vobis,
736 2734 915 2790 neque
936 2722 1138 2773 erue-nt
1172 2734 1261 2774 vos
1289 2720 1455 2790 :quia
1478 2735 1623 2776 vana
1644 2723 1803 2776 sunt.

270 2836 351 2889 13.
387 2836 472 2889 Ad
511 2835 754 2889 litteram
789 2847 954 2897 vana,
997 2832 1295 2889 simulacra
1359 2834 1668 2889 daemonum
1702 2849 1808 2904 ap-

217 2922 385 2992 pellat.
422 2922 607 2978 Nobis
646 2929 824 2977 autem
864 2936 1007 2977 vana
1043 2921 1140 2977 illa
1173 2922 1264 2978 hic
1300 2921 1615 2994 accipienda
1665 2931 1809 2991 sunt,

214 3026 323 3081 quae
359 3011 724 3066 concionator
749 3009 1002 3078 ostendit,
1033 3009 1224 3065 dicens
1258 3028 1270 3064 :
1311 3011 1565 3080 lanitas,
1588 3012 1810 3066 vanita-

1908 1873 2041 1913 men
2065 1874 2233 1913 suum
2262 1873 2557 1931 magnum.
2591 1859 2727 1929 Quia
2758 1862 2847 1931 qui
2877 1876 2976 1934 pro
3004 1864 3119 1933 ejus
3147 1882 3334 1924 amore
3362 1884 3504 1925 vana

1913 1946 2237 2016 despiciunt,
2268 1962 2297 2000 a
2329 1949 2478 2002 veris
2507 1948 2666 2002 malis
2695 1958 2970 2017 eruuntur,
2996 1959 3049 2008 et
3069 1968 3138 2008 ex
3156 1952 3260 2010 ﬁde
3278 1956 3507 2025 promis,

1922 2036 2089 2090 sionis
2125 2035 2427 2091 mercedem
2460 2036 2730 2106 accipiunt
2767 2046 2984 2094 aeterna:
3020 2042 3372 2099 hereditatis.
3414 2045 3511 2101 Po-

1912 2124 2099 2195 pulum
2130 2123 2330 2194 quippe
2359 2139 2514 2178 suum
2544 2124 2809 2180 Dominus
2834 2127 2982 2197 facit,
3015 2144 3176 2200 quem
3206 2130 3274 2186 ad
3296 2140 3514 2191 aeterna

1911 2211 2261 2267 beatitudinis
2289 2212 2489 2283 gaudia
2519 2212 2771 2268 sustollit.
2804 2213 2883 2268 lbi
2907 2217 3107 2287 quippe
3125 2218 3359 2275 revelata
3387 2236 3511 2276 ma-

1906 2300 2118 2371 jestatis
2146 2315 2260 2355 suae
2290 2299 2471 2371 gloria
2500 2300 2577 2355 illi
2606 2301 2877 2371 praesidet,
2906 2319 3066 2375 quem
3104 2305 3163 2360 in
3212 2306 3413 2363 mundo
3442 2310 3514 2364 ab

1914 2403 2098 2443 amore
2137 2386 2391 2443 vanitatis
2429 2404 2526 2459 per
2566 2389 2833 2445 occultam
2888 2391 3121 2462 gratiam
3174 2403 3515 2465 assumptum

1915 2483 2078 2531 tenet.
2125 2476 2314 2531 Jurare
2371 2476 2588 2546 quidem
2648 2477 2901 2546 Domino,
2959 2479 3333 2550 repromittere
3382 2491 3510 2539 est:

1913 2580 2148 2635 eumque
2185 2564 2447 2636 papulum
2477 2581 2633 2619 suum
2667 2566 2864 2632 facere,
2889 2567 3153 2624 Dominus
3204 2569 3365 2639 iurat,
3425 2580 3516 2642 qui

1913 2667 2021 2708 non
2051 2652 2286 2707 declinat
2313 2659 2439 2724 post
2468 2668 2652 2708 vana:
2714 2655 2839 2724 quia
2896 2662 3111 2711 terrena
3167 2658 3521 2729 despicienda

1913 2747 2053 2808 sunt,
2087 2749 2141 2794 ut
2169 2747 2384 2796 aeternae
2413 2739 2746 2796 bareditatis
2792 2742 3018 2813 adipisci
3095 2744 3240 2800 bona
3295 2762 3513 2803 merea-

1917 2845 2063 2884 mur.
2094 2829 2209 2884 Nec
2239 2837 2414 2883 tamen
2448 2829 2519 2883 ad
2550 2844 2615 2884 ea
2643 2845 2802 2900 posse
2830 2831 2914 2885 his
2942 2832 3148 2887 meritis
3177 2849 3236 2888 se
3293 2834 3518 2904 perduci

1918 2917 2115 2987 aliquis
2165 2916 2390 2980 credat;
2450 2917 2576 2988 quia
2631 2918 2719 2972 hic
2772 2916 3009 2974 districte
3046 2934 3359 2991 expressum
3400 2930 3518 2977 est:

1918 3007 2157 3078 Propter
2184 3020 2393 3062 nomen
2422 3021 2590 3062 suum
2617 3022 2905 3078 magnum.
2929 3007 3054 3063 Non
3093 3007 3239 3063 enim
3277 3008 3521 3066 bonitate

213 3101 339 3163 tum,
368 3103 424 3155 et
445 3098 652 3155 omnia
668 3098 916 3154 vanitas.
934 3099 995 3152 In
1016 3098 1425 3168 comparatione
1439 3098 1638 3154 etenim
1657 3106 1813 3154 aeter—
1842 3115 1893 3180 α
1920 3101 2121 3159 nostra,
2153 3094 2250 3149 sed
2281 3095 2379 3150 Dei
2408 3092 2485 3161 ﬁt,
2540 3095 2702 3163 277
2735 3102 2793 3148 ut
2850 3095 3012 3150 homo
3068 3102 3311 3153 terrenus
3365 3098 3524 3153 bonis

212 3200 383 3241 norum
412 3188 724 3254 bonorum,
756 3201 895 3241 vana
923 3192 1052 3242 sunt
1076 3184 1280 3255 omnia,
1312 3186 1474 3241 etiam
1505 3186 1650 3242 bona
1678 3192 1811 3241 tem-

213 3275 415 3343 poralia.
460 3274 750 3344 Quidquid
779 3274 924 3330 enim
956 3274 1011 3329 in
1040 3274 1148 3329 hoc
1182 3274 1384 3330 saeculo
1413 3275 1620 3346 lectum,
1653 3274 1808 3330 dele-

218 3363 426 3431 ctabile,
467 3362 711 3418 sublime
744 3403 759 3431 ,
798 3369 893 3417 aut
928 3377 1248 3434 prosperum
1286 3362 1522 3417 cernitur
1551 3402 1566 3431 ,
1606 3376 1812 3418 vanum

218 3451 444 3520 profecto
465 3458 601 3507 est:
631 3450 760 3522 quia
786 3449 1010 3506 difﬁcile
1036 3450 1282 3519 habetur,
1314 3458 1369 3506 et
1392 3450 1499 3506 cito
1529 3450 1810 3506 amittitur.

214 3537 435 3610 Repente
465 3538 700 3610 quidem
730 3538 835 3593 alta
857 3538 1041 3593 saeculi
1071 3544 1343 3604 corruunt,
1375 3538 1601 3608 pulchra
1630 3546 1813 3593 trans-

216 3636 342 3692 eunt,
368 3627 500 3683 laeta
533 3633 592 3680 et
618 3640 881 3697 prospera
912 3633 1269 3682 evanescunt.
1321 3625 1462 3681 Nam
1518 3639 1643 3683 cum
1673 3634 1814 3681 stare

216 3712 264 3767 in
294 3715 373 3769 his
408 3714 644 3771 ﬂoribus
679 3713 791 3769 suis
821 3712 1056 3769 mundus
1082 3712 1370 3769 blandiens
1411 3713 1670 3781 cernitur,
1717 3730 1809 3769 re-

209 3803 402 3870 pentina
443 3803 676 3858 fortuna
712 3801 976 3869 turbatur,
1017 3808 1109 3856 aut
1146 3801 1358 3871 festina,
1402 3809 1459 3857 et
1486 3801 1672 3857 omnia
1704 3801 1808 3856 de-

216 3890 450 3946 tnrbante
480 3897 684 3959 morte,
724 3888 1084 3945 concluditur.
1126 3890 1281 3945 Vana
1316 3905 1450 3963 ergo
1496 3897 1622 3945 sunt
1664 3904 1808 3961 gau-

213 3977 287 4032 dia
319 3979 537 4048 saculi,
581 3994 703 4049 quae
745 3977 896 4048 quasi
954 3977 1227 4033 manentia
1280 3977 1671 4034 blandiuntur:
1712 3979 1809 4033 sed

214 4074 468 4123 amatores
528 4081 681 4135 suos,
735 4067 845 4121 cito
898 4066 1247 4135 transeundo,
1305 4066 1601 4136 decipiunt.
1655 4067 1810 4122 Dicat

212 4169 324 4225 ergo
354 4155 633 4227 propheta
661 4154 881 4211 Samuel
914 4172 927 4208 :
956 4155 1142 4210 Nolite
1172 4154 1460 4211 declinare
1479 4159 1605 4227 post
1635 4172 1803 4224 vana,

211 4259 318 4312 qua
341 4260 461 4300 non
490 4243 817 4316 proderunt
848 4244 1016 4300 vobis.
1049 4242 1217 4311 Quasi
1248 4243 1391 4298 dicat
1416 4244 1624 4299 :Stulte
1640 4259 1806 4315 appe-

212 4337 378 4386 tuntur
406 4332 563 4387 bona
591 4330 801 4398 saeculi,
833 4346 958 4404 quae
987 4330 1059 4386 ab
1088 4330 1485 4401 appetitoribus
1528 4332 1640 4386 suis
1696 4348 1805 4387 non

209 4426 448 4486 poterunt
480 4420 694 4474 diutius
719 4419 920 4475 teneri.
950 4419 1019 4473 Et
1048 4419 1364 4485 notandum,
1387 4420 1514 4490 quia
1535 4420 1604 4475 de
1626 4420 1804 4475 futuro

209 4505 386 4563 dicitur
415 4525 431 4562 :
464 4508 595 4565 Non
629 4507 944 4589 prqderunt
970 4507 1119 4564 vobis
1153 4526 1170 4561 :
1199 4508 1322 4577 quia
1372 4508 1629 4563 nimirum
1654 4524 1798 4563 nunc

209 4594 461 4663 prodesse
489 4602 785 4652 cernuntur
808 4613 825 4663 ;
846 4594 942 4651 sed
972 4610 1096 4652 cum
1125 4595 1182 4649 in
1212 4594 1390 4651 futuro
1405 4610 1506 4666 pro
1523 4595 1601 4651 eis
1622 4596 1799 4667 puniri

209 4684 458 4754 ceperint
498 4698 849 4754 nequaquam
884 4690 1133 4754 prosunt.
1176 4683 1330 4739 Unde
1378 4690 1431 4739 et
1485 4691 1611 4754 apte
1661 4683 1797 4739 sub-

209 4770 359 4825 ditur:
378 4773 570 4846 Neque
584 4775 789 4827 eruent
805 4787 915 4841 vos,
935 4774 1074 4842 quia
1089 4787 1236 4829 vana
1252 4775 1409 4828 sunt.
1434 4770 1596 4840 Quasi
1619 4772 1765 4829 dicat
1781 4791 1792 4828 :

209 4853 401 4914 Idcirco
437 4875 547 4916 vos
584 4869 711 4915 tunc
746 4875 858 4915 non
901 4860 1178 4930 adjuvant,
1236 4859 1363 4932 quia
1416 4876 1539 4917 cum
1597 4862 1799 4917 mundo

206 4944 470 5016 deﬁciunt,
504 4955 561 5002 et
587 4956 711 5019 post
739 4948 1001 5003 saeculum
1053 4962 1162 5003 non
1215 4948 1506 5004 habentur.
1560 4948 1799 5005 Multum

211 5034 410 5103 quidem
450 5036 642 5091 seculi
671 5035 816 5091 bona
843 5036 1058 5105 durant,
1081 5036 1128 5090 si
1158 5052 1282 5091 eum
1331 5045 1575 5093 amatore
1630 5054 1799 5109 usque

208 5122 269 5175 ad
291 5131 600 5179 extremum
627 5124 755 5180 vitae
782 5123 1121 5195 perveniunt.
1171 5125 1294 5180 Post
1348 5125 1608 5182 seculum
1666 5141 1799 5200 ergo

210 5223 300 5264 non
325 5220 576 5282 prosunt,
606 5227 729 5283 quin
755 5211 919 5268 ﬁnem
953 5213 1077 5270 vitae
1109 5213 1335 5268 transire
1388 5229 1497 5269 non
1551 5223 1794 5285 possunt.

210 5293 260 5351 In
285 5299 382 5355 bac
406 5299 636 5372 quidem
668 5300 777 5355 vita
795 5315 923 5356 suos
952 5308 1226 5356 amatores
1254 5301 1494 5372 peccatis
1513 5302 1794 5375 obligant;

210 5384 295 5438 sed
322 5393 449 5442 tunc
479 5402 593 5441 non
618 5395 825 5457 eruent,
858 5387 949 5442 ubi
978 5389 1200 5461 quidem
1230 5405 1331 5460 per
1358 5390 1605 5446 meritum
1653 5399 1795 5461 sunt,

208 5470 293 5528 sed
314 5487 415 5547 per
441 5474 709 5531 auxilium
736 5491 845 5533 non
871 5484 1011 5532 sunt.
1046 5475 1167 5547 Qua
1194 5476 1251 5532 in
1278 5493 1338 5537 re
1386 5486 1543 5538 caute
1596 5487 1797 5539 notan-

269 5571 341 5645 (a)
365 5569 548 5631 Gitot.
562 5615 577 5643 ,
608 5573 1217 5654 Conrerdopeceatort.

1828 4466 1883 4528 D

1921 3183 2228 3239 ccelestibus
2271 3182 2595 3253 perfruatur.
2635 3182 2852 3238 Donum
2887 3183 3086 3256 quippe
3118 3184 3215 3240 Dei
3249 3193 3346 3254 est,
3409 3202 3518 3242 non

1918 3287 1982 3327 ex
2009 3270 2184 3326 nobis.
2218 3270 2471 3342 Sequitur
2500 3290 2513 3327 :

1991 3359 2166 3430 (Vers.
2200 3359 2313 3430 23,)
2343 3360 2510 3416 Absit
2530 3365 2728 3416 autem
2756 3375 2791 3416 a
2829 3375 2917 3416 me
2975 3360 3074 3418 hoc
3127 3367 3424 3434 peccatum
3456 3364 3522 3420 in

1918 3448 2173 3513 Domino,
2209 3451 2276 3503 ut
2308 3463 2517 3505 cessem
2547 3463 2710 3505 orare
2736 3464 2838 3521 pro
2867 3447 3038 3506 vobis.

1990 3539 2084 3590 15.
2118 3535 2215 3591 Ille
2242 3535 2343 3590 ista
2373 3536 2630 3607 loquitur,
2662 3536 2747 3591 cui
2777 3537 3026 3607 superius
3070 3537 3139 3593 de
3183 3537 3289 3610 iis,
3323 3537 3520 3611 quibus

1918 3623 2174 3695 loquitur,
2208 3623 2470 3680 Dominus
2490 3623 2563 3679 ait
2586 3640 2599 3679 :
2619 3624 2739 3682 Non
2762 3629 2818 3681 te
2831 3625 3179 3697 abjecerunt,
3197 3627 3295 3684 sed
3326 3644 3432 3697 me,
3450 3643 3525 3685 ne

1917 3728 2146 3785 regnem
2175 3727 2345 3784 super
2372 3727 2482 3769 eos.
2514 3712 2661 3768 Ecce
2690 3712 2945 3783 abjicitur
2972 3715 3261 3787 propheta,
3294 3724 3348 3773 et
3375 3716 3524 3787 abji-

1917 3799 2182 3854 cientibus
2211 3815 2273 3855 se
2303 3800 2539 3871 loquitur
2568 3799 2754 3856 dicens
2785 3818 2798 3856 :
2833 3800 3040 3857 Absita
3067 3816 3160 3859 me
3180 3800 3281 3860 hoc
3322 3819 3525 3877 pecca-

1920 3890 2127 3943 tumin
2151 3889 2407 3951 Domino,
2427 3891 2493 3943 ut
2508 3902 2718 3944 cessem
2735 3901 2898 3945 orare
2917 3905 3017 3962 pro
3041 3891 3211 3947 vobis.
3237 3890 3522 3963 Equidem,

1916 3976 1957 4029 si
1990 3976 2287 4031 secundum
2317 3976 2477 4047 Legis
2510 3984 2843 4047 praeceptum
2873 3979 2978 4032 hoc
3007 3978 3314 4045 discutitur,
3332 3995 3522 4052 pecca-

1914 4072 2026 4118 tum
2050 4079 2158 4118 non
2188 4070 2351 4138 esset,
2382 4063 2426 4117 si
2453 4078 2552 4133 pro
2601 4063 2981 4134 abjicientibus
3038 4082 3096 4120 se
3152 4082 3259 4122 non
3317 4077 3518 4126 oraret.

1913 4153 2053 4208 Nam
2076 4152 2183 4206 Lex
2202 4151 2371 4222 Moysi
2406 4150 2674 4221 praecipit,
2695 4150 2908 4208 dicens:
2945 4154 3159 4225 Diliges
3187 4158 3517 4227 proximum

1916 4246 2102 4309 tuum,
2117 4244 2173 4296 et
2185 4239 2307 4296 odio
2321 4238 2544 4296 habebis
2556 4239 2859 4296 inimicum
2875 4244 3036 4297 tuum
3049 4242 3247 4311 (Leuit.
3263 4257 3381 4311 nx,
3400 4245 3510 4317 18).

1914 4330 2020 4385 Sed
2051 4337 2105 4384 et
2133 4328 2222 4399 qui
2253 4329 2572 4399 praphetam
2611 4327 2960 4397 abjiciebant,
3019 4345 3128 4386 non
3173 4330 3355 4400 amici,
3412 4334 3513 4389 sed

1914 4418 2119 4473 inimici
2150 4417 2481 4472 exstiterant.
2513 4415 2658 4485 Quid
2675 4423 2757 4472 est
2771 4432 2925 4488 ergo,
2946 4417 3093 4491 quod
3115 4418 3271 4475 dicit:
3293 4419 3462 4477 Absit
3476 4439 3513 4479 a

1910 4522 2000 4562 me
2031 4507 2130 4562 hoc
2166 4509 2484 4579 peccatum,
2514 4504 2616 4559 nisi
2645 4504 2775 4576 quia
2793 4505 2880 4561 vir
2905 4515 3121 4561 sanctus
3144 4507 3214 4562 ad
3235 4508 3515 4567 charitatis

1907 4594 2163 4653 verticem
2194 4592 2544 4660 sublimatus,
2596 4607 2705 4648 non
2750 4592 2927 4649 solum
2971 4592 3237 4666 diligebat
3282 4598 3509 4669 amicos,

1905 4682 2003 4738 sed
2032 4682 2184 4752 ipsos
2213 4681 2376 4737 etiam
2405 4679 2830 4751 amplectebatur
2856 4681 3107 4738 inimicos
3132 4683 3163 4739 ‘P
3190 4682 3352 4756 Legis
3382 4688 3509 4760 qui-

1907 4771 2031 4826 dem
2057 4770 2256 4827 veteris
2286 4771 2545 4824 mandato
2592 4769 2901 4839 instructus,
2962 4771 3061 4827 sed
3107 4787 3269 4830 nove
3316 4777 3511 4847 gratia:

1909 4859 2246 4931 fulgoribus;
2277 4858 2593 4927 illustratus,
2625 4858 2897 4915 licentiam
2927 4862 3207 4917 vetustatis
3260 4861 3512 4934 Evange-

1906 4947 2012 5003 lica
2038 4946 2371 5018 perfectione
2401 4946 2763 5017 reprehendit.
2796 4944 2917 5016 Quo
2946 4948 3200 5003 nimirum
3230 4949 3284 5004 in
3340 4951 3504 5021 facto,

1908 5053 2006 5092 nos
2034 5035 2315 5091 nobiscum
2373 5033 2552 5090 facere
2579 5035 2815 5090 rationes
2844 5036 3112 5109 cogimur.
3170 5037 3305 5092 Hinc
3359 5040 3505 5095 enim

1905 5140 2005 5196 per
2034 5123 2387 5195 Evangelium
2413 5121 2639 5193 jubetur
2669 5140 2683 5177 :
2711 5124 2944 5196 Diligtte
2979 5125 3238 5180 inimicos
3263 5132 3501 5194 vestros,

1908 5213 2227 5284 benefacite
2246 5213 2341 5279 iis,
2361 5212 2457 5285 qui
2474 5212 2716 5269 oderunt
2733 5227 2825 5269 vos
2856 5212 3076 5281 (Matth.
3094 5214 3273 5281 v,u).
3308 5211 3501 5282 Quan-

1907 5310 2017 5356 tum
2049 5315 2182 5372 ergo
2210 5315 2352 5355 nunc
2380 5299 2582 5357 inimici
2614 5298 2883 5371 diligendi
2912 5306 3060 5367 sunt,
3092 5313 3215 5355 cum
3244 5301 3503 5373 praecipi-

1906 5406 2028 5446 mur
2053 5390 2313 5462 (Prwfat.
2346 5405 2506 5448 num.
2539 5390 2616 5457 6),
2648 5386 2695 5442 si
2721 5394 2851 5442 tunc
2878 5385 3047 5441 amari
3099 5394 3324 5458 potuere
3377 5406 3504 5450 cum

1906 5479 2035 5538 odio
2063 5477 2252 5538 haberi
2274 5476 2649 5551 jubebantur?
2686 5473 2757 5531 Et
2784 5471 2912 5550 quia
2964 5488 3073 5534 non
3122 5475 3298 5538 solum
3346 5495 3503 5547 orare
