4034 6174
546 364 646 417 335

544 502 642 560 pro
684 484 783 552 eis,

545 577 625 633 ait
657 591 669 628 :

624 663 806 734 (Vers.
844 655 961 727 23.)
989 655 1057 709 Et
1087 648 1285 708 docebo
1305 662 1396 703 vos
1424 644 1575 701 viam
1596 642 1819 706 bonam,
1838 641 1894 694 et
1912 640 2148 693 rectam.

630 722 716 807 16.
751 750 858 804 Cur
885 722 1027 799 enim
1060 740 1206 795 viam
1239 734 1405 792 divini
1446 729 1689 801 obsequii
1745 727 1948 781 bonam
2006 722 2154 790 dicit,

566 850 618 900 et.
648 848 851 896 rectam
886 853 898 889 :
932 847 1054 889 cum
1084 828 1231 883 bona
1258 841 1364 879 non
1397 822 1485 889 sit,
1513 821 1554 874 si
1586 833 1698 874 non~
1724 816 1792 870 sit
1820 822 1996 881 recta;
2056 827 2157 866 nec

560 939 727 995 recta,
760 925 807 980 si
837 939 943 977 non
973 920 1039 974 sit
1068 918 1208 972 bona
1228 916 1257 969 ’ἲ
1288 912 1399 968 Sed
1428 911 1571 965 bona
1600 905 1699 961 fuit
1726 905 1838 969 via,
1897 902 2025 975 quia
2060 915 2156 971 po-

560 987 725 1094 pulus
752 1014 819 1069 ab
841 1012 1072 1082 Egypto
1101 1005 1170 1059 ad
1222 1010 1421 1058 terram
1468 991 1840 1070 promissionis
1896 987 2157 1055 ascendit,

570 1076 623 1163 et
653 1114 833 1159 tamen
865 1076 996 1153 dum
1026 1110 1132 1164 per
1160 1104 1400 1147 eremum
1434 1083 1694 1151 circuivit,
1726 1085 1876 1136 recta
1903 1094 2009 1133 non
2042 1076 2159 1131 fuit.

565 1197 722 1250 Bona
750 1204 880 1261 ergo
912 1184 999 1240 via
1030 1188 1128 1247 est,
1160 1195 1265 1250 qua
1295 1177 1362 1232 ad
1387 1188 1675 1245 supernam
1701 1168 1935 1240 patriam
1979 1164 2161 1220 tendi-

560 1292 645 1338 tur
677 1299 690 1335 :
731 1253 896 1344 recta,
924 1286 1030 1343 qua
1059 1268 1217 1324 facile
1242 1263 1576 1337 pervenitur.
1609 1259 1711 1316 Via
1742 1270 1875 1327 ergo
1920 1253 2064 1309 bona
2110 1259 2164 1307 et

563 1378 713 1427 recta
743 1374 841 1432 est,
875 1340 996 1418 cum
1024 1357 1091 1413 ad
1114 1354 1428 1426 religiosam
1455 1351 1624 1406 vitam
1655 1342 2039 1410 convertimur,
2069 1340 2159 1395 di-

565 1461 692 1518 vina
721 1429 986 1524 obsequia
1015 1462 1135 1502 cum
1158 1442 1370 1498 instanti
1404 1440 1624 1494 fervore
1670 1447 1882 1505 magna:
1910 1429 2161 1486 devotio-

565 1550 649 1604 nis
676 1515 1014 1601 exereeinus.
1046 1533 1202 1591 Unde
1233 1539 1285 1585 et
1312 1529 1450 1584 bene
1480 1524 1728 1581 eamdem
1760 1521 1901 1578 viam
1944 1515 2163 1573 Samuel

567 1633 812 1707 exponit,
845 1629 1031 1683 dicens
1060 1640 1073 1677 :

633 1696 819 1795 (.Vers.
853 1715 981 1785 2L)
1015 1705 1293 1785 Igiturta)
1325 1707 1518 1761 timete
1535 1696 2163 1765 Dominum,etservite

563 1815 613 1873 ei
644 1792 708 1869 in
738 1807 1001 1871 veritate,
1035 1804 1093 1855 et
1121 1815 1194 1855 ea:
1226 1799 1340 1853 toto
1370 1792 1531 1849 corde
1561 1793 1766 1846 vestro.

634 1904 720 1956 17.
753 1898 881 1951 Haec
901 1870 1122 1964 quidem
1157 1886 1245 1942 via
1278 1884 1421 1938 bona
1449 1888 1502 1935 et
1530 1886 1677 1933 recta
1713 1879 1795 1931 est
1830 1892 1843 1928 :
1903 1871 2032 1946 quia
2087 1870 2159 1925 ad

567 2000 821 2047 aeternam
854 1959 1019 2036 vitam
1052 1974 1242 2039 tendit,
1278 1979 1329 2027 et
1361 1968 1619 2024 velociter
1661 1961 1927 2035 pervenit.
1961 1961 2064 2016 Per
2091 1959 2163 2014 ti-

564 2090 773 2134 morem
793 2072 994 2142 quippe
1014 2061 1230 2120 Domini
1253 2058 1560 2114 devitantur
1580 2054 1724 2109 mala
1744 2070 1759 2118 ;
1777 2047 2070 2106 serviendo
2090 2047 2136 2101 ei
2145 2100 2159 2127 ,

571 2170 690 2238 ejus
720 2136 976 2218 mandata
1006 2150 1363 2221 complentur.
1394 2146 1488 2201 Cui
1524 2143 1774 2197 nimirum
1833 2141 1886 2193 in
1943 2136 2163 2193 veritate

567 2228 851 2314 servimus,
885 2242 1102 2316 quando
1133 2240 1252 2309 ejus
1280 2241 1558 2306 praecepta
1613 2246 1711 2300 pro
1759 2228 1875 2282 sola
1931 2240 2165 2295 superna

566 2340 921 2400 retributione
949 2328 1275 2403 perﬁcimus.
1308 2324 1445 2377 Nam
1479 2321 1572 2391 qui
1597 2319 1665 2373 de
1682 2317 1823 2371 bono
1844 2329 2009 2383 Opere
2026 2320 2166 2367 tem-

579 2428 822 2503 poralem
855 2418 1163 2477 mercedem
1193 2411 1416 2481 expetit,
1440 2410 1556 2463 Deo
1583 2406 1637 2459 in
1668 2404 1891 2458 veritate
1920 2417 2026 2456 non
2055 2416 2165 2455 ser-

572 2488 670 2587 vit,
703 2529 865 2586 quem
894 2508 1033 2563 falso
1053 2500 1332 2575 prOposito
1362 2498 1413 2551 in
1446 2512 1545 2550 sua
1567 2490 1879 2564 Operatione
1907 2504 2013 2544 non
2032 2488 2165 2542 dili-

571 2576 670 2681 git:
720 2576 824 2670 Qui
875 2603 1050 2651 autem
1105 2593 1161 2645 in
1217 2587 1440 2644 veritate
1496 2584 1611 2638 Deo
1666 2580 1868 2636 servire
1918 2576 2163 2647 cupiunt,

574 2667 871 2751 tvotum-eor
899 2685 953 2739 in
983 2678 1182 2737 divinis
1210 2673 1491 2746 obsequiis
1531 2685 1731 2743 ponere
1779 2667 2053 2736 jubentur,
2110 2672 2171 2719 ut

575 2784 653 2839 sic
683 2794 805 2852 quae
830 2773 929 2830 Dei
960 2777 1085 2826 sunt
1129 2772 1316 2837 agant,
1356 2769 1413 2816 ut
1451 2760 1505 2815 in
1541 2765 1722 2814 mente
1760 2753 1966 2827 aliquid
2023 2751 2169 2823 quod

571 2841 758 2930 contra
790 2866 964 2919 Deum
995 2859 1085 2926 sit,
1117 2870 1223 2910 non
1267 2850 1551 2907 retineant.
1600 2847 1731 2901 Haec
1780 2843 2024 2914 profecto
2078 2841 2169 2896 via

572 2976 679 3017 non
711 2956 885 3012 solum
918 2950 1082 3008 bona.
1117 2943 1215 2999 sed
1244 2948 1387 2996 recta
1419 2946 1504 2992 est
1528 2955 1539 2990 :
1566 2934 1687 3006 quia
1706 2933 1773 2988 ad
1794 2931 2020 2986 salutem
2042 2937 2166 2984 ten-

573 3051 671 3116 dit,
704 3054 757 3101 et
785 3042 1048 3098 viatorem
1078 3047 1235 3088 suum
1266 3028 1332 3084 ad
1363 3024 1748 3100 perfectionem
1780 3020 2037 3077 velociter
2064 3018 2165 3072 de-

572 3106 738 3194 ducit.
790 3130 948 3186 Velut
993 3123 1137 3179 enim
1185 3119 1348 3174 altera
1398 3115 1483 3171 via
1534 3122 1687 3168 terra:
1729 3106 2169 3179 repromissionis

573 3221 871 3284 ostenditur
899 3215 1060 3278 bona,
1094 3225 1215 3279 qua}
1244 3204 1541 3277 perducat;
1573 3207 1740 3265 recta,
1801 3213 1921 3266 quae
1976 3195 2166 3251 diver-

576 3313 801 3373 ticulum
830 3309 1039 3363 caveat.
1075 3300 1177 3354 Per
1205 3298 1342 3351 hanc
1373 3292 1573 3361 quippe
1628 3285 1967 3356 unusquique
2022 3290 2167 3338 tanto

576 3403 770 3460 melius
803 3396 871 3452 ad
901 3391 1115 3448 culmen
1145 3384 1394 3440 virtutum
1425 3377 1694 3449 pervenit,
1728 3381 1927 3444 quanto
1957 3388 2053 3441 per
2080 3386 2170 3425 ne-

578 3487 959 3567 gligentiamm
989 3474 1244 3533 circuitus
1272 3486 1380 3525 non
1411 3466 1645 3522 divertit.
1677 3464 1807 3517 Ha’c
1836 3461 2055 3533 quidem
2085 3459 2170 3515 via

1101 3564 1110 3567 _
1178 3562 1187 3567 .
1711 3549 1963 3567 n,,,°,,r,
2030 3545 2165 3567 Διΐ,-

581 3545 728 3636 ῗρέῖε,
759 3577 812 3629 in
841 3572 937 3625 illa
964 3562 1299 3635 exprimitur,
1352 3571 1451 3627 per
1492 3568 1652 3624 quam
1710 3549 1974 3605 Dominus
2027 3545 2169 3602 ﬁlios

573 3666 742 3724 Israel
775 3664 969 3717 ducere
997 3634 1069 3710 ad
1097 3660 1292 3706 terram
1322 3639 1695 3715 promissionis
1723 3638 1956 3693 voluisse
1982 3634 2168 3708 perhi-

578 3762 754 3815 betur.
791 3745 970 3806 Voluit
998 3741 1198 3814 quippe
1213 3736 1319 3791 illis
1349 3732 1565 3787 labores
1592 3727 1789 3784 deserti
1810 3725 2167 3793 committere,

578 3813 637 3904 ut
666 3842 823 3900 nobis
851 3840 972 3909 post
994 3813 1258 3901 unigeniti
1289 3823 1371 3879 sui
1400 3818 1631 3889 vestigia
1662 3813 2037 3889 gradientibus
2053 3829 2171 3867 eur-

578 3950 704 3993 sum
731 3899 870 3985 tanti.
890 3899 1403 3983 itinerisﬁlevigaret.
1436 3909 1556 3962 Non
1590 3906 1733 3960 enim
1764 3902 1942 3957 adhuc
1985 3899 2172 3956 audire

572 3988 823 4097 poterant
856 4032 869 4070 :
902 4012 961 4067 Si
988 4010 1070 4064 vis
1110 4001 1268 4071 278
1302 4000 1589 4073 perfectus
1631 4009 1768 4062 esse,
1827 3988 2002 4047 vende
2047 4004 2170 4061 qua

581 4077 769 4177 babes,
802 4109 857 4161 et
876 4102 944 4157 da
975 4091 1339 4170 pauperibus,
1358 4091 1412 4143 et
1443 4098 1671 4157 sequere
1700 4096 1830 4147 me;
1861 4082 1915 4136 et
1947 4077 2171 4133 habebis

581 4165 914 4259 thesaurum
934 4165 997 4243 in
1028 4165 1400 4247 cmlot’Matth.
1434 4191 1553 4241 xix,
1586 4171 1694 4239 21).
1728 4169 1866 4259 Dum
1924 4166 2065 4221 enim
2097 4165 2169 4218 11..

584 4288 760 4346 centia
789 4294 970 4337 rerum
1003 4267 1383 4341 temporalium
1413 4270 1565 4318 vetus
1586 4257 1822 4329 populus
1850 4270 1946 4326 per
1961 4254 2175 4309 diversa

585 4376 931 4434 discurreret,
965 4360 1117 4435 quasi
1147 4372 1244 4428 per
1270 4350 1558 4409 circuitum
1615 4343 1821 4401 laboris
1876 4344 1941 4396 ad
1974 4347 2171 4396 terram

579 4429 958 4540 promissionis
983 4429 1094 4507 cito
1122 4442 1246 4540 duci
1276 4456 1383 4539 non
1402 4436 1604 4540 potuit.
1633 4433 1702 4531 Ut
1730 4446 1860 4540 eigo
1891 4429 2049 4485 nobis
2079 4445 2173 4486 no-
2199 4485 2218 4540 1

2198 4492 2251 4552 D

575 4518 667 4610 vae,
691 4549 816 4603 vitae
845 4543 992 4599 viam
1021 4534 1284 4608 propheta
1311 4526 1566 4589 insinuet,
1598 4522 1740 4578 viam
1766 4518 1968 4575 bonam
1998 4525 2053 4573 et
2081 4533 2171 4573 re-

582 4650 727 4697 ctam
755 4647 870 4689 esse
899 4606 1049 4691 dicit,
1080 4630 1132 4678 et
1160 4622 1332 4675 Deum
1362 4622 1627 4675 metuere.
1659 4617 1712 4664 et
1741 4609 1789 4665 ei
1818 4608 1874 4663 in
1929 4606 2173 4675 veritate,

581 4694 633 4785 et
662 4743 731 4783 ex
760 4730 872 4779 toto
901 4714 1067 4775 corde
1095 4707 1295 4765 servire
1326 4723 1339 4759 :
1373 4702 1498 4774 quia
1526 4701 1596 4756 ad
1625 4694 2010 4753 sublimitatem
2041 4694 2176 4749 divi-

582 4783 667 4874 nae
697 4810 887 4887 gratia:
909 4806 1015 4861 cito
1046 4796 1385 4874 perveniunt,
1429 4790 1520 4860 qui
1548 4787 1974 4858 omnipotentem
2002 4783 2177 4838 Deum

581 4871 810 4964 etib‘ono
840 4871 1124 4968 opere,'et
1178 4879 1515 4941 ferventibus
1571 4873 1851 4933 desideriis
1906 4871 2175 4942 inquirere

574 4957 691 5052 non
709 4957 991 5046 desistunt.
1017 4957 1093 5036 Et
1112 4974 1239 5047 quia
1260 4969 1507 5028 eumdem
1530 4963 1793 5036 populum
1815 4959 1884 5015 ad
1903 4957 2175 5015 audienda

581 5048 993 5158 pradicationis
1021 5065 1189 5124 verba
1207 5077 1306 5135 per
1334 5054 1650 5113 miraculum
1674 5057 1933 5107 attentum
1952 5048 2171 5115 fecerat,

569 5171 826 5330 “xtra
858 5252 986 5320 24.)
1030 5241 1263 5302 Vidistis
1280 5239 1435 5296 enim
1464 5229 1792 5305 magniﬁca,
1822 5242 1945 5299 qua:
1971 5225 2035 5280 in
2063 5239 2172 5280 no-

572 5353 653 5411 bis
682 5342 921 5421 gesserit
938 5336 1231 5396 Dominus.

648 5523 727 5591 (a)
742 5516 950 5591 Ordine.
961 5514 1296 5584 ρτεεροείθτο
1306 5491 1895 5591 ίξιεὶὶίειίὲἀέἒ;..¹εεξί.¹ιέξ
1907 5486 2172 5591 ⁵ηὲἕέῗὲ

824 5557 1287 5656 Elin:
1322 5575 1385 5655 In
1395 5569 1574 5656 βρῦν.
1600 5557 1822 5656 ιξᾳιιιξε
1841 5561 1898 5618 in
1918 5557 2173 5656 omnibus

574 5629 1152 5731 7§i§i3ii$££,"'iixi{oi
1163 5629 1559 5723 wpriazrrriittitur.
1607 5636 1700 5697 Sic
1751 5632 1914 5695 etiam
1965 5629 2171 5707 legisse

1742 330 1990 392 SANCTI
2031 318 2375 386 GREGORII
2420 315 2642 379 MAGNI
3714 312 3808 371 336

842 475 937 535 sed
994 491 1087 532 eos
1142 470 1356 529 erudire
1410 464 1723 531 conabatur,
1782 458 2136 529 subjungens,
2166 452 2224 513 Α
2323 453 2409 504 18.
2445 446 2609 516 Quasi
2639 444 2783 501 dicat
2814 461 2826 497 :
2860 442 2947 497 Ex
2969 440 3058 511 iis,
3077 454 3198 511 quae
3218 434 3441 505 vidistis,
3464 436 3688 509 colligite
3706 453 3815 493 om-

2256 538 2591 610 nipotentem
2646 534 2821 589 Deum
2878 545 3042 603 quam
3109 524 3414 582 terribiliter
3479 535 3720 593 metuere,
3772 535 3820 582 et

2261 642 2421 698 quam
2455 626 2648 679 devote
2681 621 2728 676 ei
2758 634 2980 689 semper
3007 616 3214 673 servire
3244 614 3499 669 debeatis.
3532 612 3659 682 Quae
3701 629 3822 683 pro-

2264 717 2406 772 fecto
2437 712 2625 780 verba,
2650 710 2694 766 si
2725 709 2792 765 ad
2824 725 2921 764 nos
2950 707 3168 762 trahere
3197 702 3470 768 volumus,
3503 710 3642 757 tanto
3685 702 3824 756 nobis

2264 812 2342 860 est
2383 811 2435 859 et
2489 799 2854 857 venerabilius
2911 794 3280 857 metuendum,
3335 800 3384 846 et
3437 791 3674 846 devotius
3723 791 3827 845 Deo

2265 890 2630 957 serviendum,
2664 891 2873 960 quanto
2905 885 2958 939 in
2989 883 3353 950 Redemptore
3400 886 3580 933 nostro
3623 877 3829 932 mirabi-

2264 981 2400 1037 liora
2431 975 2824 1049 perspeximus.
2855 973 2962 1029 Sed
2986 970 3112 1042 quia
3134 968 3275 1039 quod
3293 966 3422 1023 boni
3438 965 3670 1033 audiunt,
3687 964 3831 1018 auda-

2266 1080 2378 1126 cter
2407 1066 2536 1121 mali
2566 1070 2934 1128 contemnunt,
2964 1057 3263 1129 subjunxit,
3322 1055 3511 1111 dicens
3543 1071 3555 1107 :
3613 1053 3751 1121 Quod
3792 1055 3836 1108 si

2264 1153 2765 1228 perseveraveritis
2786 1152 2847 1206 in
2882 1150 3129 1217 malitia,
3161 1150 3218 1203 et
3236 1160 3327 1203 vos
3349 1147 3532 1200 eirea:
3551 1144 3725 1199 vester
3750 1156 3836 1213 pa-

2266 1248 2413 1303 riter
2440 1242 2718 1317 peribitis.

2884 1307 3105 1363 CAPUT
3147 1305 3240 1359 III.

2340 1414 2360 1468 I
2391 1414 2528 1483 Reg.
2563 1424 2679 1477 xm,
2711 1408 2788 1477 1.)
2821 1405 3001 1460 Filius
3029 1404 3203 1459 unius
3225 1399 3369 1456 anni
3390 1401 3515 1455 erat
3553 1396 3703 1461 Saul,
3724 1410 3840 1451 cum

2267 1515 2508 1575 regnare
2537 1497 2790 1571 cwpisset
2819 1513 2837 1550 :
2887 1493 3098 1550 duobus
3146 1493 3340 1546 autem
3389 1483 3562 1543 annis
3606 1483 3843 1555 regnavit

2266 1605 2437 1663 super
2457 1588 2655 1644 Israel.

2342 1682 2367 1733 1
2387 1719 2399 1732 .
2440 1674 2698 1746 Superius
2726 1688 2851 1729 cum
2881 1668 3170 1726 ordinandi
3199 1665 3347 1739 regis
3376 1663 3648 1736 negotium
3670 1664 3843 1717 tracta-

2185 1792 2241 1864 B
2269 1775 2439 1835 retur,
2473 1764 2541 1820 de
2570 1778 2658 1830 eo,
2691 1762 2781 1831 qui
2833 1759 3018 1816 divino
3069 1755 3278 1827 judicio
3328 1752 3691 1825 praeferendus
3741 1756 3846 1805 erat

2357 1863 2360 1864 ,
2436 1855 2446 1864 .
2548 1852 2582 1864 υ
2627 1859 2635 1864 .
2823 1855 2834 1864 .
2889 1846 2930 1864 n
2981 1848 2993 1864 ,-
3067 1848 3178 1864 _,c_1
3213 1845 3417 1864 -l--1-_-
3465 1841 3694 1864 -1L-..-.-
3728 1839 3842 1864 ῐιιι-ι

2270 1855 2499 1921 caeteris,
2531 1852 2733 1907 dictum
2756 1855 2858 1915 est,
2885 1846 3031 1912 Quia
3053 1848 3178 1902 erat
3202 1845 3435 1908 electus,
3456 1841 3713 1897 etbonus.
3728 1839 3845 1892 Item

2268 1945 2336 2000 de
2362 1958 2426 1998 eo
2450 1942 2565 2011 jam
2597 1939 2769 1995 electo
2798 1937 2852 1990 in
2884 1950 3138 2007 regnum,
3173 1940 3227 1987 et
3254 1932 3309 1985 in
3338 1930 3520 1984 medio
3550 1926 3727 1998 p0puli
3754 1933 3847 1979 sta-

2269 2041 2385 2087 tuto
2398 2027 2731 2087 Samuelait:
2756 2024 2916 2080 Certe
2940 2023 3160 2089 videtis,
3195 2035 3356 2092 quem
3381 2018 3549 2089 elegit
3581 2016 3848 2078 Dominus,

2270 2121 2535 2193 quoniam
2552 2132 2667 2173 non
2681 2118 2767 2170 est
2781 2115 2832 2169 ei
2844 2112 3055 2168 similis
3072 2112 3134 2166 in
3155 2109 3314 2166 omni
3344 2106 3550 2179 populo
3570 2104 3620 2171 (l
3643 2106 3760 2172 Reg.
3778 2116 3846 2167 Ix,

2270 2191 2383 2278 24).
2418 2208 2496 2261 De
2525 2204 2719 2260 eodem
2752 2202 2881 2257 item
2913 2215 3046 2271 rege
3076 2213 3216 2252 nunc
3234 2196 3431 2251 dicitur
3453 2213 3464 2248 :
3486 2193 3670 2249 Filius
3690 2191 3848 2246 unius

2273 2277 2417 2352 anni
2440 2296 2562 2351 erat
2583 2291 2719 2348 Saul
2743 2310 2761 2353 ;
2783 2297 2841 2343 ut
2870 2288 2998 2343 dum
3030 2294 3228 2340 attente
3258 2283 3529 2351 laudatur,
3561 2298 3591 2336 a
3636 2277 3848 2334 Domino

2274 2386 2447 2439 bonus
2478 2382 2679 2437 electus
2708 2378 2879 2433 fuisse
2908 2375 3192 2431 sentiatur.
3232 2373 3341 2427 Cur
3369 2386 3504 2441 ergo
3558 2368 3711 2423 unius
3737 2363 3849 2421 anni

2273 2489 2389 2529 esse
2418 2470 2636 2536 dicitur,
2669 2482 2793 2524 cum
2821 2479 3048 2536 regnare
3077 2462 3356 2533 ccepisset,
3388 2458 3490 2514 nisi
3521 2465 3579 2513 ut
3606 2455 3719 2528 ejus
3771 2453 3850 2507 in-

2271 2557 2526 2616 nocentia
2580 2553 2952 2627 praedicetur‘?
2982 2552 3118 2606 Nam
3151 2549 3222 2603 ad
3251 2548 3507 2613 litteram,
3551 2544 3707 2599 unius
3733 2538 3851 2596 anni

2273 2644 2557 2720 quomodo
2588 2626 2711 2698 esse
2741 2639 2884 2695 ﬁlius
2912 2638 3109 2710 potuit,
3143 2636 3231 2706 qui
3257 2634 3519 2689 universo
3574 2629 3768 2701 populo
3793 2626 3855 2680 ab

2272 2715 2497 2791 humero
2527 2740 2580 2789 et
2596 2746 2806 2786 sursum
2836 2726 3157 2783 eminebat?
3188 2723 3347 2792 Quod
3397 2737 3531 2795 ergo
3580 2715 3855 2775 secundum

2274 2824 2507 2879 litteram
2536 2818 2766 2891 intelligi
2789 2831 2899 2871 non
2953 2819 3151 2886 potest,
3200 2810 3446 2881 intelligi
3501 2824 3602 2879 per
3645 2806 3854 2861 internae

2274 2908 2645 2981 intelligentiae
2675 2906 2939 2961 rationem
2970 2903 3149 2957 debet.
3183 2901 3355 2956 Unius
3385 2899 3571 2969 itaque
3600 2893 3722 2951 anni
3768 2906 3856 2947 rex

2274 3018 2391 3059 esse
2422 2979 2765 3064 describitur,
2796 3000 2855 3048 ut
2884 2993 3085 3048 donum
3107 2988 3357 3060 pueritia}
3389 2988 3446 3042 in
3477 2999 3706 3057 persona
3724 2979 3859 3051 regis

2274 3086 2595 3146 innocentiae
2612 3085 2817 3139 bonum
2846 3083 3040 3152 signet.
3072 3079 3227 3136 Unde
3252 3085 3303 3133 et
3331 3075 3522 3132 aeterni
3552 3071 3706 3145 regni
3745 3067 3857 3123 ﬁliis

2270 3178 2487 3250 jubetur
2518 3190 2530 3229 :
2567 3173 2750 3230 Nolite
2779 3169 2945 3242 pueri
2979 3167 3131 3239 efﬁci
3177 3165 3457 3234 sensibus,
3508 3162 3605 3219 sed
3649 3157 3860 3215 malitia

2269 3245 2501 3341 parvuli
2520 3266 2698 3320 estote
2720 3259 2771 3331 (1
2797 3261 2921 3316 Cor.
2943 3273 3058 3325 xxv,
3086 3255 3199 3325 20).
3233 3252 3395 3323 Quod
3425 3259 3572 3308 certe
3601 3256 3653 3304 et
3681 3245 3858 3301 Eccle-

2274 3356 2475 3410 siarum
2505 3348 2811 3422 pastoribus
2839 3346 2962 3416 ipsa
2992 3343 3205 3400 Veritas
3233 3340 3619 3407 comminatur,
3649 3336 3855 3392 dicens:

2275 3444 2396 3501 Nisi
2410 3457 2514 3498 con
2522 3439 2667 3494 versi
2678 3435 2913 3507 [ueritis
2923 3437 2977 3489 et
2991 3430 3329 3504 efﬁciamini
3339 3430 3495 3486 sicut
3504 3423 3745 3501 parvuli,
3757 3436 3859 3477 non

2276 3529 2572 3587 inti-abitis
2594 3528 2657 3581 in
2680 3539 2921 3595 regnum
2938 3521 3211 3577 calorum
3231 3519 3458 3590 (Matth.
3479 3529 3637 3582 xv'ur,
3667 3514 3741 3577 3).
3788 3508 3859 3564 De

2276 3635 2406 3692 rege
2435 3631 2587 3689 ergo,
2619 3613 2710 3685 qui
2741 3610 2893 3683 prius
2921 3610 3117 3676 bonus,
3147 3615 3330 3679 postea
3352 3605 3540 3659 malus
3558 3598 3774 3666 exstitit,
3791 3595 3861 3650 di-

2276 3690 2452 3766 citur:
2488 3704 2613 3774 quia
2643 3701 2803 3756 unius
2832 3698 2959 3753 anni
2987 3696 3105 3765 fuit,
3137 3711 3260 3751 cum
3298 3693 3466 3764 cmpit
3522 3701 3771 3762 regnare,
3815 3690 3862 3739 et

2276 3795 2489 3852 duobus
2520 3791 2677 3847 annis
2706 3787 2971 3860 regnavit.
3000 3786 3146 3841 Licet
3175 3783 3316 3838 enim
3345 3780 3532 3836 multis
3579 3776 3730 3833 annis
3781 3788 3863 3827 re-

2276 3882 2551 3958 gnaverit,
2584 3879 2695 3933 illis
2725 3877 2855 3933 solis
2881 3890 3112 3946 regnare
3140 3871 3356 3937 dicitur,
3386 3870 3443 3923 in
3476 3866 3673 3938 quibus
3715 3863 3862 3918 inno-

2279 3990 2408 4031 cens
2437 3979 2489 4027 et
2518 3968 2737 4024 humilis
2763 3965 2930 4021 fuisse
2958 3961 3294 4035 perhibetur.
3319 3958 3459 4012 Nam
3476 3964 3673 4027 postea
3688 3965 3863 4022 super-

2276 4063 2377 4118 bus
2407 4068 2460 4116 et
2489 4055 2808 4115 inobediens
2828 4051 3060 4109 audivit:
3088 4049 3229 4118 Quia
3249 4047 3547 4120 projecisti
3566 4053 3865 4100 sermonem

2279 4143 2787 4219 Domini,projecit
2806 4146 2860 4198 te
2874 4140 3162 4207 Dominus,
3196 4153 3268 4193 ne
3300 4137 3378 4192 sis
3412 4151 3523 4191 rex
3553 4132 3603 4204 (ι
3630 4133 3752 4200 Reg.
3781 4140 3866 4191 xv,

2278 4242 2387 4307 26).
2422 4236 2491 4292 Se
2517 4233 2736 4307 quidem
2768 4247 2797 4286 a
2828 4244 2997 4302 regno
3026 4227 3334 4297 projectum
3367 4221 3652 4295 cognovit,
3709 4224 3758 4272 et
3787 4221 3865 4268 ta-

2278 4306 2404 4383 men
2435 4324 2707 4396 projectus
2729 4333 2958 4393 regnare
2985 4332 3094 4372 non
3151 4313 3352 4369 timuit.
3418 4310 3640 4380 Quanta
3693 4306 3870 4377 postea

2283 4393 2498 4472 fortiter
2524 4411 2638 4484 egit
2664 4411 2692 4463 ‘2
2723 4408 2831 4465 Sed
2860 4421 2985 4463 ecce
3016 4402 3202 4459 omnia
3230 4400 3326 4456 illa
3356 4407 3609 4469 tempora
3663 4393 3733 4450 ad
3783 4405 3867 4445 re-

2280 4519 2448 4577 gnum
2476 4501 2524 4557 ei
2555 4500 2812 4569 deputata
2843 4510 2951 4549 non
2973 4500 3113 4548 sunt.
3145 4489 3247 4545 Illo
3276 4503 3412 4560 ergo
3433 4485 3614 4543 solum
3640 4490 3870 4552 tempore

2283 4609 2383 4649 nos
2412 4590 2609 4647 vixisse
2626 4568 2993 4659 gaudeamus,
3027 4595 3133 4650 quo
3163 4578 3483 4634 innocenter
3511 4581 3565 4629 et
3612 4568 3873 4628 humiliter

2284 4681 2531 4739 viximus.
2562 4657 2703 4731 Nam
2736 4672 2830 4727 illa
2855 4680 3120 4741 tempora,
3148 4682 3271 4737 quae
3301 4664 3354 4719 in
3403 4661 3593 4719 saeculi
3625 4657 3871 4723 vanitate,

2282 4779 2336 4827 et
2363 4768 2510 4823 ﬂuxa
2538 4762 2719 4820 carnis
2748 4761 2856 4817 vita
2885 4740 3342 4826 consumpsimus,
3374 4750 3532 4822 quasi
3554 4746 3769 4819 perdita
3787 4740 3874 4796 mi-

2282 4858 2427 4913 nime
2457 4858 2842 4910 memorantur.
2874 4847 3014 4903 Sunt
3042 4843 3221 4900 adhuc
3250 4855 3489 4913 quoque,
3517 4837 3612 4908 qui
3661 4833 3734 4890 ad
3785 4843 3872 4885 ra-

2280 4944 2543 5017 piendum
2600 4940 2812 4996 culmen
2868 4942 3069 4991 sanctae
3121 4930 3385 4986 Ecclesiae
3418 4929 3777 5000 ingeruntur:
3812 4918 3874 4972 de

2282 5006 2475 5106 quibus
2502 5047 2602 5101 per
2630 5028 2952 5099 prophetam
2984 5023 3149 5091 279
3184 5018 3447 5074 Dominus
3479 5013 3744 5086 queritur,
3792 5006 3874 5061 di-

2279 5098 2409 5179 cens
2433 5139 2444 5175 :
2469 5098 2883 5191 Regnaverant,
2906 5115 2963 5168 et
2977 5124 3092 5167 non
3110 5123 3183 5166 ea:
3203 5124 3291 5164 me
3307 5129 3324 5164 .-
3338 5105 3638 5179 principes
3653 5098 3879 5157 exstite-

2280 5216 2441 5277 runt,
2461 5213 2516 5266 et
2538 5222 2631 5279 ego
2648 5204 2907 5277 ignoravi
2930 5201 3083 5269 (Osee
3107 5213 3222 5265 vm,
3245 5199 3321 5259 4).
3348 5192 3452 5263 Qui
3471 5188 3735 5246 nimirum
3754 5184 3875 5241 dum

2282 5272 2531 5375 quaedam
2563 5272 2769 5352 fortiter
2825 5298 3015 5363 agunt,
3073 5287 3316 5358 rapinam
3364 5279 3542 5337 invasi
3573 5272 3826 5335 culminis
3850 5286 3879 5327 a

2282 5470 2867 5549 Gregorium,liquet;
2901 5478 3023 5549 cum
3054 5478 3120 5518 ea
3148 5457 3319 5549 verba
3350 5446 3878 5549 erpoxnenjdohprips

2280 5523 2895 5621 Erti'il'iéi'iihtbrei,
2926 5543 3054 5606 etc.,
3086 5540 3281 5609 postea
3309 5544 3324 5587 :
3356 5523 3657 5589 serviendo
3686 5523 3757 5598 ei,
3775 5528 3872 5577 etc.
