4034 6174
44 99 799 161 -ι-ιπ-π-

216 259 318 315 337

1018 254 1094 311 IN
1130 252 1397 313 PRIMUM
1434 252 1679 312 REGUM
1721 251 2270 311 EXPOSI’I‘IONES.
2310 284 2382 297 —
2417 252 2545 312 LIB.
2591 254 2660 311 ν.

3403 257 3505 312 338

217 385 321 442 Deo
346 378 601 440 oblivioni
626 381 874 439 traditam
899 380 1247 438 arbitrantur.
1286 381 1481 439 Secum
1504 396 1601 436 sua
1620 394 1786 451 opera
1817 381 1867 441 Α
1900 395 2020 434 rum
2039 379 2108 436 de
2137 379 2322 449 Israel,
2355 380 2424 436 ad
2447 379 2711 453 virgines,
2744 388 2797 438 et
2826 380 3183 448 continentes,
3212 387 3265 436 et
3295 381 3504 436 verita-

216 479 504 540 numerant,
535 480 585 527 et
614 471 760 542 quod
789 480 984 543 prater
1013 472 1183 526 Deum
1214 478 1448 544 agunt,a
1478 469 1591 525 Deo
1607 485 1784 523 remu-

215 562 496 618 nerandum
542 569 751 630 putant.
802 559 904 629 Qui
933 568 1100 624 certe,
1156 568 1215 614 ut
1270 560 1467 614 rectius
1524 575 1608 625 ea,
1669 573 1790 627 qua

213 658 385 723 agunt,
417 648 1110 717 enumerent,Saulabjecti
1143 655 1219 704 tot
1249 648 1415 703 fortia
1431 646 1574 702 facta
1591 661 1791 701 nume-

211 747 335 804 rent,
366 754 487 808 qua
517 736 737 791 divinus
784 753 1034 792 numerus
1056 752 1398 808 nequaquam
1430 744 1596 790 tcnet.
1637 735 1794 790 Dicat

212 841 332 898 ergo
347 826 475 882 Saul
495 843 507 879 :
528 826 748 881 Duobus
764 826 935 882 annis
952 826 1207 897 regnavit
1223 840 1394 897 super
1410 825 1605 891 Israel,
1633 832 1690 877 ut
1719 823 1788 878 de

209 915 441 970 omnibus
469 914 763 968 sentiatur:
785 913 909 984 quia
937 914 1081 984 quod
1125 912 1288 967 nobis
1320 912 1575 977 vivimus,
1637 926 1785 966 mer-

207 1001 325 1058 cede
351 1009 610 1057 vacuatur
638 1020 653 1068 ;
689 1011 741 1057 et
769 1003 1019 1074 nequiter
1063 1017 1327 1072 praesen,
1367 1016 1477 1056 non
1508 1009 1587 1056 est
1640 1000 1788 1055 veri-

208 1100 276 1146 tas
301 1090 715 1161 praeminendi,
740 1092 837 1146 sed
870 1091 1143 1146 temeritas
1202 1089 1491 1160 punienda
1519 1105 1787 1159 presum-

204 1180 405 1250 ptionis.
465 1178 577 1235 Sed
628 1179 746 1249 jam
802 1179 931 1250 quid
988 1179 1143 1235 unius
1194 1179 1320 1233 anni
1395 1194 1488 1235 rex
1576 1178 1783 1247 fecerit,

204 1268 489 1324 audiamus.

260 1373 428 1444 (Vers.
452 1377 534 1445 2.)
558 1377 628 1431 Et
657 1376 830 1446 elegit
852 1376 990 1431 Saul
1021 1375 1135 1431 tria
1161 1375 1350 1431 millia
1388 1374 1454 1431 de
1492 1372 1689 1442 Israel,
1727 1378 1784 1430 et

205 1468 354 1519 erant
366 1481 500 1519 cum
527 1463 671 1521 Saul
688 1466 804 1519 Duo
832 1465 1022 1520 millia
1046 1464 1109 1520 in
1135 1464 1398 1536 Magmas,
1419 1467 1476 1520 et
1501 1466 1563 1520 in
1591 1466 1788 1518 monte

200 1550 404 1620 Bethel;
416 1553 789 1610 milleautem
801 1569 930 1609 cum
941 1552 1183 1610 Jonatha
1196 1554 1257 1608 in
1272 1552 1455 1608 Gabaa
1467 1552 1782 1623 Benjamin.

258 1659 306 1712 2.
335 1659 679 1715 Millenarius
722 1675 998 1727 numerus,
1058 1660 1147 1732 qui
1190 1675 1221 1713 a
1265 1658 1577 1715 centenario
1607 1658 1787 1714 decies

199 1745 403 1802 collecto
461 1747 767 1819 perﬁcitur,
828 1762 1098 1802 summam
1158 1748 1505 1819 perfectionis
1531 1746 1780 1801 insinuat.
1812 1733 1864 1795 Β

200 1832 289 1901 Qui
315 1836 566 1905 profecto
622 1852 746 1890 cum
792 1844 875 1891 ter
929 1837 1207 1907 repetitur,
1257 1837 1313 1890 in
1367 1852 1433 1891 eo
1488 1836 1784 1891 electorum

198 1923 537 1992 perfectiones
553 1925 719 1979 varia
740 1924 1116 1996 designantur.
1151 1924 1277 1980 Saul
1303 1940 1435 1997 ergo
1459 1924 1558 1979 tria
1614 1924 1785 1980 millia

200 2010 409 2066 virorum
461 2013 539 2067 de
564 2012 731 2067 Israel
762 2012 929 2085 elegit
958 2030 970 2065 :
1005 2012 1128 2083 quia
1157 2012 1489 2083 praedicator
1542 2012 1784 2068 veritatis

195 2100 254 2155 sd
281 2099 656 2156 defensionem
683 2109 891 2157 sancta
917 2100 1174 2157 Ecclesia
1197 2118 1306 2157 non
1337 2099 1579 2157 infirmos
1607 2108 1660 2157 et
1680 2101 1782 2156 de-

194 2188 325 2256 biles,
353 2190 450 2244 sed
473 2189 739 2244 robustos
767 2197 823 2244 et
852 2190 1064 2245 validos
1108 2190 1402 2245 bellatores
1456 2190 1622 2245 ducit.
1655 2189 1783 2244 Tria

194 2277 370 2347 quippe
389 2278 571 2332 millia
599 2294 718 2333 esse
748 2278 1105 2348 perhibentur
1137 2296 1148 2332 :
1183 2278 1308 2348 quia
1339 2279 1393 2332 in
1423 2295 1779 2349 summaper-

196 2365 425 2422 lectionis
478 2366 649 2435 facie,
682 2368 922 2440 virgines
964 2367 1246 2438 proferunt
1279 2384 1290 2422 :
1318 2368 1479 2437 juxta
1533 2383 1673 2439 quos
1728 2373 1782 2423 et

192 2455 532 2521 continentes,
603 2464 658 2511 et
713 2456 957 2511 veritatis
1003 2456 1322 2512 defensores
1351 2465 1579 2527 ponunt.
1637 2457 1778 2511 Dum

191 2541 312 2597 enim
339 2544 602 2615 exemplo
621 2544 898 2616 virginum
928 2545 997 2599 ad
1046 2560 1317 2599 summam
1365 2544 1781 2615 incorruptionis

190 2630 305 2685 alios
331 2634 665 2700 accendunt,
726 2633 856 2687 dum
884 2633 1275 2689 continentium
1305 2634 1415 2690 vita
1446 2633 1582 2688 alios
1620 2650 1652 2686 a
1679 2648 1779 2704 sa-

189 2719 280 2773 culi
299 2720 746 2792 corruptionibus
768 2721 1036 2786 auferunt,
1062 2722 1191 2776 dum
1210 2721 1492 2776 humilium
1518 2720 1777 2776 debilita-

188 2815 279 2861 tem
303 2825 400 2878 per
426 2809 639 2864 auxilia
665 2810 968 2880 potentium
1011 2809 1328 2878 defendunt,
1381 2818 1568 2865 contra
1597 2810 1779 2864 hostes

187 2905 366 2951 sancta
393 2897 664 2953 Ecclesia
690 2897 823 2953 boni
843 2899 1090 2954 doctores
1120 2898 1275 2970 quasi
1304 2914 1426 2953 cum
1448 2898 1621 2952 tribus
1658 2898 1776 2952 ele-

186 2991 369 3040 ctorum
414 2987 668 3041 virorum
730 2986 969 3042 millibus
1008 2988 1254 3042 veniunt.
1312 2986 1423 3041 Viri
1481 2994 1660 3041 autem
1686 2986 1775 3041 di-

186 3082 359 3128 cuntur
382 3092 486 3145 pro
522 3075 872 3145 fortitudine,
903 3076 973 3130 de
1002 3076 1165 3131 Israel
1197 3090 1313 3131 esse
1343 3076 1652 3130 referuntur
1673 3090 1778 3145 pro
1807 3087 1857 3152 ρ,

187 3160 347 3218 divina
400 3163 893 3235 contemplatione.
922 3165 982 3218 In
1013 3179 1228 3219 summo
1276 3164 1423 3219 enim
1451 3163 1778 3219 defectionis

187 3264 387 3307 numero
443 3252 723 3309 contineri
773 3268 881 3308 non
913 3260 1112 3324 potest,
1145 3252 1233 3323 qui
1265 3260 1357 3307 aut
1382 3251 1581 3307 virtute
1627 3256 1779 3308 caret

182 3341 341 3411 magni
369 3342 581 3412 operis,
608 3346 707 3415 aut
732 3339 925 3395 notitia
952 3340 1178 3395 interna
1231 3338 1473 3395 visionis.
1508 3339 1650 3408 Quid
1698 3347 1778 3396 est

185 3429 306 3496 quod
333 3427 423 3483 alii
453 3444 586 3483 cum
621 3428 775 3496 Saul,
807 3428 905 3482 alii
934 3443 1058 3483 cum
1087 3428 1316 3484 Jonatha
1346 3444 1418 3483 ex
1450 3427 1777 3483 electisviris

184 3517 663 3587 esseperhibentur
691 3516 721 3569 εἰ
754 3516 862 3571 Sed
895 3524 946 3572 et
973 3516 1098 3587 ipsa
1126 3514 1374 3572 locorum
1416 3516 1661 3585 nomina,
1718 3516 1775 3571 in

185 3603 354 3672 quibus
380 3622 503 3660 esse
543 3604 814 3672 dicuntur,
849 3603 1122 3675 mysteriis
1152 3618 1322 3660 vacua
1361 3602 1638 3660 credenda
1665 3619 1774 3660 non

186 3700 302 3746 sunt.
329 3694 623 3760 lonathas,
681 3693 774 3766 qui
805 3690 950 3747 ﬁlius
977 3693 1127 3764 regis
1156 3709 1274 3748 esse
1304 3692 1651 3761 describitur,
1709 3698 1767 3749 et

185 3789 359 3847 partem
389 3782 728 3838 bellatorum
760 3782 945 3850 habet,
977 3797 1074 3838 eos
1101 3781 1354 3852 profecto
1384 3782 1644 3850 insinuat,
1677 3781 1768 3852 qui

184 3865 228 3920 in
250 3870 648 3938 praedicationis
675 3869 979 3926 ministerio
1000 3871 1283 3927 doctorum
1314 3870 1589 3941 adjutores
1616 3879 1758 3926 sunt.

183 3954 277 4011 Filii
302 3960 501 4030 quippe
539 3974 731 4015 eorum
761 3967 887 4013 sunt
920 3974 933 4013 :
966 3960 1091 4030 quia
1120 3959 1471 4017 vehementer
1516 3975 1612 4016 eos
1631 3959 1765 4015 dili-

181 4054 306 4114 gunt,
343 4064 587 4117 quorum
609 4048 905 4104 ministerio
935 4049 1050 4103 Deo
1078 4055 1427 4120 generantur.
1484 4048 1592 4104 Sed
1621 4049 1765 4119 parti

180 4132 468 4192 bellatorum
531 4144 773 4208 prasunt
807 4155 819 4190 :
850 4136 976 4208 quia
1005 4144 1209 4192 sancta
1261 4135 1523 4192 Ecclesia
1573 4151 1759 4191 curam

180 4228 368 4291 gerunt,
399 4233 450 4279 et
480 4225 747 4295 exemplo
776 4224 934 4293 alios,
991 4225 1128 4279 alios
1178 4240 1306 4280 vero
1362 4223 1759 4280 exhortationi-

180 4307 262 4364 bus
284 4313 349 4368 ad
376 4328 633 4368 amorem
657 4314 910 4367 virtutum
928 4313 1249 4384 provehunt.
1284 4311 1449 4381 Quasi
1467 4312 1610 4367 enim
1641 4328 1762 4367 ma-

180 4412 295 4467 gnus
316 4418 407 4456 rex
435 4401 615 4456 tilium
646 4401 700 4455 in
721 4401 1018 4456 exercitum
1050 4401 1290 4466 miserat,
1323 4402 1419 4472 qui
1467 4401 1762 4455 Corinthiis

178 4482 489 4558 loquebatur,
516 4490 712 4545 dicens
734 4507 748 4545 :
776 4489 896 4545 Ideo
912 4490 1045 4546 misi
1060 4490 1132 4545 ad
1148 4506 1238 4546 vos
1264 4491 1636 4557 Timotheum,
1657 4492 1754 4561 qui

179 4582 245 4630 est
258 4578 402 4643 ﬁlius
418 4595 587 4636 meus
595 4577 994 4646 charissimus,
1009 4583 1065 4635 et
1074 4578 1279 4648 ﬁdelis,
1300 4580 1364 4635 in
1380 4581 1613 4635 Domino
1625 4598 1643 4631 .-
1658 4581 1755 4650 qui

178 4678 251 4720 vos
263 4669 736 4737 commonefaciat
766 4669 884 4723 vias
906 4683 1080 4732 meas,
1105 4685 1228 4739 qua
1243 4671 1381 4723 sunt
1418 4668 1481 4723 in
1529 4668 1749 4723 Christo

177 4752 300 4815 lesu,
317 4758 465 4811 sicut
480 4757 553 4811 in
569 4754 830 4810 omnibus
854 4755 1115 4811 Ecclesiis
1146 4759 1476 4812 sanctorum
1500 4754 1662 4811 doceo
1683 4753 1753 4826 (Ι

183 4840 283 4898 Cor.
297 4858 367 4910 iv,
388 4848 500 4915 17).
524 4843 665 4898 Hinc
684 4843 813 4898 item
834 4842 994 4898 dicit:
1015 4843 1150 4900 Cum
1171 4845 1389 4901 venerit
1406 4844 1745 4912 Timotheus,

182 4930 404 4988 videteut
419 4935 554 4989 sine
572 4930 865 4988 timoresit
882 4932 1034 5004 apud
1052 4949 1142 4990 vos
1163 4952 1181 4989 :
1195 4949 1332 5006 opus
1350 4933 1503 4989 enim
1524 4932 1749 4989 Domini

185 5025 439 5089 operetur,
461 5022 618 5077 sicut
648 5036 744 5092 ego
771 5021 818 5091 (Ι
848 5021 969 5076 Cor.
1001 5037 1114 5089 ιη,
1147 5021 1256 5091 10).

244 5128 291 5178 3.
320 5128 580 5182 lonathas
609 5142 744 5183 vero
774 5143 898 5181 cum
918 5126 1066 5183 mille
1095 5126 1226 5182 viris
1254 5127 1309 5182 in
1337 5127 1525 5183 Gabaa
1553 5126 1755 5196 Benja—

188 5209 273 5266 min
297 5230 408 5271 esse
430 5216 654 5283 dicitur,
688 5216 818 5271 Saul
846 5224 1023 5270 autem
1043 5230 1167 5273 cum
1198 5215 1409 5271 duobus
1436 5215 1677 5270 millibus
1704 5214 1758 5268 in

190 5297 416 5373 Magmas,
449 5305 584 5360 etin
615 5312 800 5359 monte
859 5304 1061 5360 Bethel.
1097 5304 1309 5370 Gabaa,
1369 5312 1425 5359 ut
1478 5320 1622 5375 sape
1643 5304 1758 5371 jam

191 5385 406 5459 diximus,
427 5394 678 5449 sublimis
706 5394 1099 5465 interpretatur
1132 5412 1144 5448 :
1168 5394 1433 5467 Magmas,
1446 5392 1720 5450 humilitas
1743 5410 1755 5457 ;

192 5474 363 5548 Bethel,
390 5483 585 5539 domus
614 5483 715 5539 Dei
751 5500 764 5545 ;
796 5481 947 5551 Saul,
972 5481 1161 5552 petitio
1194 5524 1207 5545 ,
1240 5483 1523 5550 Jonathas,
1556 5482 1759 5538 colum-

193 5561 259 5620 ba
282 5568 470 5626 donum
502 5571 728 5631 dicitur.
767 5571 894 5627 Tria
920 5586 1051 5630 vero
1079 5570 1253 5628 millia
1281 5571 1520 5629 virorum
1551 5571 1756 5627 electo-

1905 467 1969 523 tis
1998 468 2317 525 defensores
2344 469 2658 526 retulimus.
2681 471 2820 526 Dum
2843 486 2975 543 ergo
3004 468 3273 527 columba
3302 467 3503 524 donum

1898 558 2159 613 Jonathas
2187 557 2403 624 dicitur,
2436 566 2489 613 et
2518 557 2572 612 in
2601 558 2810 626 Gabaa,
2845 558 2898 613 id
2947 567 3029 613 est
3058 558 3295 623 sublimi,
3357 556 3501 613 mille

1902 661 2022 700 cum
2049 661 2115 701 eo
2142 662 2262 702 esse
2290 647 2388 701 viri
2421 647 2769 717 perhibentur
2800 666 2812 702 :
2845 647 2975 719 quid
3005 646 3174 714 aliud,
3207 662 3363 717 quam
3382 646 3503 702 illos

1902 732 2155 803 insinuat,
2205 735 2297 808 qui
2315 735 2648 792 lucidissimo
2689 736 2847 804 280
2880 735 3201 807 virginitatis
3224 733 3496 805 exemplo,

1900 822 2027 878 aliis
2055 823 2299 893 prabent
2316 823 2560 894 ejusdem
2590 840 2833 879 normam
2865 823 3083 895 pudoris
3108 824 3295 877 ?Bene
3317 831 3498 878 autem

1899 911 2167 968 columba
2222 914 2445 978 donum,
2504 914 2777 968 institutor
2806 913 3076 985 virginum
3107 910 3304 967 dicitur
3334 930 3346 966 :
3371 909 3499 981 quia

1898 1000 2307 1070 incomparabili
2365 1002 2537 1073 gratia
2594 1001 2821 1072 Spiritus
2867 1001 3032 1056 sancti
3064 999 3310 1065 efﬁcitur,
3369 1006 3500 1054 uta

1897 1090 2242 1145 manentibus
2298 1090 2352 1144 in
2409 1106 2591 1159 carne,
2652 1091 2827 1146 carnis
2855 1089 3134 1160 corruptio
3189 1088 3485 1143 nesciatur.

1896 1177 2039 1233 Bene
2066 1186 2119 1233 et
2148 1178 2200 1233 in
2230 1178 2448 1234 sublimi
2474 1195 2591 1234 esse
2622 1179 2862 1250 virgines
2877 1178 3167 1234 dicuntur:
3201 1177 3325 1247 quia
3345 1174 3494 1249 quod

1895 1274 2146 1321 naturam
2168 1268 2460 1322 humanam
2492 1267 2917 1338 supergreditur,
2949 1268 3004 1321 in
3025 1266 3291 1323 altissimo
3318 1265 3495 1320 virtu-

1898 1361 2007 1408 tum
2030 1355 2265 1411 culmine
2294 1355 2457 1411 situm
2487 1364 2588 1411 est.
2629 1356 2783 1412 Unde
2812 1364 2865 1411 et
2897 1356 3056 1427 virgo
3111 1355 3203 1411 ille
3259 1353 3492 1410 dilectus

1891 1441 2022 1497 Jesu
2075 1441 2252 1497 locum
2310 1443 2582 1515 virginum
2627 1442 2933 1511 insinuans,
2982 1444 3101 1499 ait:
3146 1441 3263 1499 Vidi
3318 1458 3494 1514 supra

1893 1534 2147 1587 montem
2189 1530 2327 1588 Sion
2363 1548 2577 1603 agnum
2615 1536 2884 1599 stantem,
2919 1537 2978 1587 et
2992 1547 3121 1589 cum
3164 1547 3226 1589 eo
3258 1537 3493 1588 centum

1892 1620 2274 1691 quadraginta
2289 1624 2534 1693 quatuor
2551 1622 2757 1689 millia,
2778 1620 3043 1678 habentia
3057 1638 3263 1678 nomen
3275 1622 3415 1690 eius,
3431 1622 3489 1677 et

1894 1724 2100 1764 nomen
2115 1709 2299 1780 patris
2332 1710 2453 1775 eius
2471 1709 2751 1782 scriptum
2768 1712 2833 1766 in
2842 1710 3130 1781 frontibus
3156 1710 3277 1766 suis
3294 1710 3487 1782 (Apoc.

1893 1800 2038 1865 xiv,t
2051 1799 2090 1867 ).
2112 1796 2261 1865 Quos
2276 1797 2432 1853 etiam
2450 1814 2517 1852 ex
2537 1798 2658 1853 luce
2672 1798 2904 1869 propria
2923 1798 3353 1855 conversationis
3364 1796 3495 1853 insi-

1892 1894 2041 1953 nuat,
2093 1886 2310 1942 dicens:
2329 1888 2393 1942 Hi
2413 1887 2829 1958 sunt,quicum
2848 1887 3182 1944 mulieribus
3212 1903 3326 1944 non
3347 1889 3489 1941 sunt

1891 1975 2266 2046 coinquinati,
2288 1975 2530 2046 virgines
2545 1975 2699 2030 enim
2714 1979 2872 2042 sunt,
2886 1981 2943 2030 et
2951 1981 3269 2049 sequuntur
3277 1989 3493 2047 agnum

1890 2079 2235 2135 quocumque
2274 2064 2412 2119 ierit
2460 2063 2637 2131 (lbid.,
2692 2064 2765 2133 ι).
2796 2064 2855 2117 In
2885 2072 3067 2119 monte
3095 2064 3316 2135 quidem
3370 2078 3495 2120 esse

1890 2167 2015 2205 cum
2036 2166 2180 2224 agno
2199 2151 2479 2220 dicuntur;
2495 2152 2627 2223 quia
2645 2166 2742 2222 per
2755 2152 3009 2206 meritum
3047 2152 3488 2222 incorruptionis,

1889 2254 1998 2311 quo
2033 2256 2067 2295 a
2097 2239 2324 2295 terrenis
2352 2247 2405 2294 et
2432 2240 2742 2295 carnalibus
2768 2239 3213 2296 delectationibus
3257 2256 3319 2295 se
3343 2240 3491 2296 divi-

1890 2328 2043 2394 dunt,
2076 2328 2130 2382 in
2161 2344 2397 2399 superna
2444 2328 2824 2399 Redemptoris
2881 2328 3058 2399 gloria
3110 2328 3487 2385 sublimantur.

1890 2416 2024 2471 Cum
2052 2416 2182 2472 Saul
2213 2432 2343 2473 vero
2374 2418 2486 2473 duo
2516 2416 2685 2471 millia
2716 2433 2837 2473 esse
2866 2417 3117 2473 dicuntur
3136 2418 3193 2472 in
3222 2418 3486 2490 Magmas,

1888 2513 1941 2560 et
1966 2505 2025 2559 in
2055 2513 2239 2560 monte
2267 2505 2473 2561 Bethel.
2504 2506 2749 2577 Magmas
2772 2522 2896 2576 qua
2926 2506 3201 2561 humilitas
3229 2506 3489 2576 interpre-

1889 2601 2048 2661 tatur,
2080 2594 2209 2665 quid
2240 2593 2409 2661 aliud,
2437 2610 2604 2664 quam
2635 2594 3024 2651 continentium
3042 2595 3297 2652 ruborum
3310 2595 3486 2668 signi-

1888 2681 2014 2737 ﬁcat
2027 2684 2054 2736 ‘I
2069 2683 2205 2737 Nam
2223 2683 2351 2737 dum
2366 2682 2638 2752 praterita
2658 2682 2838 2739 carnis
2866 2683 3271 2740 oblectamenta
3326 2699 3489 2740 reco-

1889 2770 2021 2839 lunt,
2081 2770 2424 2826 erubescunt.
2484 2770 2596 2826 Sed
2649 2771 2778 2842 quia
2818 2771 2921 2826 viri
2950 2772 3124 2827 fortes
3175 2780 3316 2840 sunt,
3363 2789 3487 2828 cum

1888 2860 2014 2916 Saul
2046 2875 2166 2915 esse
2197 2859 2539 2921 referuntur;
2572 2866 2624 2915 et
2652 2858 2783 2914 dum
2813 2868 3041 2930 experta
3057 2860 3240 2916 saculi
3273 2861 3487 2916 blandi-

1884 2956 2068 3003 menta
2097 2947 2416 3017 despiciunt,
2447 2946 2703 3017 exemplo
2760 2964 2874 3003 sua
2904 2948 3119 3002 virtutis
3174 2948 3487 3005 innumeros

1886 3037 2023 3092 alios
2078 3037 2151 3091 ad
2206 3035 2448 3107 ejusdem
2505 3036 2692 3091 saculi
2721 3044 3092 3108 contemptum
3122 3039 3354 3093 trahunt.
3379 3036 3489 3094 Sed

1891 3134 2068 3181 tamen
2099 3126 2346 3197 Magmas
2373 3125 2671 3180 inhabitant
2702 3142 2716 3180 :
2749 3126 2877 3197 quia
2905 3126 3032 3180 dum
3064 3125 3324 3192 recolunt,
3358 3142 3489 3197 qua-

1886 3214 1967 3271 les
1998 3214 2222 3270 fuerunt
2249 3215 2305 3268 in
2336 3214 2556 3282 saeculo,
2586 3214 2869 3285 superbire
2900 3229 3009 3271 non
3039 3222 3283 3285 possunt,
3315 3214 3383 3270 de
3400 3230 3486 3284 eo,

1886 3303 2027 3373 quod
2078 3318 2308 3375 magnos
2363 3319 2421 3358 se
2440 3303 2626 3359 vident
2654 3319 2774 3357 esse
2802 3302 2856 3357 in
2888 3304 3022 3359 Deo.
3047 3303 3150 3371 Qui
3180 3303 3319 3358 bene
3364 3319 3487 3359 cum

1885 3392 2013 3448 Saul
2044 3407 2161 3447 esse
2189 3391 2517 3457 referuntur,
2550 3392 2642 3462 qui
2665 3390 2850 3462 petitio
2884 3391 3098 3447 dicitur.
3162 3391 3486 3448 Pradicator

1883 3481 2081 3536 etenim
2132 3479 2371 3536 veritatis
2428 3483 2590 3535 tanta
2630 3479 2903 3534 cbaritatis
2919 3495 3038 3534 esse
3069 3478 3253 3548 debet,
3284 3486 3344 3533 ut
3389 3478 3481 3532 in-

1883 3569 2042 3624 stanti
2100 3568 2378 3624 desiderio
2408 3584 2518 3624 non
2573 3567 2792 3638 petitor,
2823 3567 2918 3622 sed
2959 3567 3147 3639 petitio
3204 3582 3325 3622 esse
3352 3581 3484 3623 sen-

1880 3657 2060 3712 tiatur.
2117 3656 2365 3713 Salutem
2396 3656 2597 3728 quippe
2616 3655 2857 3712 ﬁdelium
2888 3664 2998 3710 tam
3054 3656 3340 3711 instantius
3394 3655 3487 3711 de-

1881 3745 1970 3801 bet
2001 3750 2281 3816 appetere,
2314 3752 2371 3799 ut
2399 3762 2466 3799 ex
2496 3760 2597 3799 usu
2628 3744 2824 3800 interni
2859 3751 3072 3815 gustus,
3105 3758 3324 3800 omnem
3353 3758 3479 3800 mo-

1880 3842 1990 3889 tum
2048 3834 2227 3889 cordis
2285 3834 2338 3887 in
2386 3832 2633 3888 affectum
2691 3832 2855 3888 ducat
2896 3832 3327 3902 supplicationis.
3344 3833 3482 3889 Cum

1878 3938 1986 3994 quo
2007 3922 2155 3977 mille
2184 3921 2285 3978 viri
2316 3928 2443 3975 sunt
2476 3935 2488 3974 :
2521 3919 2647 3991 quia
2675 3920 3031 3989 perfectiores
3062 3921 3337 3976 auditores
3354 3936 3479 3976 cum

1874 4011 2065 4066 electis
2092 4009 2405 4064 doctoribus
2460 4008 2515 4062 in
2545 4009 2808 4063 charitate
2839 4008 3185 4073 conveniunt,
3236 4018 3289 4063 et
3344 4023 3480 4078 pro-

1875 4100 2050 4156 salute
2077 4096 2319 4152 ﬁdelium
2350 4096 2777 4165 omnipotentem
2805 4096 3100 4151 Dominum
3116 4096 3478 4152 communiter

1872 4188 2257 4258 deprecantur.
2290 4187 2350 4239 In
2380 4187 2622 4257 Magmas
2651 4197 2783 4256 ergo
2812 4199 2936 4239 cum
2991 4199 3124 4256 rege
3152 4191 3276 4239 sunt
3306 4202 3319 4237 :
3346 4183 3475 4253 quia

1874 4276 2233 4330 humilitatem
2273 4289 2373 4345 pro
2401 4291 2460 4329 se
2490 4274 2732 4329 incolunt
2765 4293 2777 4335 ;
2812 4281 2865 4328 ut
2896 4272 3143 4327 exaudiri
3194 4287 3292 4343 pro
3348 4271 3473 4340 aliis

1873 4372 2204 4420 mereantur.
2237 4363 2343 4419 Sed
2375 4364 2504 4418 dum
2525 4363 2727 4420 electus
2754 4362 2946 4419 doctor
2973 4362 3225 4417 omnibus
3245 4346 3475 4417 subditis

1789 4454 1842 4514 D
1871 4452 2072 4508 utiliter
2096 4457 2312 4522 praest,
2344 4452 2587 4506 omnium
2618 4452 2848 4506 virtutes
2902 4451 2969 4505 ad
3022 4450 3262 4505 victoria
3303 4464 3472 4504 coro-

1865 4556 1963 4595 nas
1994 4548 2299 4611 promovet.
2332 4542 2469 4595 Nam
2520 4556 2642 4594 cum
2677 4538 2971 4594 humilibus
3025 4539 3314 4610 supplicat,
3346 4553 3470 4593 cum

1864 4628 2090 4684 fortibus
2116 4634 2346 4701 pugnat,
2376 4644 2502 4685 cum
2533 4628 2754 4683 remotis
2800 4628 2950 4693 viris,
3005 4626 3339 4683 orationibus
3387 4626 3467 4681 in-

1863 4716 2021 4781 sistit,
2054 4732 2175 4773 cum
2198 4716 2457 4788 expositis
2504 4715 2764 4771 Ecclesia
2818 4715 3214 4778 defensoribus,
3255 4714 3468 4772 debiles

1863 4814 1914 4859 et
1945 4805 2189 4860 inﬁrmos
2244 4805 2501 4877 protegit.
2545 4806 2690 4860 Bene
2745 4820 2881 4878 ergo
2906 4820 3016 4861 non
3045 4805 3221 4860 solum
3252 4804 3306 4858 in
3348 4804 3465 4858 Ma-

1864 4908 2045 4965 gmas,
2076 4895 2170 4949 sed
2200 4894 2254 4948 in
2286 4902 2468 4949 monte
2489 4894 2673 4949 Bethel
2696 4908 2815 4948 esse
2843 4908 2963 4947 cum
2994 4892 3119 4948 Saul
3143 4893 3195 4946 in
3230 4892 3463 4948 bellato-

1865 4998 1983 5037 rum
2005 4982 2245 5037 millibus
2278 4982 2528 5038 dicuntur
2560 5000 2571 5036 :
2600 4982 2728 5054 quia
2756 4981 3075 5053 pradicator
3100 4980 3362 5036 Ecclesia
3380 4979 3462 5033 si—

1867 5088 1957 5135 cut
2004 5080 2229 5135 diversis
2280 5080 2563 5135 ordinibus
2618 5079 2913 5135 electorum
2994 5076 3328 5147 praeminet,
3387 5075 3463 5132 ita

1867 5190 2053 5229 eorum
2084 5190 2204 5230 esse
2231 5183 2555 5246 cooperator
2584 5174 2765 5229 debet.
2798 5173 2984 5228 Bethel
3014 5172 3236 5244 quippe,
3269 5170 3326 5225 id
3380 5177 3463 5226 est

1867 5272 1965 5328 Dei
1995 5272 2217 5328 domum
2248 5272 2577 5336 custodiunt,
2636 5271 2726 5342 qui
2758 5269 2908 5325 verbi
2962 5266 3285 5323 auctoritate
3325 5284 3457 5323 san-

1865 5377 2005 5426 ctam
2037 5369 2333 5426 defendunt
2389 5367 2718 5425 Ecclesium.
2757 5366 2889 5422 Cum
2947 5363 3247 5436 quibusque
3280 5372 3463 5437 tyran-

1868 5469 1951 5523 nis
2008 5484 2141 5525 voce
2199 5467 2384 5523 libera
2439 5463 2771 5522 auctoritatis
2824 5463 3067 5530 obviant,
3126 5479 3249 5520 cum
3268 5473 3460 5523 contra

1866 5569 2027 5639 hujus
2074 5565 2258 5624 saeculi
2308 5569 2559 5639 potentes
2612 5576 2671 5619 se
2725 5563 2962 5637 erigunt,
2993 5577 3114 5620 cum
3143 5579 3242 5637 pro
3273 5565 3466 5624 defen-
