4034 6174
560 273 663 342 339

1756 278 1886 336 ΒΑΝ
1891 279 2001 335 ΟΤΙ
2040 275 2380 335 GREGOBII
2417 276 2646 334 MAGNI

3713 286 3804 343 350

557 409 710 464 sione
741 404 1052 475 humilium,
1085 403 1268 462 saeculi
1314 404 1478 478 hujus
1533 406 1888 476 potestatibus
1945 411 2152 460 contra-
2176 404 2233 465 A
2260 403 2410 461 modi
2432 405 2670 474 famam.
2692 402 2974 459 Percussit
2990 402 3129 458 Saul
3167 403 3464 460 stationem
3509 404 3807 464 Philistino-

560 497 764 564 dicunt,
798 497 985 554 Bethel
1017 495 1242 554 domum
1265 496 1363 552 Dei
1412 495 1566 568 quasi
1596 494 1741 566 regis
1769 496 1848 564 (a)
1873 493 2160 550 bellatores

559 587 886 644 custodiunt.
947 585 1053 655 Qui
1103 594 1246 642 certe
1295 601 1417 640 cum
1477 584 1605 639 Saul
1654 600 1774 638 esse
1813 582 2156 638 referuntur:

565 675 691 746 quia
720 676 778 730 in
817 675 1140 731 defensione
1195 673 1458 728 Ecclesiae
1510 687 1831 744 magnorum
1879 670 2158 726 doctorum

563 765 910 835 coadjutores
937 766 1084 818 sunt.
1129 764 1272 818 Bene
1319 770 1498 816 autem
1545 761 1612 816 de
1651 759 1874 832 reliquis
1911 759 2110 816 dicitur
2141 777 2156 814 :

634 872 811 938 (Vers.
842 871 920 939 2.)
953 871 1125 925 Porro
1141 872 1408 924 cwterum
1420 869 1690 940 populum
1709 866 2156 922 remisitunum-

562 975 834 1032 quemque
862 959 925 1014 in
955 957 1323 1014 tabernacula
1343 973 1472 1012 sua.

635 1085 686 1137 4.
721 1083 985 1137 Caeterum
1015 1080 1275 1151 populum
1315 1079 1466 1148 dicit,
1489 1095 1648 1150 quem
1694 1079 2032 1135 millenarius
2060 1096 2160 1134 nu-

562 1188 744 1227 merus
799 1187 907 1225 non
962 1168 1254 1225 concludit.
1296 1171 1359 1225 In
1416 1167 1763 1224 tabernacula
1802 1167 2030 1239 quisque
2058 1183 2159 1223 sua

559 1260 870 1326 remittitur,
927 1259 1055 1330 quia
1111 1259 1181 1312 ad
1210 1273 1422 1312 summa
1451 1266 1502 1311 et
1532 1256 1687 1312 fortia
1717 1272 1884 1326 opera
1938 1256 2156 1325 inﬁrmi,

558 1355 610 1403 et
641 1347 948 1420 imperfecti
978 1345 1315 1418 producendi
1346 1361 1451 1399 non
1481 1353 1624 1399 sunt.
1675 1346 1814 1398 Nam
1848 1361 1947 1398 nec
1977 1346 2159 1400 conti-

559 1445 765 1504 nentes,
790 1452 891 1491 nec
911 1435 1170 1507 virgines,
1195 1449 1294 1488 nec
1330 1437 1604 1504 martyres
1632 1431 1750 1488 fieri
1805 1433 2014 1488 debiles
2041 1449 2160 1504 pos-

557 1533 704 1580 sunt.
757 1526 911 1594 281
960 1524 1073 1578 Illis
1099 1521 1338 1594 quidem,
1371 1529 1429 1576 ut
1458 1523 1528 1577 ad
1548 1537 1644 1577 eos
1674 1521 1947 1592 praeterita
1977 1522 2158 1578 carnis

556 1615 957 1670 oblectamenta
988 1628 1094 1667 non
1125 1611 1350 1667 redeant
1381 1629 1394 1666 :
1427 1610 1562 1678 istis,
1596 1619 1655 1665 ut
1681 1610 1959 1682 inexperta
1974 1610 2160 1666 carnis

555 1703 922 1758 blandimenta
977 1707 1328 1757 contemnant
1376 1717 1389 1762 ;
1451 1698 1577 1767 illis,
1606 1706 1661 1752 ut
1691 1697 1916 1754 adversa
1973 1699 2156 1754 mundi

554 1808 662 1849 non
693 1799 948 1860 metuant,
980 1789 1218 1844 maxima
1265 1787 1522 1844 fortitudo
1579 1787 1887 1843 necessaria
1925 1795 2029 1844 est.
2100 1789 2156 1842 ln

561 1880 910 1936 tabernacula
934 1893 1066 1950 ergo
1096 1894 1202 1933 sua
1231 1885 1424 1933 cetera
1454 1875 1608 1948 plebs
1637 1875 1943 1944 remittitur,
2001 1883 2060 1932 et
2087 1876 2157 1932 de

559 1969 770 2024 altioris
817 1969 943 2023 vitae
970 1965 1276 2022 temeritate
1307 1967 1614 2031 damnetur,
1671 1971 1724 2019 et
1778 1966 1926 2020 velut
1962 1964 2160 2021 debilis

558 2067 612 2114 et
643 2057 858 2112 inﬁrma
879 2057 934 2111 in
965 2056 1111 2111 bello
1139 2063 1343 2126 pereat,
1385 2055 1513 2107 dum
1539 2054 1664 2109 altae
1720 2054 2160 2109 conversationis

561 2144 724 2202 ﬁdem
757 2146 1008 2217 spondet,
1042 2159 1162 2214 quin
1219 2144 1345 2198 alte
1373 2142 1587 2198 virtutis
1616 2142 1782 2198 robur
1833 2158 1941 2197 non
1971 2143 2178 2207 habet..

562 2235 732 2306 Quasi
763 2234 907 2291 enim
939 2247 1385 2304 unumquemque
1415 2231 1470 2285 in
1502 2230 1851 2287 tabernacula
1869 2246 1966 2286 sua
1985 2231 2161 2286 dimit-

565 2325 716 2381 tebat
745 2324 932 2379 beatus
962 2322 1160 2377 Paulus
1189 2319 1490 2391 apostolus,
1521 2335 1642 2374 cum
1658 2319 1900 2376 dicebat:
1925 2323 2164 2392 PrOpter

567 2413 1004 2486 fornicationem
1023 2409 1406 2482 unusquisque
1446 2423 1688 2463 uxorem
1724 2424 1894 2462 suam
1936 2409 2160 2476 habeat,

564 2505 622 2558 et
637 2515 983 2574 unaquaeque
999 2514 1168 2554 suum
1187 2499 1373 2552 virum
1391 2497 1441 2566 (I
1463 2497 1582 2553 Cor.
1609 2511 1703 2562 vn,
1737 2497 1811 2567 2).
1844 2497 2003 2552 Velut
2019 2497 2161 2551 enim

559 2589 766 2661 peritus
783 2587 1047 2661 magister
1076 2586 1300 2641 interna:
1328 2584 1552 2653 militiae,
1584 2593 1638 2640 et
1690 2600 1923 2640 coronas
1980 2585 2162 2642 victo-

559 2679 677 2745 riae,
701 2685 755 2733 et
782 2691 990 2749 pugnae
1019 2674 1374 2730 considerans
1393 2673 1733 2746 gravitatem,
1787 2673 2017 2729 militum
2077 2675 2162 2728 vi-

563 2781 654 2822 res
683 2765 735 2821 in
768 2765 899 2820 belli
932 2764 1168 2836 pondere
1197 2762 1456 2832 librabat,
1488 2763 1752 2834 Optimum
1794 2762 2048 2833 judicans
2076 2763 2164 2817 in-

568 2853 763 2922 ﬁrmis,
819 2861 876 2909 ut
932 2854 985 2908 in
1041 2851 1263 2907 urbibus
1318 2851 1585 2918 viverent,
1645 2867 1712 2907 ne
1769 2852 1968 2907 acerbo
1998 2860 2168 2907 marte

565 2943 821 3015 perirent.
857 2942 1034 3012 Quare
1056 2949 1106 2996 et
1138 2941 1262 2996 item
1294 2956 1389 2996 eos
1417 2956 1448 2995 a
1477 2939 1668 2994 castris
1711 2939 1929 2996 fortium
1963 2956 2170 3012 .segre—

571 3033 807 3103 gans,ait
829 3049 841 3084 :
862 3030 1228 3087 Revertimini
1247 3030 1310 3085 in
1328 3029 1596 3101 idipsum,
1613 3044 1683 3084 ne
1703 3032 1885 3084 tentet
1905 3045 1995 3084 vos
2008 3028 2171 3084 Sata-

572 3101 678 3176 nas
704 3123 938 3192 propter
956 3119 1439 3174 incontinentiam
1483 3122 1725 3173 vestram
1747 3117 1926 3184 (Ibid,
1950 3119 2026 3186 5).
2063 3117 2171 3173 Sed
2201 3101 2251 3165 C-

576 3208 797 3263 remotis
852 3206 1146 3274 debilibus,
1179 3207 1309 3276 quid
1340 3206 1392 3260 in
1423 3205 1718 3260 fortissima
1759 3205 2026 3276 virginum
2058 3208 2177 3262 acie

579 3304 792 3371 agatur,
825 3295 1130 3366 exponitur,
1157 3311 1278 3349 eum
1311 3294 1658 3367 subjungilur
1691 3311 1702 3347 :

655 3423 834 3491 (Vers.
870 3423 946 3490 3.)
975 3420 1040 3474 Et
1057 3419 1338 3490 percussit
1355 3417 1628 3474 Jonathas
1663 3418 1971 3474 stationem
1995 3420 2178 3475 Phili-

582 3512 887 3580 stinorum,
903 3525 1024 3581 quae
1042 3512 1165 3564 erat
1185 3508 1248 3562 in
1271 3505 1481 3562 Gabaa.

658 3638 710 3688 5.
737 3633 887 3688 Sicut
913 3631 1130 3687 excellit
1158 3631 1348 3686 ordine
1375 3631 1559 3700 sponsi
1591 3631 1758 3698 acies,
1779 3630 1854 3686 ita
1875 3638 1926 3685 et
1945 3631 2184 3686 victoria

589 3722 771 3778 titulos
805 3721 980 3792 prima
1009 3719 1272 3791 suscepit.
1329 3721 1590 3774 Jonathss
1645 3718 1843 3790 quippe
1898 3720 2182 3775 stationem

589 3809 990 3866 Philistinorum
1021 3808 1253 3880 percutit
1286 3826 1298 3862 :
1319 3808 1444 3879 quia
1472 3808 1644 3863 electa
1666 3807 1950 3879 virginitas
1965 3809 2033 3863 de
2057 3826 2185 3864 car—

588 3916 677 3963 ne,
712 3898 1055 3956 continentiae
1083 3911 1207 3952 arce
1231 3896 1543 3961 sublimata,
1575 3904 1754 3951 motus
1769 3903 1951 3966 turpes
1978 3897 2186 3952 exstin-

591 3988 725 4061 guit.
787 3989 929 4042 Bene
977 3994 1157 4042 autem
1189 3986 1350 4040 statio
1381 3985 1780 4041 Philistinorum
1810 3985 2006 4044 dicitur
2028 4005 2040 4040 :
2065 3987 2187 4058 quia

591 4078 646 4132 in
675 4091 905 4146 corpore
934 4074 1204 4148 virginali,
1234 4075 1478 4129 carnales
1507 4082 1689 4129 motus
1730 4091 1839 4130 non
1869 4075 2067 4130 habent
2096 4091 2186 4130 re-

591 4165 775 4240 quiem
827 4164 1215 4230 delectationis,
1274 4165 1374 4220 sed
1431 4171 1627 4218 statum
1670 4163 1998 4220 certaminis.
2033 4164 2189 4219 Stant

589 4255 792 4328 quippe
825 4273 837 4307 :
873 4254 997 4323 quia
1027 4254 1371 4322 impugnant,
1395 4253 1487 4307 sed
1520 4252 1864 4323 requiescere
1921 4267 2026 4306 non
2054 4268 2187 4322 pos-

588 4351 714 4400 sunt
744 4343 909 4413 :quia
941 4347 1178 4396 mentem
1209 4349 1451 4395 sanctam
1482 4340 1704 4393 minime
1732 4339 2026 4395 oblectant.
2061 4342 2187 4397 Sta-

593 4433 666 4523 tio
695 4447 826 4523 ergo
864 4429 1264 4523 Philistinorum
1294 4428 1569 4523 in-Gabaa
1590 4427 1920 4523 percutitur,
1972 4431 2185 4501 quando
2214 4459 2272 4523 D

588 4521 658 4575 ab
679 4520 862 4574 electis
890 4517 1193 4587 virginibus
1219 4516 1397 4571 carnis
1451 4515 1725 4571 desideria
1755 4517 1965 4586 penitus
2019 4535 2178 4574 ener-

592 4615 808 4676 vantnr,
842 4614 892 4661 et
923 4621 1111 4674 pacem
1145 4604 1398 4675 triumphi
1431 4605 1691 4666 obtinent,
1725 4606 1851 4659 dum
1882 4606 2038 4661 solita
2060 4607 2179 4662 bel-

592 4697 640 4751 la
699 4709 804 4750 non
865 4693 1080 4749 habent.
1129 4693 1207 4748 Ad
1239 4709 1400 4764 quam
1432 4693 1681 4764 profecto
1712 4694 2014 4760 victoriam,
2061 4697 2188 4768 quia

592 4785 858 4854 majorum
882 4783 1255 4838 exhortatione
1304 4798 1448 4852 saepe
1471 4782 1772 4854 proﬁciunt,
1805 4783 1950 4838 mille
1978 4784 2078 4839 viri
2138 4787 2194 4840 in

589 4873 777 4929 Gabaa
833 4887 956 4926 cum
1009 4872 1239 4926 Jonatha
1269 4879 1431 4926 sunt:
1467 4871 1562 4926 sed
1601 4872 1858 4926 Jonathas
1904 4881 2184 4943 percutere

588 4961 989 5017 Philistinorum
1039 4969 1214 5015 castra
1243 4959 1575 5030 perhibetur.
1637 4959 1704 5014 Et
1759 4960 1884 5030 quia
1931 4964 2182 5031 exemplo

584 5051 837 5116 aliorum,
870 5065 1015 5120 stepe
1045 5048 1132 5104 alii
1151 5047 1218 5104 ad
1249 5048 1651 5104 aemulationem
1681 5048 1894 5106 virtutis
1937 5049 2181 5105 excitan-

585 5149 686 5210 tur,
719 5142 964 5212 sequitur
995 5155 1008 5194 :

645 5291 824 5359 (Vers.
849 5292 900 5354 3,
923 5289 1001 5358 4.)
1027 5288 1092 5342 Et
1113 5286 1396 5360 percussit
1419 5285 2012 5342 Jonathasstationem
2042 5285 2178 5342 Phi-

579 5379 930 5442 listinorum,
951 5394 1070 5445 qua:
1088 5381 1212 5433 erat
1233 5379 1294 5433 in
1320 5376 1527 5432 Gabaa.
1556 5374 1707 5442 Quod
1738 5389 1865 5428 cum
1883 5373 2179 5430 audissent

565 5466 1239 5531 Philistai,8aulcecinit
1254 5465 1492 5521 buccina
1510 5465 1571 5518 in
1589 5464 1746 5519 omni
1765 5462 2136 5526 terra,dicens
2155 5483 2176 5516 .-

565 5554 814 5613 Audiant
829 5553 1043 5608 Πειθνωί
1062 5555 1437 5614 Etuniversus
1451 5553 1626 5610 Israel
1647 5550 1867 5608 audivit
1899 5550 2169 5632 hujusce-

636 5680 712 5751 (a)
744 5677 914 5737 Gilot.
947 5687 1002 5736 et
1035 5679 1234 5746 Vatic.,
1265 5678 1580 5738 bellatoris.

2267 497 2486 560 rum,et
2505 492 2693 548 erexit
2723 507 2779 547 se
2805 490 2978 547 Israel
2989 491 3256 547 adversus
3278 491 3600 549 Philistaeos.
3618 495 3809 553 Clama-

2266 581 2349 635 vit
2363 595 2491 651 ergo
2510 583 2750 653 populus
2780 587 2901 649 post
2931 581 3067 635 Saul
3089 582 3150 636 in
3171 581 3412 651 Galgala.

2340 673 2391 724 6.
2429 670 2682 723 Percussa
2713 669 2914 739 quippe
2967 668 3362 723 Philistinorum
3413 670 3644 736 statione,
3699 671 3814 728 Saul

2265 757 2497 813 buccina
2513 757 2678 825 canit,
2713 766 2765 812 et
2795 765 2914 827 post
2942 757 3071 812 Saul
3100 757 3533 827 populusclamat
3562 775 3575 813 ε
3607 760 3816 828 quiaau-

2265 845 2405 900 ditas
2433 847 2731 902 electorum
2766 845 2985 901 virtutes
3013 846 3186 901 sancti
3235 846 3599 916 praedicatores
3649 849 3818 916 praedi-

2265 943 2407 1000 cant,
2439 943 2492 990 et
2521 935 2704 989 subdit
2726 951 2840 988 rum
2872 936 3042 990 corda
3061 934 3130 988 ad
3162 935 3467 1005 exemplum
3512 935 3630 989 boni
3658 937 3820 1005 operis

2266 1024 2619 1078 inflammant.
2642 1023 2871 1078 Buccina
2898 1023 3116 1092 quidem
3148 1039 3366 1090 canere,
3399 1031 3476 1078 est
3502 1033 3547 1078 et
3577 1025 3824 1079 victoriam

2266 1113 2530 1177 nuntiare,
2560 1120 2613 1167 et
2642 1111 2896 1182 exemplo
2925 1113 3193 1166 victorum
3243 1111 3472 1166 aliorum
3525 1121 3715 1167 mentes
3763 1114 3822 1167 ad

2265 1200 2555 1272 spiritualis
2585 1200 2713 1255 belli
2744 1200 3082 1271 prapositum
3119 1199 3374 1256 excitare.
3433 1201 3626 1270 Populo
3679 1201 3823 1256 etiam

2264 1299 2384 1360 post
2409 1289 2536 1345 Saul
2565 1290 2818 1356 clamare,
2850 1296 2934 1344 est
2961 1289 3223 1343 deaudita
3255 1288 3824 1359 praedicationemagna

2267 1379 2570 1434 devotionis
2597 1393 2781 1432 ausum
2812 1377 3105 1448 suscipere.
3140 1378 3260 1445 Quo
3304 1379 3358 1431 in
3389 1378 3506 1434 loco
3561 1377 3828 1432 notandum

2263 1475 2361 1534 est,
2394 1469 2523 1537 quia
2550 1468 2812 1522 Jonathas
2867 1465 3163 1520 stationem
3204 1466 3604 1521 Philistinorum
3631 1481 3826 1535 percus-

2264 1556 2330 1610 sit
2363 1571 2374 1609 :
2409 1556 2505 1610 sed
2536 1553 2664 1610 Saul
2697 1555 2826 1609 tuba
2866 1570 3088 1620 canens,
3117 1571 3174 1609 se
3232 1555 3555 1625 percussisse
3600 1555 3825 1608 eamdem

2264 1643 2552 1698 stationem
2583 1641 2870 1714 perhibuit.
2903 1639 3043 1710 Quia
3071 1641 3329 1696 nimirum
3359 1641 3640 1698 electorum
3663 1641 3830 1710 praedi-

2183 1748 2237 1809 B
2268 1741 2513 1788 catorum
2544 1731 2830 1799 triumphis
2859 1730 3160 1793 ascribitur,
3202 1732 3348 1800 quod
3403 1746 3436 1786 a
3490 1729 3705 1785 subditis
3755 1745 3832 1785 oc-

2267 1821 2394 1876 culti
2425 1820 2726 1877 adversarii
2751 1827 3097 1889 superentur.
3137 1819 3246 1874 Sed
3273 1818 3484 1889 quoties
3508 1819 3640 1873 alios
3679 1820 3836 1873 hostes

2266 1911 2554 1977 vincimus,
2613 1923 2838 1964 necesse
2895 1915 2976 1963 est
3033 1916 3090 1962 ut
3146 1909 3214 1963 ad
3263 1908 3491 1962 aliorum
3533 1904 3838 1962 devincenda

2268 1999 2571 2054 certamina
2591 2012 2988 2068 praeparemur.
3017 1995 3378 2066 Omnipotens
3394 1996 3535 2050 enim
3565 1995 3843 2062 Deus,quia

2267 2087 2474 2143 electos
2503 2103 2630 2142 suos
2657 2085 2931 2157 copiosius
2954 2093 3283 2153 remunerat,
3309 2101 3407 2141 eos
3425 2100 3634 2154 semper
3661 2082 3764 2137 vult
3791 2082 3838 2135 in

2267 2191 2449 2248 pugna
2482 2175 2774 2230 consistere
2808 2177 2901 2228 :ut
2931 2174 2976 2243 ii.
2989 2173 3036 2228 si
3065 2189 3280 2244 semper
3312 2172 3516 2242 possint
3543 2171 3644 2226 sibi
3674 2169 3842 2226 aeterni

2268 2264 2506 2318 muneris
2533 2263 2677 2319 bona
2705 2277 3034 2332 praeparare.
3066 2261 3244 2330 Quare
3273 2269 3327 2316 et
3355 2278 3476 2318 cum
3507 2259 3728 2332 populus
3742 2258 3846 2313 cla-

2269 2368 2444 2408 masse
2474 2360 2592 2422 post
2611 2349 2736 2406 Saul
2758 2351 2973 2417 dicitur,
3003 2350 3356 2420 subjunctum
3387 2359 3503 2406 est:

2347 2442 2502 2508 282
2534 2442 2710 2510 (Vers.
2752 2441 2831 2510 5.)
2864 2441 2931 2496 Et
2955 2439 3233 2494 Philistwi
3272 2440 3601 2511 congregati
3627 2439 3755 2493 sunt
3783 2433 3848 2489 ad

2270 2529 2650 2601 proeliandum
2679 2532 2880 2584 contra
2934 2527 3134 2593 Israel,
3177 2527 3467 2597 tringinta
3503 2526 3684 2580 millia
3729 2537 3844 2580 cur-

2272 2635 2463 2685 ruum,
2510 2623 2565 2673 et
2609 2633 2714 2674 sex
2738 2617 2924 2672 millia
2941 2617 3220 2683 equitum,
3263 2621 3321 2672 et
3352 2617 3633 2687 reliquum
3676 2615 3853 2683 vulgus

2272 2708 2419 2764 sicut
2437 2723 2633 2772 arena,
2653 2723 2774 2777 quae
2795 2710 2876 2761 est
2907 2707 2969 2760 in
2992 2707 3188 2762 littore
3216 2707 3398 2761 maris
3413 2706 3680 2776 plurima.

2347 2799 2400 2852 ‘l.
2435 2794 2692 2866 Superius
2720 2811 2814 2849 rex
2846 2794 2975 2850 Saul
3005 2793 3106 2849 tria
3135 2793 3307 2848 millia
3327 2793 3572 2848 virorum
3627 2791 3727 2846 sibi
3755 2790 3856 2845 ele-

2275 2885 2422 2957 gisse
2451 2883 2797 2940 describitur.
2833 2883 2888 2938 Si
2919 2897 3051 2954 ergo
3073 2889 3257 2952 partes
3287 2883 3571 2952 utriusque
3611 2878 3860 2935 exercitus

2276 2973 2521 3028 conferre
2548 2972 2814 3039 volumus,
2840 2979 3027 3026 contra
3048 2986 3495 3040 unumquemque
3527 2971 3695 3024 virum
3725 2966 3856 3032 Saul,

2281 3063 2469 3117 decem
2500 3077 2686 3118 currus
2744 3059 3180 3125 Philistinorum,
3215 3069 3269 3114 et
3297 3059 3410 3115 duo
3439 3060 3647 3129 equites
3697 3057 3857 3126 depu-

2285 3159 2484 3205 tantur.
2523 3150 2713 3204 Decies
2741 3148 2883 3203 enim
2907 3148 3012 3202 tria
3038 3147 3226 3212 millia,
3263 3149 3491 3221 triginta
3523 3147 3690 3202 millia
3727 3153 3856 3200 sunt.

2285 3242 2342 3294 In
2375 3239 2593 3294 senario
2623 3253 2838 3308 quoque
2867 3253 3090 3292 numero
3121 3238 3391 3292 ternarius
3408 3237 3733 3309 geminatur.
3762 3235 3865 3302 Quo

2285 3327 2536 3384 nimirum
2569 3325 2712 3381 bello
2742 3325 3078 3382 occultorum
3121 3325 3356 3380 hostium
3417 3335 3527 3380 tam
3583 3322 3868 3386 multitudo,

2288 3432 2449 3488 quam
2484 3415 2664 3470 feritas
2693 3414 3026 3483 designatur.
3053 3417 3113 3468 ln
3145 3414 3396 3469 curribus
3427 3413 3646 3485 quidem
3663 3420 3713 3467 et
3739 3411 3873 3479 equis

2287 3512 2478 3560 contra
2510 3519 2609 3560 nos
2640 3503 2868 3559 veniunt
2896 3520 2909 3556 :
2943 3502 3069 3571 quia
3101 3503 3262 3558 modo
3311 3503 3486 3558 malas
3535 3502 3874 3574 cogitationes

2293 3595 2591 3650 electorum
2613 3593 2888 3656 cordibus,
2907 3593 3128 3646 modum
3151 3607 3336 3646 eorum
3353 3591 3630 3662 corporeis
3649 3588 3878 3644 sensibus

2290 3700 2470 3739 rerum
2502 3681 2792 3738 visibilium
2820 3680 3190 3736 blandimenta
3221 3681 3384 3734 noxia
3425 3681 3619 3736 offerre
3657 3677 3876 3734 moliun-

2294 3781 2401 3826 tur.
2442 3770 2579 3841 Equi
2611 3785 2841 3840 namque
2871 3770 2939 3824 ad
2961 3785 3174 3824 cursum
3208 3769 3419 3824 celeres
3461 3777 3602 3833 sunt,
3635 3767 3701 3821 ad
3730 3767 3879 3835 impe-

2296 3869 2411 3916 tum
2443 3859 2634 3916 fortes.
2669 3858 2879 3927 Quibus
2909 3857 3166 3912 nimirum
3197 3858 3565 3929 cogitationes
3594 3856 3749 3911 malae
3770 3861 3880 3923 apte

2293 3955 2696 4020 comparantur.
2729 3962 2851 4018 quae
2880 3947 2947 4000 ad
2979 3963 3072 4001 cor
3100 3947 3358 4002 velociter
3385 3947 3628 4012 veniunt,
3661 3954 3711 3999 et
3741 3940 3883 3997 forti-

2301 4048 2380 4094 ter
2407 4045 2674 4108 pungunt.
2708 4035 2928 4104 Equites
2945 4044 3130 4090 contra
3154 4051 3250 4089 nos
3274 4035 3328 4088 in
3363 4036 3611 4106 prselium
3662 4032 3880 4092 veniunt,

2297 4127 2516 4200 quando
2575 4123 2797 4196 maligni
2827 4123 3045 4192 spiritus
3073 4123 3232 4178 nobis
3264 4124 3439 4179 malas
3460 4122 3819 4195 cogitationes
3841 4125 3887 4172 et

2298 4216 2546 4271 celeriter
2574 4213 2827 4276 excitant,
2861 4221 2912 4266 et
2940 4227 3040 4266 nos
3071 4228 3168 4280 per
3188 4228 3279 4267 eas
3308 4212 3521 4268 fortiter
3564 4211 3884 4282 impugnant.

2299 4306 2407 4362 Sed
2435 4311 2624 4360 contra
2680 4316 3120 4372 unumquemque
3150 4299 3388 4355 ﬁdelium
3415 4302 3526 4355 duo
3557 4299 3761 4370 equites
3809 4311 3890 4349 ve-

2301 4396 2451 4452 niunt
2480 4413 2491 4448 :
2527 4391 2652 4462 quia
2683 4391 2725 4445 si
2749 4389 2989 4445 occultas
3017 4390 3371 4460 reproborum
3422 4390 3708 4459 spirituum
3763 4385 3889 4440 insi-

2301 4485 2418 4542 dias
2446 4485 2501 4537 in
2529 4477 2980 4536 considerationis
3008 4492 3280 4532 summam
3299 4477 3634 4549 colligimus,
3667 4473 3792 4530 illud
3809 4487 3889 4528 eo.

2290 4591 2412 4630 rum
2469 4570 2704 4642 speciale
2763 4567 3105 4638 prepositum
3163 4574 3251 4620 est
3283 4584 3294 4620 :
3328 4576 3387 4620 ut
3437 4566 3696 4621 videlicet
3750 4560 3891 4616 nobis

2295 4661 2654 4736 principalem
2687 4657 2940 4712 virtutem
2973 4656 3186 4719 feriant,
3247 4663 3299 4710 et
3355 4656 3685 4710 charitatem
3728 4649 3819 4707 Dei
3847 4655 3892 4702 et

2297 4747 2526 4824 proximi
2560 4747 2772 4819 penitus
2799 4745 3165 4813 exstinguant.
3182 4744 3368 4814 Equus
3389 4759 3525 4798 vero
3553 4759 3692 4798 unus
3711 4739 3888 4794 saevire

2295 4839 2548 4905 cernitur,
2579 4834 2799 4907 quando
2816 4834 3056 4905 reproba
3083 4832 3424 4903 cogitatione
3441 4832 3605 4886 nobis
3635 4829 3894 4900 malignus

2291 4929 2513 5000 spiritus
2568 4925 2838 4997 suggerit,
2897 4931 2950 4977 ut
3009 4921 3283 4992 proximus
3303 4920 3431 4975 odio
3483 4921 3764 4975 habeatur.
3796 4911 3893 4968 Sed

2291 5035 2488 5090 oquus,
2520 5015 2610 5085 qui
2639 5014 2786 5070 solus
2814 5011 3069 5079 cernitur,
3101 5010 3250 5066 solus
3280 5024 3388 5064 non
3419 5017 3500 5063 est
3537 5025 3550 5064 :
3586 5008 3714 5080 quia
3737 5007 3894 5060 Deum

2292 5123 2452 5162 nemo
2483 5103 2678 5175 diligit,
2713 5101 2806 5172 qui
2836 5099 3049 5154 fratrem
3082 5099 3196 5154 odit
3220 5098 3271 5168 (I
3295 5099 3469 5154 Joan.
3510 5113 3588 5162 tv,
3621 5100 3732 5164 20).
3765 5091 3895 5162 Quia

2291 5197 2421 5251 item
2453 5191 2638 5248 divina
2691 5189 2928 5245 charitas
2983 5202 3107 5242 cum
3161 5187 3306 5241 nullo
3337 5184 3640 5257 principali
3690 5180 3816 5237 vitio
3845 5179 3894 5232 in

2292 5292 2471 5339 mente
2501 5279 2772 5346 convenit,
2798 5276 3008 5348 quoties
3065 5274 3342 5345 spirituale
3375 5275 3578 5328 vitium
3612 5273 3769 5328 nobis
3787 5270 3894 5324 daa-

2291 5387 2513 5428 monum
2545 5369 2735 5424 fraude
2765 5365 3100 5438 suggeritur,
3117 5363 3356 5433 equitum
3377 5361 3724 5419 saevientium
3741 5373 3894 5415 cave-

2288 5477 2350 5518 re
2377 5460 2647 5515 debemus
2679 5455 3014 5511 velocitatem
3038 5452 3258 5507 nimiam
3300 5459 3352 5506 et
3405 5449 3753 5506 ferocitatem
3783 5448 3896 5505 vio-

2288 5550 2516 5606 lentam.
2584 5549 2644 5604 In
2673 5541 3083 5616 comparatione
3112 5541 3329 5613 quidem
3370 5539 3595 5612 equitis,
3629 5535 3890 5611 sagittarii
