4034 6174
249 268 328 325 3H
1034 264 1110 322 IN
1145 263 1415 324 PRIMUM
1452 263 1701 324 REGUM
1738 262 2284 327 EXPOSITIONES.
2328 297 2397 311 —
2436 268 2564 327 LIB.
2605 265 2671 327 ν.

3408 273 3512 330 3η

242 400 320 451 aut
335 391 518 465 peditis
542 389 677 450 ictus
703 389 1018 449 omnimodo
1047 390 1246 448 debilis
1274 399 1374 448 est.
1405 392 1644 462 Impetus
1666 407 1795 449 vero
1826 392 1879 454 Α
1906 388 2112 465 impeti,
2137 402 2196 450 ut
2213 393 2753 468 magniﬁcentissime
2769 396 2825 453 in
2839 394 3045 455 ccelesti
3073 411 3247 472 regno
3275 395 3513 454 debeant

239 482 430 554 equitis,
458 480 574 552 equi
598 481 802 537 viribus
832 480 1092 537 violentus
1119 486 1204 537 est
1227 500 1239 536 :
1272 481 1398 553 quia
1425 480 1677 535 nimirum
1696 481 1803 537 vir-

238 578 309 625 tus
330 570 534 642 maligni
563 570 786 640 spiritus
806 569 954 625 nulla
978 577 1063 625 est
1091 570 1148 623 in
1167 569 1462 626 electorum
1478 569 1799 638 certamine,

235 661 272 714 si
293 660 398 728 ipse
422 658 656 714 residere
684 675 792 714 non
823 659 1157 728 permittitur
1193 658 1247 712 in
1275 658 1421 713 mala
1450 658 1797 730 cogitatione.

235 747 357 816 Quia
381 763 507 818 ergo
536 748 698 802 valde
738 748 905 803 fortes
959 748 1014 802 in
1061 747 1205 802 bello
1253 747 1437 802 hostes
1463 746 1630 801 nostri
1658 754 1797 815 sunt,

232 836 421 907 quando
448 835 680 891 insidere
706 835 929 890 internis
950 835 1374 907 cogitationibus
1401 835 1796 905 permittuntur,

231 925 275 979 in
301 923 687 980 Philistinorum
722 925 961 980 exemita
990 924 1241 995 equitum
1268 924 1426 978 turba
1454 931 1788 978 numeratur.

230 1013 399 1067 Curras
442 1028 571 1069 vero
618 1013 815 1068 decem
870 1012 1159 1082 unicuique
1209 1011 1384 1068 electo
1441 1012 1495 1066 in
1545 1011 1798 1084 praelium

228 1102 541 1172 deputantur.
569 1100 822 1171 Quinque
846 1100 993 1157 enim
1020 1102 1183 1157 nobis
1211 1108 1335 1156 sunt
1372 1116 1565 1156 sensus
1594 1115 1798 1170 corpo-

228 1189 305 1256 ris,
331 1189 520 1261 quibus
564 1190 999 1262 experimentum
1045 1190 1349 1260 accipimus
1390 1187 1789 1245 delectationis.

228 1277 314 1334 Sed
338 1278 546 1348 spiritus
570 1278 818 1350 maligni,
851 1279 1068 1348 quando
1098 1294 1198 1348 per
1221 1277 1594 1334 blandimenta
1614 1276 1798 1333 carnis

224 1376 427 1422 mentem
459 1367 716 1438 decipere
743 1368 1004 1438 gestiunt,
1037 1366 1316 1439 corporeis
1344 1366 1591 1421 sensibus
1618 1382 1797 1421 rerum

224 1455 404 1525 species
428 1455 731 1510 ostendunt
761 1472 895 1527 quas
911 1470 1036 1510 caro
1074 1458 1320 1527 appetat,
1350 1461 1405 1510 et
1442 1470 1540 1526 per
1578 1470 1798 1509 earum-

222 1542 322 1597 dem
350 1558 530 1598 rerum
559 1545 776 1614 species
818 1543 1081 1616 suggerit,
1114 1551 1170 1597 ut
1197 1559 1354 1599 mens
1382 1542 1565 1598 oblata
1593 1558 1797 1598 concu-

218 1632 385 1700 piscat.
422 1630 595 1700 Quasi
625 1631 771 1686 enim
800 1632 854 1685 in
892 1631 1027 1687 rotis
1067 1631 1180 1687 suis
1207 1647 1424 1687 currum
1455 1630 1800 1685 adversarius

1908 482 2159 538 coronari
2195 501 2206 538 :
2234 484 2331 540 sed
2362 500 2559 556 magna
2590 485 2777 555 praelia
2804 486 3085 556 permittit,
3110 499 3232 557 quae
3251 485 3504 542 vincant:

1909 571 2049 628 levia
2079 572 2294 640 excitat,
2318 572 2373 627 in
2402 573 2597 643 quibus
2626 574 2825 629 cadant
2854 592 2865 628 :
2914 583 2972 629 ut
3013 575 3242 631 victoria
3287 574 3508 630 fortium

1906 676 2110 732 magna
2136 661 2221 726 sit,
2255 677 2411 716 casus
2438 660 2690 716 innoxius
2714 680 2727 723 ;
2761 670 2818 717 ut
2846 663 3104 718 cadentes
3134 679 3193 718 se
3224 663 3380 719 facile
3409 664 3511 719 eri~

1906 757 2057 821 gant,
2083 755 2137 804 et
2164 765 2257 805 eos
2284 750 2466 818 fortia,
2497 750 2552 805 in
2582 750 2781 822 quibus
2820 751 3053 806 victores
3095 758 3368 819 steterant,
3401 767 3508 808 non

1907 836 2186 893 extollant.
2217 838 2360 892 Nam
2391 838 2436 893 si
2465 854 2673 904 currus,
2692 846 2743 894 et
2773 838 2983 909 equites
3010 838 3292 905 vincimus,
3314 839 3509 895 extolli

1907 926 1976 981 de
2006 926 2233 982 victoria
2272 942 2381 982 non
2417 927 2682 983 debemus
2715 944 2726 981 :
2759 927 2886 996 quia
2926 926 3339 983 innumerabilia
3369 936 3511 1007 sunt,

1907 1030 2028 1084 qua:
2057 1015 2369 1087 cogitando,
2401 1015 2696 1085 loquendo,
2729 1016 2983 1085 vivendo,
3015 1016 3303 1089 gustando,
3337 1025 3391 1073 et
3411 1031 3515 1072 au—

1906 1102 2131 1171 diendo,
2161 1112 2214 1158 et
2270 1104 2545 1175 Operando
2601 1104 3005 1159 committimus.
3055 1105 3228 1174 Hujus
3280 1121 3516 1175 namque

1905 1192 2057 1263 vulgi
2085 1190 2500 1248 innumerabilis
2528 1192 2654 1259 tela,
2687 1193 2851 1247 etiam
2886 1192 2978 1249 ille
3007 1193 3182 1250 vitare
3207 1209 3321 1248 non
3349 1203 3513 1264 pote—

1904 1287 2006 1346 rat,
2037 1280 2128 1349 qui
2157 1281 2373 1337 dicebat
2406 1295 2418 1335 :
2447 1281 2511 1336 In
2541 1281 2745 1337 multis
2773 1281 3123 1353 offendimus
3152 1281 3503 1353 amnesplae.

1907 1384 1987 1437 tu,
2020 1371 2093 1438 2).
2144 1369 2283 1425 Hinc
2311 1369 2439 1424 item
2471 1368 2701 1424 dilectus
2726 1370 2853 1424 Jesu
2892 1369 3147 1440 loquitur,
3182 1369 3370 1426 dicens
3404 1385 3417 1426 :
3454 1371 3516 1427 Si

1905 1457 2249 1523 dixerimus,
2274 1459 2406 1529 quia
2433 1461 2727 1529 peccatum
2746 1472 2861 1513 non
2879 1458 3165 1526 habemus,
3183 1460 3294 1528 ipsi
3309 1475 3413 1514 nos
3431 1474 3514 1515 se-

1905 1544 2255 1612 ducimus,et
2275 1550 2488 1602 veritas
2501 1548 2561 1601 in
2574 1545 2733 1601 nobis
2745 1562 2862 1602 non
2878 1550 2966 1602 est
2980 1547 3028 1615 (1
3040 1548 3202 1603 Joan.
3225 1562 3264 1614 ι,
3281 1548 3354 1613 8).
3379 1545 3516 1616 Quis

1904 1646 2041 1705 ergo
2056 1633 2171 1703 jam
2196 1634 2351 1703 quasi
2381 1633 2555 1689 victor
2582 1632 2767 1688 extolli
2795 1633 3009 1703 audeat,
3028 1634 3074 1689 si
3107 1634 3240 1690 tanti
3260 1635 3360 1691 viri
3379 1650 3516 1706 pec-

217 1719 369 1790 erigit,
398 1720 535 1774 dum
564 1720 691 1776 hinc
715 1736 896 1776 rerum
928 1719 1298 1776 blandimenta
1336 1718 1513 1785 oﬁert,
1545 1719 1670 1774 inde
1700 1734 1793 1774 co-
1826 1741 1883 1802 Β
1909 1728 2152 1777 catorum
2182 1722 2290 1776 tela
2318 1737 2376 1777 se
2412 1722 2632 1778 omnino
2658 1720 2894 1777 evadere
2922 1738 3031 1778 non
3059 1739 3221 1794 posse
3250 1724 3518 1779 manifes-

217 1807 471 1879 gitationcs
514 1808 744 1871 retinet;
802 1808 904 1863 ista
956 1808 1205 1880 porrigit,
1254 1807 1375 1862 illas
1431 1806 1689 1872 immittit,
1747 1811 1804 1861 et

220 1896 347 1964 quasi
374 1896 649 1952 volvendo
678 1913 736 1950 se
764 1896 1052 1951 sublimem
1069 1897 1139 1951 ad
1159 1896 1398 1950 animam
1420 1895 1646 1963 invehit,
1674 1896 1803 1949 dum

216 1992 373 2040 contra
425 1985 671 2041 electros
711 2002 770 2040 se
808 1985 1077 2056 malignus
1116 1984 1333 2056 spiritus
1380 1983 1559 2053 erigit,
1606 1988 1661 2039 et
1703 1999 1803 2053 per

216 2066 567 2126 blandimenta
602 2085 785 2125 rerum
815 2078 867 2124 et
893 2085 993 2140 per
1019 2077 1188 2124 artem
1216 2070 1651 2141 suggestionum.
1680 2069 1794 2123 De—

216 2173 312 2213 cem
353 2173 480 2229 ergo
532 2174 724 2213 currus
767 2166 889 2212 sunt
935 2158 1062 2228 quia
1097 2166 1284 2213 contra
1323 2156 1568 2229 singulos
1607 2172 1803 2212 sensus

216 2246 422 2314 corporis
450 2246 629 2301 nostri
659 2247 863 2301 habent
892 2246 1102 2317 species
1131 2245 1629 2301 blandimentorum
1654 2244 1791 2299 visi-

215 2331 396 2400 bilium,
429 2335 642 2390 habent
670 2343 857 2391 contra
887 2335 1110 2399 totidem
1138 2350 1328 2389 sensus
1354 2332 1567 2401 animae,
1599 2341 1653 2388 et
1690 2334 1794 2389 de-

216 2423 452 2492 septon'as
478 2432 633 2478 artes
659 2423 992 2479 suasionum.

268 2512 319 2563 8.
355 2510 506 2573 Quid
571 2519 655 2566 est
696 2519 877 2567 autem
932 2510 1078 2582 quod
1126 2510 1387 2582 reliquum
1418 2510 1617 2582 vulgus
1655 2509 1798 2563 sicut

212 2614 364 2665 arena,
386 2617 509 2670 quae
547 2608 629 2655 est
656 2601 711 2654 in
741 2600 918 2655 littore
949 2598 1141 2668 maris,
1160 2615 1280 2654 esse
1307 2598 1553 2668 plurima
1583 2613 1791 2654 memo-

210 2697 350 2753 ratur,
380 2689 478 2743 nisi
513 2690 650 2759 quia
680 2689 748 2743 ad
778 2688 1032 2744 ducatum
1063 2688 1333 2743 malorum
1362 2687 1674 2757 spirituum,
1708 2687 1796 2740 in-

209 2777 546 2832 numerabilis
590 2776 746 2832 saevit
787 2784 972 2832 contra
999 2792 1100 2831 nos
1132 2775 1283 2831 turba
1311 2776 1561 2831 vitiorum
1583 2777 1611 2827 ‘2
1644 2773 1801 2831 Velut

210 2865 330 2918 enim
370 2866 684 2936 subjectum
726 2865 942 2936 vulgus,
975 2881 1159 2920 currus
1190 2872 1243 2920 et
1284 2864 1492 2934 equites
1530 2864 1794 2933 sequitur,

210 2953 397 3022 quando
415 2956 745 3011 dmmonum
773 2955 992 3010 indidiae
1014 2962 1246 3009 mentem
1268 2953 1636 3024 impugnando
1659 2969 1793 3023 prm-

208 3042 402 3098 veniunt
432 3062 444 3097 :
476 3051 545 3098 ut
573 3059 605 3098 a
643 3043 1105 3113 subsequentibus
1135 3042 1298 3108 vitiis,
1332 3040 1488 3114 quasi
1518 3042 1586 3096 ab
1630 3042 1790 3111 283

208 3128 578 3187 irrationabilis
602 3132 754 3204 vulgi
781 3131 1145 3198 multitudine,
1176 3130 1506 3186 devastetur.
1540 3131 1685 3186 Bene
1704 3146 1795 3185 au-

208 3224 297 3274 tem
319 3223 463 3290 prius
491 3237 693 3276 currus
717 3229 771 3275 et
798 3221 1023 3289 equites,
1057 3219 1255 3274 deinde
1293 3219 1443 3290 vulgi
1491 3218 1796 3272 numerosi-

209 3312 275 3360 tas
299 3308 349 3362 in
392 3309 669 3380 spirituali
696 3316 1005 3363 sanctorum
1044 3323 1226 3379 pugna
1266 3306 1590 3363 describitur
1622 3326 1633 3361 :
1666 3305 1796 3378 quia

207 3395 433 3451 nimirum
483 3397 644 3452 nulla
691 3405 772 3451 est
815 3396 1192 3461 numerositas,
1224 3395 1368 3450 nulla
1408 3395 1669 3450 fortitudo
1709 3393 1792 3448 vi-

209 3481 395 3550 tiorum,
437 3486 485 3540 si
533 3484 826 3541 excitando
864 3492 918 3541 et
957 3484 1300 3540 immittendo
1356 3498 1464 3538 non
1524 3482 1797 3553 praecedat

206 3569 322 3627 hanc
371 3573 749 3647 malignorum
803 3574 960 3629 turba
1014 3572 1321 3644 spirituum.
1380 3572 1588 3641 Quibus
1630 3572 1794 3627 etiam

208 3660 362 3717 verbis
401 3663 674 3730 inanitur,
705 3678 870 3734 quam
908 3671 1067 3718 cauta
1111 3670 1165 3717 et
1210 3662 1602 3730 circumspecta
1644 3675 1793 3713 sem-

209 3764 288 3818 per
333 3765 451 3807 esse
509 3751 716 3806 debeat
762 3751 870 3805 vita
918 3759 1247 3807 sanctorum.
1305 3750 1446 3804 Nam
1503 3747 1545 3802 si
1600 3747 1794 3819 vulgus

208 3838 445 3909 reliquum
485 3855 679 3896 arente
723 3839 888 3894 maris
942 3839 1189 3910 plurimae
1231 3844 1596 3909 comparatur,
1630 3836 1792 3890 innu-

208 3927 458 3983 merabilis
509 3936 574 3983 et
609 3928 724 3983 fere
780 3927 1107 3983 inevitabilis
1163 3934 1253 3981 est
1307 3925 1592 3981 multitudo
1632 3925 1791 3994 jacu—

208 4012 379 4069 lorum.
410 4016 685 4085 Quamvis
728 4017 875 4072 enim
912 4016 1100 4086 peritis
1150 4014 1401 4070 ﬁdelibus
1443 4013 1625 4069 omnia
1668 4020 1796 4068 nota

207 4101 296 4156 sint
345 4105 495 4172 vitia,
561 4105 778 4176 quantis
838 4114 1015 4160 tamen
1100 4119 1196 4159 cor
1252 4102 1489 4158 motibus
1553 4102 1790 4172 pulsent,

211 4192 378 4258 quibus
400 4194 609 4257 modis,
640 4201 732 4247 aut
760 4193 954 4264 quibus
995 4192 1182 4248 causis
1215 4207 1435 4262 semper
1474 4190 1542 4244 ad
1571 4205 1665 4245 cor
1691 4206 1791 4244 ve-

210 4278 354 4347 niant,
384 4282 616 4337 omnino
664 4283 810 4337 scire
852 4296 959 4336 non
1004 4288 1247 4351 possunt.
1302 4281 1536 4350 Apertas
1576 4279 1794 4350 quidem

212 4371 550 4425 tentationum
612 4370 864 4425 tenebras
909 4376 1160 4439 potenter
1204 4368 1488 4437 abjiciunt;
1523 4369 1617 4422 sed
1645 4382 1796 4436 saepe

211 4455 473 4529 caliginem
505 4459 834 4532 ignorantiae
864 4458 917 4512 in
946 4457 1108 4513 rebus
1138 4456 1427 4511 levioribus
1443 4455 1593 4525 quasi
1616 4471 1792 4511 arenae
1820 4441 1872 4501 D

212 4544 440 4601 minutias
483 4563 602 4602 non
649 4545 902 4602 evadunt.
949 4546 1185 4617 Semper
1211 4543 1579 4599 fortitudinem
1609 4552 1796 4599 osten-

210 4630 322 4686 dunt
349 4634 475 4690 boni
498 4636 727 4707 operis;
757 4634 855 4689 sed
882 4634 974 4704 qui
1001 4649 1232 4705 magnos
1252 4633 1520 4689 exercitus
1548 4632 1796 4702 equitum

208 4735 387 4793 magna
439 4724 647 4779 virtute
705 4728 978 4794 superant,
1030 4722 1271 4794 linguam
1312 4721 1524 4793 penitus
1552 4720 1622 4775 ab
1651 4725 1799 4780 omni

209 4810 464 4877 superﬂua
493 4812 773 4868 locutione
798 4826 906 4866 non
937 4810 1236 4866 refrenant.
1262 4809 1529 4865 Continuo
1552 4824 1651 4864 usu
1681 4824 1798 4863 cor-

212 4898 360 4966 pusin
381 4900 487 4955 Dei
517 4898 916 4969 omnipotentis
943 4898 1161 4955 servitio
1190 4896 1461 4969 dirigunt;
1494 4896 1591 4951 sed
1611 4912 1797 4951 eorum

210 4998 489 5057 mens,qu
512 4988 653 5043 foris
672 4987 922 5042 membra
936 4970 1174 5057 perfecte
1190 4986 1426 5052 ordinat,
1440 4984 1800 5055 cogitationes

212 5075 487 5144 superﬂuas
502 5075 799 5146 aliquando
815 5088 1165 5147 nequaquam
1175 5074 1225 5130 vi
1235 5081 1326 5128 tat.
1342 5072 1483 5141 Quid
1494 5073 1639 5127 enim
1653 5072 1801 5126 aliud

214 5165 337 5229 tunc,
366 5181 536 5236 quam
563 5163 715 5235 vulgi
743 5164 1112 5233 importunam
1128 5161 1522 5217 multitudinem
1544 5161 1799 5215 sentiunt.

214 5250 289 5320 qui
312 5268 504 5308 currus
535 5263 591 5308 et
620 5252 827 5322 equites
872 5267 1073 5322 magna
1110 5250 1305 5306 virtute
1344 5256 1748 5320 prostraverunt
1773 5250 1803 5301 δῖ

272 5344 319 5394 9.
332 5342 438 5397 Sed
470 5342 667 5398 doctor
701 5340 960 5413 egregius
996 5339 1164 5396 dicit:
1212 5338 1589 5411 Diligentibus
1627 5339 1804 5395 Deum

218 5432 385 5485 omnia
401 5434 789 5503 caaperantur
804 5430 865 5483 in
887 5428 1093 5484 bonum
1108 5428 1293 5497 (Rom.
1315 5443 1432 5496 vm,
1452 5427 1562 5490 28).
1583 5427 1806 5483 Permit-

221 5515 271 5568 tit
296 5517 516 5587 quidem
556 5518 705 5575 Deus
756 5517 960 5573 electos
996 5531 1124 5572 suos
1174 5517 1390 5588 magnis
1419 5514 1807 5572 tentationibus

1823 3093 1873 3159 C

1916 1812 2076 1864 tant?
2125 1811 2234 1866 Sed
2273 1810 2401 1880 quia
2429 1811 2546 1865 haec
2583 1811 2640 1864 in
2670 1810 2911 1880 spirtuali
2943 1810 3085 1866 bello
3115 1812 3514 1880 describuntur,

1913 1913 2022 1954 non
2064 1898 2334 1954 debemus
2362 1913 2507 1954 nunc
2520 1898 2811 1965 mstimare,
2835 1899 2966 1971 quid
2995 1900 3245 1969 patimur,
3262 1900 3357 1955 sed
3388 1914 3519 1970 qua-

1910 1986 2035 2042 liter
2061 1986 2297 2041 hostium
2315 1993 2619 2041 nostrorum
2642 1988 2905 2055 impetum
2924 1985 3202 2043 inﬁrmare
3217 1986 3518 2056 valeamus,

1913 2075 2119 2146 Vulgus
2151 2073 2554 2129 Philistinorum
2604 2089 2782 2130 arena:
2810 2083 3172 2145 comparatur,
3212 2091 3333 2146 qum
3359 2083 3439 2131 est
3466 2076 3523 2130 in

1909 2163 2085 2218 littore
2113 2163 2280 2217 maris
2308 2162 2547 2231 plurima
2572 2178 2584 2216 :
2618 2162 2761 2234 quia
2789 2162 2965 2217 omnis
2996 2162 3174 2219 virtus
3194 2163 3448 2219 vitiorum
3470 2171 3524 2219 et

1909 2267 2172 2307 numerus
2200 2267 2270 2307 ex
2310 2249 2497 2305 saeculi
2542 2250 3045 2320 perturbationibus
3075 2258 3334 2323 augetur.
3373 2252 3522 2307 Mare

1908 2340 2107 2411 quippe
2130 2340 2236 2395 hoc
2258 2338 2519 2395 smculum
2534 2338 2816 2411 designat:
2833 2338 2961 2409 quia
2980 2340 3111 2394 dum
3128 2355 3326 2411 magna
3339 2355 3519 2395 rerum

1909 2436 1963 2484 et
2003 2436 2313 2499 temporum
2356 2429 2624 2482 varietate
2666 2427 2983 2498 impellitur,
3016 2427 3169 2497 quasi
3212 2428 3388 2483 ventis
3425 2427 3519 2481 fu-

1908 2511 2148 2567 rentibus
2175 2510 2548 2581 perturbatur.
2582 2513 2643 2564 In
2671 2510 2848 2566 littore
2866 2519 3067 2578 autem,
3092 2510 3309 2580 quando
3326 2510 3518 2581 impul-

1909 2616 1967 2654 sa
1997 2601 2159 2655 maris
2186 2598 2325 2671 aqua
2355 2598 2679 2665 refunditur,
2723 2598 3144 2655 innumerabiles
3186 2614 3368 2655 arenae
3408 2599 3515 2654 mi-

1907 2688 2072 2744 nutiae
2100 2688 2495 2759 glomerantur.
2549 2687 2695 2755 Quid
2724 2696 2805 2742 est
2848 2704 2987 2760 ergo
3019 2688 3167 2742 littus
3197 2688 3380 2755 maris,
3412 2688 3518 2743 nisi

1909 2791 2009 2832 cor
2053 2776 2477 2845 uniuscujusque
2516 2776 2569 2829 in
2602 2775 2868 2845 spirituali
2900 2776 3309 2831 conversatione
3336 2776 3518 2848 negli-

1906 2866 2088 2937 gentis
2116 2866 2145 2917 ‘?
2174 2865 2276 2919 Per
2303 2863 2551 2918 ordinem
2582 2863 2783 2934 quippe
2812 2863 3109 2935 religionis,
3141 2864 3296 2933 quasi
3328 2864 3385 2918 in
3418 2881 3513 2920 so-

1907 2953 2020 3008 lido
2057 2960 2205 3008 stare
2233 2951 2509 3014 cernitur;
2544 2952 2639 3005 sed
2668 2951 2804 3005 dum
2833 2952 3130 3006 smeulares
3154 2952 3512 3023 cogitationes

1907 3056 2018 3095 non
2065 3039 2328 3111 reprimit,
2370 3038 2525 3109 quasi
2570 3039 2883 3111 frangentes
2913 3039 2969 3093 in
3004 3054 3064 3094 se
3109 3039 3272 3094 maris
3319 3040 3512 3096 ﬂuctus

1904 3128 2125 3199 excipit,
2182 3135 2236 3183 et
2289 3128 2534 3182 cumulos
2592 3142 2880 3182 arenarum
2926 3144 2938 3180 :
2991 3134 3043 3183 et
3089 3126 3220 3184 inde
3279 3127 3503 3199 quidem

1904 3218 2109 3287 impelli
2167 3216 2454 3283 ﬂuctibus,
2525 3223 2579 3270 et
2648 3214 2804 3271 obrui
2860 3230 3025 3271 arena
3088 3223 3301 3285 potest,
3368 3217 3512 3271 unde

1904 3306 2040 3360 mari
2077 3305 2516 3376 appropinquare
2557 3319 2666 3359 non
2712 3304 2866 3359 timet
2896 3322 2908 3356 :
2943 3303 3069 3373 quia
3108 3304 3152 3358 si
3191 3305 3379 3359 saeculi
3410 3319 3511 3360 co-

1903 3393 2167 3465 gitatione
2234 3391 2596 3462 spiritualium
2666 3407 2847 3447 rerum
2908 3392 3367 3462 contemplatione
3417 3408 3509 3447 re-

1903 3484 2176 3553 primeret,
2208 3480 2339 3536 vitia
2368 3480 2565 3536 mentis
2595 3488 2647 3535 et
2676 3479 2937 3549 corporis,
2968 3495 3091 3552 qua:
3119 3480 3304 3535 saeculi
3334 3495 3509 3537 occu-

1903 3572 2054 3641 patio
2083 3570 2238 3626 velut
2274 3584 2468 3625 arenas
2501 3577 2552 3625 et
2582 3569 2774 3624 ﬂuctus
2817 3568 3042 3633 invehit,
3102 3585 3211 3624 non
3266 3569 3505 3625 sentiret.

1904 3662 2010 3713 Cur
2036 3673 2170 3730 ergo
2202 3658 2394 3729 vulgus
2423 3657 2655 3713 hostium
2694 3672 2872 3713 arenas
2913 3656 3088 3712 simile
3123 3673 3244 3714 esse
3290 3658 3505 3715 dicituri

1902 3748 2004 3803 nisi
2037 3748 2164 3819 quia
2194 3746 2422 3817 maligni
2450 3746 2669 3815 spiritus
2693 3745 2899 3801 eisdem
2918 3746 3063 3801 vitiis
3077 3747 3280 3801 electos
3296 3745 3501 3815 Christ,

1905 3839 2070 3906 284
2094 3835 2325 3892 athletas
2353 3836 2701 3907 impugnant,
2735 3835 2931 3907 quibus
2961 3835 3307 3907 negligentes
3334 3852 3501 3906 supe-

1901 3933 2023 3980 rant
2043 3926 2072 3978 ‘l
2104 3926 2239 3978 Cum
2272 3923 2430 3979 turba
2460 3924 2680 3993 quidem
2710 3922 2984 3978 saecularis
3019 3925 3272 3992 strepitus
3320 3933 3509 3981 contra

1901 4029 1997 4069 eos
2044 4012 2284 4082 veniunt,
2319 4011 2406 4081 qui
2458 4011 2719 4066 saeculum
2775 4012 2831 4066 in
2886 4010 3001 4065 suis
3056 4012 3507 4069 delectationibus

1901 4117 2160 4173 spernere
2191 4108 2301 4155 tota
2322 4107 2503 4155 mente
2531 4100 2857 4154 didicerunt.
2898 4100 3139 4168 Pompas
3166 4116 3346 4155 rerum
3377 4103 3504 4157 visi-

1902 4191 2089 4245 bilium
2120 4189 2374 4256 formant,
2397 4195 2761 4257 contemptum
2783 4189 2899 4257 jam
2930 4186 3113 4242 saeculi
3142 4203 3385 4243 amorem
3406 4189 3505 4242 ﬁn-

1902 4280 2085 4351 gendo
2114 4284 2378 4333 renovant
2409 4295 2422 4332 :
2467 4284 2525 4331 ut
2554 4276 2725 4332 corda
2754 4290 2986 4345 superno
3015 4290 3200 4330 amore
3228 4275 3509 4331 ﬂamman-

1903 4369 1992 4433 tia,
2027 4367 2097 4422 ad
2139 4366 2331 4421 noxias
2361 4364 2743 4420 delectationes
2780 4364 3014 4418 trahant.
3062 4364 3172 4418 Sed
3211 4364 3350 4418 santi
3382 4364 3502 4433 viri,

1905 4458 2031 4528 quia
2060 4453 2507 4510 innumerabilem
2524 4457 2663 4508 hanc
2688 4468 2921 4525 nequam
2959 4451 3355 4522 cogitationum
3384 4458 3504 4509 tur-

1904 4546 2032 4599 bam
2064 4545 2134 4599 de
2162 4542 2350 4599 saeculi
2378 4540 2578 4613 pelago
2606 4542 2826 4611 prodire
2853 4540 3213 4608 considerant,
3245 4542 3504 4597 saeculum

1907 4641 2018 4689 tota
2070 4639 2252 4687 mente
2305 4630 2584 4702 fugiendo,
2627 4628 2741 4685 ﬁeri
2785 4628 2968 4683 littora
3008 4628 3175 4683 maris
3209 4629 3401 4696 vitant,
3456 4640 3509 4687 et

1906 4730 2113 4777 tantum
2146 4720 2342 4791 vulgus
2382 4718 2618 4774 hostium
2644 4717 2759 4787 jam
2801 4733 2912 4772 non
2942 4717 3129 4773 timent
3158 4735 3170 4771 :
3215 4719 3346 4789 quia
3374 4719 3505 4775 dum

1906 4810 1961 4864 in
2028 4808 2221 4862 intima
2291 4806 2748 4876 contemplatione
2822 4820 2881 4860 se
2948 4807 3199 4873 retinent,
3253 4806 3507 4863 vitiorum

1908 4897 2063 4952 turba
2116 4895 2185 4951 ad
2242 4909 2339 4951 eos
2395 4909 2674 4950 accessum
2733 4894 2935 4949 habere
2991 4908 3104 4950 non
3155 4899 3353 4965 potest.
3413 4896 3508 4951 Se—

1910 4985 2092 5058 quitur
2125 5000 2136 5038 :

1981 5074 2158 5142 (Vers.
2199 5072 2276 5142 5.)
2308 5072 2376 5128 Et
2403 5072 2793 5141 ascendentes,
2833 5072 3229 5127 castrameiati
3268 5074 3409 5126 sunt
3447 5071 3512 5125 in

1912 5163 2153 5233 Magmas
2182 5161 2253 5217 ad
2282 5163 2557 5218 orientem
2590 5162 2897 5216 Bethaven.

1986 5252 2070 5305 10.
2102 5249 2352 5321 Malignis
2380 5248 2656 5321 spiritibus
2685 5247 2995 5313 ascendam,
3027 5252 3109 5301 est
3136 5246 3206 5299 ad
3236 5245 3511 5315 decipien-

1911 5338 1990 5394 da
2020 5346 2336 5394 sanctorum
2384 5338 2572 5401 corda,
2619 5351 2716 5406 per
2756 5334 2975 5391 caeleste
3022 5332 3355 5389 desiderium
3398 5333 3514 5390 alta

1913 5426 2121 5484 conari.
2160 5427 2305 5482 Bene
2348 5433 2525 5480 autem
2571 5423 2770 5479 dicitur
2802 5440 2814 5476 :
2850 5422 3254 5479 Castrametati
3280 5428 3419 5480 sunt
3447 5425 3512 5480 in

1915 5517 2174 5588 Magmas
2191 5535 2210 5571 :
2241 5515 2364 5586 quia
2391 5513 2447 5571 in
2473 5512 2582 5570 illis
2609 5510 2862 5569 cordibus
2889 5509 3149 5583 resident,
3181 5529 3302 5585 qum
3331 5512 3384 5570 in
3405 5513 3515 5571 alto
