4034 6174
471 246 568 302 343

1676 251 1920 308 ΞΛΝΟΤΙ
1974 252 2085 310 GRl

2197 251 2319 312 Μαι
2358 255 2580 313 MAGNI
3641 265 3732 325 34$

463 383 646 426 amore
675 368 970 428 caelestium
989 372 1278 431 sublimata
1300 390 1408 432 non
1429 376 1880 452 vident.Magmas
1898 381 2056 452 quip-
2086 383 2138 444 Α
2167 381 2418 452 speritas,
2451 381 2544 437 lux
2575 381 2629 438 in
2663 381 2930 452 tenebras,
2952 382 3088 439 risus
3119 383 3172 438 in
3209 401 3508 452 maerorem,
3530 389 3736 450 dulcedo

464 475 534 528 pe
575 460 852 515 humilitas
894 461 1298 534 interpretatur.
1333 465 1614 521 Humiliari
1661 483 1786 522 vero
1833 469 1887 523 in
1919 485 2074 525 sacro

465 547 680 620 eloquio
709 565 812 619 pro
843 550 1056 606 defectu
1087 567 1238 622 saepe
1268 553 1482 608 virtutis
1511 555 1798 625 accipitur.
1838 558 1994 613 Unde
2024 565 2076 612 et

465 634 520 688 in
552 636 653 689 hac
681 636 872 692 eadem
904 655 1093 710 regum
1129 641 1348 696 historia
1377 642 1614 696 Thamar
1645 644 1816 699 David
1849 646 1996 716 regis
2024 645 2078 698 ﬁ-

468 722 561 789 lia,
591 740 749 796 quam
782 727 1016 782 violasse
1036 731 1217 782 Amon
1251 728 1411 784 frater
1441 729 1558 798 ejus
1588 732 1806 802 legitur,
1833 733 2077 787 humilia-

471 818 526 866 ta
568 813 899 882 perhibetur.
933 816 1201 886 Corrupta
1232 818 1447 887 quidem
1484 820 1764 876 humiliata
1792 828 1872 876 est
1904 840 1916 875 :
1955 822 2081 892 quia

474 899 721 955 sublimis
743 909 962 957 steterat
990 905 1164 975 virgo,
1185 909 1237 960 et
1267 907 1396 959 dum
1420 906 1588 960 altum
1612 909 1830 964 honoris
1851 910 2076 983 virginei

475 987 1103 1059 culmenperdidit,velut
1119 993 1187 1048 de
1203 993 1422 1048 sublimi
1437 995 1509 1050 ad
1527 995 1747 1066 planum
1763 1005 1814 1053 et
1826 998 2080 1054 humilem

478 1076 651 1130 locum
683 1079 918 1150 venit(ll
931 1083 1201 1153 Reg.xm).
1228 1082 1305 1136 De
1339 1083 1515 1138 futura
1541 1084 1698 1140 etiam
1723 1087 2082 1156 superborum

477 1164 823 1236 depressione
845 1168 1070 1223 dicitur:
1096 1171 1409 1244 0mnis,qui
1421 1188 1477 1228 se
1494 1174 1742 1239 exultat,
1759 1175 2082 1231 humiliabi-

484 1257 580 1308 tur
593 1255 741 1323 (Luc.
760 1272 874 1324 xw,
893 1258 983 1323 11)
1000 1277 1011 1312 :
1029 1259 1156 1329 quia
1176 1258 1228 1312 in
1251 1261 1500 1315 examine
1517 1263 1739 1332 superni
1755 1263 1952 1332 judicis
1966 1279 2083 1320 cor-

482 1351 660 1410 ruunt,
675 1345 764 1415 qui
787 1361 923 1400 vane
943 1347 1010 1401 de
1029 1348 1186 1416 hujus
1200 1349 1382 1404 saeculi
1405 1349 1739 1405 sublimitate
1760 1352 2080 1423 gloriantur.

487 1431 629 1487 Bene
657 1449 789 1505 ergo
816 1435 866 1487 in
900 1435 1144 1507 Magmas
1177 1444 1355 1492 castra
1386 1454 1591 1508 ponere
1610 1438 1866 1496 Philistaai
1894 1441 2082 1512 perhi-

485 1519 704 1575 bentur:
723 1521 848 1592 quia
861 1540 961 1593 per
973 1524 1157 1594 iniqua
1174 1525 1399 1582 consilia
1412 1527 1465 1580 in
1481 1526 1559 1582 eis
1575 1528 1926 1600 daemonia(a)
1941 1530 2088 1584 habi-

485 1610 708 1679 tant,qui
733 1611 840 1664 alta
861 1612 1115 1667 virtutum
1131 1614 1392 1670 culminat
1418 1631 1545 1670 nere
1581 1632 1688 1672 non
1723 1619 2085 1673 curant.Nam

483 1692 608 1746 dum
633 1699 730 1749 teri
745 1702 872 1749 enat
889 1698 1306 1768 querunt,velut
1323 1698 1482 1769 plana
1504 1707 1556 1754 et
1577 1699 1798 1755 humilia
1817 1700 2058 1756 incolunt

483 1782 576 1836 ubi
627 1782 925 1840 invisibiles
965 1785 1148 1841 hostes
1182 1795 1357 1842 castra
1386 1803 1589 1857 ponere
1616 1787 1807 1844 leviter
1833 1799 2078 1860 possunt.

464 1871 561 1944 _De
589 1872 782 1942 quibus
810 1873 1061 1928 nimirum
1092 1874 1334 1929 hostibus
1363 1893 1464 1946 per
1491 1877 1808 1948 prOphetam
1840 1879 2036 1934 dicitur
2066 1896 2082 1934 :

490 1960 599 2025 Qui
626 1962 825 2017 dicunt
844 1965 1056 2019 animo:
1095 1968 1210 2020 tuae
1242 1983 1258 2017 :
1288 1965 1610 2032 Incurvare,
1653 1970 1718 2022 ut
1763 1971 2087 2023 transemus

489 2050 638 2117 (Isai.
673 2066 744 2119 Li,
777 2053 887 2122 23).
945 2053 1133 2107 Erecta
1181 2053 1399 2123 quidem
1453 2053 1701 2108 sublimis
1757 2063 1835 2110 est
1881 2055 2082 2124 anima,

487 2137 766 2195 incurvata
794 2140 1012 2195 humilis
1045 2159 1056 2196 :
1090 2142 1219 2215 quia
1247 2158 1347 2212 per
1392 2142 1644 2197 virtutum
1684 2143 2082 2214 celsitudinem,

487 2235 566 2282 est
611 2243 709 2299 per
749 2228 968 2285 cceleste
1011 2228 1342 2286 desiderium
1371 2229 1424 2284 in
1456 2229 1564 2286 alta
1597 2231 1900 2288 sustollitur
1933 2249 1945 2288 :
1980 2235 2083 2290 sed

486 2317 706 2387 quando
737 2317 806 2371 ad
837 2317 981 2386 vitia,
1016 2318 1103 2375 vel
1134 2319 1203 2374 ad
1233 2318 1419 2374 saeculi
1449 2333 1689 2375 amorem
1723 2321 1926 2388 defluit,
1958 2321 2087 2377 illuc

487 2407 706 2478 quidem
738 2406 906 2476 cadit,
938 2408 1029 2462 ubi
1062 2407 1200 2463 hanc
1225 2408 1396 2463 hostis
1425 2409 1638 2464 irruens
1667 2409 1858 2464 leviter
1885 2411 2080 2465 atterit.

487 2497 683 2550 Dicunt
712 2510 846 2567 ergo
877 2495 1076 2550 animae
1108 2499 1220 2551 tum
1245 2513 1258 2550 :
1293 2496 1600 2564 incurvare,
1624 2504 1676 2551 ut
1701 2505 2043 2553 transeamus
2068 2515 2081 2552 :

488 2583 613 2655 quia
643 2582 686 2637 si
718 2585 856 2637 hanc
895 2583 962 2637 ad
999 2584 1232 2656 agenda,
1265 2585 1350 2639 vel
1396 2586 1682 2657 cogitanda
1727 2593 1939 2641 terrena
1977 2602 2084 2642 non

485 2671 792 2739 humiliant,
839 2688 941 2727 nec
983 2673 1239 2746 malignis
1278 2674 1722 2745 persuasionibus
1773 2682 2082 2746 penetrant,

485 2761 590 2816 hoc
618 2760 853 2816 vitorum
885 2761 1030 2816 bello
1058 2762 1388 2832 perturbant.

561 2853 646 2904 11.
680 2849 815 2906 Hinc
843 2866 976 2922 ergo
1004 2849 1264 2923 colligere
1292 2867 1602 2921 possumus,
1636 2860 1890 2922 quantum
1921 2871 1950 2908 a
1982 2871 2087 2911 sae-

493 2939 617 2994 culo
637 2947 779 3005 actu,
808 2939 974 2994 verbo
995 2947 1047 2994 et
1077 2939 1404 3011 cogitatione
1431 2940 1597 3014 longe
1626 2940 1743 2996 ﬁeri
1763 2942 2080 2998 debeamus.

490 3027 668 3082 Verba
709 3029 914 3100 quippe
959 3035 1162 3094 nostra,
1205 3027 1588 3101 cogitationes,
1633 3039 1686 3084 et
1727 3045 1892 3102 opera
1921 3033 2086 3102 plana

2063 1742 2076 1769 ’
2113 1739 2164 1798 Β

2184 470 2502 540 invermem,
2527 471 2688 528 decor
2717 471 2770 526 in
2801 472 3220 540 deformitatem,
3245 476 3413 531 honor
3434 477 3482 532 in
3505 479 3738 548 dedecus,

2185 558 2553 615 blandimenta
2596 561 2651 614 in
2691 576 2878 630 pienas
2915 569 2965 616 et
3002 569 3202 618 aeterna
3234 571 3488 620 tormenta
3516 584 3742 624 commu-

2187 654 2383 703 tantur.
2427 649 2555 705 Πεεο
2596 649 2862 718 profecto,
2896 651 3018 719 quia
3073 668 3215 706 nunc
3263 652 3543 722 impiorum
3596 657 3745 712 corda

2187 751 2293 791 non
2326 735 2582 804 sentiunt,
2614 737 2876 792 bonorum
2925 755 3106 795 mores
3150 739 3346 796 imitari
3385 742 3671 815 refugiunt;
3701 754 3748 800 et

2188 824 2441 894 exemplo
2470 825 2827 895 perditorum,
2850 828 3112 899 quidquid
3145 830 3212 882 de
3241 831 3438 886 saeculo
3467 831 3542 886 eis
3569 832 3748 902 placet,

2187 927 2405 968 sumere
2450 929 2794 984 nequaquam
2844 915 3034 970 timent
3085 935 3097 970 :
3145 917 3270 989 quia
3315 918 3434 974 illos
3481 918 3749 987 imitantur,

2190 1001 2278 1070 qui
2312 1016 2408 1072 per
2435 1003 2599 1056 vitam
2645 1003 2935 1075 reprobam
2975 1005 3285 1062 habitacula
3324 1007 3617 1063 daemonum
3643 1008 3753 1064 facti

2191 1096 2338 1144 sunt.
2376 1090 2531 1146 Unde
2551 1099 2604 1145 et
2634 1092 2831 1147 merito
2859 1092 3054 1147 domus
3100 1094 3304 1149 inutilis
3336 1095 3574 1152 dicuntur
3604 1111 3616 1151 :
3647 1099 3756 1168 quia

2189 1193 2336 1247 saepe
2365 1186 2670 1234 sanctorum
2701 1181 3140 1250 praedicationem
3173 1183 3485 1255 suscipiunt,
3514 1185 3605 1239 sed
3639 1203 3756 1241 ver-

2191 1261 2315 1317 bum
2348 1263 2490 1332 quod
2521 1263 2590 1318 ab
2621 1279 2804 1319 eorum
2849 1281 2946 1320 ore
2979 1266 3187 1333 odiunt,
3220 1267 3265 1321 is
3304 1284 3363 1323 se
3413 1268 3645 1324 habitare
3672 1285 3761 1339 per

2192 1360 2433 1401 amorem
2477 1362 2822 1419 nequaquam
2865 1350 3154 1419 patiuntur.
3189 1351 3398 1406 lnutitis
3428 1367 3554 1424 ergo
3584 1353 3760 1408 domus

2190 1439 2311 1486 sunt
2343 1449 2354 1486 :
2389 1431 2513 1500 quia
2535 1439 2712 1502 aptam
2732 1432 2785 1486 in
2802 1449 2858 1488 se
2875 1434 2989 1490 Deo
3011 1435 3400 1492 habitationem
3424 1452 3530 1491 non
3559 1435 3760 1492 faciunt.

2193 1518 2342 1573 Hanc
2399 1519 2639 1574 inutilem
2686 1520 2907 1575 domum
2958 1539 3054 1592 per
3099 1524 3452 1594 semetipsam
3481 1524 3680 1579 Veritas
3716 1524 3764 1578 in

2193 1606 2497 1678 Evangelio
2518 1607 2786 1680 designat,
2819 1610 3040 1664 dicens:
3062 1610 3266 1684 Vulpes
3281 1614 3467 1682 foveas
3489 1611 3701 1679 habent,
3719 1616 3769 1668 et

2191 1695 2444 1750 volucres
2461 1697 2587 1752 σιειί
2609 1698 2792 1754 nidos:
2814 1699 2994 1754 Filius
3011 1703 3205 1755 autem
3227 1701 3472 1756 hominis
3496 1717 3604 1756 non
3621 1701 3772 1756 habet

2195 1781 2292 1837 ubi
2319 1787 2491 1854 caput
2513 1800 2679 1840 suum
2698 1787 2939 1842 reclinet
2963 1788 3425 1860 (Matth.vm,20).
3443 1789 3575 1844 Hinc
3595 1789 3772 1842 iterum

2195 1871 2452 1941 scriptum
2485 1874 2859 1946 est:Spiritus
2872 1880 3106 1932 sanctus
3137 1876 3456 1948 disciplina:
3486 1879 3685 1947 effugit
3711 1876 3772 1943 ﬁ-

2194 1963 2435 2025 ctum,et
2451 1983 2480 2014 η
2490 1979 2563 2016 οη
2581 1961 2800 2018 habitat
2820 1966 2882 2020 in
2897 1980 3125 2037 corpore
3145 1965 3365 2021 subdito
3380 1966 3622 2037 peccatis
3633 1965 3770 2035 (Sap.

2198 2050 2246 2114 1,
2279 2049 2354 2117 5).
2391 2049 2530 2104 Bene
2559 2065 2695 2122 ergo
2744 2051 2944 2106 inutilis
2977 2054 3172 2108 domus
3215 2053 3421 2109 habere
3463 2053 3517 2107 in
3567 2051 3774 2108 orientis

2195 2144 2346 2206 parte
2393 2137 2642 2210 Magmas
2671 2139 2898 2194 dicitur:
2933 2141 3081 2211 quia,
3113 2143 3203 2212 qui
3234 2150 3544 2197 sanctorum
3587 2140 3774 2212 praedi-

2193 2223 2460 2280 cationem
2502 2236 2780 2298 spernunt,
2814 2228 2867 2282 in
2926 2231 3281 2301 reproborum
3323 2231 3573 2300 exemplo
3603 2229 3705 2283 ima
3731 2236 3779 2282 et

2194 2319 2405 2368 terrena
2453 2316 2830 2385 quaerentium,
2861 2319 3006 2373 velut
3052 2319 3108 2372 in
3158 2336 3379 2390 magna:
3429 2318 3560 2374 lucis
3604 2324 3777 2373 exorta

2193 2401 2550 2472 gratulantur.
2605 2405 2709 2460 Sed
2757 2405 2907 2473 dum,
2947 2407 3290 2478 loquentibus
3332 2424 3500 2464 sacra:
3555 2405 3781 2462 historia:

2192 2492 2489 2561 mysteriis,
2509 2493 2771 2549 malorum
2805 2497 3152 2551 conversatio
3180 2497 3607 2558 demonstratur,
3631 2510 3780 2566 quam

2192 2579 2258 2634 sit
2285 2587 2441 2635 cauta
2501 2591 2811 2637 sanctorum
2843 2584 2970 2650 vita,
3019 2585 3424 2658 subsequenter
3467 2584 3778 2640 ostenditur.

2194 2666 2333 2721 Nam
2367 2671 2610 2738 sequitur
2643 2691 2654 2726 :

2268 2757 2441 2822 (Vers.
2469 2762 2548 2827 6.)
2586 2761 2738 2829 Quod
2794 2778 2925 2817 cum
2969 2763 3244 2819 vidissent
3281 2766 3390 2820 viri
3427 2763 3620 2825 Israel,
3651 2776 3703 2816 se
3730 2759 3790 2815 in

2197 2845 2354 2897 arcto
2385 2843 2542 2909 sitos,
2576 2846 2841 2915 afflictus
2870 2851 2952 2900 est
2993 2848 3254 2918 populus,
3283 2853 3343 2903 et
3385 2845 3790 2903 absconderant

2193 2945 2252 2984 se
2287 2932 2350 2984 in
2383 2933 2690 3003 speluncis,
2717 2937 2776 2989 et
2816 2937 2877 2989 in
2923 2934 3152 3004 abditis,
3178 2937 3238 2990 in
3270 2937 3453 3009 petris
3483 2948 3711 3007 quoque,
3735 2935 3786 2988 et

2191 3019 2253 3072 in
2275 3022 2488 3085 antris,
2514 3025 2570 3076 et
2602 3023 2891 3079 cisternis.

490 3123 543 3171 et
571 3091 977 3184 humilia-sunt,
1011 3091 1225 3186 quando
1255 3091 1696 3173 saecularia-Per
1725 3091 1842 3173 hinc
1865 3091 2082 3189 quidem

2265 3110 2350 3162 12.
2384 3111 2442 3163 In
2471 3118 2618 3165 arcto
2651 3111 2867 3180 quidem
2899 3128 3108 3175 sumus,
3153 3113 3373 3184 quando
3403 3114 3472 3168 ab
3503 3111 3795 3168 immundis

490 3200 564 3254 ibi
596 3216 798 3270 sumus,
829 3199 919 3254 ubi
952 3200 1284 3255 occultorum
1316 3203 1550 3257 hostium
1578 3210 1756 3258 castra
1786 3203 1958 3258 libere
1977 3220 2084 3275 po—

487 3297 704 3356 nuntur,
763 3288 856 3344 ubi
915 3296 1060 3344 tanto
1116 3287 1329 3346 facilius
1376 3292 1500 3361 capi
1543 3305 1849 3361 possumus,
1883 3302 2085 3363 quanto

488 3377 639 3432 nulla
669 3377 980 3432 munitionis
1009 3392 1139 3434 arce
1168 3378 1536 3434 sublevamur.
1557 3378 1698 3448 Quis
1727 3380 1868 3434 enim
1887 3381 2001 3450 jam
2028 3381 2086 3434 ti-

487 3465 624 3520 delis
653 3466 861 3521 nesciat
902 3485 914 3521 :
959 3465 1085 3536 quia
1113 3466 1302 3536 culpas
1329 3467 1641 3535 verborum,
1672 3467 2083 3540 cogitationum,

491 3562 542 3610 et
581 3569 806 3625 operum
846 3558 1163 3610 nostrorum
1192 3553 1476 3628 colligant,
1509 3563 1563 3610 et
1591 3556 1660 3609 ad
1688 3557 2084 3613 accusationem

488 3649 727 3697 nostram
758 3641 809 3696 in
841 3642 1074 3698 adventu
1105 3641 1322 3697 venturi
1345 3643 1545 3713 judicis
1574 3644 1832 3699 servent?
1858 3645 2010 3701 Unde
2031 3653 2087 3701 et

487 3727 634 3781 hunc
665 3725 922 3781 humilem
952 3733 1112 3797 atque
1140 3727 1452 3797 despectum
1489 3726 1671 3783 locum
1714 3729 1960 3800 Magmas
1991 3728 2080 3784 fu-

493 3814 750 3886 giendum
773 3813 928 3870 nobis
957 3830 1074 3870 esse
1094 3816 1359 3871 Dominus
1385 3815 1696 3882 insinuans,
1721 3816 1882 3871 dicit:
1913 3819 2088 3874 Omne

497 3905 722 3960 verbum
735 3903 1144 3974 otiosum,quod
1157 3903 2090 3976 locuti/uariathomines,reddent

495 3992 791 4047 nationem
822 3993 882 4047 in
909 3992 999 4048 die
1034 3993 1222 4063 judici
1256 3993 1590 4061 (Matth.xn,
1612 3994 1722 4063 36).
1757 3995 1926 4049 Locus
1955 4010 2089 4066 ergo

497 4079 727 4136 hostium
760 4080 977 4135 humilis
1005 4081 1231 4143 dicitur;
1267 4089 1322 4137 ut
1355 4083 1597 4153 profecto
1630 4081 1788 4138 nobis
1830 4083 2088 4151 insinuet,

499 4168 630 4241 quia
665 4170 852 4238 verbo,
903 4170 1230 4242 cegitatione
1282 4178 1336 4226 et
1381 4186 1547 4241 opere
1591 4186 1804 4240 semper
1827 4171 2092 4226 sublimes

499 4274 619 4313 esse
649 4259 962 4314 debeamus.
1012 4259 1075 4312 Et
1119 4259 1246 4330 quia
1285 4259 1413 4312 dum
1461 4259 1514 4312 in
1546 4258 1737 4312 humili
1769 4259 2094 4314 remissioris

501 4347 624 4402 vita:
657 4362 768 4401 suae
798 4347 918 4403 loco
956 4346 1171 4416 reprobi
1200 4347 1504 4416 capiuntur,
1537 4346 1788 4416 exempla
1817 4347 2094 4415 pravitatis

506 4433 813 4497 ostendunt,
864 4451 986 4504 qua}
1035 4434 1153 4488 aliis
1208 4433 1473 4488 imitanda
1527 4441 1904 4504 proponantur

508 4961 797 5036 splendore
828 4962 1098 5017 falluntur.
1120 4963 1232 5019 Une
1264 4971 1317 5018 et
1346 4979 1445 5034 per
1474 4963 1692 5020 beatum
1721 4963 1828 5020 Job
1860 4967 2093 5022 dicitur:

499 5053 812 5125 Ais/eretur
839 5051 908 5107 ab
939 5052 1129 5124 impiis
1152 5053 1256 5108 lux
1274 5051 1529 5123 sua(Job.
1547 5053 1903 5126 nimim-'3).
1933 5056 2094 5112 Modo

502 5142 720 5214 quidem
755 5141 906 5196 velut
932 5141 1170 5197 lucidum
1209 5141 1292 5198 eis
1319 5141 1499 5212 placet
1526 5141 1956 5198 blandimentum
1983 5161 2093 5200 sae-

496 5225 635 5290 culi;
666 5225 762 5282 sed
793 5226 921 5280 dum
947 5225 1015 5280 de
1042 5225 1244 5282 saeculo
1273 5235 1486 5294 exeunt,
1509 5234 1801 5297 perpetuas
1831 5229 2094 5284 subibunt

501 5317 773 5381 tenebras,
805 5331 938 5386 quas
971 5314 1146 5370 lucem
1187 5330 1307 5370 esse
1343 5315 1710 5370 crediderunt.
1748 5317 1901 5370 Tunc
1931 5317 2087 5371 vide-

495 5402 628 5457 bunt
656 5404 784 5475 quia
814 5403 904 5458 lux
935 5419 1042 5458 non
1074 5404 1194 5469 fuit,
1227 5403 1444 5474 quando
1471 5403 1524 5458 in
1551 5404 1925 5460 adversitatem
1954 5421 2086 5477 pro-

561 5583 638 5650 (α)
665 5580 810 5637 Gilot
829 5591 878 5638 et
909 5583 1115 5651 Vatic.,
1150 5584 1376 5640 habent.

2191 3195 2476 3264 spiritibus
2502 3197 2646 3253 intus
2680 3207 2966 3268 tentamur,
2991 3210 3042 3255 et
3069 3202 3197 3256 foris
3216 3202 3491 3258 malorum
3518 3202 3795 3258 hominum

2192 3285 2440 3354 exempla
2469 3286 2858 3357 conspicimus.
2903 3289 3098 3344 Contra
3145 3289 3412 3345 internam
3455 3307 3591 3362 ergo
3621 3289 3788 3344 malo-

2195 3388 2313 3425 rum
2343 3373 2635 3443 spirituum
2669 3376 3014 3433 tentationem
3049 3378 3192 3433 bene
3222 3378 3427 3434 dictum
3461 3389 3545 3436 est
3577 3397 3589 3433 :
3625 3380 3791 3450 Affli-

2193 3465 2320 3516 ctus
2350 3472 2436 3516 est
2465 3465 2725 3533 populus,
2743 3474 2796 3520 et
2817 3473 3006 3521 contra
3026 3467 3292 3522 exteriora
3317 3469 3577 3538 exempla
3605 3467 3788 3538 impio-

2195 3564 2317 3604 rum
2373 3550 2673 3619 hominum,
2729 3553 3158 3612 Absconderunt
3201 3573 3286 3611 se.
3336 3556 3483 3625 Quia
3525 3555 3721 3611 blanda
3745 3564 3793 3610 et

2195 3637 2316 3692 lazta
2349 3638 2507 3694 nobis
2537 3643 2844 3710 appetenda
2891 3643 3122 3698 callidus
3151 3645 3499 3700 adversarius
3534 3643 3791 3718 suggerit,

2196 3721 2290 3791 qui
2321 3737 2593 3794 nunquam
2627 3725 2823 3779 melius
2851 3726 3082 3780 vincitur
3111 3744 3272 3798 quam
3304 3727 3351 3782 si
3395 3728 3584 3784 tentati
3617 3727 3684 3782 ad
3713 3725 3799 3780 de-

2197 3814 2340 3864 votae
2372 3813 2629 3867 orationis
2660 3813 2894 3869 lamenta
2913 3830 3213 3871 curramus.
3240 3817 3304 3870 Et
3324 3817 3592 3889 exempla
3612 3830 3802 3888 pravo-

2197 3914 2314 3952 rum
2359 3900 2529 3956 vitare
2570 3901 2726 3956 citius
2745 3919 3058 3973 possumus,
3093 3905 3138 3958 si
3171 3921 3234 3959 ea
3265 3907 3432 3960 etiam
3468 3903 3806 3976 respicienda

2199 4001 2304 4042 non
2338 4003 2457 4043 esse
2482 3989 2811 4058 judicemus.
2859 3992 3131 4047 Abscondi
3179 4009 3314 4066 ergo
3359 4001 3698 4062 sanctorum,
3728 4005 3804 4052 est

2200 4077 2436 4145 reproba
2493 4078 2678 4134 videre
2721 4078 3030 4151 dedignari.
3066 4081 3134 4134 Et
3184 4082 3310 4152 quia
3360 4083 3571 4154 quique
3620 4096 3806 4138 sensus

2200 4165 2439 4234 corporis
2467 4182 2497 4219 a
2532 4167 2883 4237 reproborum
2929 4168 3227 4223 imitatione
3265 4171 3607 4238 custodiunt,
3653 4171 3808 4241 quin-

2201 4267 2305 4320 que
2327 4254 2491 4306 etiam
2512 4255 2859 4310 latibulorum
2878 4272 3080 4328 genera
3098 4257 3512 4313 describuntur:
3537 4259 3809 4330 spelunca

2201 4341 2426 4405 scilicet,
2461 4342 2665 4409 abdita,
2701 4353 2889 4413 petrae,
2922 4353 3096 4412 antra,
3129 4353 3180 4400 et
3215 4347 3493 4402 cisternae.
3529 4348 3812 4418 Spelunca?

1960 4454 1972 4489 ;
2024 4435 2096 4490 ει)
2123 4445 2176 4506 D
2207 4445 2335 4483 vero
2368 4431 2628 4485 montium
2655 4433 2863 4488 occulta
2887 4441 3010 4487 sunt
3036 4451 3048 4487 :
3071 4434 3196 4503 quia
3227 4450 3358 4490 vero
3390 4435 3502 4490 alta
3532 4436 3585 4489 in
3613 4432 3812 4489 crelesti

511 4523 719 4578 oriente
774 4522 1044 4576 Bethaven
1096 4523 1341 4592 Magmas
1391 4538 1512 4577 esse
1555 4522 1765 4576 dicitur.
1817 4523 1978 4592 285
2024 4524 2106 4578 Ab

511 4606 715 4663 oriente
763 4605 980 4674 quidem
1034 4606 1164 4661 solis
1196 4607 1372 4662 lucem
1406 4607 1538 4662 oriri
1569 4607 1867 4664 cernimus.
1901 4612 2107 4682 Repra-

511 4696 703 4750 borum
735 4701 912 4748 autem
943 4694 1073 4760 vita,
1099 4710 1426 4766 quamquam
1455 4697 1733 4752 veritatem
1763 4699 2105 4756 obscuritatis

509 4783 745 4850 habeat;
779 4783 868 4852 qui
927 4782 1068 4838 hanc
1116 4793 1292 4839 tamen
1334 4800 1433 4854 pro
1474 4802 1612 4841 vana
1655 4787 1838 4842 saeculi
1867 4788 2104 4845 delecta-

508 4875 656 4932 tione
697 4888 917 4943 semper
949 4881 1226 4944 appetunt,
1270 4873 1528 4929 nimirum
1574 4875 1718 4930 velut
1760 4876 1913 4932 falsae
1967 4879 2101 4934 lucis

2215 4516 2481 4573 desiderio
2512 4528 2637 4574 sunt
2666 4521 2825 4574 corda
2857 4530 3190 4589 sanctorum,
3221 4531 3272 4576 et
3316 4524 3581 4596 malignis
3623 4522 3819 4593 spiriti-

2212 4604 2312 4658 bus
2340 4607 2521 4662 clausa
2550 4615 2604 4662 et
2633 4609 3026 4664 inaccessibilia
3059 4618 3200 4664 sunt.
3235 4611 3540 4680 Speluncas
3571 4628 3705 4684 ergo
3732 4612 3815 4664 in-

2211 4694 2509 4764 gredimur,
2544 4698 2760 4766 quando
2792 4699 2860 4752 ad
2907 4697 3168 4754 mentium
3212 4703 3429 4755 secreta
3463 4701 3817 4767 recurrimus,

2211 4798 2277 4836 ne
2310 4783 2629 4854 vagantibus
2657 4785 2831 4840 oculis
2863 4786 2992 4840 foris
3032 4787 3476 4858 concupiscenda
3518 4789 3816 4844 videamus.

2209 4871 2266 4923 In
2299 4871 2497 4926 abditis
2527 4872 2933 4941 abscondimur,
2967 4876 3184 4945 quando
3223 4875 3387 4930 clausi
3439 4878 3560 4932 oris
3602 4876 3819 4932 silentia

2206 4961 2418 5014 occulta
2451 4977 2745 5016 servamus.
2781 4963 2963 5018 Petras
2990 4964 3352 5030 ascendimus,
3380 4965 3610 5036 quando
3641 4974 3815 5021 actum

2203 5049 2449 5118 corporis
2480 5050 2533 5103 in
2563 5051 2784 5106 robusta
2825 5053 3145 5123 operatione
3173 5054 3437 5109 locamus.
3474 5054 3637 5110 Unde
3669 5062 3724 5110 et
3751 5054 3818 5109 de

2202 5132 2284 5188 his
2311 5133 2649 5190 absconditis
2677 5151 2776 5206 per
2801 5138 3122 5207 prephetam
3153 5137 3351 5194 dicitur
3395 5139 3501 5192 sub
3533 5139 3697 5194 unius
3726 5154 3815 5192 as-

2200 5224 2530 5296 signatione:
2551 5225 2654 5292 Qui
2670 5225 2894 5281 claudit
2910 5226 3097 5282 oculos
3112 5241 3340 5288 suos.ne
3355 5227 3548 5282 videat
3567 5227 3812 5293 malum,

2197 5320 2254 5366 et
2283 5315 2510 5370 obturat
2539 5330 2724 5380 aures,
2748 5331 2818 5370 ne
2852 5315 3051 5370 audiat
3090 5317 3450 5385 sanguinem,
3486 5321 3549 5371 et
3579 5319 3814 5373 excutit

2195 5417 2400 5457 manus
2416 5402 2484 5458 ab
2496 5404 2652 5458 omni
2674 5419 2907 5462 munere
2924 5425 2941 5464 .-
2956 5404 3017 5458 in
3029 5403 3271 5461 excelsis
3287 5403 3596 5473 habitabit,
3615 5404 3810 5460 muni-
