4034 6174
265 292 350 349 345
1069 293 1145 352 IN
1186 292 1448 353 PRIMUM
1490 293 1732 354 assum
1771 290 2306 352 EXPOSITIONES.
2348 325 2415 338 -
2455 294 2583 353 ma.
2628 292 2699 354 v.
2784 256 2802 271 ’

3435 297 3538 351 346

264 419 430 476 menta
453 417 878 487 286saxorum
895 421 1218 479 sublimitas
1234 419 1819 494 ejus(lsa.xxxm,15).
1854 420 1905 483 Α
1934 418 2005 475 ad
2032 418 2345 492 gravissima
2376 422 2728 478 tentationum
2749 419 2938 493 praelia
2974 417 3159 477 faciles
3188 428 3382 477 exeunt
3408 438 3421 474 :
3470 419 3539 476 ad

262 508 413 563 Antra
440 515 488 562 et
508 508 771 564 cisternas
800 510 1107 576 intramus;
1141 511 1359 582 quando
1389 519 1442 566 et
1470 510 1726 567 olfactum
1757 510 1830 565 ab

262 595 666 653 obscmnitatibus
695 599 907 665 mundi,
942 606 993 655 et
1022 616 1184 656 aures
1214 601 1284 654 ab
1317 600 1600 655 audiendis
1625 600 1829 656 vanilo-

260 684 377 756 quiis
402 684 750 741 custodimus.
775 687 1034 744 Cisteruae
1065 704 1299 760 namque
1326 704 1589 759 aquarum
1609 696 1829 743 sancta-

260 789 360 827 rum
388 772 777 845 Scripturarum
808 777 977 831 verba
1010 785 1160 834 sunt.
1196 780 1259 832 In
1288 777 1530 832 cisternis
1549 793 1684 849 ergo
1701 777 1830 831 abs-

258 861 532 926 condimur,
560 862 779 934 quando
808 864 878 919 ad
914 867 1064 920 sacri
1107 864 1311 936 eloquii
1368 881 1537 935 aquas
1584 864 1828 937 ingredi-

256 965 372 1016 mur,
402 958 453 1004 ut
479 966 584 1019 per
599 951 805 1006 aurium
828 951 1063 1008 ofﬁcium
1094 954 1357 1008 mentium
1380 961 1536 1023 prata
1551 953 1818 1026 rigemus.

257 1036 378 1093 Bene
405 1047 582 1093 autem
622 1039 676 1093 in
705 1039 997 1095 electorum
1028 1049 1155 1113 typo
1179 1041 1393 1097 lsraelis
1429 1041 1652 1097 latibula
1706 1058 1826 1097 me-

254 1133 536 1181 morantur:
600 1127 726 1197 quia
766 1128 856 1200 qui
886 1145 1074 1184 sensus
1121 1130 1362 1201 corporis
1416 1145 1448 1184 a
1502 1128 1826 1185 delectatio-

258 1230 364 1269 num
391 1216 689 1271 carnalium
721 1217 1128 1287 inquinamento
1158 1234 1265 1273 non
1292 1218 1548 1290 protegit,
1578 1218 1827 1275 occulto-

253 1319 350 1358 rum
379 1303 613 1358 hostium
631 1305 877 1377 gladium
906 1322 1012 1361 non
1040 1307 1236 1362 evadit.
1254 1307 1409 1361 Dicat
1438 1322 1571 1379 ergo
1601 1306 1828 1363 occultae

254 1390 377 1445 illius
401 1393 815 1463 congressionis
844 1394 1297 1463 victoriam,dicat
1321 1396 1606 1466 :A/ﬂictus
1622 1399 1708 1452 est
1722 1411 1828 1467 po-

252 1482 416 1553 pulus.
446 1481 609 1536 Dicat
641 1489 827 1552 aperte
856 1482 1056 1552 objecti
1113 1492 1266 1538 extra
1294 1483 1606 1540 certaminis
1646 1485 1826 1538 trium-

246 1568 391 1639 phus:
412 1568 944 1628 Absconderuntse.
963 1570 1192 1627 Atﬂictio
1224 1571 1427 1644 quippe
1457 1573 1645 1629 electae
1667 1588 1825 1627 men-

245 1657 318 1724 tis,
344 1658 518 1712 omnis
544 1658 836 1715 diabolicae
859 1661 1169 1716 tentationis
1200 1662 1598 1733 peremptorius
1636 1676 1820 1717 mucro

1939 508 2103 564 fortes
2133 508 2491 575 adversarios,
2526 510 2880 579 impotentes.
2918 510 3145 567 Ratione
3179 508 3400 580 quidem
3430 508 3539 564 im-

1934 596 2175 667 providi,
2197 597 2392 652 robore
2417 596 2635 665 infirmi,
2669 599 2804 654 sicut
2833 608 3017 654 astuta!
3050 599 3363 653 tentationis
3398 598 3539 652 frau-

1937 685 2032 739 des
2060 700 2168 739 non
2198 685 2525 757 intelligunt,
2559 688 2634 740 ita
2677 696 2728 741 et
2780 696 2993 757 apertas
3049 686 3538 741 blandimentorum

1938 772 2216 844 decipulas
2245 788 2352 828 non
2384 774 2638 829 evadunt.
2705 775 2993 831 Iordanem
3048 791 3185 847 ergo
3245 783 3536 843 transeunt,

1937 860 2063 932 quia
2129 862 2197 915 ad
2254 863 2617 932 perpetranda
2698 864 2877 919 carnis
2934 863 3138 936 ﬂagitia
3198 863 3540 917 incurventur

1933 948 2183 1003 Iordanis
2261 950 2502 1021 quidem,
2545 952 2836 1007 descensus
2892 967 3080 1008 eorum
3133 950 3535 1021 interpretatur.

1936 1035 2039 1106 Qui
2069 1053 2201 1109 ergo
2232 1038 2493 1108 justitiam
2522 1040 2795 1109 deserunt,
2829 1045 2899 1095 ab
2929 1041 3038 1095 alto
3067 1047 3249 1095 monte
3281 1039 3537 1094 virtutum

1936 1125 2154 1181 cadunt.
2189 1124 2327 1194 Quia
2348 1142 2483 1198 ergo
2516 1126 2715 1181 infirmi
2747 1128 2948 1200 quique
2997 1128 3223 1183 libenter
3276 1134 3537 1197 appetunt

1936 1213 2120 1267 mundi
2150 1213 2521 1269 blandimenta
2551 1231 2672 1286 quae
2706 1216 3017 1285 cernunt,in
3047 1232 3233 1272 eorum
3278 1224 3403 1287 typo
3434 1216 3535 1270 He-

1935 1300 2066 1356 brmi
2123 1317 2230 1356 non
2290 1311 2435 1356 trans
2488 1304 2778 1359 Iordanem
2835 1304 3048 1374 perlati,
3106 1305 3204 1359 sed
3244 1304 3539 1360 Iordamen

1934 1390 2162 1445 transire
2192 1390 2561 1460 perhibentur.
2604 1393 2761 1462 287
2796 1393 3045 1448 Transire
3076 1392 3295 1463 quidem
3337 1393 3534 1447 volen-

1934 1476 2004 1532 tis
2034 1485 2132 1532 est.
2164 1479 2457 1534 Iordanem
2488 1479 2669 1551 itaque
2702 1488 2993 1550 transeunt,
3027 1483 3117 1552 qui
3162 1482 3230 1536 ad
3287 1481 3536 1537 carnales

1935 1566 2324 1622 delectationes
2352 1566 2659 1623 voluntaria
2690 1577 2740 1623 et
2772 1569 2961 1625 festina
3011 1569 3405 1625 deliberatione
3429 1568 3535 1623 ﬂe-

1936 1661 2170 1711 ctuntur.
2200 1656 2426 1711 Possunt
2455 1664 2635 1712 autem
2664 1657 2896 1730 intelligi
2926 1660 3221 1714 Iordanem
3283 1658 3525 1723 transire,

239 1751 329 1800 est.
378 1747 522 1801 Nam
550 1746 678 1801 dum
720 1748 993 1819 profunde
1047 1750 1450 1822 compungitur,
1505 1750 1559 1804 in
1604 1750 1820 1821 superni
1854 1773 1905 1832 Β
1938 1743 2027 1814 qui
2058 1743 2272 1799 noviter
2301 1760 2529 1814 peccare
2560 1745 2838 1817 incipiunt,
2869 1747 2963 1802 sed
3022 1747 3246 1802 aliorum
3279 1754 3535 1817 peccato-

236 1834 394 1904 gaudii
423 1848 673 1891 amorem
703 1836 1051 1900 sublevatur;
1084 1846 1139 1894 et
1170 1846 1316 1893 tanto
1339 1838 1458 1908 jam
1500 1838 1690 1894 fortius
1717 1840 1822 1894 ob-

239 1921 326 1975 lata
349 1923 538 1977 mundi
569 1922 967 1981 oblectamenta
997 1928 1225 1997 respuit,
1258 1935 1459 1997 quanto
1483 1927 1592 1997 jam
1652 1927 1821 1984 cccle-

239 2008 323 2063 stia
350 2009 651 2066 ferventius
682 2012 880 2085 diligit,
910 2013 981 2068 ad
1011 2030 1132 2086 quae
1164 2014 1344 2070 ﬂendo
1363 2015 1693 2072 conscendit.
1717 2016 1823 2071 Do-

239 2105 335 2153 ctor
353 2114 590 2171 namque
619 2101 879 2173 egregius
896 2100 1028 2156 dicit
1050 2104 1178 2158 :Per
1191 2104 1408 2158 multas
1428 2103 1822 2160 tribulatione:

239 2190 431 2257 oportet
464 2203 575 2244 nos
594 2190 839 2246 introire
867 2191 931 2245 in
963 2206 1203 2260 regnum
1237 2192 1340 2247 Dei
1370 2190 1519 2261 (Act.
1546 2207 1661 2260 xiv,
1693 2191 1812 2262 21).

237 2272 320 2342 Qui
346 2283 486 2332 certe
526 2276 683 2349 regni
712 2277 954 2333 cmlestis
982 2277 1236 2333 introitus
1262 2278 1340 2334 sic
1369 2290 1621 2350 speratur
1638 2279 1694 2334 in
1716 2279 1821 2335 fine

238 2368 537 2433 temporum,
571 2369 631 2419 ut
664 2366 722 2419 in
753 2365 1074 2436 quotidiana
1101 2369 1408 2422 sanctorum
1450 2367 1561 2422 vita
1613 2368 1818 2423 sentia-

236 2457 322 2506 tur.
351 2451 654 2508 Tribulatio
674 2452 845 2524 igitur
874 2461 1057 2509 nostra
1085 2455 1306 2525 superni
1356 2454 1545 2527 gaudii
1576 2455 1823 2511 introitus

235 2544 315 2591 est.
340 2540 535 2596 Merito
560 2556 700 2613 ergo
727 2542 940 2612 quoties
969 2542 1145 2598 electa
1198 2559 1359 2598 mens
1412 2543 1467 2598 in
1520 2543 1823 2600 atilictionis

233 2640 326 2681 suae
351 2626 592 2684 lameuto
619 2630 1025 2701 compungitur,
1058 2646 1115 2686 se
1147 2624 1474 2695 tribulando,
1526 2633 1626 2687 hoc
1680 2632 1823 2687 obti-

231 2722 324 2779 net,
368 2724 424 2770 ut
477 2717 653 2772 intret
710 2718 763 2771 in
818 2718 1332 2789 contemplationem
1404 2720 1547 2775 illius
1602 2720 1818 2791 superni

232 2803 384 2874 regni,
409 2803 461 2859 in
493 2821 607 2875 quo
632 2803 981 2861 ineﬁ‘abiliter
1006 2807 1326 2879 gratuletur.
1359 2809 1425 2863 Et
1464 2808 1592 2863 dum
1648 2809 1818 2863 sancti

230 2890 316 2943 viri
343 2901 617 2948 amatores
648 2894 840 2949 mundi
869 2896 923 2948 in
955 2895 1087 2951 ﬂore
1116 2896 1445 2951 transeuntis
1475 2896 1677 2953 laetitiae
1730 2897 1816 2952 vi-

234 2975 344 3033 dere
370 2979 671 3053 refugiunt,
704 2980 834 3036 dum
865 2997 1159 3054 corporeos
1178 2999 1365 3039 sensus
1392 2998 1518 3039 suos
1545 2983 1614 3038 ab
1632 2999 1818 3039 eorum

230 3065 509 3125 imitatione
543 3069 908 3137 abscondunt,
937 3086 1145 3140 eorum,
1176 3087 1297 3142 quae
1325 3072 1560 3128 cernitur
1586 3087 1694 3127 non
1736 3080 1819 3127 est

230 3152 357 3227 biga,
385 3157 479 3211 sed
509 3158 762 3229 gloriosa
789 3158 1036 3214 victoria.
1071 3160 1242 3214 Actus
1295 3159 1509 3230 quidem
1567 3164 1814 3215 terrenos

231 3242 437 3314 fugiunt,
464 3247 573 3301 sed
594 3245 845 3301 ctelestes
864 3255 1253 3317 assequuntur;
1277 3249 1479 3303 mundo
1499 3247 1815 3304 delitescere

227 3330 472 3403 videntur,
504 3334 610 3389 sed
640 3333 848 3389 caelesti
891 3334 1087 3406 gloriae
1145 3335 1470 3391 revelantur.
1534 3336 1813 3409 Fugiendo

227 3418 371 3490 igitur
392 3423 588 3488 noxia,
622 3423 806 3478 hostes
861 3438 988 3478 suos
1039 3423 1277 3478 validius
1331 3423 1704 3496 insequuntur,
1761 3428 1815 3479 et

227 3508 365 3563 valde
391 3510 637 3566 nobilius
667 3510 1023 3581 triumphant,
1055 3526 1178 3566 cum
1205 3510 1283 3568 sic
1309 3512 1376 3567 ad
1408 3512 1654 3567 coelestia
1681 3526 1813 3583 pro-

226 3604 414 3665 perant,
449 3607 509 3653 ut
537 3614 639 3655 eos
669 3599 1105 3655 adversariorum
1135 3599 1214 3669 (a)
1228 3599 1445 3670 polluta
1468 3600 1675 3655 smvitia
1699 3615 1813 3656 non

228 3686 540 3757 contingant.
578 3686 836 3757 Sequitur
857 3705 872 3742 :

283 3779 459 3847 (Vers.
500 3783 589 3851 7.)
623 3782 839 3839 Ηώτωὶ
868 3787 1063 3840 autem
1086 3786 1367 3842 transiere
1407 3785 1710 3842 Iordanem
1740 3784 1819 3841 ad

227 3867 417 3923 terram
440 3870 584 3939 Gud,
617 3875 675 3927 et
709 3870 940 3927 Galaad.

283 3958 359 4010 t3.
389 3958 507 4014 Hoc
540 3958 793 4030 profecto
831 3960 876 4014 si
907 3959 1055 4031 prius
1078 3960 1232 4030 juxta
1257 3961 1490 4016 litteram
1520 3963 1667 4018 scire
1709 3978 1814 4018 vo-

221 4038 393 4113 lumus,
424 4046 655 4103 Hebraei
678 4047 766 4101 isti
796 4055 850 4103 et
882 4048 1077 4105 timore
1107 4050 1404 4120 perterriti,
1435 4058 1489 4105 et
1518 4050 1587 4105 ad
1636 4052 1817 4107 hostes

218 4143 324 4186 suos
349 4134 670 4207 confugisse
698 4136 1020 4191 sentiuntur.
1052 4137 1191 4191 Nam
1222 4152 1329 4193 non
1358 4138 1531 4194 multo
1588 4148 1708 4210 post
1761 4138 1813 4193 in

219 4228 386 4288 aperta
411 4223 671 4279 Ionathae
704 4223 933 4280 victoria
963 4225 1257 4281 scribitur:
1294 4227 1528 4294 Hebraei,
1561 4228 1657 4298 qui
1685 4230 1815 4288 fue-

219 4311 335 4363 rant
354 4326 489 4366 cum
510 4312 833 4367 Philistiim
866 4312 988 4369 heri
1018 4317 1075 4370 et
1105 4314 1535 4371 nudiustertius
1554 4317 1819 4372 ascende-

1938 1847 2058 1886 rum
2088 1832 2367 1886 hominum
2394 1833 2664 1904 nequitias
2691 1836 2976 1905 peccando
3013 1836 3417 1890 transcendunt.
3443 1835 3532 1889 Ad

1932 1919 2255 1975 descensum
2288 1922 2495 1993 quippe
2523 1939 2712 1977 eorum
2745 1924 3178 1992 desinendo,non
3202 1924 3533 1978 transeundo

1929 2009 2315 2081 pertingerent,
2347 2010 2390 2063 si
2422 2009 2543 2064 aliis
2571 2012 2803 2083 aequalia
2831 2013 2972 2066 mala
3004 2013 3266 2079 facerent,
3317 2019 3369 2067 et
3423 2027 3533 2067 non

1931 2112 1995 2152 ea
2022 2098 2277 2153 audendo
2304 2107 2642 2168 superarent.
2677 2101 2741 2154 Et
2772 2100 2899 2171 quia
2954 2100 3009 2155 in
3068 2100 3310 2172 nequiori
3367 2101 3529 2155 etiam

1928 2186 2040 2240 vita
2065 2200 2223 2256 pares
2253 2201 2381 2241 suos
2409 2186 2707 2255 inveniunt,
2740 2187 2881 2244 bene
2923 2189 2993 2243 ad
3052 2197 3245 2243 terram
3304 2190 3422 2244 Gad
3480 2196 3534 2244 et

1931 2273 2161 2343 Galaad,
2200 2282 2347 2328 trans
2374 2275 2664 2331 Iordanem
2697 2277 2983 2347 pervenire
3013 2284 3403 2332 memorantur.
3428 2278 3531 2332 Ve-

1928 2364 2007 2419 lut
2036 2362 2179 2418 enim
2210 2370 2356 2417 traus
2382 2363 2673 2418 Iordanem
2708 2364 2968 2429 habitant,
3001 2364 3091 2435 qui
3113 2363 3211 2435 per
3265 2366 3527 2435 peccandi

1927 2465 2081 2506 usum
2114 2451 2272 2506 malis
2285 2452 2505 2522 pejores
2534 2452 2784 2507 ﬁunt.Ab
2807 2455 2912 2509 hoc
2932 2454 3199 2508 descensu
3220 2452 3394 2523 culpae
3416 2454 3527 2508 eri-

1928 2554 2058 2608 gere
2088 2549 2403 2610 peccatores
2433 2548 2657 2597 vcnirat
2686 2541 2799 2610 ille,
2833 2542 2900 2596 de
2927 2557 3032 2612 quo
3083 2542 3345 2612 scriptum
3401 2550 3481 2598 est
3512 2560 3524 2596 :

1937 2629 2095 2685 Venit
2111 2629 2174 2683 in
2192 2644 2418 2685 omnem
2436 2630 3333 2703 regionemJordanis,prwdicans
3349 2630 3529 2703 bapti-

1926 2732 2112 2772 smum
2125 2718 2377 2789 pwniten
2386 2720 2483 2772 tite
2498 2719 2556 2773 in
2571 2718 2959 2774 remissionem
2973 2721 3334 2790 peccatorum
3370 2720 3524 2784 (Luc.

1925 2820 2005 2869 ni,
2030 2805 2104 2875 3).
2124 2804 2233 2874 Qui
2263 2805 2331 2861 de
2359 2806 2610 2860 omnibus
2639 2806 2810 2875 culpis
2837 2807 3133 2877 praedicare
3153 2807 3527 2876 paenitentiam

1926 2901 2174 2960 venerat,
2207 2894 2264 2947 in
2296 2909 2485 2948 omnes
2514 2895 2697 2964 utique
2720 2895 3015 2950 descensus
3044 2894 3295 2966 regiones
3315 2895 3525 2950 venisse

1926 2981 2252 3052 praedicatur
2265 3022 2278 3035 .
2307 2982 2561 3052 Sequitur
2583 2999 2595 3035 :

1994 3068 2309 3141 (Vers.7-9.)
2343 3071 2588 3143 Cumque
2614 3070 2798 3127 adhuc
2822 3086 2941 3127 esse
2985 3072 3125 3128 Saul
3166 3072 3229 3127 in
3267 3071 3520 3141 Galgala,

1847 3132 1896 3196 Ο
1923 3132 2223 3214 universus
2234 3132 2474 3231 populus
2486 3132 2914 3231 perterritusest
2924 3160 3019 3232 qui
3031 3132 3526 3232 sequebatureum.

1921 3247 1966 3302 E
1977 3250 2285 3319 rspectam't
2298 3252 2493 3302 autem
2506 3251 2719 3320 septem
2733 3246 2928 3305 diebus
2945 3250 3117 3316 iuxta
3129 3249 3408 3320 placitum
3421 3250 3520 3303 Sa-

1920 3336 2148 3402 muelis,
2169 3340 2224 3391 et
2247 3352 2361 3391 non
2384 3338 2542 3391 venit
2564 3337 2792 3392 Samuel
2813 3339 2875 3392 in
2903 3336 3526 3408 Galgala,dilapsusque

1921 3426 2009 3478 est
2027 3425 2269 3495 populus
2289 3425 2356 3479 ab
2375 3440 2455 3481 eo.
2479 3426 2572 3480 Ait
2598 3441 2723 3496 ergo
2735 3426 2873 3481 Saul
2898 3446 2915 3476 :
2935 3425 3154 3496 A/Ierte
3187 3424 3333 3480 mihi
3367 3425 3526 3480 holo-

1921 3516 2184 3566 caustum
2216 3516 2273 3567 et
2290 3513 2531 3584 paciﬁca
2561 3532 2579 3569 ς
2608 3517 2665 3569 et
2699 3512 2908 3569 obtulit
2939 3514 3351 3570 holocaustum.

1995 3602 2081 3654 14.
2114 3601 2405 3672 Huausque
2436 3601 2563 3672 quia
2593 3602 2660 3655 de
2701 3602 2852 3667 Saul,
2911 3608 2971 3656 ut
3019 3601 3265 3671 superius
3318 3600 3522 3656 dictum

1920 3696 2018 3755 est,
2051 3689 2225 3743 electo
2257 3697 2309 3743 et
2339 3688 2484 3745 bono
2511 3688 2728 3743 divinus
2758 3705 2938 3744 sermo
2968 3690 3179 3745 locutus
3207 3694 3320 3753 est;
3352 3688 3522 3744 ratio-

1922 3775 2105 3831 nabile
2135 3776 2307 3831 visum
2339 3785 2438 3845 est,
2471 3782 2533 3831 ut
2563 3792 2681 3847 qua
2710 3778 2777 3833 de
2806 3793 2870 3833 eo
2900 3776 3237 3844 dicebantur,
3271 3785 3379 3832 tam
3424 3793 3527 3848 per

1921 3864 2197 3919 historiam
2230 3881 2393 3935 quam
2423 3881 2523 3935 per
2552 3865 2934 3935 moralitatem,
2968 3867 3022 3920 in
3053 3866 3252 3921 bonam
3314 3872 3523 3937 partem

1922 3953 2318 4023 acciperemus.
2350 3955 2516 4008 Nunc
2545 3970 2694 4021 vero,
2726 3954 2853 4025 quia
2883 3955 2953 4009 ad
2978 3954 3156 4009 lucum
3212 3964 3522 4027 transgres-

1922 4041 2091 4095 sionis
2119 4040 2237 4109 ejus
2266 4042 2629 4111 pervenimus,
2661 4041 2914 4097 nimirum
2946 4058 3169 4097 necesse
3217 4050 3317 4111 est,
3349 4049 3409 4098 ut
3464 4043 3522 4096 in

1922 4144 1988 4184 eo
2017 4128 2198 4195 etiam,
2232 4145 2352 4199 quae
2382 4136 2507 4183 sunt
2537 4129 2778 4196 vitanda,
2811 4130 3111 4185 videamus.
3138 4131 3245 4186 Sed
3273 4130 3401 4201 quid
3423 4147 3521 4184 un-

1924 4232 2086 4288 quam
2114 4216 2409 4271 studiosius
2464 4216 2745 4272 vitandum
2794 4218 2979 4273 electis
3028 4219 3300 4287 omnibus,
3358 4232 3520 4289 quam

1923 4306 2198 4377 superbia;
2219 4313 2271 4360 et
2301 4305 2685 4362 inobedientim
2715 4307 2916 4361 malum
2941 4307 3117 4362 videri
3149 4305 3366 4362 debuit?
3385 4307 3517 4361 Haec

223 4402 447 4469 runtque
459 4416 596 4455 cum
612 4400 697 4456 eis
715 4402 778 4457 in
797 4405 1225 4469 castra,reverst
1254 4406 1391 4458 sunt
1410 4407 1476 4459 ut
1490 4411 1675 4459 essent
1688 4420 1817 4460 cum

1929 4395 2125 4465 quippe
2151 4395 2311 4464 primi
2346 4395 2526 4467 angeli
2557 4394 2945 4450 sublimitatem
2975 4394 3521 4465 deposuit,’_hmcper-

224 4480 392 4551 Israel,
415 4490 513 4559 qui
530 4491 702 4544 erant
722 4504 853 4544 cum
876 4489 1015 4546 Saul
1036 4493 1094 4546 et
1109 4491 1423 4556 JonathaU
1436 4493 1681 4563 Reg.xxv,
1701 4495 1812 4561 21),
1845 4484 1898 4544 D
1928 4483 2160 4537 ditorum
2190 4482 2476 4552 spirituum
2506 4482 2735 4553 gloriam
2767 4483 2984 4537 stravit.
3010 4484 3138 4539 Haec
3185 4483 3361 4555 primo
3413 4482 3521 4538 ho-

223 4567 342 4637 Quid
375 4590 505 4631 vero
537 4575 591 4629 in
624 4576 729 4631 hoc
764 4576 903 4632 facto
932 4577 1191 4649 signatur,
1224 4578 1325 4633 nisi
1369 4578 1517 4651 quod
1575 4580 1814 4651 quotidie

221 4656 266 4711 in
290 4670 471 4717 sancta
500 4663 754 4718 Ecclesia
783 4662 901 4719 ﬁeri
929 4665 1223 4735 cernimus,
1256 4665 1525 4721 honorum
1554 4682 1674 4721 esse
1722 4675 1810 4721 tu-

222 4754 314 4802 tam
344 4757 395 4804 et
425 4751 799 4807 cautissimam
828 4753 1017 4819 vitam,
1048 4753 1442 4826 negligentium
1470 4754 1691 4827 praecipi
1703 4760 1808 4811 tem

221 4833 595 4905 impatientiam
618 4841 648 4893 ?
668 4840 876 4895 Inﬁrmi
898 4841 1118 4912 quidem
1148 4849 1201 4897 et
1219 4841 1458 4898 audaces
1473 4851 1591 4897 sunt
1613 4842 1809 4899 curiosi

220 4923 549 4983 adactiones
568 4929 791 4997 saeculi;
822 4928 1032 5003 debiles
1079 4929 1148 4984 ad
1206 4930 1546 4986 tolerandum
1603 4930 1807 4986 bellum

219 5014 537 5069 tentationis.
561 5016 628 5071 Et
656 5016 702 5070 si
732 5017 788 5071 in
817 5016 903 5071 his
932 5024 1117 5072 nostra
1145 5016 1482 5075 discutimus.
1514 5018 1569 5071 in
1607 5033 1804 5073 mona-

216 5099 375 5155 steriis
398 5103 659 5176 plerique
690 5103 828 5160 tales
856 5105 1222 5161 inveniuntur.
1256 5107 1410 5161 Intra
1437 5113 1624 5176 portus
1679 5109 1804 5176 qui-

218 5184 321 5241 dem
348 5192 641 5260 tranquilla
669 5191 994 5258 inhabitant,
1028 5194 1124 5248 sed
1150 5194 1322 5264 aperti
1344 5194 1526 5266 pelagi
1583 5195 1802 5264 procel-

216 5269 296 5339 las,
323 5285 374 5331 et
401 5286 791 5349 tempestatum
849 5279 1094 5336 turbines
1143 5296 1489 5353 nequaquam
1546 5292 1796 5354 pensant.

218 5359 437 5436 Cumque
466 5367 604 5423 foris
632 5367 791 5439 quasi
821 5368 987 5426 fortes
1017 5385 1181 5443 agere
1200 5386 1260 5426 se
1289 5386 1491 5443 magna
1506 5372 1795 5442 aestimant,

1925 4571 2056 4624 mini
2086 4571 2400 4626 felicitatem
2432 4571 2682 4639 abstulit;
2718 4572 2831 4627 haec
2882 4571 3210 4641 captivitatis
3268 4574 3519 4627 humanae

1920 4667 2211 4729 perpetuas
2257 4675 2510 4713 arumnas
2535 4659 2754 4713 invexit.
2790 4660 2854 4713 Et
2883 4674 3008 4715 ecce
3064 4660 3242 4729 primo
3297 4659 3520 4741 angelo.

1918 4748 2093 4819 primo
2124 4746 2349 4817 homini,
2382 4747 2540 4803 electi
2570 4746 2760 4817 populi
2790 4763 2890 4817 per
2946 4747 3369 4804 inobedientiam
3426 4765 3522 4804 rex

1919 4835 2125 4907 primus
2155 4835 2492 4907 adjungitur,
2527 4844 2585 4890 ut
2614 4837 2743 4890 dum
2776 4851 2978 4907 magna
2999 4845 3276 4908 proruunt,
3298 4838 3523 4892 minima

1916 4924 2211 4996 erigantur.
2246 4924 2387 4980 Bene
2420 4924 2621 4995 quippe
2654 4923 2931 4997 erigimur,
2964 4924 3008 4978 si
3057 4932 3111 4980 et
3166 4925 3381 4980 illorum
3440 4926 3515 4979 la-

1913 5027 2039 5083 psus
2069 5012 2383 5082 aspicimus,
2416 5014 2748 5067 etvitamus.
2784 5012 2887 5068 Ubi
2917 5028 3049 5084 ergo
3070 5012 3198 5067 Saul
3229 5011 3507 5077 cecideris,

1912 5108 2116 5155 attente
2143 5099 2604 5156 considerandum
2622 5110 2728 5156 est.
2763 5100 3020 5170 Superius
3041 5115 3276 5169 namque
3296 5098 3345 5153 ei
3367 5098 3515 5153 dixe-

1910 5197 1995 5242 rat
2026 5188 2282 5244 Samuel:
2325 5189 2649 5245 Descendas
2685 5193 2820 5245 ante
2874 5204 2962 5242 me
2996 5189 3057 5243 in
3118 5187 3369 5257 Galgala.
3396 5186 3506 5255 Ego

1912 5277 2137 5348 quidem
2161 5277 2498 5334 descendam
2515 5278 2587 5333 ad
2613 5280 2688 5346 te,
2708 5283 2775 5331 ut
2789 5276 2991 5346 o/Teras
3013 5274 3430 5342 holocaustum,
3448 5266 3509 5329 et

1909 5375 2278 5443 oblationem,
2301 5380 2357 5431 et
2380 5376 2641 5430 immoles
2668 5372 2930 5429 victimas
2950 5370 3240 5443 paciﬁcas.
3268 5370 3510 5444 Septem

274 5504 343 5573 (α)
370 5471 557 5565 lminis
582 5509 870 5569 obscurus.
900 5511 1059 5568 Forte
1088 5512 1386 5587 legendum
1411 5514 1634 5586 polluta
1655 5516 1797 5573 vitia
1901 5516 2130 5590 polluta
2153 5532 2209 5575 se
2236 5486 2375 5574 vitia
2402 5531 2516 5574 non
2546 5514 2909 5587 contingant.

216 5605 312 5649 non
325 5597 663 5669 contingant
676 5640 690 5659 .
703 5600 802 5657 Vel
823 5602 1187 5676 expungendo
1203 5617 1292 5662 eos
1304 5620 1322 5657 :
1340 5603 1793 5663 adversariorum
