4034 6174
483 299 585 356 347

1659 288 1913 349 SANCTI
1951 284 2295 347 GREGOBII
2332 286 2560 345 MAGNI

3494 48 3837 90 ‘m

3649 297 3736 352 3L8

481 420 675 479 diebus
694 418 1048 495 exspectabis
1070 419 1357 491 me,donec
1372 420 1597 477 veniam
1709 422 1789 475 te:
1811 423 1866 476 et
1885 421 2068 476 ostcn-
2098 414 2153 475 A
2180 412 2387 481 ris,non
2417 412 2670 469 attendis.
2700 414 3073 487 Interrogatur
3105 415 3325 488 quidem
3376 424 3611 489 peccator
3627 419 3738 491 quid

486 511 617 566 dam
663 511 781 577 tibi,
820 527 942 584 quoe
984 511 1165 578 facias
1218 510 1266 579 (ι
1286 513 1410 580 Reg.
1435 514 1618 577 x,20).
1669 508 1875 564 Idcirco
1905 508 2074 579 igitur

480 615 579 671 per
608 598 1031 655 inobedientiam
1062 599 1277 663 decidit,
1312 599 1445 669 quia
1474 598 1699 669 integris
1716 605 1922 666 septem
1951 597 2075 652 die-

486 686 607 752 bus,
638 688 775 743 sicut
797 688 976 757 jussus
1007 688 1201 755 fuerat,
1248 704 1355 743 non
1412 686 1773 756 exspectavit.
1823 687 1962 740 Nam
2019 686 2073 739 in

484 777 677 831 eodem
709 776 829 832 loco
858 784 1079 845 repente
1108 775 1488 846 subjungitur:

557 883 740 956 (Vers.
776 882 887 953 10.)
923 884 1164 955 Cumque
1193 884 1525 954 complesset
1546 883 1785 955 offerens
1817 880 2076 938 holocau-

483 976 655 1036 stum,
689 987 808 1027 esse
833 972 1061 1027 Samuel
1091 973 1367 1028 veniebat.

557 1080 641 1133 15.
675 1076 794 1148 Quo
826 1077 879 1131 in
916 1076 1041 1134 loco
1098 1078 1350 1133 trementi
1402 1077 1566 1133 corde
1625 1076 2079 1134 considerandum

483 1174 584 1234 est,
616 1181 778 1239 quam
808 1166 1119 1223 brevissimi
1154 1167 1413 1238 temporis
1443 1166 1846 1239 exspectatione
1882 1166 2077 1239 negle-

482 1260 589 1324 cta,
624 1254 872 1327 repulsus
902 1256 997 1312 sit.
1041 1256 1177 1312 Cum
1208 1257 1562 1329 complesset,
1586 1256 1778 1327 inquit,
1808 1254 2077 1313 holocau—

483 1348 657 1409 stum,
679 1360 803 1401 ecce
823 1345 1052 1402 Samuel
1083 1345 1359 1401 veniebat.
1390 1344 1448 1401 Si
1477 1360 1607 1417 ergo
1637 1360 1760 1401 eum
1790 1345 1905 1401 solo
1938 1352 2079 1399 tem-

481 1433 631 1504 poris
663 1433 981 1489 brevissimo
1010 1432 1295 1489 intervallo
1325 1440 1674 1506 exspectaret,
1728 1450 1833 1505 quo
1888 1431 2083 1488 obtulit

481 1522 873 1591 holocaustum,
906 1537 1127 1579 securus
1150 1524 1266 1594 jam
1297 1523 1449 1595 regni
1489 1523 1570 1577 sui
1623 1523 1785 1579 robur
1838 1522 2082 1578 obtinere

482 1611 766 1682 potuisset.
800 1614 987 1682 Itaque
1017 1612 1061 1666 si
1086 1619 1233 1667 tanta
1261 1628 1424 1683 paena
1453 1613 1784 1685 est,quando
1814 1611 2083 1682 propheta

481 1699 775 1770 despicitur
799 1718 809 1753 :
845 1701 975 1771 quid
1013 1710 1264 1772 putamus
1293 1702 1361 1757 de
1388 1703 1589 1775 pelago
1619 1701 1717 1757 illo
1734 1701 1934 1756 divinae
1956 1699 2080 1755 ani-

483 1789 877 1846 madversionis
905 1789 1229 1860 incurratur,
1260 1808 1383 1846 cum
1412 1791 1531 1862 ipsa
1561 1790 1745 1845 divina
1798 1797 2076 1860 praecepta

484 1878 866 1948 dissipantur?
895 1879 960 1933 Et
990 1879 1118 1950 quia
1148 1880 1201 1933 in
1230 1884 1506 1935 momento
1539 1879 1721 1934 transit
1750 1878 1928 1935 carnis
1975 1879 2076 1933 de-

479 1964 717 2034 lectatio,
750 1975 801 2021 et
830 1968 1006 2023 omnis
1035 1977 1380 2038 peccatorum
1410 1968 1741 2033 commissio,
1794 1975 1846 2023 et
1897 1967 2080 2023 brevis

487 2054 701 2126 quidem
734 2065 816 2111 est
843 2058 978 2111 hora
1010 2057 1468 2129 transgressionis,
1501 2073 1608 2113 non
1667 2066 1845 2112 tamen
1900 2057 2080 2113 brevis

482 2158 647 2213 poena
677 2144 864 2217 ﬂagitii
892 2163 904 2208 ;
938 2145 1062 2215 quia
1089 2144 1216 2200 dum
1248 2146 1318 2201 ad
1349 2153 1680 2201 momentum
1719 2146 1774 2201 in
1803 2146 1960 2202 nobis
1988 2162 2078 2202 re-

486 2247 655 2303 gnum
678 2234 888 2303 peccati
915 2235 1190 2307 erigimus,
1212 2234 1305 2289 illa
1335 2249 1503 2307 regna
1522 2236 1806 2305 perdimus
1835 2235 2078 2291 omnium

484 2321 823 2378 saeculorum.
857 2323 1050 2380 Statim
1080 2324 1222 2379 enim
1252 2331 1374 2394 post
1403 2332 1683 2396 peccatum
1712 2341 1890 2381 sermo
1944 2340 2079 2395 pro-

488 2409 737 2480 pheticus
775 2412 939 2478 venit,
976 2421 1033 2468 ut
1080 2414 1363 2483 increpet:
1415 2414 1511 2484 qui
1558 2413 1790 2479 adesset,
1821 2414 1865 2467 si
1917 2414 2077 2482 288

493 2514 600 2553 non
630 2515 997 2570 peccaremus,
1028 2510 1087 2555 ut
1117 2502 1168 2555 in
1199 2501 1344 2556 bono
1373 2501 1670 2557 roboraret.
1726 2500 1935 2557 Polluta
1989 2502 2081 2571 qui

487 2586 613 2641 dem
644 2588 973 2645 conscientia
1001 2588 1166 2644 habet
1188 2589 1304 2658 jam
1337 2588 1579 2644 divinum
1601 2588 1873 2659 eloquium
1896 2597 2083 2645 contra

489 2690 585 2737 se;
621 2692 740 2746 qua:
769 2677 812 2730 si
843 2677 1011 2747 pollui
1042 2678 1255 2745 vitaret,
1289 2678 1357 2733 ab
1396 2693 1460 2733 eo
1498 2678 1706 2747 adjuta,
1741 2685 1791 2732 et
1847 2678 2085 2734 revelata

488 2764 708 2834 proprio
738 2766 928 2836 vigore
956 2765 1287 2821 subsisteret.
1321 2766 1466 2835 Quid
1513 2766 1656 2820 enim
1724 2765 1879 2820 nobis
1934 2767 2082 2820 aliud

486 2851 834 2921 spiritualiter
860 2853 1135 2926 designat,
1166 2856 1313 2926 quod
1343 2854 1566 2910 dicitur:
1627 2855 1869 2927 Cumque
1926 2871 2081 2912 com-

483 2942 695 3013 plesset
722 2942 961 3013 oﬂ‘erens
982 2942 1392 3011 holocaustum,
1409 2959 1536 3000 ecce
1553 2944 1781 3001 Samuel
1800 2944 2084 3000 veniebat?

486 3031 555 3085 Et
583 3031 626 3084 si
657 3046 765 3085 non
795 3029 1081 3086 obtulisset
1110 3031 1504 3102 holocaustum,
1536 3033 1887 3088 nihilominus
1915 3042 1967 3087 et
1987 3033 2078 3089 Sa.

489 3118 635 3174 muel
658 3120 918 3174 venisset.
959 3119 1055 3174 Sic
1082 3121 1339 3175 nimirum
1368 3130 1419 3175 et
1448 3138 1567 3175 cum
1592 3129 1879 3189 tentamur,
1899 3121 2081 3176 divina
2112 3116 2163 3184 C

489 3207 664 3277 gratia
689 3208 846 3276 juxta
875 3215 976 3275 est,
1010 3225 1131 3279 quae
1162 3210 1487 3265 sustinentes
1512 3210 1768 3278 adjuvet:
1824 3210 1975 3278 juxta
2032 3217 2082 3265 et

489 3294 667 3349 divina
695 3294 932 3364 justitia,
964 3312 1084 3366 qua:
1112 3296 1423 3353 deﬁcientes
1452 3298 1691 3354 damnet.
1725 3299 1880 3354 Unde
1926 3314 2084 3352 sacra

491 3382 762 3453 Scriptura
794 3400 891 3439 nos
921 3394 1235 3454 exspectare
1265 3389 1571 3453 cohortans,
1606 3387 1679 3441 ait
1705 3404 1716 3438 :
1756 3386 1826 3441 Si
1845 3387 2083 3457 spiritus

485 3474 823 3539 potestatem
850 3471 1057 3528 habens
1075 3474 1394 3529 ascenderit
1412 3490 1582 3543 super
1598 3478 1673 3537 te,
1699 3474 1884 3529 locum
1922 3478 2086 3528 tuum

490 3559 602 3613 cito
632 3575 746 3616 non
768 3560 1287 3631 descras(Eccle.x,
1320 3564 1396 3630 4).
1432 3562 1567 3615 Hinc
1593 3563 1862 3631 propheta
1893 3560 2084 3617 testiﬁ-

492 3659 640 3710 cans,
674 3647 748 3701 ait
771 3666 782 3701 :
810 3650 1080 3704 Dominus
1096 3650 1413 3706 auxiliator
1428 3656 1669 3717 meus,et
1692 3650 1813 3706 ideo
1829 3666 1944 3706 non
1960 3665 2087 3705 sum

492 3737 763 3805 confusus
806 3735 968 3806 (Isai.
992 3752 1041 3803 L,
1066 3740 1139 3804 7).
1205 3738 1344 3793 Hinc
1375 3738 1661 3793 Psalmista
1688 3738 1866 3793 vicina
1895 3738 2086 3794 eadem

490 3818 690 3873 auxilia
718 3821 1028 3890 respiciens,
1055 3822 1149 3877 ait:
1173 3823 1530 3879 Providebam
1547 3824 1850 3880 Dominum
1870 3825 1933 3880 in
1948 3839 2084 3880 con-

490 3912 686 3979 spectu
716 3924 838 3965 meo
855 3926 1093 3982 semper,
1113 3913 1383 3983 quoniam
1403 3931 1437 3969 a
1461 3912 1683 3968 dextris
1714 3917 1799 3969 est
1814 3913 1977 3977 mihi,
2014 3929 2087 3969 ne

491 4010 840 4053 commoveor
882 3997 1069 4067 (Psal.
1119 4016 1213 4067 xv,
1265 4001 1340 4064 8).
1367 4000 1475 4056 Sed
1500 4002 1612 4069 jam
1640 4004 1901 4072 propheta
1959 4002 2087 4072 quid

490 4100 598 4140 non
627 4087 955 4156 exspectanti
986 4088 1168 4153 dicat;
1198 4086 1328 4161 quid
1351 4089 1523 4160 is,qui
1548 4099 1866 4161 exspectare
1896 4090 2085 4157 noluit,

493 4173 839 4244 respondeat.
873 4176 1158 4233 audiamus
1185 4196 1197 4231 :

563 4280 736 4348 (Vers.
768 4284 876 4348 11.)
908 4280 1265 4356 Locutusque
1294 4288 1378 4339 est
1399 4284 1473 4339 ad
1495 4299 1624 4339 eum
1645 4282 1883 4339 Samuel
1905 4299 1917 4336 :
1942 4281 2090 4349 Quid

497 4370 688 4437 fecisti
714 4370 743 4421 ?

2182 502 2389 567 fecerit,
2421 510 2479 556 ut
2507 502 2577 557 ad
2599 518 2694 558 cor
2711 518 2809 573 per
2836 503 3073 559 lamenta
3100 506 3437 575 perducatur,
3473 515 3527 561 ut
3564 522 3741 580 magna

2181 605 2239 644 se
2269 589 2555 645 incurrisse
2582 590 2739 657 sciat,
2772 598 2827 645 et
2856 607 3044 661 parum
3076 608 3183 648 non
3233 594 3429 651 doleat.
3481 594 3580 650 Sed
3629 596 3741 666 quia

2184 692 2249 732 ex
2277 678 2458 732 radice
2487 678 2756 748 superbiae
2784 679 2906 749 ipsa
2934 680 3095 750 culpa
3117 682 3488 737 inobedientise
3509 684 3737 751 nascitur,

2184 766 2361 821 solent
2388 766 2762 822 inobedientes
2791 777 2968 822 reatus
2996 769 3078 823 sui
3110 770 3529 842 magnitudinem
3572 771 3742 840 objur-

2183 854 2437 925 gantibus
2467 855 2780 910 doctoribus
2808 857 3018 924 audire,
3050 858 3147 912 sed
3177 874 3285 913 non
3311 858 3571 914 humiliter
3587 858 3742 915 conﬁ-

2185 942 2348 997 tendo
2378 942 2716 999 satisfacere.
2753 945 2895 999 Nam
2925 962 3049 999 cum
3077 945 3341 1001 sublimes
3368 946 3531 1002 videri
3582 961 3739 1018 appe-

2184 1036 2320 1097 tunt,
2354 1030 2540 1100 lapsus
2568 1046 2694 1086 suos
2722 1032 3006 1087 ostendere
3035 1032 3393 1104 dedignantur
3418 1053 3430 1097 ;
3455 1044 3505 1089 et
3530 1034 3642 1090 ideo
3662 1049 3744 1090 ex-

2183 1118 2491 1175 cusationes
2534 1119 2839 1190 proferunt,
2893 1120 3161 1190 justitiam
3216 1123 3577 1192 praetendunt;
3625 1122 3737 1192 quia

2182 1222 2446 1277 apparere
2474 1216 2787 1278 peccatores
2815 1208 3164 1265 erubescunt.
3200 1211 3345 1266 Bene
3390 1226 3514 1283 ergo
3541 1210 3748 1279 subjun-

2184 1295 2332 1367 gitur
2350 1313 2362 1349 :

2259 1384 2433 1453 (Vers.
2469 1385 2693 1455 11,12.)
2735 1387 3037 1457 Respondit
3055 1386 3193 1443 Saul
3216 1408 3234 1445 ς
3284 1386 3423 1453 Quia
3464 1386 3591 1454 vidi,
3627 1385 3753 1457 quod

2185 1472 2583 1530 dilaberetura
2595 1490 2683 1529 me
2692 1475 3017 1545 populus.et
3033 1483 3098 1530 tu
3114 1491 3227 1531 non
3246 1490 3474 1531 veneras
3476 1476 3642 1547 juxta
3652 1475 3753 1545 pla-

2186 1561 2329 1616 citos
2352 1562 2492 1618 dies.
2529 1564 2697 1619 Porro
2742 1562 3056 1618 Philistiim
3102 1565 3425 1635 congregati
3453 1566 3674 1635 fuerant
3699 1563 3754 1617 in

2186 1650 2460 1722 Magmas.
2499 1651 2772 1721 Dixique:
2819 1652 2981 1707 Nunc
3006 1651 3349 1708 descendent
3365 1652 3662 1707 Philistiim
3693 1650 3759 1707 ad

2188 1754 2278 1794 me
2294 1740 2357 1794 in
2384 1740 2637 1809 Galgala,
2662 1744 2717 1795 et
2734 1742 2942 1808 faciem
2960 1741 3314 1797 Domininon
3329 1738 3756 1813 placaoi.Neces-

2185 1827 2361 1883 sitale
2377 1828 2703 1900 compulsus
2722 1828 2902 1884 obtuli
2927 1829 3341 1885 holocaustum.

2259 1916 2345 1970 t‘l.
2380 1916 2519 1972 Ecce
2547 1916 2639 1987 qui
2671 1916 2740 1971 de
2772 1933 2986 1988 magna:
3019 1917 3464 1989 transgressionis
3485 1916 3758 1972 temeritate

2186 2003 2461 2075 arguitur,
2495 2020 2724 2077 magnas
2749 2019 2944 2061 causa
2968 2006 3189 2076 justitise
3219 2022 3464 2062 asserere
3491 2021 3596 2061 non
3624 2020 3761 2062 vere-

2189 2097 2290 2146 tur.
2314 2092 2447 2160 I'idi,
2463 2092 2654 2163 inquit,
2673 2093 2816 2164 quod
2833 2093 3184 2161 dilaberetur
3202 2096 3444 2167 populus
3456 2112 3487 2149 a
3502 2109 3612 2149 me.
3638 2093 3762 2147 Ecce

2185 2179 2277 2236 hic
2305 2182 2572 2236 asseritur
2593 2181 2824 2236 destitus
2852 2197 2884 2236 a
2914 2182 3115 2252 populo
3149 2199 3162 2236 :
3208 2184 3382 2239 Porro
3410 2200 3523 2240 non
3552 2196 3762 2237 veneras

2179 2272 2359 2341 juxta
2388 2270 2633 2334 placitos
2676 2270 2815 2325 dies.
2866 2271 2967 2324 Hic
2996 2286 3053 2325 se
3080 2270 3313 2326 ostendit
3348 2271 3616 2342 propheta:
3641 2284 3760 2339 pro-

2187 2357 2444 2413 missione
2458 2358 2789 2414 fraudatum.
2813 2361 2983 2415 Porro
2996 2359 3313 2415 Philistiim
3326 2359 3639 2431 congregati
3654 2360 3763 2429 fue-

2188 2450 2326 2502 rant
2345 2447 2407 2501 in
2437 2446 2700 2517 Magmas.
2732 2446 2833 2503 Hic
2858 2448 3063 2517 pariter
3092 2447 3285 2518 objicit
3313 2449 3596 2503 imminens
3624 2446 3761 2518 peri-

2192 2533 2371 2588 culum
2417 2535 2838 2606 congressionis.
2889 2535 3067 2605 Quare
3098 2552 3165 2591 ex
3194 2536 3410 2593 actione
3439 2551 3531 2591 sua
3559 2534 3768 2591 verbum

2190 2621 2560 2690 subinfcrens,
2578 2624 2653 2678 ait
2677 2641 2688 2678 :
2716 2625 3062 2680 Necessitate
3083 2626 3410 2697 compulsus
3437 2625 3608 2682 obtuli
3630 2624 3767 2679 holo-

2190 2715 2474 2767 caustum.
2510 2711 2676 2780 Quasi
2726 2711 2871 2767 dicat
2904 2731 2916 2766 :
2952 2714 3031 2768 Tu
3058 2729 3146 2768 me
3173 2713 3243 2769 de
3282 2729 3487 2785 magno
3515 2719 3658 2769 reatu
3685 2726 3767 2766 ar-

2192 2798 2335 2871 guis,
2369 2814 2497 2855 cum
2528 2809 2707 2856 reatus
2742 2809 2887 2856 tanto
2916 2801 2981 2856 sit
3020 2801 3209 2867 levior,
3244 2810 3448 2872 quanto
3477 2817 3578 2858 non
3604 2805 3766 2856 teme-

2192 2888 2344 2943 ritate
2376 2894 2604 2955 constat,
2636 2889 2734 2945 sed
2762 2889 3108 2946 necessitate.
3135 2890 3245 2946 Sed
3277 2891 3490 2960 qualem
3515 2904 3633 2945 eum
3675 2902 3765 2943 co-

2191 2984 2421 3049 gnoscat
2452 2979 2733 3048 propheta,
2767 2978 2858 3050 qui
2887 2994 2944 3033 se
2972 2994 3308 3049 cognoscere
3342 2979 3529 3043 noluit,
3559 2977 3769 3047 subjun-

2191 3081 2348 3137 gens,
2379 3065 2451 3120 ait
2484 3084 2495 3119 :

2263 3155 2441 3221 (Vers.
2476 3156 2586 3225 13.)
2618 3155 2814 3211 Stulte
2847 3156 3031 3227 egisti,
3059 3172 3161 3212 nec
3190 3156 3488 3213 custodisti
3515 3152 3771 3210 mandata

2192 3242 2417 3298 Domini
2448 3244 2545 3298 Dei
2578 3244 2685 3300 tui.

2265 3334 2351 3385 18.
2383 3331 2610 3400 Superbi
2642 3332 2861 3401 quique,
2896 3333 3022 3401 quia
3052 3348 3149 3403 per
3177 3340 3448 3388 tumorem
3477 3346 3633 3402 supra
3672 3333 3767 3384 ho-

2194 3419 2368 3474 mines
2396 3435 2454 3474 se
2492 3435 2614 3475 esse
2662 3420 3006 3487 arbitrantur,
3039 3429 3414 3490 competenter
3468 3426 3767 3492 arguuntur,

2193 3523 2317 3562 cum
2347 3506 2425 3562 eis
2456 3505 2637 3561 divina
2668 3508 2920 3562 voluntas
2951 3508 3227 3577 objicitur,
3269 3524 3434 3578 quam
3486 3507 3767 3564 oﬂ'endunt.

2197 3597 2363 3665 289
2394 3594 2521 3651 Saul
2550 3611 2683 3667 ergo
2712 3596 3065 3666 superborum
3096 3612 3246 3652 more
3275 3598 3542 3669 arguitur,
3567 3596 3653 3667 qui
3672 3595 3779 3650 Do-

2194 3684 2324 3739 mini
2353 3684 2451 3739 Dei
2482 3684 2565 3739 sui
2595 3685 2853 3739 mandata
2875 3686 3260 3755 contempsisse
3279 3686 3613 3754 perhibetur.
3637 3679 3781 3750 Quod

2196 3773 2302 3827 tale
2328 3780 2427 3840 est,
2456 3788 2518 3827 ac
2548 3772 2593 3827 si
2625 3772 3041 3844 superbientem
3071 3777 3128 3829 et
3178 3780 3620 3829 contemnentem
3673 3778 3778 3825 ter—

2194 3869 2334 3927 reat,
2368 3862 2591 3916 dicens:
2628 3862 2693 3915 Et
2719 3861 2762 3915 si
2795 3862 3041 3918 homines
3068 3861 3324 3933 despicis,
3358 3877 3502 3918 nunc
3527 3875 3634 3916 non
3654 3873 3780 3915 con-

2196 3950 2373 4005 silium
2404 3952 2707 4017 hominum,
2738 3951 2833 4005 sed
2867 3950 3083 4005 Domini
3113 3950 3215 4006 Dei
3248 3950 3322 4004 tui
3352 3948 3612 4005 mandata
3636 3945 3777 4003 dissi-

2197 4039 2355 4109 pasti.
2388 4039 2550 4094 Recte
2579 4055 2715 4111 ergo
2765 4046 2916 4093 tuum
2969 4046 3177 4093 reatum
3234 4053 3462 4108 pensas,
3516 4038 3561 4092 si
3614 4035 3777 4100 illum,

2198 4144 2357 4199 quem
2388 4128 2707 4195 contemnis,
2739 4127 2997 4182 trementi
3025 4128 3194 4183 corde
3224 4126 3563 4182 consideras.
3589 4125 3654 4180 Et
3686 4136 3784 4179 no-

2197 4216 2439 4280 tandum,
2473 4216 2599 4287 quia
2625 4231 2731 4271 non
2763 4218 2870 4269 ait:
2905 4215 3027 4270 Non
3068 4215 3345 4271 custodisti
3399 4215 3653 4271 mandata
3693 4208 3785 4267 Dei

2198 4313 2311 4372 tun,
2340 4309 2455 4372 aut,
2488 4304 2746 4358 mandata
2776 4304 2991 4359 Domini
3018 4304 3115 4371 tui,
3149 4304 3245 4358 sed
3281 4321 3292 4357 :
3336 4304 3460 4359 Non
3502 4298 3787 4359 custodisti

2197 4394 2472 4448 mandata
2508 4394 2729 4449 Domini
2752 4394 2851 4448 Dei
2882 4395 2985 4449 tui.
3021 4395 3102 4448 Ac
3130 4392 3175 4445 si
3198 4400 3387 4462 aperte
3419 4393 3596 4449 dicat:
3626 4392 3789 4444 Ausus

568 4478 659 4528 16.
700 4475 926 4530 Sciebat
957 4477 1173 4546 quidem
1217 4479 1483 4547 propheta
1539 4478 1667 4548 quid
1727 4477 1944 4545 fecerat,
1995 4477 2090 4532 sed
2118 4471 2171 4532 D
2199 4497 2413 4552 magnae
2444 4481 2884 4550 transgressionis
2912 4489 3075 4548 esset,
3108 4480 3152 4534 si
3206 4480 3318 4548 ille,
3352 4481 3509 4551 cujus
3549 4477 3791 4534 mandata

498 4560 903 4633 interrogando,
936 4563 1317 4620 inobedientim
1338 4566 1545 4621 factum
1566 4566 1916 4636 reprobabat.
1942 4566 2094 4623 Unde

499 4656 552 4704 et
581 4648 649 4703 ad
680 4659 988 4719 peccantem
1018 4653 1192 4707 Adam
1224 4653 1278 4706 in
1304 4654 1558 4724 paradiso
1584 4670 1615 4709 a
1660 4656 1894 4711 Domino
1952 4656 2093 4710 dici-

501 4745 615 4792 tur:
647 4738 832 4793 Adam
854 4739 946 4794 ubi
966 4756 1024 4795 es
1046 4740 1076 4793 ?
1115 4740 1276 4811 (Gen.
1302 4758 1381 4809 Ill,
1410 4743 1483 4811 9).
1546 4744 1724 4799 Potest
1779 4744 1944 4799 etiam
1999 4761 2099 4814 per

500 4828 637 4882 hanc
666 4826 1152 4900 interrogationem
1184 4830 1508 4901 magnitudo
1523 4840 1707 4887 reatus
1737 4832 1998 4887 intimari.
2022 4835 2097 4888 Ac

500 4916 543 4969 si
575 4924 761 4986 aperte
789 4915 976 4973 dicat:
1040 4918 1231 4972 Parum
1283 4918 1376 4973 tibi
1406 4919 1640 4988 videtur,
1700 4921 1847 4992 quod
1903 4921 2095 4977 inobe-

504 5004 703 5060 diendo
732 5004 1045 5078 deliqueris,
1078 5006 1173 5062 sed
1204 5023 1234 5060 a
1264 5006 1481 5062 sublimi
1510 5008 1704 5081 gloria:
1737 5017 1839 5065 tua:
1860 5010 2098 5065 culmine

502 5093 867 5166 delinquendo
895 5096 1157 5152 cecidisti.
1191 5096 1345 5151 Nunc
1373 5111 1504 5168 ergo
1533 5098 1779 5168 plerique
1810 5098 1951 5153 intra
1966 5115 2096 5153 san-

500 5195 643 5242 ctam
674 5185 974 5241 Ecclesium
1017 5200 1075 5239 se
1102 5184 1319 5257 ﬂagitiis
1374 5184 1625 5251 obruunt,
1682 5195 1733 5241 et
1788 5189 1938 5258 quasi
1997 5187 2086 5257 qui

494 5275 648 5330 nulla
677 5283 767 5329 aut
796 5274 1021 5330 minima
1052 5273 1297 5345 perdant,
1324 5274 1494 5329 securi
1520 5283 1661 5330 sunt.
1694 5275 1913 5330 Dicatur
1966 5291 2099 5347 ergo

503 5361 679 5431 lapso,
711 5361 921 5418 dicatur
949 5377 961 5417 :
989 5361 1133 5431 Quid
1171 5362 1411 5434 fecisti?
1465 5363 1659 5418 Parum
1716 5363 1811 5419 tibi
1866 5364 2097 5434 videtur,

508 5448 653 5516 quod
683 5457 733 5503 te
760 5451 967 5517 peccati
999 5452 1160 5507 sorde
1188 5452 1473 5523 pollueris,
1488 5452 1615 5522 quia
1646 5469 1806 5522 quam
1838 5453 2103 5508 aeternita-

520 5534 585 5597 tis
610 5534 843 5618 gloriam
860 5538 1349 5609 perdideris,quam
1368 5542 1634 5613 gehennae
1659 5556 1878 5613 poenam
1896 5556 2101 5597 merue-

2201 4569 2461 4638 despicis,
2492 4578 2698 4624 tantum
2729 4570 2993 4624 Dominus
3026 4576 3161 4636 tuus,
3197 4583 3305 4623 non
3336 4568 3499 4623 etiam
3530 4567 3674 4623 Deus
3688 4563 3790 4619 exi-

2201 4666 2381 4712 steret.
2416 4656 2683 4725 Quantum
2714 4673 2849 4729 ergo
2905 4665 2985 4712 est
3041 4656 3188 4726 quod
3241 4655 3622 4723 committitur,
3678 4665 3791 4708 cum

2202 4746 2303 4801 Dei
2333 4754 2387 4799 et
2413 4745 2627 4801 Domini
2658 4747 2911 4801 mandata
2939 4744 3291 4817 negliguntur
3310 4745 3338 4797 ‘t
3368 4744 3512 4813 Quia
3539 4743 3667 4799 item
3696 4754 3797 4796 non

2204 4834 2341 4889 dixit
2366 4852 2376 4887 :
2412 4834 2626 4888 Domini
2658 4834 2755 4889 Dei
2786 4833 2915 4901 mei,
2947 4841 3040 4888 aut
3060 4831 3276 4887 Domini
3307 4832 3411 4887 Dei
3437 4829 3627 4899 nostri,
3657 4828 3792 4885 divi-

2204 4939 2289 4978 nae
2315 4922 2707 4977 familiaritatis
2735 4922 2965 4995 gratiam
2996 4936 3120 4977 eum
3144 4920 3440 4976 oﬂ'endisse
3495 4918 3789 4988 redarguit.

2206 5009 2375 5078 Quasi
2410 5009 2551 5064 dicat
2579 5026 2591 5062 ε
2625 5009 2757 5079 Ejus
2784 5017 3065 5079 praecepta
3094 5006 3500 5078 contempsisti,
3531 5005 3622 5076 qui
3667 5005 3791 5058 dum

2206 5107 2258 5153 te
2289 5098 2358 5154 de
2385 5098 2495 5152 imo
2526 5098 2733 5165 extulit,
2768 5097 2895 5151 dum
2927 5113 3091 5167 super
3117 5096 3254 5151 alios
3270 5104 3320 5149 te
3341 5093 3636 5159 constituit,
3666 5093 3787 5147 dum

2207 5204 2395 5259 regem
2424 5186 2570 5254 fecit,
2604 5201 2701 5255 per
2729 5185 3132 5256 impositionem
3173 5192 3443 5240 tantorum
3499 5194 3796 5247 munerum,

2203 5275 2353 5341 velut
2381 5273 2687 5346 specialiter
2716 5282 2834 5329 tuus
2864 5273 2981 5329 fuit.
3013 5272 3202 5327 Adhuc
3245 5286 3461 5345 quoque
3514 5266 3799 5341 subjungi-

2210 5372 2314 5433 tur,
2347 5364 2490 5418 unde
2519 5361 2980 5435 transgressionis
3009 5360 3127 5431 ejus
3182 5359 3407 5416 audacia
3462 5359 3640 5430 major
3688 5369 3802 5413 esse

2208 5451 2468 5509 doceatur
2498 5470 2509 5504 :

2282 5540 2459 5605 (Vers.
2496 5542 2605 5609 13.)
2640 5539 2789 5610 Qum,
2823 5538 3014 5610 inquit,
3042 5537 3309 5612 pracepit
3342 5536 3460 5593 tibi.
