4034 6174
312 302 403 370 349
1115 313 1189 370 IN
1225 312 1495 373 PRIMUM
1532 314 1778 373 REGUM
1816 308 2353 370 EXPOSITIONES.
2384 346 2452 357 —
2483 315 2611 372 LIB.
2643 315 2711 373 ν.

3484 313 3595 372 350

375 435 729 505 l9.Qumdam
748 435 987 513 denique
1004 439 1102 496 Dei
1124 449 1399 513 praecepta
1422 449 1546 497 sunt
1572 440 1885 499 communia
1913 434 1971 498 Α
1999 435 2223 494 obedire
2253 437 2366 495 Deo
2396 439 2644 511 perfecte
2664 439 2779 512 jam
2809 440 2985 510 novit;
3017 439 3106 515 qui
3137 438 3314 498 solum
3343 441 3447 498 hoc
3464 455 3580 512 pra

310 525 563 586 omnium.
583 541 692 580 non
726 528 984 598 specialia
1014 529 1336 601 aliquorum.
1370 531 1437 588 Ut
1462 546 1597 605 ergo
1625 531 1885 586 audacem

308 629 443 668 reum
498 614 818 671 temeritatis
865 634 977 673 suae
1003 618 1538 690 patentiobjectione
1576 621 1882 687 convincat,

310 719 405 757 nou
430 717 549 757 eum
581 713 858 775 praecepta
888 708 1218 773 communia,
1250 709 1345 763 sed
1368 708 1592 779 propria
1620 716 1674 764 et
1692 709 1941 790 singu-~

308 790 431 845 laria
470 792 867 861 contempsisse
899 794 1252 851 demonstrat.
1293 798 1441 866 Quae,
1475 798 1568 865 ait,
1614 798 1883 869 pracepit

306 879 411 934 tibi.
454 882 529 934 Ac
583 880 629 934 si
687 880 877 936 dicat:
913 883 1009 937 Illa
1040 884 1137 939 Dei
1186 892 1240 940 et
1268 885 1483 941 Domini
1525 885 1601 940 tui
1631 886 1885 940 mandata

303 968 677 1039 contempsisti,
704 986 829 1040 quae
850 986 955 1025 non
977 973 1125 1027 velut
1146 974 1458 1029 communia
1487 974 1760 1042 omnibus,
1784 975 1882 1029 sed

299 1056 428 1111 velut
453 1056 697 1126 propria,
730 1065 785 1112 et
806 1057 903 1114 soli
934 1059 1029 1114 tibi
1058 1061 1406 1132 singulariter
1444 1063 1643 1118 credita
1690 1063 1882 1118 obser-

297 1160 411 1199 vare
436 1144 694 1199 debuisti.
729 1146 839 1202 Sed
870 1147 998 1219 quid
1030 1158 1319 1217 mereatur,
1362 1151 1602 1221 exponit,
1644 1151 1831 1206 dicens
1864 1169 1875 1205 :

359 1232 646 1303 (Vers.13,
682 1234 794 1305 tl.)
827 1235 978 1303 Quod
1005 1239 1057 1293 si
1084 1253 1201 1293 non
1232 1240 1480 1306 fecisses,
1503 1241 1626 1309 jam
1659 1256 1878 1313 prcepa-

300 1325 463 1377 rasset
481 1323 759 1379 Dominus
780 1340 1015 1396 regnum
1048 1332 1211 1382 tuum
1238 1343 1409 1400 super
1421 1328 1594 1384 Israel
1615 1344 1787 1401 usque
1817 1331 1879 1384 in

299 1410 719 1481 sempiternum,
750 1413 845 1468 sed
872 1429 1235 1485 nequaquam
1263 1418 1425 1471 ultra
1454 1420 1777 1489 consurget.

363 1501 445 1552 20.
476 1497 625 1555 Ecce
656 1514 818 1571 quam
862 1517 1061 1573 magna
1106 1503 1368 1572 perdidit,
1401 1505 1513 1574 qui,
1544 1512 1601 1560 ut
1636 1504 1877 1576 putabat,

293 1584 427 1640 nulla
480 1588 829 1659 contempsit.
862 1590 1003 1646 Ecce
1052 1599 1263 1662 septem
1316 1592 1508 1648 diebus
1554 1594 1878 1664 prophetam

286 1672 556 1744 sustinuit;
592 1675 688 1732 sed
717 1676 846 1732 dum
876 1680 1190 1749 praestolari
1210 1697 1334 1736 eum
1358 1682 1411 1735 in
1434 1680 1539 1737 fine
1558 1682 1664 1737 diei
1693 1682 1874 1747 desiit,

1992 527 2141 598 cipit,
2174 528 2320 599 quod
2348 544 2415 583 ex
2445 530 2671 586 consilio
2701 530 2943 601 procedit
2975 531 3184 587 intimae
3213 531 3477 588 veritatis.

2064 621 2157 672 22.
2198 618 2305 673 Sed
2331 616 2459 688 quid
2491 626 2590 683 est,
2610 618 2753 688 quod
2784 618 2936 688 quasi
2969 620 3037 675 de
3058 619 3330 688 praeterito
3363 617 3587 673 dicitur:

1995 705 2260 773 Quwsivit
2281 705 2386 761 sibi
2402 707 2672 762 Dominus
2689 707 2892 771 virum,
2909 711 2964 763 et
2979 708 3248 780 prwcepit
3269 709 3341 772 ei,
3357 713 3422 763 ut
3442 712 3588 764 esset

1991 793 2133 860 dux,
2153 810 2278 850 cum
2308 810 2415 850 non
2447 794 2609 849 fuerit
2638 795 2916 866 quaesitus,
2948 811 3049 850 nec
3078 796 3148 864 ei,
3180 802 3237 849 ut
3266 796 3465 866 populo
3485 811 3587 851 suo

1990 891 2271 951 praeesset,
2305 882 2607 952 injunctum
2626 885 2654 937 ‘l
2685 885 2820 938 Nam
2850 893 3140 955 postquam
3164 883 3293 938 Saul
3322 884 3589 953 percussit

1990 970 2271 1037 Amalech,
2306 971 2482 1026 eidem
2506 973 2781 1042 prephetas
2798 971 3059 1026 Dominus
3087 972 3161 1025 ait
3184 972 3387 1043 :Imple
3409 987 3590 1027 cornu

1992 1062 2157 1114 tuum
2187 1061 2326 1128 oleo,
2345 1064 2401 1116 et
2423 1061 2573 1123 veni,
2590 1062 2818 1115 mittam
2838 1064 2891 1115 te
2908 1046 2980 1115 ad
2993 1059 3591 1115 IsaiBethlehemitem

1989 1147 2042 1217 (l
2068 1150 2195 1219 Reg.
2231 1152 2443 1217 xvr,t).
2481 1147 2589 1203 Sed
2621 1149 2737 1203 haec
2782 1148 3008 1219 quaestio
3048 1148 3207 1203 facile
3255 1147 3501 1215 solvitur,
3546 1147 3593 1202 si

1987 1236 2379 1306 omnipotentis
2409 1236 2508 1291 Dei
2538 1235 3389 1307 prmscientia,etprtedestinatio
3408 1235 3589 1290 videa-

1988 1327 2097 1379 tur.
2131 1325 2192 1379 Ei
2224 1324 2441 1396 quidem
2475 1324 2879 1394 prmdestinare,
2914 1326 3096 1380 facere
3126 1331 3228 1392 est,
3261 1331 3314 1380 et
3333 1324 3475 1394 apud
3508 1324 3590 1395 ip-

1987 1428 2102 1466 sum
2128 1413 2241 1481 jam
2273 1412 2416 1468 facta
2446 1422 2593 1482 sunt,
2623 1430 2746 1485 quas
2778 1414 2846 1468 ab
2894 1415 3013 1485 ipso
3062 1412 3177 1467 ﬁeri
3221 1413 3590 1483 praeordinata

1987 1507 2129 1554 sunt.
2164 1501 2317 1556 Unde
2347 1509 2399 1556 et
2427 1501 2495 1557 de
2522 1516 2587 1557 eo
2612 1502 2871 1572 scriptum
2902 1509 2985 1556 est
3009 1519 3021 1555 :
3047 1502 3222 1566 Fecit,
3246 1517 3368 1571 quae
3387 1504 3590 1572 futura

1988 1590 2127 1643 sunt
2160 1588 2287 1657 (Isa.
2317 1604 2445 1657 xcv,
2484 1594 2569 1656 11,
2602 1606 2712 1646 sec.
2744 1590 2931 1661 LXX).
2966 1590 3074 1646 Sed
3117 1589 3379 1661 quaesisse
3410 1586 3590 1644 virum

1985 1677 2133 1731 Deus
2163 1676 2376 1746 dicitur,
2406 1685 2463 1732 ut
2491 1677 2872 1750 eligendorum
2891 1676 3190 1733 antistitum
3222 1677 3397 1732 forma
3411 1676 3588 1731 homi-

288 1762 506 1853 gloriam
540 1772 703 1821 tanta:
724 1766 1004 1839 dignitatis
1032 1769 1233 1825 amisit.
1258 1771 1412 1827 Unde
1442 1779 1494 1826 et
1513 1787 1609 1841 per
1634 1772 1877 1841 prOphe-

1995 1765 2150 1819 nibus
2178 1765 2505 1837 praebeatur.
2570 1766 2826 1835 Quaerere
2856 1767 3001 1823 enim
3052 1766 3317 1831 solemus,
3350 1781 3470 1835 qua:
3502 1771 3593 1819 aut

292 1859 392 1906 tam
417 1852 621 1908 dicitur
652 1872 667 1909 :
711 1854 792 1910 l'a:
822 1858 893 1912 iis
927 1857 1027 1929 qui
1050 1858 1430 1930 perdiderunt
1477 1861 1884 1916 sustinentium

292 1939 471 2007 (Eccli.
505 1957 570 2009 ιι,
605 1943 717 2013 16).
778 1943 1160 2001 Sustinentiam
1214 1947 1435 2016 quidem
1493 1948 1744 2018 perdunt,
1793 1949 1885 2018 qui

294 2026 444 2097 bona,
474 2046 604 2101 qua
633 2031 912 2100 inchoent,
932 2048 1041 2088 non
1070 2043 1474 2090 consummant.
1500 2035 1709 2104 Quibus
1730 2037 1886 2092 nimi-

298 2132 407 2170 rum
432 2133 516 2173 va:
549 2133 675 2174 esse
704 2119 1069 2192 diciturzquia
1086 2137 1196 2177 non
1224 2123 1396 2178 solum
1426 2124 1648 2196 inccnpti
1677 2124 1885 2181 laboris

288 2205 590 2262 mercedem
621 2207 880 2277 perdunt,
912 2209 1006 2263 sed
1037 2211 1198 2265 etiam
1230 2217 1564 2281 apostatatus
1602 2214 1683 2268 sui
1720 2228 1886 2284 poena

291 2292 560 2350 feriuntur.
598 2293 775 2351 PC8118.
804 2304 983 2351 autem
1013 2298 1230 2369 superbi
1263 2306 1317 2354 et
1346 2300 1709 2357 inobedientis
1738 2302 1884 2373 regis

285 2378 604 2448 declaratur,
629 2399 752 2438 cum
773 2384 997 2440 dicitur:
1020 2386 1172 2454 Quod
1193 2389 1241 2444 si
1262 2405 1376 2447 non
1397 2390 1646 2460 fecisses.
1658 2407 1885 2464 praepa-

287 2473 871 2543 rassetjamDominus
889 2491 1128 2546 regnum
1147 2481 1310 2534 tuum
1331 2479 1884 2549 superlsraetamodo

286 2562 338 2613 et
351 2575 517 2631 usque
540 2562 609 2616 in
628 2563 1074 2634 sempiternum;
1089 2563 1189 2621 sed
1204 2581 1317 2622 non
1335 2572 1656 2639 consurget.
1673 2568 1885 2624 Amodo

285 2654 333 2701 et
369 2665 545 2720 usque
578 2649 633 2703 in
667 2649 1050 2721 sempiternum
1083 2652 1315 2709 electum
1355 2672 1583 2728 regnum
1613 2665 1835 2726 paratur
1870 2675 1882 2712 :

289 2735 406 2805 quia
447 2737 541 2806 qui
599 2738 921 2809 temporalia
964 2739 1105 2795 bene
1133 2742 1402 2813 ordinant,
1434 2751 1650 2800 aeternae
1697 2745 1886 2817 glorise

289 2823 379 2877 sibi
427 2825 824 2881 sublimitatem
872 2837 1083 2898 parant.
1136 2830 1295 2886 Modo
1339 2831 1560 2904 quidem
1592 2832 1884 2889 electorum

292 2926 508 2984 regnum
563 2922 950 2985 1aratur,cum
994 2933 1091 2988 per
1144 2918 1386 2973 divinam
1445 2922 1682 2991 gratiam
1740 2929 1887 2976 recte

290 3014 459 3056 eorum
487 3003 807 3060 ministeria
826 3004 1226 3076 dispensentur.
1243 3006 1399 3076 Quod
1421 3008 1618 3064 amodo
1641 3018 1693 3065 et
1712 3025 1885 3080 usque

288 3087 336 3142 in
363 3091 763 3161 sempiternum
794 3092 1005 3164 proiicit
1058 3112 1069 3147 :
1123 3096 1251 3167 quia
1292 3095 1360 3150 de
1408 3096 1627 3152 sublimi
1679 3099 1888 3153 actione

282 3175 427 3246 hujus
441 3181 736 3251 temporis,
752 3181 1122 3238 sublimiorem
1146 3183 1293 3238 illam
1320 3185 1642 3241 aeternitatis
1657 3185 1889 3259 gloriam

292 3277 666 3336 promerentur
694 3270 749 3323 in
784 3269 957 3325 caelis.
990 3273 1050 3325 In
1088 3270 1249 3327 ﬁnem
1280 3273 1460 3345 itaque
1493 3275 1732 3345 reprobo
1773 3278 1886 3348 regi

284 3354 466 3411 dicitur
489 3375 501 3411 :
532 3361 789 3429 Regnum
807 3364 971 3415 tuum
993 3376 1349 3434 nequaquam
1374 3364 1531 3419 ultra
1553 3370 1881 3437 consurget.

287 3442 440 3511 Quasi
469 3447 624 3501 dicat
659 3464 672 3500 :
705 3448 844 3501 Dum
874 3464 903 3502 a
932 3450 1220 3520 temporali
1252 3452 1580 3508 rectitudine
1604 3452 1886 3522 deﬁcit,ad

295 3534 605 3589 aeternitatis
634 3533 1015 3592 celsitudinem
1035 3554 1145 3592 non
1176 3539 1452 3612 pertingit.
1474 3540 1570 3596 Vel
1595 3542 1799 3598 idcirco
1818 3542 1888 3598 ad

287 3618 511 3676 litteram
544 3637 660 3678 non
686 3639 1019 3697 consurgere
1049 3625 1271 3683 dicitur:
1299 3629 1425 3700 quia
1460 3646 1582 3684 cum
1612 3630 1732 3701 ipso
1760 3648 1886 3687 cor-

291 3709 403 3774 ruit,
433 3719 487 3765 et
515 3719 646 3782 post
677 3711 853 3781 ipsum
886 3713 939 3766 in
983 3714 1100 3783 ejus
1139 3714 1263 3770 ﬁliis
1305 3733 1412 3772 non
1440 3719 1719 3774 remansit.
1752 3720 1881 3787 Sed,

286 3803 336 3849 ut
389 3798 577 3854 livoris
636 3813 801 3871 poena
858 3800 1094 3870 feriatur,
1126 3818 1237 3859 non
1294 3804 1468 3861 solum
1522 3806 1883 3878 repulsionem

288 3900 457 3952 suam,
491 3888 592 3942 sed
628 3888 789 3942 etiam
821 3888 1143 3946 electionem
1170 3891 1401 3948 alienam
1435 3894 1620 3951 audire
1639 3897 1884 3968 compel-

286 3971 420 4031 litur.
452 3977 598 4031 Nam
632 3973 973 4050 subjungens
1003 3980 1268 4051 propheta
1298 3982 1372 4037 ait
1407 4000 1419 4036 :

351 4065 526 4129 (Vers.
548 4066 664 4134 14.)
688 4066 954 4133 Quaesivit
970 4069 1074 4124 sibi
1089 4069 1360 4127 Dominus
1384 4072 1569 4128 virum
1589 4073 1768 4145 juxta
1789 4090 1884 4130 cor

282 4167 462 4222 suum,
484 4158 543 4210 et
575 4156 849 4228 pracepil
881 4156 952 4225 ei,
977 4160 1043 4213 ut
1074 4163 1221 4215 esset
1253 4158 1374 4217 dux
1402 4177 1572 4233 super
1608 4164 1879 4235 populum

284 4256 442 4296 suum
477 4242 676 4297 Israel.

348 4333 434 4384 21.
468 4330 575 4386 Per
605 4331 792 4387 omnia
813 4333 979 4389 verba
1008 4335 1123 4390 haec
1147 4336 1411 4408 superbus
1432 4337 1687 4394 eliditur:
1722 4341 1881 4410 290

293 4419 575 4488 Qmsivit,
591 4420 790 4491 inquit,
810 4423 997 4479 virum
1015 4425 1189 4493 iuxta
1207 4442 1299 4482 cor
1318 4442 1505 4483 suum.
1521 4426 1686 4496 Quasi
1706 4429 1849 4484 dicat
1865 4447 1881 4483 :-

1992 1855 2285 1925 prmsentia
2312 1869 2417 1909 non
2447 1856 2854 1927 cognoscimus,
2887 1863 2977 1910 aut
3016 1853 3259 1911 absentia
3293 1869 3401 1909 non
3432 1852 3591 1908 vide-

1992 1959 2131 1998 mus.
2173 1943 2323 1998 Deus
2352 1952 2551 2013 autem,
2582 1945 2665 1999 cui
2698 1944 2831 1999 nihil
2861 1949 2943 2000 est
2976 1943 3195 2012 absens,
3228 1942 3361 1998 nihil
3399 1942 3587 2009 latens,

1990 2047 2099 2087 non
2129 2031 2325 2086 dicitur
2352 2033 2607 2104 quasisse
2626 2033 2820 2101 virum,
2845 2038 2901 2087 ut
2920 2033 3225 2098 absentem,
3250 2040 3342 2087 aut
3365 2031 3588 2086 abscon-

1990 2119 2160 2175 ditum
2193 2137 2207 2174 :
2241 2121 2339 2176 sed
2369 2121 2634 2193 quaesisse
2658 2122 2873 2187 dicitur,
2893 2130 2950 2176 ut
2973 2122 3172 2188 omnis,
3193 2120 3285 2193 qui
3304 2120 3370 2174 ad
3391 2126 3591 2174 sanctae

1989 2208 2250 2265 Ecclesia
2278 2210 2496 2265 culmen
2510 2210 2745 2282 eligitur,
2770 2209 3164 2266 discutiendius
3184 2209 3254 2265 ab
3280 2206 3594 2264 hominibus

1990 2313 2107 2353 esse
2131 2298 2406 2354 doceatur.
2425 2297 2533 2353 Sed
2553 2299 2726 2370 quaeri
2745 2298 2908 2354 debet
2938 2298 3232 2354 secundum
3262 2312 3357 2353 cor
3376 2296 3511 2364 Dei;
3533 2301 3592 2351 ut

1988 2386 2247 2442 videlicet
2293 2402 2400 2441 non
2456 2387 2630 2441 solum
2673 2388 2912 2442 divinam
2942 2388 3273 2443 voluntatem
3304 2383 3591 2455 intelligat,

1990 2476 2091 2531 sed
2122 2475 2282 2531 bonis
2309 2474 2566 2546 operibus
2594 2476 2861 2532 ostendat.
2888 2475 3026 2545 Quia
3055 2475 3183 2530 item
3215 2471 3373 2529 electi
3399 2472 3504 2527 viri
3524 2470 3593 2526 ad

1989 2565 2252 2620 honorem
2301 2563 2566 2635 primatus
2612 2580 2722 2619 non
2769 2580 2838 2620 ex
2887 2564 3184 2620 ambitione
3223 2561 3461 2629 veniunt,
3495 2559 3594 2616 sed

1990 2653 2165 2708 coacti
2196 2653 2581 2723 perducuntur,
2599 2653 2737 2708 bene
2757 2652 2959 2709 dictum
2991 2662 3100 2708 est:
3141 2654 3202 2708 Et
3229 2650 3495 2722 praecepit
3518 2650 3590 2713 ei.

1990 2746 2056 2796 ut
2083 2746 2225 2797 esset
2256 2741 2377 2796 dux
2407 2760 2424 2793 :
2458 2741 2621 2810 Quasi
2657 2742 2803 2797 dicat
2836 2760 2848 2796 :
2881 2744 2940 2796 In
2969 2745 3226 2797 honorem
3258 2737 3593 2811 prselationis

1992 2846 2101 2885 non
2144 2846 2238 2901 per
2292 2830 2650 2885 ambitionem
2701 2831 2884 2897 subiit,
2919 2831 3011 2886 sed
3061 2838 3279 2885 coactus
3325 2824 3587 2882 ascendit.

1995 2919 2174 2973 Potest
2203 2919 2365 2973 etiam
2398 2917 2625 2991 intelligi
2659 2919 2741 2975 vir
2768 2935 2865 2990 pro
2898 2917 3250 2985 fortitudine;
3296 2914 3594 2971 secundum

1995 3022 2088 3061 cor
2142 3006 2264 3075 Dei,
2293 3022 2397 3079 pro
2459 3007 2672 3061 interna
2718 3007 2998 3062 charitate.
3033 3005 3262 3075 Quando
3304 3003 3464 3076 igitur
3496 3018 3596 3056 ne-

1996 3096 2229 3150 cessitas
2261 3095 2536 3168 exigit,ad
2565 3112 2757 3151 curam
2794 3102 2993 3151 sanctae
3022 3093 3285 3150 Ecclesia:
3324 3097 3597 3163 quaeratur

1997 3185 2102 3250 vir,
2137 3193 2192 3238 ut
2224 3184 2290 3238 sit
2327 3184 2736 3240 conversatione
2769 3182 2960 3251 fortis;
2994 3189 3267 3256 quaeratur
3297 3179 3596 3236 secundum

1996 3287 2091 3327 cor
2120 3272 2238 3341 Dei,
2262 3277 2317 3326 ut
2348 3289 2446 3343 per
2474 3271 2723 3329 eﬂ‘ectum
2759 3273 2942 3345 magni
2966 3272 3189 3340 amoris,
3223 3268 3379 3341 quasi
3417 3267 3596 3321 unitus

1996 3361 2063 3415 sit
2086 3360 2281 3416 divina:
2303 3361 2561 3416 voluntati
2596 3380 2607 3415 :
2645 3361 2991 3433 praecipiatur
3020 3361 3090 3427 ei,
3117 3368 3171 3413 ut
3200 3360 3268 3413 sit
3297 3357 3435 3425 dux;
3470 3370 3599 3425 qua-

1994 3456 2149 3504 tenus
2179 3450 2521 3505 sublimitatis
2551 3450 2795 3506 ordinem
2828 3450 3195 3506 conscendere
3211 3464 3275 3502 ex
3296 3444 3591 3517 cupiditate

1993 3554 2102 3592 non
2150 3538 2367 3607 ambiat,
2402 3538 2500 3594 sed
2551 3555 2617 3593 ex
2665 3540 2963 3595 humilitate
2995 3538 3331 3610 pertimescat
3363 3551 3376 3587 :
3410 3533 3595 3603 sicque

1994 3626 2113 3680 subi
2143 3627 2363 3681 humilis
2394 3631 2623 3697 metunt,
2657 3635 2713 3682 ut
2737 3628 2896 3683 subdi
2919 3637 3195 3699 prtecepto
3214 3624 3312 3680 Dei
3337 3620 3594 3678 devotius

1994 3724 2283 3789 agnoscat.
2335 3715 2442 3771 Sed
2474 3716 2599 3788 quia
2633 3717 2718 3772 bis
2753 3717 2931 3774 verbis
2973 3716 3239 3788 propheta
3279 3712 3421 3783 lapsi
3451 3708 3598 3783 regis

1990 3804 2157 3861 vitam
2185 3805 2623 3875 reprehenderat,
2651 3806 2894 3878 sequitur
2922 3824 2934 3860 :

2063 3894 2242 3963 (Vers.
2281 3894 2389 3962 15.)
2424 3895 2692 3951 Surrexit
2731 3899 2925 3952 autem
2957 3893 3215 3963 Samuel,
3248 3897 3302 3952 et
3340 3896 3597 3953 ascendit

1993 3980 2058 4037 de
2094 3981 2339 4053 Galgalis
2381 3983 2441 4037 in
2475 3981 2663 4039 Gabaa
2695 3984 3015 4054 Benjamin.

2063 4073 2150 4124 23.
2184 4068 2356 4131 Quasi
2405 4070 2473 4124 ab
2521 4070 2632 4125 alto
2690 4071 2757 4125 ad
2811 4070 3031 4142 planum
3083 4079 3283 4127 sanctae
3330 4071 3597 4130 Ecclesia:

1991 4157 2183 4213 doctor
2211 4158 2378 4225 venit,
2414 4158 2631 4229 quando
2680 4166 3021 4230 peccatorum
3072 4159 3262 4230 culpas
3293 4162 3593 4234 redarguit,
3694 4222 3701 4235 ἱ

1990 4250 2047 4302 et
2073 4253 2239 4301 status
2269 4247 2353 4301 sui
2374 4247 2759 4302 sublimitatem
2786 4254 2992 4317 curvat,
3018 4265 3140 4304 cum
3163 4249 3231 4303 ad
3254 4249 3596 4305 discutienda

1987 4336 2255 4390 malorum
2286 4334 2516 4391 crimina
2549 4351 2608 4390 se
2638 4352 2734 4406 per
2752 4334 3006 4392 aﬂ‘ectum
3029 4336 3303 4392 charitatis
3322 4337 3590 4393 humiliat.

1994 4425 2139 4479 Bene
2170 4440 2304 4496 ergo
2336 4424 2403 4479 de
2436 4439 2520 4491 eo,
2556 4425 2645 4494 qui
2676 4432 3013 4496 peccatorem
3045 4434 3321 4498 arguerat,
3355 4426 3589 4482 dicitur:

292 4505 412 4562 Ideo
441 4524 570 4563 eum
604 4508 871 4579 quaesivit,
905 4513 1029 4581 quia
1060 4517 1115 4567 tu
1142 4514 1298 4584 juxta
1327 4531 1420 4571 cor
1445 4494 1602 4571 suum
1633 4534 1753 4572 esse
1783 4533 1881 4572 no-
1914 4494 1967 4555 D
2001 4494 2296 4581 Surrexit,
2329 4516 2384 4568 et
2415 4494 2693 4570 ascendit.
2724 4514 2907 4587 Surgit
2935 4494 3134 4585 quippe
3164 4516 3366 4570 electus
3395 4515 3595 4586 prazdi-

289 4593 448 4649 luisti.
483 4596 655 4665 Quasi
688 4598 836 4652 dicat
867 4616 880 4652 ε
917 4600 1109 4656 Talem
1141 4603 1318 4658 virum
1350 4605 1533 4676 populi
1576 4606 1653 4659 sui
1695 4606 1886 4662 ducem

288 4685 582 4754 constituit,
625 4686 716 4757 qui
750 4698 1083 4758 praeceptum
1123 4690 1291 4747 divini
1322 4693 1531 4748 consilii
1563 4702 1891 4767 exsequatur

285 4772 474 4827 virtute
504 4774 838 4829 devotionis.
864 4775 1002 4844 Quia
1022 4778 1167 4833 enim
1189 4780 1350 4836 corde
1368 4797 1429 4836 ea
1457 4796 1580 4852 quae
1602 4797 1769 4853 agere
1786 4798 1877 4839 vo-

285 4856 480 4928 lumus,
506 4860 816 4917 deliberare
836 4864 1075 4920 solemus
1098 4886 1114 4921 :
1136 4866 1268 4923 dum
1301 4885 1401 4923 usu
1430 4878 1630 4926 nostrae
1659 4870 1884 4928 locutio-

284 4948 366 5002 nis
392 4964 494 5004 eor
519 4949 618 5004 Dei
644 4950 698 5004 in
731 4967 886 5008 sacro
916 4954 1131 5024 eloquio
1152 4955 1387 5027 ponitur,
1420 4974 1519 5029 per
1547 4975 1671 5014 eum
1692 4959 1883 5015 volun-

286 5042 358 5088 tas
384 5036 505 5106 ejus
552 5038 744 5094 intima
774 5039 1105 5113 designatur,
1140 5060 1259 5115 quae
1297 5061 1329 5099 a
1374 5046 1531 5101 nobis
1580 5055 1702 5103 tunc
1750 5048 1882 5103 foris

284 5126 839 5197 agnoscitur,quando
861 5128 1240 5187 inobedientiae
1255 5140 1532 5206 praecepta
1550 5135 1887 5192 revelantur.

286 5211 434 5268 Juxta
465 5231 588 5270 eam
624 5232 753 5271 vero
782 5233 990 5288 sumus,
1023 5220 1237 5290 quando
1271 5223 1428 5290 hanc,
1457 5232 1509 5278 et
1536 5240 1634 5296 per
1659 5224 1879 5281 intelle-

286 5310 421 5357 ctum
451 5303 820 5376 agnoscimus,
852 5314 903 5361 et
943 5323 1041 5377 per
1079 5324 1317 5364 amorem
1348 5312 1703 5368 custodimus.
1737 5315 1879 5371 Bene

290 5404 413 5462 ergo
427 5391 497 5445 de
517 5392 749 5447 Domino
770 5395 1037 5464 propheta
1055 5396 1271 5453 Samuel
1300 5398 1426 5455 dicit
1449 5417 1462 5455 :
1502 5400 1755 5468 Quasivit
1773 5404 1880 5459 sibi

290 5478 647 5549 eirumjuxta
661 5495 759 5536 cor
774 5496 837 5536 su
846 5497 940 5536 um
952 5523 966 5550 ,
978 5486 1033 5538 et
1049 5488 1412 5558 pracepitmt
1423 5493 1568 5545 esset
1579 5490 1699 5545 dux
1711 5506 1879 5563 super

288 5567 556 5637 populum
582 5584 768 5626 suum.
805 5568 946 5642 Quia
974 5570 1064 5630 ille
1100 5573 1221 5631 aliis
1264 5575 1465 5634 utiliter
1489 5576 1756 5651 pracipit,
1787 5578 1878 5652 qui

1997 4610 2164 4668 cator,
2191 4602 2408 4673 quando
2441 4602 2508 4655 ad
2540 4603 2875 4657 altitudinem
2908 4620 3021 4659 sua:
3052 4604 3352 4674 spiritualis
3376 4619 3595 4661 conver-

1998 4690 2225 4746 sationis
2268 4707 2326 4745 se
2372 4707 2473 4762 per
2499 4692 2851 4747 intentionem
2881 4693 3043 4763 erigit
3076 4711 3087 4746 :
3122 4693 3370 4749 ascendit
3389 4702 3592 4756 autem,

2006 4779 2220 4849 quando
2269 4780 2338 4835 ad
2387 4781 2611 4835 arduam
2642 4781 2885 4851 ejusdem
2918 4781 3035 4838 vitae
3076 4798 3188 4837 sua:
3219 4782 3595 4839 celsitudinem

1994 4884 2089 4938 per
2118 4877 2434 4925 consuetum
2467 4885 2607 4940 opus
2637 4869 2805 4927 venit.
2840 4869 3101 4925 Coelestia
3130 4870 3348 4941 quidem
3368 4871 3589 4925 deside-

1992 4955 2092 5026 ria,
2126 4958 2433 5029 spirituales
2453 4958 2700 5028 virtutes,
2722 4959 2861 5015 bona
2892 4974 3057 5028 opera
3094 4958 3147 5015 in
3178 4958 3401 5013 sublimi
3431 4964 3550 5013 sunt
3575 4974 3588 5010 :

1992 5044 2216 5100 aﬂ‘ectus
2263 5047 2477 5112 terreni,
2520 5047 2971 5118 concupiscentiae
3020 5045 3325 5111 saeculares,
3360 5045 3495 5099 vitia
3537 5054 3587 5100 et

1989 5141 2215 5205 peccata
2244 5133 2296 5188 in
2321 5133 2535 5188 inlimis.
2562 5135 2764 5190 Doctor
2784 5151 2932 5200 vero,
2966 5135 3066 5203 29
3086 5137 3117 5198 ί
3146 5140 3203 5186 ut
3233 5133 3416 5202 lapsos
3446 5132 3586 5189 bene

1988 5222 2250 5295 corrigat,
2283 5222 2433 5293 prius
2461 5222 2655 5292 culpas
2680 5221 3015 5277 discutiendo
3046 5219 3270 5287 invenit,
3290 5220 3489 5275 deinde
3510 5220 3588 5276 in-

1988 5315 2180 5367 ventas
2210 5310 2350 5367 terit.
2375 5312 2447 5367 Ut
2477 5325 2609 5381 ergo
2639 5327 2759 5382 quae
2791 5310 2969 5377 feriat,
3001 5307 3286 5379 perspicue
3317 5316 3369 5363 et
3399 5317 3588 5379 aperte

1986 5399 2189 5469 videat,
2235 5400 2433 5455 mentis
2482 5399 2669 5454 oculos
2722 5399 2792 5453 ad
2824 5397 3055 5452 videnda
3084 5398 3192 5451 ima
3233 5404 3586 5467 peccatorum

1988 5488 2211 5543 vulnera
2251 5495 2455 5543 curvat.
2495 5486 2602 5542 Sed
2651 5492 2942 5557 perspecta
2972 5501 3083 5541 non
3114 5485 3253 5557 ferit,
3284 5483 3330 5540 si
3361 5485 3431 5540 ad
3464 5492 3587 5540 tan~

1985 5576 2167 5650 genda
2198 5591 2260 5633 ea
2292 5577 2346 5631 in
2376 5573 2600 5645 inﬁmis,
2633 5590 2742 5634 non
2773 5573 3077 5634 descendit.
3117 5574 3354 5649 Surgere
3374 5589 3508 5653 ergo
3534 5581 3587 5636 et
