4034 6174
401 296 404 300 ’
470 318 566 376 331
1684 317 1932 376 SANCTI
1981 315 2327 375 GREGORII
2365 315 2589 376 mem
3648 329 3740 385 352

469 442 766 501 ascendere
786 444 1051 514 propheta
1077 441 1291 512 dicitur,
1316 441 1445 516 quia
1473 441 1631 500 electi
1662 443 1879 501 dolores
1899 444 1979 501 sic
2007 442 2075 500 ad
2102 445 2159 509 Α
2187 452 2528 517 perpetrasse
2556 444 2821 514 recolunt,
2854 461 3017 519 agere
3060 444 3207 502 bona
3248 444 3520 504 instantius
3559 464 3744 507 conan-

466 529 575 588 ima
604 539 789 588 nostra
818 531 1057 589 videndo
1104 542 1156 588 et
1201 532 1432 589 emenda
1481 532 1800 604 plerumque
1828 534 2073 600 veniunt,

465 627 527 676 ut
554 620 728 676 redire
758 621 939 675 statim
971 621 1040 675 ad
1063 621 1172 676 alta
1192 621 1622 677 conversationis
1650 638 1764 677 sum
1795 637 2069 692 nunquam

472 707 878 766 obliviscantur.
905 708 1116 778 Quibus
1136 710 1299 765 etiam
1323 709 1503 765 verbis
1525 710 1883 765 sacerdotalis
1910 710 2074 765 animi

463 797 692 852 libertas
723 799 1001 853 asseritur.
1037 800 1181 853 Nam
1217 799 1458 869 plerique
1488 798 1627 854 alios
1650 799 1950 871 increpant,
1982 799 2075 869 qui

471 887 798 957 semetipsos
826 887 1162 943 validissimo
1193 887 1286 941 irae
1318 885 1461 941 bello
1490 888 1821 957 perturbant.
1850 889 1968 942 Post
1994 888 2077 944 in-

470 982 716 1045 crepatas
736 990 866 1030 vero
898 975 1092 1045 culpas
1109 991 1335 1047 surgere
1364 982 1416 1030 et
1443 977 1739 1031 ascendere
1762 982 2066 1047 nequeunt:

469 1062 597 1135 quia
637 1063 692 1117 in
733 1072 908 1119 semet
936 1063 1046 1135 psis
1081 1063 1378 1127 turbidi,ad
1400 1064 1507 1118 alta
1527 1064 1728 1119 intimae
1749 1064 1942 1136 quietis
1959 1079 2079 1135 pro-

468 1151 623 1223 gredi
654 1166 1004 1224 nequaquam
1037 1152 1447 1221 permittuntur.
1477 1152 1715 1221 Quidem
1737 1153 2073 1209 coercendas

468 1240 698 1295 aliorum
732 1240 1098 1311 turpitudines
1128 1241 1381 1305 audiunt;
1410 1241 1506 1296 sed
1536 1258 1657 1296 cum
1689 1241 1758 1297 ad
1779 1241 2072 1313 cogitanda

470 1329 580 1383 ima
619 1329 1016 1398 descenderint,
1047 1329 1210 1385 noxia
1254 1346 1442 1386 eorum
1488 1329 1845 1386 delectatione
1888 1329 2067 1386 sordi-

470 1421 682 1472 dantur.
714 1418 918 1473 lnﬁrmi
946 1419 1164 1490 quidem
1212 1427 1265 1474 et
1307 1418 1439 1474 tanti
1486 1418 1772 1474 ministerii
1813 1418 2069 1490 impares,

469 1505 594 1560 dum
626 1506 843 1563 solvere
874 1507 1100 1562 inferius
1130 1506 1360 1562 aliorum
1376 1506 1451 1578 (α)
1480 1508 1654 1563 nodos
1680 1508 1935 1579 gestiunt,
1954 1507 2075 1562 illos

470 1609 577 1649 non
610 1594 863 1663 liberant,
896 1596 993 1651 sed
1023 1596 1344 1667 semetipsos
1363 1597 1553 1669 ligant.
1579 1596 1719 1665 Quid
1751 1611 1882 1668 ergo
1905 1595 2072 1666 signi-

469 1681 610 1747 ﬁcat,
632 1684 779 1752 quod
800 1683 868 1739 de
889 1684 1141 1739 Samuele
1163 1683 1386 1739 dicitur:
1406 1685 1694 1751 Surrexit,
1710 1689 1765 1740 et
1786 1684 2066 1751 ascendit,

472 1769 581 1824 nisi
633 1771 777 1843 quod
826 1772 880 1825 in
926 1772 1338 1843 perfectioribus
1368 1772 1495 1827 viris
1523 1772 1839 1843 aspicimus,
1872 1772 1965 1845 qui
1994 1772 2073 1828 sic
2102 1797 2156 1858 B

471 1868 656 1914 nostra
685 1860 1095 1933 inquinamenta
1120 1860 1429 1932 respiciunt,
1452 1868 1510 1915 ut
1527 1861 1595 1916 ab
1625 1861 1706 1916 eis
1730 1876 2075 1933 nequaquam

469 1948 815 2003 sordidentur
847 1964 860 2003 ε
893 1950 969 2005 sic
997 1949 1155 2006 nobis
1188 1949 1508 2019 irascuntur,
1530 1957 1587 2004 ut
1615 1949 1971 2021 quietisintus
1990 1964 2073 2004 se-

467 2035 595 2090 creti
626 2037 707 2091 sui
737 2036 838 2091 alta
871 2037 1239 2093 conscendere
1279 2037 1539 2093 velociter
1574 2038 1826 2107 possint?
1884 2038 2072 2092 Fortes

469 2140 702 2194 namque
731 2134 785 2179 et
812 2132 1057 2197 potentes
1086 2128 1208 2179 sunt
1249 2134 1300 2181 et
1341 2125 1438 2197 qui
1478 2141 1678 2198 magna
1707 2133 1758 2180 et
1785 2125 1945 2180 fortia
1973 2140 2070 2180 sua

469 2211 659 2268 leviter
688 2213 885 2281 ferunt,
920 2214 1118 2269 nostris
1162 2213 1563 2268 inﬁrmitatibus
1593 2229 1701 2269 non
1749 2221 2070 2284 gravantur.

467 2301 535 2357 Et
565 2302 690 2372 quia
721 2302 775 2356 in
806 2302 1137 2358 correctione
1168 2310 1353 2358 nostra
1382 2310 1584 2358 sanctae
1614 2302 1906 2373 Scriptum
1927 2301 2072 2356 testi-

469 2389 653 2444 monia
698 2390 999 2460 proferunt,
1032 2407 1065 2445 a
1109 2391 1353 2463 Galgalis
1404 2407 1648 2463 surgere,
1682 2398 1736 2445 et
1782 2390 2072 2445 ascendere

466 2479 835 2547 perhibentur.
858 2479 1092 2552 Galgala
1115 2481 1351 2549 quidem,
1372 2484 1430 2534 ut
1448 2480 1765 2550 plerumque
1788 2479 1902 2548 jam
1935 2479 2068 2547 dixi,

469 2569 589 2616 rota
618 2562 943 2616 nominatur.
977 2564 1304 2617 Testimonia
1332 2578 1461 2617 vero
1496 2561 1916 2633 Scripturarum,
1949 2563 2071 2633 quia

470 2664 570 2721 per
600 2650 850 2706 diversos
878 2667 1068 2705 sensus
1097 2651 1149 2705 in
1193 2658 1376 2705 nostra
1414 2650 1712 2706 eruditione
1759 2650 2067 2719 volvuntur,

469 2736 617 2792 velut
663 2745 797 2793 rotae
844 2746 987 2793 sunt.
1032 2740 1091 2793 Et
1134 2738 1263 2809 quia
1310 2754 1431 2795 cum
1474 2739 1645 2794 sancti
1680 2740 2071 2809 praedicatores

470 2826 813 2881 subditorum
863 2826 1279 2882 sollicitudinem
1315 2828 1583 2892 deserunt,
1618 2828 1672 2881 in
1700 2836 1917 2884 aeternae
1947 2829 2071 2885 vita:

472 2915 928 2985 contemplatione
985 2915 1371 2982 sublimantur,
1422 2916 1479 2970 in
1536 2916 1722 2972 Gabaa
1781 2916 2069 2986 Benjamin

470 3004 685 3058 Samuel
716 3005 1013 3060 ascendere
1044 3005 1259 3061 dicitur.
1294 3005 1481 3060 Gabaa
1511 3005 1746 3078 denique
1765 3005 2066 3074 Benjamin,

469 3090 625 3147 collis
675 3091 770 3145 ﬁlii
813 3092 1024 3148 dextrae
1053 3093 1458 3164 interpretatur.
1499 3092 1631 3162 Quis
1660 3110 1793 3166 ergo
1822 3101 1905 3148 est
1930 3093 2069 3148 ﬁlius

467 3178 689 3246 dextrae,
721 3180 826 3235 nisi
867 3197 1026 3251 quem
1073 3150 1255 3237 sancta
1298 3150 1610 3254 Evangelia
1650 3150 1973 3237 conﬁtentur
2002 3181 2069 3236 ad
2101 3150 2150 3213 Ο

466 3268 634 3321 etelos
664 3269 985 3337 ascendere,
1019 3277 1070 3324 et
1100 3270 1167 3324 ad
1198 3271 1443 3324 dextram
1492 3271 1590 3325 Dei
1632 3271 1801 3325 Patris
1829 3272 2023 3325 sedere
2044 3271 2072 3323 εἰ

469 3355 641 3410 Collis
671 3355 837 3426 igitur
865 3356 958 3411 ﬁlii
992 3358 1211 3422 dextrae,
1239 3365 1440 3412 aeterna
1469 3366 1546 3413 est
1568 3358 1827 3414 celsitudo
1846 3358 2077 3414 Redem-

467 3444 654 3514 ptoris.
688 3444 917 3513 Quando
948 3445 1092 3500 enim
1145 3446 1252 3501 ima
1281 3454 1464 3501 nostra
1495 3447 1661 3502 sancti
1692 3447 2076 3517 praedicatores

469 3531 740 3600 deserunt,
772 3533 828 3586 in
858 3532 967 3588 alta
998 3534 1092 3587 illa
1123 3533 1302 3588 divina
1348 3535 1722 3607 Redemptoris
1764 3551 1864 3606 per
1890 3536 2075 3589 inten-

468 3621 667 3674 tionem
698 3629 943 3692 surgunt,
979 3630 1029 3676 et
1059 3638 1158 3692 per
1180 3622 1445 3678 visionem
1468 3624 1858 3678 conscendunt.

533 3718 622 3771 24.
658 3718 834 3772 Potest
864 3726 916 3773 et
944 3719 1237 3774 secundum
1269 3719 1580 3775 historicum
1612 3735 1833 3775 sensum
1856 3720 2066 3788 simpli-

460 3805 573 3859 cius
590 3804 816 3877 intelligi
837 3806 959 3873 hoc,
977 3809 1120 3877 quod
1141 3807 1363 3864 dicitur:
1383 3809 1670 3874 Surrexit,
1696 3812 1752 3865 et
1775 3809 2071 3868 ascendit:

465 3893 593 3964 quia
622 3894 875 3949 videlicet
904 3894 961 3948 in
992 3911 1142 3967 rege,
1202 3912 1363 3966 quem
1406 3904 1675 3969 arguerat,
1711 3896 2069 3953 humilitatem

462 3982 816 4051 paenitentiae,
848 3999 952 4054 qua
975 4000 1193 4040 manere
1222 3993 1524 4057 cogeretur,
1546 3985 1766 4041 minime
1789 3986 2066 4059 cognovit.

461 4070 611 4124 Idem
662 4078 843 4126 tamen
892 4088 987 4127 rex
1036 4073 1089 4127 in
1133 4074 1436 4130 ministerio
1485 4074 1827 4147 relinquitur,
1861 4082 1919 4130 ut
1951 4075 2071 4146 ipsa

460 4159 737 4230 pr0pbetae
784 4161 1126 4232 separatione
1169 4163 1506 4236 corrigatur;
1565 4163 1691 4235 quia
1747 4164 2069 4234 plerumque

464 4263 599 4317 quos
619 4249 988 4319 praedicatoris
1016 4251 1180 4306 verba
1210 4267 1319 4306 non
1349 4254 1643 4321 corrigunt,
1677 4252 1845 4305 dividi
1877 4268 1908 4306 a
1940 4268 2072 4322 prae-

464 4335 768 4392 dicatorum
803 4338 1197 4407 familiaritate,
1221 4340 1306 4394 vel
1328 4356 1359 4393 a
1375 4347 1578 4394 sancta:
1596 4340 1856 4394 Ecclesiae
1876 4339 2077 4395 unitate

460 4424 873 4493 pertimescunt.
927 4427 1086 4480 Juxta
1113 4426 1493 4496 praedicatores
1519 4426 1639 4480 duri
1670 4434 1811 4495 sunt,
1853 4426 1949 4481 sed
1978 4441 2070 4481 se-

2184 539 2291 588 tur.
2333 539 2372 596 2
2386 537 2435 602 9
2452 537 2492 600 2
2526 536 2751 607 Agendo
2775 536 2974 606 quippe
2996 535 3159 602 bona,
3179 534 3319 591 mala
3335 553 3451 607 quae
3463 538 3747 610 relinquunt

2192 621 2442 692 operiunt
2476 640 2488 675 :
2521 637 2590 676 ne
2621 621 2691 676 ab
2734 629 2936 675 aeterno
2979 620 3163 690 judice
3201 620 3407 675 detecta
3445 621 3746 692 judicentur.

2188 711 2304 766 Hoc
2336 710 2586 764 nimirum
2618 709 2663 763 si
2695 709 2898 765 factum
2917 709 3044 765 Saul
3068 708 3121 763 in
3154 709 3348 764 bonam
3373 717 3571 779 partem
3592 710 3752 766 dedu-

2185 799 2377 866 cimus,
2411 799 2514 854 hoc
2542 798 2883 861 invenimus;
2920 797 3043 867 quia
3074 798 3169 867 qui
3200 797 3349 867 prius
3391 798 3443 853 in
3487 798 3752 867 sacriﬁcio,

2182 896 2435 955 metuens
2466 888 2753 958 pr0phetae
2779 886 3038 941 mandata
3068 887 3407 955 contempsit,
3438 897 3613 957 postea
3638 902 3758 943 vero

2188 976 2254 1032 ad
2294 992 2406 1043 eos,
2439 991 2577 1047 quos
2606 983 2891 1039 metuarat,
2924 974 3283 1029 conterendos
3320 975 3499 1044 populi
3545 975 3638 1030 Dei
3669 974 3757 1030 ad-

2183 1065 2449 1121 versarios
2478 1063 2768 1119 festinavit.
2802 1061 2922 1131 Quo
2952 1062 3005 1116 in
3025 1062 3148 1118 loco
3177 1061 3338 1117 etiam
3360 1064 3459 1118 hoc
3485 1063 3756 1120 notandum
3786 1070 3789 1071 '

2183 1161 2281 1221 est,
2316 1153 2445 1225 quia
2494 1167 2653 1223 quem
2711 1152 2973 1222 prOpheta
3026 1150 3281 1213 desemit,
3340 1151 3408 1205 ad
3455 1152 3760 1223 experienda

2183 1242 2326 1297 bella
2352 1241 2585 1295 hostium
2614 1240 2683 1295 de
2714 1239 2959 1312 Galgalis
2980 1238 3240 1295 ascendit.
3261 1240 3547 1312 Plerosque
3573 1241 3758 1296 etenim

2184 1337 2492 1402 peccatores
2544 1331 2693 1400 justa
2747 1328 3163 1399 praedicatorum
3222 1329 3484 1384 severitas
3541 1328 3757 1399 projicit,

2186 1433 2321 1490 quos
2348 1425 2528 1473 tamen
2558 1417 2741 1472 divina
2765 1416 3022 1473 memoria
3049 1431 3157 1472 non
3185 1416 3457 1487 relinquit.
3490 1416 3687 1472 Solatia
3712 1423 3759 1472 et

2185 1507 2589 1562 adhortationes
2618 1512 2883 1562 rectorum
2908 1513 3131 1575 pr0pter
3165 1505 3352 1575 culpas
3380 1505 3620 1560 amittunt
3641 1522 3653 1558 :
3674 1504 3759 1559 sed

2184 1610 2364 1650 sacras
2418 1595 2711 1666 scripturas
2739 1592 3044 1660 consulunt,
3074 1594 3411 1662 prapositum
3448 1599 3759 1654 resumumt;

2183 1691 2235 1736 et
2300 1683 2391 1754 qui
2457 1681 2840 1738 inobedientim
2896 1682 3040 1736 malo
3098 1682 3245 1737 velut
3302 1683 3432 1753 lapsi
3489 1681 3762 1747 iacuerant,

2184 1772 2344 1827 erecti
2375 1787 2473 1841 per
2501 1770 2828 1826 obedientiae
2879 1769 3149 1825 fervorem
3198 1772 3266 1826 ad
3314 1771 3635 1825 occultorum
3672 1770 3767 1824 ho-

2185 1860 2344 1913 stium
2376 1859 2519 1914 bella
2550 1857 2865 1928 procedunt.
2904 1859 3053 1914 Bene
3074 1875 3205 1930 ergo
3233 1859 3300 1914 de
3333 1858 3600 1931 Galgalis,
3620 1857 3671 1911 id
3697 1864 3774 1913 est

2181 1949 2249 2003 de
2281 1949 2411 2002 rotis
2440 1948 2623 2002 venire
2651 1955 3053 2001 memorantur:
3086 1947 3209 2017 quia
3231 1947 3301 2003 de
3330 1947 3536 2003 sanctis
3548 1945 3773 2015 Scriptu-

2180 2038 2260 2090 ris
2289 2035 2575 2105 accipiunt,
2607 2034 2752 2089 unde
2792 2036 3035 2090 adversae
3052 2036 3224 2105 partis
3257 2035 3505 2090 militiam
3550 2032 3774 2104 compri-

2181 2140 2328 2179 mere
2359 2124 2569 2179 fortiter
2595 2122 2827 2192 possint.
2860 2122 3000 2190 Quia
3018 2138 3154 2179 vero
3178 2123 3407 2194 perditae
3431 2122 3778 2178 conversatio-

2180 2212 2262 2267 nis
2313 2212 2655 2267 altitudinem
2711 2225 3038 2279 recuperare
3100 2212 3372 2266 vincendo
3427 2217 3690 2281 satagunt,
3727 2208 3778 2263 in

2181 2284 2371 2357 Gabaa
2405 2304 2684 2373 Benjamin
2719 2301 3016 2357 ascendere
3045 2301 3315 2356 dicuntur.
3350 2300 3497 2369 Quia
3537 2300 3660 2354 item
3696 2296 3778 2353 alii

2179 2386 2234 2441 in
2264 2387 2505 2441 latibulis
2538 2402 2598 2443 se
2623 2386 2954 2448 clauserant,
2981 2386 3070 2439 alii
3094 2385 3161 2439 ad
3194 2387 3376 2441 hostes
3408 2383 3774 2453 confugerant,

2179 2475 2373 2544 reliqui
2416 2474 2603 2545 populi
2637 2482 2915 2541 vocantur,
2950 2475 3041 2545 qui
3073 2475 3224 2529 nullo
3269 2481 3396 2527 sunt.
3436 2474 3628 2526 timore
3656 2484 3776 2541 per-

2180 2564 2371 2631 territi,
2395 2564 2490 2618 sed
2522 2580 2640 2617 eum
2671 2578 2802 2634 rege
2823 2578 2921 2617 suo
2952 2561 3018 2617 ad
3040 2560 3218 2616 locum
3243 2561 3510 2616 festinant
3528 2573 3776 2631 congres-

2178 2653 2370 2708 sionis.
2403 2651 2560 2720 Quod
2600 2651 2760 2706 etiam
2792 2666 2935 2705 nunc
2973 2651 3026 2704 in
3060 2650 3305 2705 Ecclesia
3335 2649 3587 2704 videmus
3616 2664 3629 2701 :
3660 2646 3781 2717 quia

2178 2742 2431 2797 videlicet
2449 2740 2701 2811 plerique
2732 2739 2889 2811 quasi
2920 2737 3134 2809 parvuli
3165 2736 3431 2809 proﬁcere
3451 2753 3546 2808 per
3561 2737 3777 2806 privatae

2178 2830 2303 2885 vitae
2330 2828 2565 2884 studium
2609 2835 2934 2898 proponunt,
2956 2827 3202 2898 plerique
3235 2827 3403 2881 fortes
3435 2826 3488 2880 in
3520 2821 3783 2895 expositis

2177 2933 2393 2990 quoque
2425 2916 2647 2987 maligni
2677 2916 2849 2972 hostis
2883 2915 3281 2971 certaminibus
3301 2914 3540 2970 audaces
3563 2919 3709 2981 sunt;
3732 2917 3786 2964 ut

2178 3016 2361 3076 aperte
2392 3006 2613 3060 videant
2640 3004 3232 3068 saeculiblandimenta,
3263 3018 3383 3072 quae
3404 2997 3785 3073 appetant,sed

2176 3104 2432 3166 appetere
2462 3095 2580 3149 visa
2608 3100 2977 3150 contemnunt.
3012 3093 3077 3145 Hi
3109 3091 3328 3161 quidem
3358 3107 3471 3147 non
3501 3090 3556 3145 in
3584 3088 3784 3144 latibu-

2181 3184 2268 3250 lis,
2312 3184 2405 3239 sed
2445 3184 2502 3237 in
2551 3183 2721 3254 aperti
2753 3181 3067 3237 certaminis
3105 3195 3297 3251 campo
3328 3179 3655 3241 consistunt,
3687 3192 3784 3231 ex-

2183 3273 2342 3342 positi
2366 3272 2433 3327 ad
2456 3272 2720 3340 praelium,
2742 3270 2913 3325 fortes
2936 3270 3002 3323 ad
3036 3270 3388 3339 triumphum,
3426 3267 3516 3340 qui
3548 3279 3788 3338 pugnare

2182 3369 2429 3431 possunt,
2451 3369 2501 3415 et
2531 3367 2800 3429 nequeunt
2824 3358 3085 3429 superari.
3106 3357 3263 3414 Unde
3285 3364 3335 3413 et
3364 3373 3468 3428 per
3497 3356 3785 3428 perfectum

2182 3465 2473 3504 numerum
2503 3447 2876 3520 designantur,
2912 3463 3033 3501 cum
3062 3446 3308 3500 subditur
3339 3462 3351 3499 :

2255 3590 2436 3660 (Vera.
2472 3591 2583 3658 15.)
2613 3589 2681 3644 Et
2711 3589 2993 3645 recensuit
3012 3587 3159 3644 Saul
3178 3590 3453 3660 paputum
3475 3588 3573 3660 qui
3601 3587 3788 3643 inven-

2184 3683 2276 3736 tus
2305 3681 2499 3751 fuerat
2526 3693 2656 3734 cum
2692 3693 2774 3743 eo,
2807 3677 2967 3749 quasi
3001 3680 3299 3732 sexcentos
3332 3675 3509 3733 viros.

2251 3815 2342 3869 26.
2369 3811 2591 3882 Septem
2646 3809 2848 3880 quippe
2895 3808 3086 3864 diebus
3126 3808 3479 3864 hebdomade
3517 3807 3785 3878 impletur,

2185 3900 2284 3957 sed
2340 3916 2480 3954 unus
2532 3913 2720 3954 eorum
2766 3898 2835 3952 ad
2864 3896 3197 3967 Operandum
3226 3896 3536 3968 prohibitus
3566 3902 3665 3963 est,
3697 3909 3789 3948 sex

2186 4004 2318 4045 vero
2344 3988 2401 4042 in
2436 3987 2559 4043 boni
2591 3986 2769 4058 operis
2793 3986 2970 4041 studio
3008 3985 3398 4041 conceduntur.
3433 3980 3790 4040 Centenarius

2185 4084 2361 4132 autem
2393 4091 2648 4131 numerus
2693 4090 2961 4129 summam
3019 4073 3254 4129 continet
3308 4088 3686 4128 numerorum.
3733 4071 3791 4123 In

2185 4164 2457 4220 sexcentis
2515 4179 2648 4235 ergo
2701 4163 2857 4234 viris,
2887 4164 2979 4231 qui
3008 4162 3099 4215 alii
3134 4161 3512 4232 designantur,
3566 4159 3670 4215 nisi
3707 4155 3794 4230 qui

2185 4269 2348 4324 opere
2379 4260 2432 4307 et
2461 4251 2635 4307 cordis
2656 4251 3047 4307 deliberatione
3076 4250 3280 4304 robusti
3310 4253 3478 4305 sunt?
3509 4251 3651 4305 Nam
3682 4246 3792 4318 qui—

2184 4340 2312 4395 dam
2344 4341 2502 4396 fortia
2532 4348 2860 4411 proponunt,
2882 4338 2979 4394 sed
3006 4338 3134 4410 quia
3162 4338 3309 4408 quod
3337 4341 3793 4409 pmponunt,non

2183 4428 2406 4495 faciunt,
2431 4428 2499 4483 ad
2525 4436 2904 4484 sexcentorum
2934 4428 3174 4483 virorum
3206 4442 3495 4482 numerum
3526 4442 3637 4482 non
3664 4440 3794 4496 per-

463 4512 632 4580 parati
668 4512 1023 4582 resipiscunt;
1070 4521 1122 4567 et
1167 4515 1256 4584 qui
1287 4512 1655 4568 inobediendo
1687 4521 2066 4584 peccaverunt,
2099 4505 2157 4566 D
2181 4518 2413 4588 tingunt.
2439 4518 2502 4570 In
2536 4516 2808 4571 sexcentis
2838 4531 2973 4588 ergo
3003 4516 3163 4589 viris,
3196 4516 3361 4570 fortes
3390 4515 3630 4586 operarii
3662 4528 3790 4569 san-

461 4598 686 4654 obedire
719 4600 850 4668 Deo,
877 4601 989 4669 jam
1022 4601 1290 4655 humiliter
1321 4611 1534 4672 parant.
1562 4603 1715 4658 Unde
1745 4610 1796 4656 et
1825 4619 1919 4657 rex
1942 4601 2073 4657 Saul

464 4701 571 4742 non
594 4687 762 4742 multo
793 4695 915 4757 post
944 4688 1189 4743 demoliri
1220 4689 1587 4744 Amalechitas
1617 4690 1969 4760 praecipitur:
1993 4698 2072 4759 ut,

460 4774 506 4829 si
539 4774 851 4829 mandatum
869 4776 1084 4831 Domini
1115 4777 1351 4846 ejusdem
1372 4778 1524 4833 crede
1550 4779 1730 4850 gentis
1760 4779 2070 4850 perﬁceret,

461 4862 658 4933 prioris
713 4863 1093 4921 inobedientiae
1147 4883 1320 4921 nexus
1373 4867 1633 4923 enodaret
1691 4868 1741 4935 (Ι
1785 4870 1911 4941 Reg.
1946 4869 2064 4939 xv).

457 4953 752 5023 Separatus
782 4952 1001 5022 quidem
1031 4970 1062 5007 a
1095 4955 1379 5025 propheta,
1415 4970 1482 5011 ea
1510 4971 1672 5028 agere
1702 4956 1852 5011 visus
1883 4965 1981 5027 est,
2017 4966 2074 5015 ut

455 5042 522 5098 ad
554 5042 768 5115 agenda
797 5041 904 5096 alia
928 5042 1225 5112 juberetur.
1260 5042 1439 5113 Quare
1470 5053 1525 5099 et
1553 5044 1805 5100 subditur
1840 5064 1853 5100 :

533 5132 709 5200 (Vera.
744 5134 855 5199 15.)
886 5132 956 5186 Et
1006 5132 1213 5204 reliqui
1266 5134 1459 5205 populi
1514 5133 1901 5189 ascenderunt
1945 5137 2072 5205 post

469 5218 616 5275 Saul
673 5220 887 5276 obviam
932 5222 1158 5293 populo,
1190 5218 1290 5293 qui
1345 5221 1709 5292 expugnabat
1749 5222 1880 5277 illo:
1911 5239 1929 5273 :
1978 5237 2074 5277 ve-

456 5308 680 5362 nientes
708 5325 783 5363 ex
812 5309 1046 5381 Galgala
1075 5311 1137 5364 in
1163 5308 1357 5364 Gabaa
1382 5310 1700 5375 Beniamin.

523 5398 612 5449 255.
642 5396 904 5451 Nonnulli
944 5397 1023 5453 sic
1047 5396 1102 5451 in
1130 5404 1355 5467 peccato
1395 5407 1675 5464 corruunt,
1711 5406 1769 5452 ut
1800 5398 1858 5451 in
1906 5396 2059 5453 nullo

457 5480 601 5535 bono
632 5496 802 5551 opere
829 5491 1113 5540 teneantur
1145 5500 1157 5540 :
1202 5484 1441 5542 nonnulli
1473 5500 1605 5541 vero
1635 5484 1766 5540 dum
1811 5484 1956 5540 mala
2005 5500 2064 5541 se

2182 4613 2283 4660 ctae
2314 4604 2571 4661 Ecclesia:
2598 4606 2977 4677 designantur,
3001 4604 3128 4675 quia
3149 4619 3347 4674 magna
3376 4610 3712 4674 proponunt,
3742 4605 3793 4654 et

2184 4693 2422 4764 rigorem
2464 4694 2745 4764 propositi,
2778 4692 3090 4748 fortitudine
3128 4692 3401 4762 complent
3448 4692 3615 4746 bona:
3655 4703 3789 4760 ope-

2181 4781 2422 4836 rationis.
2439 4780 2545 4849 Qui
2575 4782 2714 4837 bene
2746 4797 2866 4836 cum
2896 4796 3026 4853 rege
3047 4780 3246 4835 inventi
3264 4780 3650 4850 perhibentur,
3668 4776 3794 4849 quia

2182 4886 2305 4925 cum
2338 4869 2650 4939 pastoribus
2696 4877 2898 4925 sanctae
2937 4868 3191 4924 Ecclesia;
3222 4868 3276 4922 in
3306 4868 3449 4924 bona
3485 4868 3790 4935 voluntate,

2183 4966 2235 5014 et
2284 4959 2373 5028 pia
2415 4957 2628 5013 actione
2656 4957 3001 5013 conveniunt.
3035 4959 3167 5011 Cum
3197 4956 3278 5011 eis
3314 4971 3556 5027 namque
3586 4962 3731 5020 sunt,
3762 4968 3796 5008 ι

2185 5046 2384 5119 quibus
2413 5061 2514 5101 nec
2542 5045 2817 5101 voluntate
2847 5045 3175 5116 discrepant,
3225 5060 3327 5099 nec
3361 5045 3687 5115 operatione
3708 5042 3794 5098 di-

2182 5135 2459 5190 scordant.
2502 5133 2605 5203 Qui
2651 5134 2728 5188 sic
2770 5134 3065 5188 convenire
3109 5133 3376 5198 dicuntur,
3417 5141 3478 5187 ut
3522 5132 3799 5189 excellere

2186 5223 2583 5294 predicatorum
2615 5221 2851 5293 dignitas
2880 5222 3171 5284 sentiatur;
3207 5221 3335 5293 quia
3355 5220 3457 5276 etsi
3492 5222 3645 5277 idem
3694 5221 3799 5275 bo-

2183 5327 2312 5366 num
2343 5310 2561 5374 subditi,
2593 5311 2739 5382 quod
2770 5309 3154 5380 praedicatores
3198 5310 3410 5377 volunt,
3460 5309 3700 5373 faciunt,
3728 5305 3805 5363 illi

2182 5404 2366 5454 tamen
2414 5399 2469 5453 in
2516 5399 2711 5454 eodem
2769 5398 2914 5454 bono
2964 5398 3227 5469 praecipui
3272 5406 3416 5465 sunt,
3449 5413 3712 5468 quorum,
3746 5404 3802 5451 ut

2178 5486 2312 5543 ordo
2342 5495 2425 5543 est
2460 5487 2673 5558 celsior,
2702 5486 2791 5559 .ita
2819 5496 2873 5544 et
2900 5486 3179 5543 ardentior
3204 5486 3377 5543 virtus
3406 5485 3600 5554 animi,
3625 5492 3684 5541 et
3711 5500 3797 5542 ro-

530 5633 606 5703 (a)
636 5632 696 5688 In
728 5632 891 5690 Gilot.
922 5642 974 5691 et
998 5635 1200 5715 Vatia,
1222 5638 1430 5707 modos,
1463 5637 1608 5710 quod
1632 5635 1854 5694 minime
1880 5613 2272 5710 recipiendum.
