4034 6174
298 332 379 399 353

1120 328 1192 389 ΙΝ
1233 324 1498 391 PRIMUM
1540 316 1782 384 eadem
1821 320 2354 387 EXPOSITIONES.
2386 362 2454 372 -
2484 333 2618 389 LIB.
2653 325 2716 389 v.

3457 334 3562 395 35‘
3595 356 3605 367 δ

290 466 457 523 bustior
491 463 642 518 nixus
696 460 1048 533 operationis.
1104 459 1284 529 Quare
1331 464 1384 514 et
1430 455 1719 528 separatim
1775 454 1843 509 de
1869 451 1925 514 A
1963 459 2126 514 tionis
2154 472 2186 510 a
2215 466 2394 512 mente
2425 474 2533 514 non
2582 460 2847 527 auferunt,
2884 462 2951 516 ad
2983 458 3338 519 eradicandos
3386 464 3558 521 virtu-

287 572 411 628 rege,
437 562 482 610 et
505 554 621 621 ejtrs
652 551 760 606 lilio
790 550 984 605 dicitur
1015 569 1027 604 :

342 644 493 711 (Vere.
522 641 633 704 16.)
664 642 731 695 Et
749 640 906 709 Saul,
938 642 998 694 et
1021 638 1314 694 Jonalhas.

338 732 393 786 Ut
412 729 526 802 quid
553 728 697 783 enim
728 728 1025 798 separatim
1055 742 1172 791 rex,
1206 732 1260 778 et
1288 722 1407 793 ejus
1430 721 1567 776 ﬁlius
1590 719 1836 775 nomina-

284 829 364 887 tur,
392 818 478 873 nisi
505 818 631 888 quia
658 816 797 872 actio
829 815 955 870 boni
987 813 1231 883 praesulis
1261 811 1427 867 claret
1475 826 1593 865 esse
1652 810 1838 880 singu-

282 907 433 963 laris?
458 907 519 961 Et
551 906 674 977 quia
701 904 942 960 omnium
974 901 1214 956 ﬁdelium
1245 900 1591 955 subditorum
1623 912 1733 952 non
1763 903 1843 950 est

284 995 530 1050 uniformis
554 993 849 1063 aequalitas,
882 992 1122 1061 sequitur
1151 1009 1169 1045 :

339 1085 490 1151 (Vers.
524 1082 636 1150 t6.)
669 1083 736 1137 Et
773 1081 1033 1153 populus,
1087 1078 1184 1150 qui
1237 1078 1507 1133 inventus
1557 1077 1617 1130 in
1664 1073 1846 1129 Gabaa

284 1172 567 1242 Benjamin.

335 1264 413 1316 27.
449 1258 590 1314 Satis
618 1257 936 1328 replicatum
968 1263 1068 1323 est,
1101 1253 1245 1326 quod
1277 1252 1469 1309 Gabaa
1498 1250 1657 1306 collis
1688 1249 1848 1304 inter-

278 1356 499 1420 pretatur.
536 1348 698 1415 293
733 1345 897 1401 Collis
925 1360 1053 1399 vero
1084 1359 1191 1399 non
1221 1341 1526 1405 summitas,
1560 1338 1657 1394 sed
1688 1352 1847 1393 mon-

280 1439 386 1493 tium
406 1441 483 1492 est
508 1434 737 1490 altitudo
768 1432 1065 1489 summitati
1098 1431 1292 1488 vicina.
1331 1429 1472 1498 Quid
1506 1443 1633 1484 vero
1667 1427 1720 1480 in
1751 1425 1852 1480 isto

278 1526 411 1593 colle,
440 1523 543 1580 nisi
577 1524 684 1578 alta
712 1531 762 1578 et
790 1521 1034 1594 perfecta
1071 1521 1181 1575 vita
1237 1517 1561 1589 intelligitur
1618 1514 1855 1569 ﬁdelium

274 1613 627 1671 subditorum?
656 1613 787 1667 Haec
819 1610 1073 1665 nimirum
1130 1606 1382 1680 quamvis
1438 1605 1852 1677 praedicatorum

277 1702 551 1760 celsitudini
584 1717 741 1771 aequa
772 1716 878 1754 non
908 1699 995 1765 sit,
1032 1707 1212 1752 tamen
1241 1696 1310 1750 ab
1365 1693 1593 1749 aliorum
1654 1690 1861 1746 meritis

1943 560 2060 607 tum
2119 549 2236 619 ejus
2292 548 2497 602 fructus
2525 549 2811 619 pervenire
2861 566 2969 605 non
3042 559 3281 622 possunt.
3353 552 3552 607 Contra

1945 641 2206 710 Ephraim
2226 638 2390 710 igitur
2404 638 2546 691 viam
2564 637 2803 702 veniunt,
2825 639 3043 710 quando
3064 638 3223 694 bonae
3242 640 3557 711 cogitationi

1949 728 2294 789 insidiantur,
2330 743 2433 798 qua
2467 726 2552 781 via
2582 726 2651 781 ad
2685 735 2886 781 terram
2919 727 3048 783 Saul
3082 727 3303 783 tendere
3334 729 3548 786 dicitur.

1952 816 2096 885 Quid
2130 818 2274 871 enim
2307 823 2387 870 est
2413 815 2556 870 aliud
2589 831 2739 871 mens
2771 815 2933 870 electi
2964 815 3236 886 discipuli,
3289 817 3389 871 nisi
3438 818 3557 873 fru—

1950 905 2144 959 rtifera
2167 904 2327 959 valde
2358 912 2500 958 terra
2546 904 2827 960 doctoris?
2876 903 3029 960 Unde
3078 912 3131 958 et
3188 905 3449 959 Dominus
3498 907 3553 961 in

1952 991 2252 1064 Evangelio
2281 992 2601 1063 parabolam
2633 993 2894 1046 seminum
2926 1008 3231 1062 exponens,
3257 994 3331 1046 ait
3357 1010 3368 1047 :
3404 995 3553 1063 Quod

1955 1082 2155 1139 cecidit
2170 1083 2229 1137 in
2252 1086 2465 1138 terram
2489 1081 2691 1136 bonam
2706 1083 2764 1137 hi
2783 1086 2940 1148 sunt,
2963 1083 3065 1153 qui
3083 1083 3143 1136 in
3168 1082 3332 1137 corde
3352 1083 3488 1138 bona
3502 1087 3561 1138 et

1958 1172 2166 1243 optimo
2184 1171 2409 1226 verbum
2424 1170 2748 1242 excipiunt,
2772 1174 2827 1225 et
2839 1172 3099 1241 fructum
3115 1170 3366 1240 afferunt
3384 1172 3445 1225 in
3460 1187 3560 1243 pa-

1963 1260 2168 1314 tientia
2201 1258 2362 1324 (Luc.
2396 1274 2513 1323 vni,
2548 1257 2657 1327 15).
2692 1257 2897 1312 Dicitur
2926 1274 3057 1329 ergo
3089 1257 3157 1312 de
3186 1258 3362 1327 primo
3389 1274 3561 1315 cuneo

1962 1347 2366 1402 Pliilistinorum
2400 1366 2412 1401 :
2448 1347 2758 1418 Pergebant
2778 1350 2981 1402 contra
3002 1348 3149 1403 viam
3174 1345 3440 1418 Ephraim
3467 1367 3483 1401 :
3506 1355 3563 1403 ut

1964 1437 2092 1491 dum
2124 1436 2314 1491 litterae
2342 1451 2561 1491 sensum
2590 1433 2931 1506 spiritualem
2960 1435 3306 1506 percipimus,
3357 1437 3563 1510 cogita-

1967 1525 2131 1582 tionis
2161 1525 2364 1579 aditum
2396 1522 2649 1595 malignis
2697 1523 2977 1594 spiritibus
3034 1522 3397 1578 obstruamus.
3458 1523 3565 1580 Sed

1969 1614 2096 1669 dum
2127 1629 2224 1669 cor
2252 1612 2549 1680 munimus,
2581 1610 2825 1683 linguam
2855 1610 3054 1683 pariter
3074 1612 3401 1684 asuperﬂuis
3420 1614 3566 1669 locu—

1970 1702 2210 1758 tionibus
2238 1701 2508 1756 refrenare
2538 1699 2934 1769 compellimur.
2987 1700 3139 1756 Unde
3196 1709 3248 1754 et
3291 1703 3567 1758 secundus

278 1792 412 1848 Valde
432 1791 667 1847 cemitur
695 1805 818 1844 esse
850 1787 1124 1842 ευδιίῐηίεο
1164 1786 1323 1841 Unde
1353 1792 1407 1839 ει
1435 1782 1504 1838 de
1534 1780 1858 1851 (ἶυίῧυδάίὶω
1890 1799 1945 1860 Β
1974 1809 2177 1851 cuneus
2205 1807 2305 1861 per
2333 1789 2475 1845 viam
2508 1789 2785 1843 Bethorou
2816 1788 3028 1859 ingredi
3051 1788 3246 1843 dicitur
3268 1791 3568 1859 ;Betltoron

275 1880 536 1953 praecipuis
565 1878 752 1935 electis
781 1877 833 1930 in
856 1873 1177 1946 Apocalypsi
1198 1873 1427 1945 legitur:
1446 1872 1617 1927 Nemo
1641 1871 1865 1941 poterat

281 1970 439 2025 dicere
451 1969 767 2030 canticum,
783 1966 898 2020 nisi
924 1965 1029 2019 illa
1051 1967 1283 2019 centum
1306 1959 1692 2032 quadraginta
1721 1972 1864 2028 qua-

279 2062 389 2115 tuor
402 2058 585 2112 millia
601 2056 793 2126 (Apoc.
808 2056 1001 2121 xxv,3).
1019 2051 1167 2119 Quos
1180 2059 1233 2105 et
1254 2048 1452 2105 clarius
1465 2047 1862 2114 demonstrans,

278 2146 359 2200 ait:
375 2148 585 2201 Hisunt
597 2145 851 2216 .quicum
864 2139 1202 2196 mulieribus
1216 2154 1330 2193 non
1344 2142 1478 2192 sunt
1507 2133 1866 2204 coinquinati

276 2237 495 2305 virgine:
506 2235 664 2289 enim
682 2235 838 2296 sunt,
854 2234 911 2284 et
924 2232 1248 2301 sequuntur
1269 2241 1503 2296 agnum,
1540 2236 1865 2295 quocunque

274 2324 549 2378 ierit.Dum
565 2336 704 2392 ergo
716 2317 1014 2389 spiritualia
1029 2309 1866 2384 praeliadescribuntur,populus

273 2410 503 2466 inventus
531 2411 590 2463 in
622 2407 816 2464 Gabaa
848 2405 1142 2474 Benjamin
1196 2401 1508 2473 specialiter
1538 2405 1862 2464 recensetur,

273 2501 381 2569 quia
410 2498 685 2570 virginum
715 2495 915 2551 chorus
940 2500 1133 2547 contra
1156 2489 1561 2545 immundorum
1582 2487 1866 2557 spirituum

274 2586 594 2643 ferocitatem
627 2593 778 2640 tanto
809 2581 1097 2638 violentior
1122 2588 1220 2647 est,
1257 2585 1457 2650 quanto
1498 2575 1648 2630 nullo
1678 2589 1864 2630 eorum

274 2676 477 2732 vulnere
504 2673 751 2738 saucius,
786 2669 932 2725 nulla
961 2684 1150 2724 eorum
1180 2665 1546 2739 suggestionis
1577 2663 1736 2718 sorde
1759 2661 1871 2732 pol.

274 2765 415 2821 latus.
445 2765 613 2820 Liber
640 2761 841 2832 quippe
872 2767 924 2814 et
953 2758 1181 2829 integer,
1215 2754 1504 2826 expeditus
1534 2758 1617 2808 est
1665 2751 1736 2805 ad
1765 2764 1864 2805 oc-

273 2870 487 2918 cursum,
521 2850 685 2907 fortis
714 2849 783 2903 ad
811 2848 1003 2903 ictum.
1042 2849 1123 2899 An
1153 2860 1259 2900 non
1281 2845 1335 2897 in
1365 2841 1506 2898 colle
1538 2839 1631 2894 ﬁlii
1661 2839 1869 2894 dextras

275 2952 401 3010 sunt,
435 2957 568 3012 quos
600 2936 933 3009 integritatis
957 2950 1068 2989 sua:
1097 2932 1289 2988 merito
1337 2932 1565 2985 dilectus
1589 2929 1719 2982 Jesu
1747 2943 1864 2981 res-

270 3026 972 3103 picit,dicens:Vidisupra
996 3026 1246 3080 montem
1285 3020 1420 3076 Sion
1452 3033 1661 3090 agnum
1700 3019 1866 3071 stan-

275 3102 393 3185 tem,
410 3124 619 3176 etcum
636 3132 698 3171 eo
714 3118 947 3170 centum
977 3110 1355 3184 quadraginta
1367 3109 1610 3180 quatuor
1628 3102 1814 3159 millia
1839 3102 1868 3155 ?

270 3214 438 3283 (Apoc.
473 3221 595 3273 xxv,
633 3202 711 3276 1.)
743 3202 851 3258 Sed
882 3208 934 3257 et
964 3199 1065 3254 nisi
1109 3196 1271 3253 valde
1318 3195 1487 3252 fortes
1541 3200 1741 3260 essent,
1800 3191 1869 3246 ad

273 3298 455 3352 tantam
487 3291 877 3351 celsitudinem
926 3286 1135 3359 fatigati
1184 3284 1480 3340 ascendere
1526 3294 1871 3352 nequaquam

268 3395 497 3456 possent.
530 3385 675 3438 Item
705 3379 805 3434 nisi
836 3376 1079 3433 omnium
1110 3373 1499 3447 cogitationum
1557 3369 1716 3425 liberi
1778 3384 1872 3423 es-

269 3484 392 3543 sent,
424 3480 547 3544 post
578 3483 788 3541 agnum
820 3466 1021 3536 ubique
1051 3479 1264 3519 currere
1290 3477 1396 3516 non
1427 3460 1685 3515 valerent.
1735 3456 1876 3526 Quia

268 3578 389 3633 ergo
418 3562 471 3615 in
503 3557 714 3616 occulti
746 3552 1057 3610 certaminis
1100 3552 1375 3621 triumpho
1432 3548 1588 3619 virgo
1646 3546 1875 3618 quisque

272 3651 524 3705 mirabilis
552 3655 658 3709 est,
703 3644 834 3697 dum
894 3642 1027 3697 ordo
1075 3637 1479 3709 congressionis
1535 3635 1874 3714 describitur,

266 3738 355 3793 sub
385 3748 509 3809 typo
542 3732 738 3806 populi
777 3730 987 3797 Gabaa,
1016 3727 1339 3801 virginitatis
1367 3724 1622 3797 specialis
1641 3722 1876 3793 dignitas

266 3835 607 3882 memoratur.
635 3819 907 3891 Sequitur
931 3835 944 3872 :

328 3933 500 4002 (Vers.
539 3929 762 3996 16-18.)
794 3924 972 3980 Porro
989 3919 1306 3979 Philistiim
1328 3919 1776 3976 conscenderant
1807 3919 1873 3974 in

269 4018 548 4093 Magmas.
569 4020 641 4074 Et
663 4014 873 4086 egressi
901 4016 1042 4069 sunt
1068 4010 1140 4066 ad
1162 4008 1546 4082 prceliandum
1567 4004 1640 4062 de
1658 4023 1754 4063 cas
1764 4008 1869 4062 tris

266 4108 572 4166 Philistiim
598 4110 718 4161 tres
746 4104 917 4158 cunei
940 4115 1126 4156 :unus
1157 4114 1372 4154 cuneus
1388 4095 1650 4169 pergebat
1674 4100 1877 4152 contra

272 4195 744 4268 vhngphraim,
766 4191 839 4246 ad
862 4194 1072 4246 terram
1106 4187 1242 4243 Saul
1261 4206 1277 4250 ;
1296 4200 1464 4258 porro
1503 4185 1655 4239 alius
1682 4184 1877 4255 ingrc-

276 4285 531 4342 diebatur
537 4300 647 4356 per
667 4283 816 4339 viam
840 4279 1111 4333 Bethoron
1136 4275 1380 4341 ;tertius
1396 4277 1592 4328 autem
1621 4272 1793 4327 vertit
1820 4287 1878 4327 se

271 4376 341 4431 ad
354 4378 506 4432 viam
524 4371 767 4429 termini
783 4370 847 4424 in
871 4371 1026 4424 terra
1050 4365 1249 4433 Sabaa,
1270 4362 1602 4419 imminenti
1626 4362 1761 4417 valli
1775 4362 1875 4416 Se-

272 4463 430 4532 boim,
462 4466 675 4520 contra
705 4460 1010 4515 desertum.

331 4557 422 4607 28.
450 4550 603 4620 Quid
632 4557 734 4617 est,
764 4544 911 4618 quod
940 4541 1201 4599 Philistaei
1254 4547 1363 4597 tres
1414 4555 1615 4595 cuneos
1670 4537 1869 4594 faciunt

267 4640 361 4695 nisi
390 4641 522 4711 quia
553 4635 784 4707 maligni
814 4632 1034 4705 spiritus
1062 4629 1241 4687 cordis
1274 4636 1479 4697 nostro,
1536 4626 1756 4699 linguae,
1819 4634 1872 4681 et

267 4731 408 4799 operi
441 4730 695 4783 inserere
723 4737 985 4795 perversa
1014 4718 1350 4775 moliuntur?
1382 4715 1519 4786 Quia
1548 4718 1694 4771 enim
1725 4715 1873 4787 cogi-

270 4818 451 4882 tando,
482 4816 582 4871 vel
604 4810 899 4885 loquendo,
934 4809 1050 4864 sive
1071 4805 1323 4863 faciendo
1380 4821 1540 4861 omne
1596 4810 1875 4875 peccatum

269 4904 646 4969 committitur,
698 4909 807 4955 tres
854 4906 975 4952 sunt
1031 4893 1438 4950 Philistinorum
1496 4892 1697 4948 cunei:
1753 4891 1878 4962 quia

269 4993 493 5067 maligni
527 4989 758 5061 spiritus
787 4985 1066 5056 impellere
1094 4983 1161 5037 ad
1189 4982 1529 5053 peccandum
1561 4981 1767 5035 animas
1797 4995 1880 5034 sa-

268 5087 477 5154 tagunt,
512 5075 861 5150 negligentia
885 5072 1081 5138 cordis,
1115 5070 1464 5127 eﬂ'renatione
1493 5068 1622 5138 oris,
1655 5068 1881 5124 audacia

270 5169 509 5241 perversi
541 5165 749 5238 operis.
784 5162 947 5218 Unde
976 5168 1029 5217 et
1056 5161 1263 5232 primus
1290 5173 1496 5215 cuneus
1524 5165 1709 5213 contra
1738 5156 1881 5212 viam

271 5257 533 5329 Ephraim
567 5268 804 5328 pergere
832 5249 1049 5317 dicitur,
1081 5249 1207 5320 quia
1250 5262 1570 5320 expugnare
1618 5246 1880 5301 innocen-

272 5347 394 5402 tiam
425 5364 459 5402 a
490 5344 667 5402 corde
694 5340 981 5412 incipiunt.
1023 5337 1122 5394 Via
1152 5336 1353 5409 quippe
1382 5334 1670 5407 Ephraim,
1710 5333 1775 5390 id
1806 5341 1886 5390 est

274 5434 539 5492 fructiferi
573 5431 774 5501 cordis,
804 5429 947 5485 bona
978 5434 1059 5483 est
1088 5424 1367 5500 cogitatio.
1400 5424 1603 5481 Contra
1631 5423 1774 5480 viam
1800 5438 1885 5478 er-

272 5538 338 5595 go
365 5521 643 5596 Ephraim
670 5520 880 5593 primus
934 5516 1339 5585 Philistinorum
1397 5529 1599 5570 cuneus
1652 5512 1879 5586 pergit:

274 5611 396 5690 quia
429 5608 640 5670 occulti
669 5604 989 5673 adversarii,
1029 5602 1072 5662 si
1102 5601 1252 5682 prius
1279 5620 1432 5661 usum
1458 5603 1621 5661 bona:
1666 5600 1880 5680 cogita-

1969 1884 2197 1957 quippe,
2229 1881 2422 1934 domus
2452 1877 2547 1932 ira:
2578 1876 2975 1947 interpretatur.
3010 1877 3216 1931 Domus
3262 1895 3391 1933 vero
3446 1878 3560 1949 irae,

1965 1980 2045 2027 est
2075 1985 2229 2025 mens
2260 1967 2376 2022 usui
2408 1965 2647 2020 serviens
2676 1964 2876 2035 linguae
2908 1964 3184 2036 litigiosus.
3224 1964 3395 2035 Quam
3418 1977 3563 2023 certe

1966 2060 2186 2115 domum
2217 2056 2432 2125 sapiens
2470 2055 2632 2119 294
2664 2052 2753 2107 ille
2784 2053 3033 2121 insinuat,
3058 2054 3149 2124 qui
3181 2055 3256 2109 ait
3290 2073 3303 2109 :
3353 2057 3438 2112 Ire
3468 2074 3564 2113 re-

1966 2148 2198 2222 quiescit
2222 2148 2285 2200 in
2307 2145 2439 2199 sinu
2461 2144 2629 2198 stulti
2643 2141 2817 2211 (Eccl.
2840 2158 2931 2206 vn,
2952 2143 3057 2211 11).
3078 2144 3323 2199 Perbanc
3344 2146 3560 2216 quidem

1967 2237 2036 2293 ad
2065 2250 2161 2291 cor
2191 2232 2337 2289 stulti
2367 2232 2553 2286 hostes
2577 2229 2973 2302 ingrediuntur,
2998 2230 3127 2299 quia
3157 2233 3381 2303 maligni
3406 2235 3566 2304 spiri-

1967 2333 2068 2391 tus,
2101 2324 2231 2377 dum
2261 2320 2331 2375 ad
2360 2318 2618 2375 effrenata
2640 2318 2798 2372 verba
2818 2318 3059 2390 linguam
3076 2320 3309 2387 solvunt,
3336 2320 3445 2375 iras
3465 2339 3560 2377 ac-

1967 2412 2225 2478 cendunt,
2248 2414 2301 2465 et
2332 2412 2571 2462 mutuam
2604 2404 2845 2460 ﬁdelium
2875 2405 3185 2460 charitatem
3215 2407 3434 2463 feriunt.
3460 2408 3567 2478 Qui

1966 2516 2097 2573 ergo
2128 2514 2319 2554 cavere
2353 2495 2707 2568 cogitationes
2737 2494 2925 2549 noxias
2953 2494 3156 2563 didicit,
3207 2496 3253 2550 si
3309 2497 3419 2552 oris
3475 2515 3565 2554 cu-

1968 2589 2198 2645 stodiam
2233 2596 2415 2642 tenere
2443 2600 2552 2640 non
2579 2583 2750 2651 novit,
2777 2582 2934 2638 unius
2955 2584 3110 2639 cunei
3132 2584 3391 2655 impetum
3417 2587 3563 2655 vicit,

1968 2679 2190 2735 alterius
2219 2691 2326 2730 non
2358 2674 2547 2729 evasit.
2580 2671 2790 2727 Tertius
2820 2687 2951 2727 vero
2982 2689 3182 2727 cuneus
3214 2674 3372 2730 vertit
3399 2691 3458 2732 se
3497 2677 3565 2732 ad

1968 2767 2070 2822 iter
2100 2763 2337 2821 termini.
2379 2760 2514 2830 Quis
2544 2767 2622 2815 est
2654 2759 2912 2814 terminus
2941 2760 3287 2832 cogitationis
3305 2771 3358 2818 et
3387 2764 3559 2833 verbi,

1968 2854 2068 2909 nisi
2087 2849 2477 2908 consummatio
2504 2848 2633 2903 boni
2691 2847 2873 2916 operis
2893 2847 2922 2899 ‘l
2942 2849 3081 2903 Nam
3105 2848 3309 2907 idcirco
3326 2851 3468 2907 bona
3486 2869 3570 2909 co-

1969 2944 2203 3016 gitamus
2231 2948 2284 2995 et
2312 2937 2609 3007 loquimur,
2640 2943 2697 2989 ut
2727 2951 2791 2990 ea
2820 2936 2889 2988 ad
2912 2934 3073 2990 ﬁnem
3095 2936 3222 2992 boni
3242 2940 3419 3010 operis
3448 2957 3567 3010 per-

1970 3033 2255 3088 ducamus.
2289 3026 2395 3083 Sed
2425 3042 2548 3080 cum
2609 3024 2862 3093 antiquus
2890 3023 3062 3078 hostis
3094 3026 3275 3080 verbis
3296 3036 3348 3082 et
3370 3030 3571 3100 cogita-

1983 3119 2221 3175 tionibus
2250 3130 2446 3171 nocere
2476 3128 2582 3169 non
2612 3111 2887 3184 praevalet,
2918 3112 2971 3166 in
2996 3111 3160 3168 ﬁnem
3190 3114 3411 3188 laqueos
3448 3129 3572 3177 ten-

1984 3209 2080 3274 dit,
2112 3215 2166 3262 et
2196 3206 2396 3259 bonum
2425 3218 2561 3273 opus
2589 3200 2831 3255 ﬁdelium
2861 3216 3149 3270 evacuare,
3182 3205 3273 3259 vel
3310 3205 3572 3280 impedire

1985 3295 2205 3369 appetit.
2239 3292 2399 3361 Quod
2426 3305 2557 3346 vero
2586 3297 2666 3344 est
2692 3289 2797 3343 iter
2826 3288 3060 3355 termini,
3093 3291 3192 3346 nisi
3223 3294 3456 3351 studium
3480 3298 3574 3356 bo-

1984 3401 2071 3440 na:
2101 3380 2430 3455 operationis
2450 3380 2478 3431 ‘l
2509 3377 2648 3446 Quia
2676 3392 2812 3449 ergo
2867 3378 3050 3432 multis
3106 3378 3316 3436 insidiis
3348 3385 3576 3459 maligni

1983 3474 2204 3544 spiritus
2232 3470 2490 3534 nituntur,
2522 3474 2580 3521 ut
2606 3466 2836 3521 studium
2868 3466 2996 3521 boui
3034 3468 3216 3538 aperis
3274 3470 3571 3543 deseratur,

1984 3563 2055 3618 ad
2085 3562 2187 3617 iter
2213 3558 2424 3614 termini
2452 3555 2641 3611 tertius
2688 3571 2890 3610 cuneus
2932 3555 3064 3610 verti
3118 3555 3335 3613 dicitur.
3396 3562 3578 3619 Potest

1984 3653 2147 3707 etiam
2178 3649 2230 3702 in
2260 3647 2365 3703 hoc
2394 3644 2640 3711 termino,
2675 3643 2798 3697 vitae
2830 3651 3029 3699 nostrae
3058 3641 3178 3699 ﬁnis
3221 3646 3467 3721 intelligi.
3499 3652 3582 3706 Ad

1982 3740 2085 3794 iter
2103 3753 2231 3793 vero
2264 3734 2476 3791 termini
2507 3748 2709 3788 cuneus
2739 3732 2980 3803 vertitur,
3016 3731 3141 3803 quia
3193 3733 3580 3810 interrumpere

1982 3828 2152 3884 hostis
2181 3842 2318 3895 opus
2349 3825 2549 3878 bonum
2579 3821 2784 3889 nititur,
2818 3837 2886 3875 ne
2914 3837 3088 3891 usque
3113 3822 3182 3878 ad
3232 3824 3356 3881 vitae
3412 3825 3576 3884 ﬁnem

1984 3916 2331 3988 perducatur.
2364 3910 2516 3968 Unde
2545 3918 2598 3965 et
2626 3908 2911 3963 Psalmista
2942 3909 3221 3979 lapsorum
3253 3911 3411 3969 ﬂetus
3437 3913 3579 3974 inse

1983 4020 2052 4061 ex
2062 4003 2318 4075 primens,
2338 4000 2441 4055 ait:
2466 4001 2649 4054 Funes
2661 3997 3055 4053 extenderunt
3072 4000 3133 4054 in
3152 4000 3413 4073 laqueum
3425 4006 3582 4075 pedi.

1984 4096 2081 4150 bus
2092 4093 2252 4156 meis,
2258 4090 2439 4160 juxta
2453 4089 2563 4143 iter
2577 4084 2912 4141 scandalum
2924 4092 3239 4156 posuerunt
3252 4092 3573 4161 mihi(Psal.

1984 4196 2208 4248 cxxxrx,
2240 4181 2316 4249 6).
2347 4178 2507 4230 Juxta
2536 4175 2636 4229 iter
2664 4173 2885 4245 quidem
2914 4172 3492 4249 scandalum'pouitur,
3531 4191 3585 4238 ut

1986 4270 2130 4324 bona
2158 4267 2450 4323 electorum
2481 4278 2647 4333 opera
2673 4268 2796 4317 ante
2826 4262 2979 4331 hujus
3014 4262 3138 4317 vitae
3168 4270 3581 4339 consummatio,

1986 4374 2111 4413 nem
2137 4356 2467 4411 deserantur.

2056 4449 2147 4503 29.
2180 4443 2324 4514 Quid
2351 4448 2431 4497 est
2460 4448 2640 4497 autem
2671 4439 2820 4513 quod
2841 4439 2914 4494 ait
2933 4454 2945 4493 :
2963 4439 3032 4495 In
3057 4445 3210 4497 terra
3250 4443 3448 4511 Sabaa,
3473 4448 3581 4503 im-

1984 4533 2229 4592 minenti
2246 4529 2605 4587 valliSeboim
2620 4532 2819 4585 contra
2830 4529 3148 4586 desertum?
3159 4530 3265 4587 Sed
3281 4534 3397 4589 haec
3411 4536 3557 4591 nomi
3569 4577 3591 4588 -

1978 4639 2050 4681 na
2078 4624 2322 4678 locorum
2352 4619 2417 4674 ad
2450 4618 2847 4691 designandum
2905 4617 3063 4673 situm
3109 4620 3344 4691 termini,
3401 4641 3586 4695 quem-

1983 4713 2211 4779 dixerat,
2243 4708 2422 4780 posita
2451 4714 2593 4761 sunt.
2629 4704 2808 4762 Sabaa
2837 4722 2964 4760 vero
3023 4707 3075 4760 in
3132 4708 3315 4781 lingua
3372 4721 3578 4782 nostra,

1986 4798 2199 4868 captiva
2230 4795 2428 4851 dicitur
2456 4810 2467 4849 :
2504 4792 2747 4861 Seboim,
2780 4807 2995 4862 capreae
3024 4806 3419 4866 nuncupantur.
3449 4799 3583 4868 Quae

1988 4895 2067 4944 est
2094 4893 2271 4940 autem
2299 4883 2397 4938 ista
2423 4884 2655 4952 captiva,
2688 4881 2793 4935 nisi
2823 4883 3059 4937 humana
3089 4892 3300 4952 natura,
3359 4902 3482 4955 quae
3531 4888 3585 4940 in

1988 4974 2242 5048 paradiso
2274 4970 2371 5027 fuit
2401 4971 2589 5042 posita,
2625 4978 2678 5025 et
2708 4985 2848 5025 nunc
2886 4971 2955 5025 ad
3011 4972 3361 5041 perferendas
3414 4974 3583 5043 hujus

1972 5059 2336 5119 mortalitatis
2392 5074 2664 5115 aerumnas
2722 5058 2775 5112 in
2815 5059 2918 5113 hoc
2947 5060 3202 5113 saeculum
3232 5067 3312 5114 est
3368 5060 3585 5132 ligata?

1992 5150 2128 5221 Quae
2156 5156 2236 5205 est
2263 5156 2442 5204 autem
2474 5156 2613 5203 terra
2642 5146 2874 5217 captivae
2895 5146 3069 5215 hujus,
3094 5146 3192 5200 nisi
3208 5149 3583 5219 peregrinatio

1998 5241 2124 5296 vitm
2152 5236 2508 5308 temporalis?
2536 5238 2678 5290 Bene
2709 5235 2889 5307 igitur,
2919 5234 3045 5288 dum
3079 5234 3212 5288 verti
3260 5250 3459 5291 cuneus
3514 5238 3591 5294 di'

1994 5329 2130 5387 citur
2151 5335 2294 5383 terra
2324 5326 2556 5396 captivae
2587 5329 2951 5378 memorantur
2983 5336 2995 5375 :
3026 5320 3153 5393 quia
3181 5323 3408 5397 maligni
3436 5326 3591 5398 spiri-

1993 5427 2078 5475 tus
2104 5417 2160 5471 in
2189 5416 2291 5471 hac
2323 5422 2470 5471 terra
2499 5410 2958 5485 peregrinationis
2983 5418 3180 5467 nostra;
3199 5412 3393 5485 praelia
3409 5424 3593 5474 contra

1992 5522 2094 5565 nos
2124 5518 2346 5562 movere
2374 5509 2637 5575 possunt;
2667 5498 2724 5555 in
2755 5498 2844 5554 illa
2902 5515 3031 5557 vero
3078 5500 3186 5557 vita
3241 5510 3428 5560 nostra
3483 5520 3593 5563 non

2005 5600 2251 5672 possunt.
2284 5592 2392 5653 Sed
2423 5591 2718 5651 electorum
2746 5604 2988 5664 praesens
3016 5591 3357 5653 conversatio
3406 5609 3594 5668 quam-
