4034 6174
440 388 539 440 355

444 483 522 536 vis
554 480 608 533 in
644 480 749 533 hac.
774 471 1110 546 captivitatis
1128 470 1326 529 exsilio
1347 471 1528 543 posita
1543 470 1632 538 sit,
1652 471 1694 524 si
1710 470 1810 524 iter
1832 468 2041 524 termini
2072 470 2121 529 A

440 570 680 640 perfecte
692 565 944 630 custodit,
960 571 1087 634 post
1098 562 1338 617 terminis
1354 562 1511 631 hujus
1523 559 1821 631 angustias,
1837 557 1903 612 ad
1925 556 2046 611 alti-

440 656 679 712 tudinem
698 652 1123 710 immortalitatis
1134 648 1559 721 pervenit.Unde
1572 656 1625 703 et
1641 646 1857 702 termini
1883 646 2045 715 hujus

442 761 596 806 terrae
619 744 742 799 valli
766 740 1075 807 Seboim,id
1115 748 1199 795 est
1236 752 1551 809 caprearum
1592 735 1883 790 imminere
1921 750 2038 804 per-

439 830 708 884 hibentur.
742 827 908 881 Vallis
938 826 1140 896 quippe
1159 837 1498 893 caprearum,
1531 828 1609 874 est
1626 836 1772 875 mors
1791 819 2030 888 pretiosa

436 926 776 973 sanctorum:
808 915 935 985 quia
953 913 1095 967 unde
1125 911 1407 966 moriendo
1431 910 1787 979 deponuntur,
1820 907 1944 961 inde
1972 906 2043 961 ad

441 1005 643 1079 gaudia
672 1012 875 1059 aeterna
905 1001 1278 1056 sublevantur.
1315 1000 1549 1067 Capreas
1578 997 1798 1067 quidem
1838 995 2043 1051 velocia

440 1093 689 1149 animalia
720 1107 861 1159 esse,
887 1099 939 1146 et
970 1104 1200 1161 magnos
1229 1087 1395 1142 saltus
1425 1087 1555 1141 dare
1605 1085 1725 1157 quis
1780 1083 1987 1140 nesciat
2019 1087 2043 1139 ?

443 1184 603 1238 Recte
633 1197 768 1253 ergo
799 1188 1107 1234 sanctarum
1138 1176 1442 1231 animarum
1475 1173 1792 1244 dignitatem
1831 1186 2042 1241 capreas

440 1271 747 1343 designant,
781 1284 900 1338 qua:
933 1267 988 1321 in
1011 1273 1188 1320 morte
1210 1279 1439 1335 corpora
1465 1264 1736 1328 deserunt,
1763 1259 1857 1316 sed
1879 1259 2041 1330 quasi

440 1375 677 1433 magnos
707 1357 875 1411 saltus
904 1355 1115 1420 dantes,
1139 1351 1492 1423 peringentia
1509 1350 1699 1405 merita
1721 1348 1790 1402 ad
1806 1363 2042 1418 superna

441 1462 612 1520 regna
641 1444 1035 1501 conscendunt.
1057 1441 1219 1496 Dicat
1248 1455 1400 1512 ergo,
1436 1439 1562 1508 quia
1594 1437 1857 1493 terminus
1886 1444 2043 1491 terrae

448 1536 682 1607 captivae
712 1531 957 1588 imminet
986 1530 1112 1587 valli
1145 1529 1365 1585 Seboim
1404 1545 1416 1581 :
1452 1527 1576 1597 quia
1631 1525 1729 1581 etsi
1786 1526 2043 1579 damnata

445 1633 528 1680 est
560 1626 796 1677 humana
828 1619 1087 1686 conditio,
1121 1618 1198 1672 sic
1229 1625 1406 1672 tamen
1437 1625 1516 1671 est
1545 1615 1601 1668 in
1630 1614 1727 1669 Dei
1757 1612 1868 1668 ﬁlio
1897 1611 2044 1667 exal-

447 1721 577 1778 tata,
610 1720 666 1764 ut
696 1726 816 1765 cum
848 1709 918 1762 ad
949 1708 1074 1763 vitae
1104 1704 1417 1775 temporalis
1472 1702 1764 1758 terminum
1803 1701 2039 1768 ducitur,

444 1802 499 1854 in
531 1807 705 1855 morte
737 1798 916 1863 datur,
948 1804 1005 1851 ut
1033 1796 1087 1849 in
1118 1803 1336 1849 aeternae
1362 1793 1489 1848 vitae
1517 1790 1887 1848 celsitudinem
1917 1789 2041 1844 sub-
2066 1795 2120 1860 Β

451 1891 687 1943 levatur.
708 1886 1012 1956 Dicatergo
1031 1901 1042 1937 :
1064 1884 1202 1952 Quia
1217 1883 1647 1938 tertiuscuneus
1659 1879 1729 1934 ad
1743 1880 1853 1935 iter
1869 1894 1924 1934 se
1935 1895 2054 1934 ver-

459 1978 530 2032 tit
547 1976 780 2032 termini
795 1977 853 2029 in
874 1981 1021 2028 terra
1040 1989 1140 2042 cap
1151 1973 1422 2042 tivoa,quae
1435 1970 1697 2024 imminet
1714 1968 1851 2022 valli
1863 1981 2055 2038 capre-

456 2082 622 2121 arum
645 2084 661 2118 :
681 2070 739 2117 ut
755 2062 1034 2132 malignos
1048 2059 1264 2130 spiritus
1285 2059 1352 2112 ad
1375 2058 1477 2112 lioc
1497 2056 1789 2111 electorum
1816 2062 2057 2109 extrema

454 2154 599 2208 bona
628 2155 942 2221 pervertere
973 2147 1158 2202 conari
1186 2154 1408 2213 asserat,
1432 2153 1489 2198 ut
1518 2144 1586 2198 ad
1606 2158 1836 2213 superna
1852 2142 2053 2212 gaudia

456 2258 564 2296 non
597 2238 986 2295 conscendant.
1012 2234 1144 2304 Qua:
1175 2235 1337 2289 etiam
1367 2232 1524 2288 vallis
1538 2234 1639 2286 sita
1661 2238 1847 2287 contra
1869 2231 2052 2285 deser-

456 2338 566 2384 tum
598 2326 812 2382 dicitur.
835 2324 977 2394 Quid
1001 2323 1196 2379 deserti
1216 2322 1431 2377 nomine
1453 2320 1711 2387 bocloco,
1758 2319 1858 2373 nisi
1878 2318 2051 2372 infer—
2085 2386 2097 2400 ι

450 2434 578 2474 num
610 2414 1220 2487 accipitur?Desertum
1252 2410 1469 2482 quidem
1516 2418 1660 2464 recte
1713 2408 2048 2480 intelligitur,

449 2506 543 2562 ubi
578 2507 870 2560 electorum
906 2501 1086 2556 nullus
1115 2499 1407 2555 invenitur.
1437 2497 1719 2551 Desertum
1741 2495 1899 2550 etiam
1919 2495 2049 2551 dici-

448 2604 550 2661 tur,
604 2592 655 2646 in
705 2606 811 2660 quo
861 2602 1231 2644 aerumnarum
1282 2585 1472 2641 solatia
1532 2583 1681 2639 nulla
1730 2583 2043 2638 sentiuntur.

448 2681 622 2736 Vallis
653 2694 784 2749 ergo
815 2691 1131 2748 caprearum
1160 2682 1347 2731 contra
1402 2674 1673 2729 desertum
1724 2672 1826 2726 sita
1852 2673 2047 2743 perhi-

449 2770 607 2825 betur
640 2783 653 2822 :
686 2766 813 2836 quia
844 2772 1150 2820 sanctorum
1181 2778 1325 2818 mors
1356 2763 1520 2830 295
1554 2762 1833 2817 diversum
1884 2777 2047 2818 omne

454 2858 524 2912 ad
555 2856 751 2911 inferni
781 2853 993 2909 meritis
1024 2851 1204 2919 habet,
1228 2859 1280 2906 et
1327 2851 1656 2908 conveniens
1712 2850 1939 2921 aliquid,
1996 2857 2050 2905 et

456 2946 687 3016 dignum
714 2941 913 2997 inferni
944 2940 1125 3012 poenis
1151 2954 1259 2994 non
1288 2938 1477 2994 habet.
1517 2937 1775 3010 Sequitur
1802 2953 1815 2992 :

524 3033 706 3103 (Vers.
739 3036 829 3099 20,
861 3033 923 3087 21
938 3030 977 3099 .)
998 3031 1171 3084 Porro
1187 3027 1347 3099 faber
1360 3028 1640 3099 ferrarius
1656 3043 1769 3083 non
1788 3028 2046 3083 invenie-

456 3122 622 3179 batur
638 3121 869 3175 inomni
889 3122 1043 3173 terra
1057 3117 1264 3209 Israel.
1276 3117 1555 3209 caverant
1570 3117 1723 3209 enim
1734 3114 2047 3209 Philistiim
2075 3144 2127 3209 α

452 3227 524 3267 ηε
542 3213 689 3281 [orte
705 3209 964 3278 facerent
980 3205 1193 3261 Hebraei
1207 3204 1461 3274 gladium
1494 3207 1596 3258 aut
1648 3204 1925 3259 lanceam.
1949 3204 2051 3261 De-

452 3297 752 3357 scandebat
764 3310 890 3367 ergo
910 3295 1093 3350 omnis
1114 3292 1294 3348 Israel
1338 3292 1410 3348 ad
1445 3291 1792 3359 Philistiim,
1822 3295 1889 3347 ut
1917 3308 2052 3348 exa-

454 3390 646 3444 eueret
669 3384 1050 3455 unusquisque
1072 3396 1368 3446 vomerem,
1389 3383 1490 3435 aut
1523 3380 1783 3451 ligonem,
1802 3384 1860 3435 et
1886 3395 2052 3436 secu-

450 3480 590 3542 rim,
623 3478 679 3529 et
708 3471 1022 3529 sarculum.

531 3567 618 3618 30.
650 3562 782 3617 Haec
811 3559 1057 3630 profecto
1086 3555 1269 3613 omnia
1310 3554 1704 3626 describuntur,
1750 3563 1805 3610 ut
1859 3554 2053 3620 modus

460 3650 831 3706 subsecuturae
863 3647 1109 3703 victoriae
1137 3645 1454 3700 insinuetur.
1487 3644 1688 3699 Armati
1731 3643 1936 3715 quippe
1982 3643 2051 3698 ab

461 3738 765 3795 inermibus
796 3735 922 3791 victi
952 3743 1094 3804 sunt,
1128 3743 1186 3788 ut
1214 3741 1405 3800 totum,
1458 3732 1600 3803 quod
1651 3732 1897 3801 vincitur,
1928 3748 2053 3788 om-

459 3826 752 3898 nipotentis
778 3825 878 3880 Dei
909 3823 1161 3877 laudibus
1194 3822 1478 3877 tribuatur.
1516 3821 1629 3876 Nos
1656 3829 1835 3876 autem
1865 3821 1908 3875 si
1938 3837 2052 3878 mo-

456 3930 514 3973 re
545 3924 728 3970 nostro
772 3912 1119 3984 spiritualiter
1172 3911 1274 3965 ista
1324 3909 1722 3981 prosequimur,
1779 3910 2053 3982 mysteriis

459 4019 630 4060 vacua
660 4018 766 4057 non
797 4000 1149 4056 inveniemus.
1183 3997 1325 4066 Quid
1355 4005 1435 4052 est
1464 4013 1613 4070 ergo,
1645 3997 1789 4069 quod
1819 3998 2013 4054 dicitur
2041 4013 2055 4054 :

456 4093 632 4149 Faber
646 4092 929 4162 ferrarius
949 4105 1062 4147 non
1087 4088 1484 4145 inveniebatur
1502 4087 1562 4142 in
1583 4086 1760 4142 Israel
1775 4087 1909 4145 :nisi
1926 4086 2052 4159 quia

463 4179 533 4235 ad
563 4176 858 4249 spiritualia
890 4175 1034 4231 bella
1063 4192 1169 4231 non
1200 4192 1298 4246 per
1352 4174 1643 4230 saeculares
1696 4174 1923 4245 litteras,
1956 4175 2054 4231 sed

458 4284 560 4338 per
589 4267 806 4322 divinas
835 4265 1173 4319 instruimur.
1215 4264 1390 4318 Faber
1426 4264 1630 4335 quippe
1685 4263 1943 4319 ferrarius
1998 4265 2053 4319 in

455 4355 620 4411 Israel
652 4370 758 4410 non
788 4353 1076 4419 invenitur,
1108 4351 1237 4423 quia
1283 4350 1470 4406 ﬁdeles
1512 4351 1728 4405 Domini
1782 4352 2049 4419 videntes,

456 4450 568 4498 arte
597 4441 872 4496 saecularis
901 4440 1136 4495 scicntia!
1161 4447 1347 4494 contra
1370 4438 1648 4509 malignos
1676 4438 1894 4507 spiritus
1950 4454 2052 4494 ne-

462 4545 736 4600 quaquam
764 4527 1093 4599 praaliantur.
1128 4526 1288 4580 Fabri
1319 4539 1555 4596 namque
1583 4532 1695 4580 arte
1725 4526 1887 4594 adjuti
1930 4526 2056 4581 vin-

457 4625 664 4683 cerent,
698 4616 741 4670 si
772 4616 1050 4671 saecularis
1081 4614 1411 4686 eloquentiae
1439 4613 1647 4682 iaculis,
1681 4613 1902 4668 occultis
1930 4615 2054 4670 hos-

455 4705 596 4759 tibus
623 4704 1003 4774 praavalerent.
1027 4703 1162 4772 Quae
1181 4702 1425 4773 profecto
1481 4702 1819 4758 saecularium
1873 4702 2048 4759 libro-

455 4808 576 4848 rum
606 4792 853 4858 eruditio,
887 4798 943 4847 et
971 4792 1017 4846 si
1051 4809 1146 4861 per
1186 4792 1531 4862 semetipsum
1590 4792 1659 4846 ad
1718 4792 2051 4862 spiritualcm

459 4888 780 4937 sanctorum
811 4879 1120 4937 conﬂictum
1150 4895 1258 4935 non
1286 4880 1532 4949 prodest,
1560 4881 1608 4935 si
1637 4880 1850 4936 devium
1898 4880 2052 4936 Scri-

457 4977 629 5042 ptura:
653 4967 1025 5040 conjungitur,
1057 4967 1309 5038 ejusdem
1343 4968 1632 5038 Scriptura:
1645 4969 1871 5025 scientia
1889 4969 2058 5024 subti-

458 5058 564 5115 lius
588 5057 855 5114 eruditur.
888 5056 976 5112 Ad
1006 5057 1109 5113 hoc
1139 5057 1359 5127 quidem
1387 5065 1592 5113 tantum
1623 5056 1884 5114 liberales
1911 5066 2056 5114 artes

460 5146 734 5203 discendae
763 5154 907 5215 sunt,
938 5153 995 5200 ut
1023 5162 1123 5216 per
1151 5145 1559 5202 instructionem
1595 5145 1815 5203 illarum
1871 5145 2055 5202 divina

454 5235 671 5307 eloquia
702 5234 951 5290 subtilius
980 5234 1381 5306 intellegantur.
1413 5236 1457 5288 A
1486 5233 1866 5290 nonnullorum
1922 5249 2053 5290 cor-

458 5323 619 5379 dibus
639 5323 882 5379 discendi
914 5321 1245 5378 desiderium
1277 5321 1500 5394 maligni
1533 5322 1753 5393 spiritus
1807 5321 2003 5379 tollunt
2033 5339 2046 5377 :

448 5419 511 5466 ut
540 5418 592 5468 et
620 5412 899 5468 saecularia
930 5412 1190 5481 nesciant,
1223 5418 1274 5467 et
1303 5410 1374 5467 ad
1405 5410 1792 5468 sublimitatem
1831 5411 2049 5483 spirita-

460 5496 592 5555 lium
626 5513 737 5555 non
766 5499 1094 5573 pertingant.
1128 5499 1271 5557 Bene
1297 5514 1429 5574 ergo
1461 5499 1658 5557 dicitur
1685 5517 1700 5558 :
1762 5498 2049 5560 Caverant

522 5620 602 5696 (a)
630 5619 821 5693 Gilot.,
851 5622 1076 5683 dicendi
1099 5624 1358 5685 sublimis
1375 5623 1410 5683 i’

1628 364 1874 428 SANCTI
1923 360 2263 427 GREGORII
2320 362 2545 426 MAGNI

2152 467 2475 524 Philistiim
2488 484 2560 525 ne
2570 471 2718 539 forte
2728 470 2986 540 facerent
3002 466 3215 525 Hebr-mi
3225 468 3490 539 gladium,
3506 474 3554 525 et
3583 471 3698 533 12η,-

2152 573 2330 613 ceam.
2353 560 2549 627 Aperte
2577 557 2797 627 quidem
2829 558 3100 613 daamones
3118 559 3310 623 sciunt,
3335 557 3457 628 quia
3485 558 3602 612 dum
3624 576 3706 614 sae-

2150 645 2423 701 cularibus
2450 645 2640 701 litteris
2668 646 2995 714 instruimur,
3027 647 3083 701 in
3109 645 3466 717 spiritualibus
3490 647 3706 716 adjuva-

2150 750 2291 788 mur.
2326 734 2456 788 Cum
2480 750 2613 806 ergo
2633 750 2732 789 nos
2747 750 2812 789 ea
2828 734 3034 789 discere
3055 733 3392 800 dissuadent,
3415 734 3537 805 quid
3556 733 3711 801 aliud,

2151 838 2311 894 quam
2342 839 2411 877 ne
2440 822 2681 878 lanceam
2712 831 2803 877 aut
2832 823 3078 895 gladium
3109 822 3368 877 faciamus
3388 823 3714 892 pne-cavent?

2149 911 2307 967 Dicat
2335 926 2466 982 ergo
2496 912 2771 976 historica,
2796 920 2851 967 et
2879 911 3115 966 studium
3146 910 3434 966 electorum
3471 913 3716 980 prepheta

2150 999 2403 1065 insinuet,
2436 1008 2490 1055 et
2519 1008 2758 1069 exponat
2789 1019 2801 1054 :
2836 1000 3212 1056 Descendebat
3230 1000 3403 1054 Israel
3431 999 3502 1053 ad
3529 999 3717 1054 Philis-

2152 1089 2300 1157 tiim,
2320 1091 2385 1144 ut
2402 1092 2708 1144 exacueret
2723 1090 3106 1160 unusquisque
3128 1104 3401 1143 vomerem
3422 1102 3603 1155 suum,
3623 1091 3717 1143 aut

2151 1176 2414 1246 ligonem.
2437 1176 2523 1232 Ad
2543 1176 2846 1232 Philistaeos
2867 1176 3269 1244 descendimus,
3293 1175 3507 1247 quando
3522 1174 3588 1228 ad
3608 1175 3717 1229 dis-

2147 1264 2352 1320 cendos
2379 1264 2669 1320 saeculares
2698 1265 2866 1320 libros
2893 1264 3131 1319 animum
3162 1264 3502 1319 inclinamus.
3532 1263 3598 1318 Et
3624 1263 3717 1318 de-

2147 1369 2368 1409 scensus
2381 1354 2598 1422 dicitur,
2622 1354 2749 1424 quia
2768 1353 3070 1408 Christiana
3094 1352 3410 1423 simplicitas
3428 1352 3482 1406 in
3502 1352 3607 1406 alto
3625 1359 3718 1406 est.

2150 1441 2259 1497 Sed
2289 1442 2419 1514 quid
2477 1449 2580 1510 est,
2639 1441 2786 1514 quod
2840 1442 3131 1496 saeculares
3185 1441 3378 1496 litterae
3406 1440 3648 1496 dicuntur
3672 1440 3723 1495 in

2150 1529 2312 1600 plano
2341 1546 2478 1597 esse,
2536 1531 2732 1586 modus
2759 1545 2888 1585 vero
2919 1530 2995 1600 (a)
3026 1529 3256 1585 docendi
3285 1528 3576 1584 sublimis?
3597 1526 3726 1597 Quia

2148 1632 2273 1674 cum
2303 1618 2547 1674 cmlestia
2576 1619 2725 1673 nulla
2754 1626 2991 1685 narrent,
3028 1626 3082 1673 et
3110 1618 3249 1673 miro
3277 1617 3500 1673 dicendi
3544 1617 3726 1672 ordine

2149 1723 2272 1778 qua
2302 1716 2692 1777 proponuntur,
2722 1707 3011 1778 explicant,
3044 1714 3097 1760 et
3124 1706 3398 1761 narrando
3438 1705 3728 1760 subliman-

2151 1803 2255 1861 tur,
2288 1804 2341 1849 et
2371 1794 2446 1866 (b)
2477 1795 2715 1851 carnalia
2741 1796 2975 1851 dicendo
3006 1795 3371 1867 deponuntur.
3407 1793 3578 1864 Quem
3605 1809 3731 1863 pro-

2159 1883 2302 1939 fecto
2333 1883 2566 1952 dicendi,
2599 1884 2717 1939 sive
2744 1884 3081 1956 intelligendi
3113 1884 3336 1939 modum
3372 1883 3464 1955 qui
3496 1883 3633 1938 scire
3661 1897 3748 1953 ap-

2158 1970 2310 2041 petit,
2344 1971 2633 2027 descendat
2660 1973 2727 2027 ad
2759 1973 3065 2039 Philistiim,
3098 1988 3381 2027 vomerem
3416 1980 3469 2027 et
3516 1970 3749 2038 ligonem

2159 2065 2338 2124 acuat,
2371 2068 2429 2114 ut
2457 2060 2528 2115 ad
2558 2061 2895 2115 smeularium
2923 2062 3085 2115 etiam
3107 2061 3351 2115 carnalia
3373 2059 3643 2113 audienda
3666 2057 3753 2112 de-

2157 2154 2408 2217 ponatur,
2445 2148 2533 2219 qui
2565 2164 2750 2203 eorum
2784 2149 3089 2218 eloquentia
3117 2148 3313 2201 instrui
3362 2147 3576 2219 penitus
3631 2146 3753 2200 niti-

2158 2244 2262 2290 tur.
2293 2235 2444 2292 Hanc
2474 2239 2674 2308 quippe
2704 2237 3019 2292 saecularem
3068 2235 3358 2291 scientiam
3419 2235 3757 2305 omnipotens

2156 2324 2304 2379 Deus
2326 2325 2379 2378 in
2412 2324 2576 2394 plano
2607 2325 2932 2395 anteposuit,
2966 2333 3021 2380 ut
3050 2324 3209 2380 nobis
3240 2322 3580 2379 ascendendi
3634 2337 3759 2394 gra-

2157 2411 2288 2467 dum
2317 2412 2541 2479 faceret,
2573 2413 2663 2482 qui
2695 2428 2794 2468 nos
2826 2413 2893 2467 ad
2924 2413 3118 2468 divinae
3162 2412 3466 2482 Scriptura:
3523 2409 3759 2465 altitudi-

2155 2516 2278 2555 nem
2307 2500 2490 2556 levare
2518 2500 2815 2556 debuisset.
2837 2501 3049 2557 Idcirco
3065 2517 3183 2556 eam
3200 2501 3549 2571 praemittere
3576 2499 3759 2565 voluit,

2155 2589 2298 2643 utin
2336 2589 2458 2659 ipsa
2512 2605 2612 2644 nos
2667 2590 2957 2645 instrueret
3011 2588 3079 2643 ad
3139 2589 3456 2660 spiritualia
3517 2585 3759 2641 transire.

2154 2676 2307 2733 Unde
2336 2682 2390 2733 et
2418 2668 2650 2749 Moyses,
2693 2678 2783 2748 qui
2841 2677 2997 2733 nobis
3049 2678 3358 2733 divinorum
3419 2675 3762 2747 eloquiorum

2154 2765 2423 2836 principia
2452 2766 2636 2835 edidit,
2670 2782 2780 2821 non
2813 2767 2959 2837 prius
2988 2766 3171 2821 divina
3197 2766 3415 2835 didicit,
3450 2766 3551 2820 sed
3587 2774 3643 2819 ut
3670 2779 3763 2817 ca-

2153 2869 2308 2925 pere,
2340 2854 2428 2911 vel
2455 2856 2757 2926 exprimere
2788 2855 2967 2912 divina
3006 2862 3209 2925 posset,
3266 2855 3326 2908 in
3388 2853 3544 2909 omni
3600 2852 3768 2924 Egy-

2154 2942 2388 3013 ptiorum
2417 2943 2638 2998 scientia
2669 2942 2855 2998 rudem
2913 2942 3132 2997 animun
3188 2941 3535 2997 informavit.
3598 2940 3770 2994 Isaias

2154 3030 2319 3086 etiam
2345 3031 2626 3102 prophetis
2657 3030 2777 3085 aliis
2805 3031 3142 3101 eloquentior
3171 3029 3346 3085 extitit
3380 3047 3394 3084 :
3457 3029 3591 3100 quia
3649 3041 3771 3095 nec,

2155 3126 2215 3173 ut
2241 3118 2503 3174 Jeremias
2531 3118 2890 3186 Anatbotites,
2922 3134 3041 3186 nec,
3074 3126 3132 3172 ut
3162 3121 3336 3172 Amos
3387 3115 3773 3183 armentarius,

2159 3205 2255 3262 sed
2286 3206 2539 3263 nobiliter
2566 3206 2855 3262 instructus
2885 3214 3048 3277 atque
3095 3206 3336 3261 urbanus
3388 3204 3518 3260 fuit.
3580 3202 3779 3259 Paulus

2160 3310 2374 3367 quoque
2401 3312 2496 3352 vas
2525 3295 2804 3351 electionis
2824 3302 2950 3349 ante
2980 3294 3049 3349 ad
3079 3292 3402 3350 Gamalielis
3451 3293 3630 3365 pedes
3686 3292 3776 3346 in-

2160 3383 2405 3454 struitur,
2438 3400 2599 3456 quam
2622 3383 2862 3455 rapiatur
2890 3382 2945 3437 in
2970 3382 3313 3454 paradisum,
3377 3382 3472 3440 vel
3519 3381 3599 3437 ad
3656 3378 3783 3437 οωιί

2160 3472 2303 3527 tertii
2333 3472 2670 3528 altitudinem
2700 3470 3011 3527 sublevetur
3029 3471 3174 3541 (Act.
3207 3470 3370 3541 xm).
3409 3471 3482 3526 Et
3511 3470 3640 3526 ideo
3672 3469 3781 3524 for-

2156 3569 2301 3619 tasse
2323 3576 2423 3631 per
2437 3560 2740 3616 doctrinam
2759 3559 2921 3628 295
2937 3557 3056 3613 aliis
3066 3558 3332 3628 apostolis
3355 3558 3627 3614 excellit:
3652 3556 3782 3628 quia

2157 3649 2366 3705 futurus
2393 3648 2447 3702 in
2474 3647 2816 3712 cmlestibus,
2848 3655 3055 3702 terrena
3075 3648 3225 3718 prius
3246 3647 3538 3703 studiosus
3569 3646 3781 3703 didiCit.

2231 3739 2317 3792 31.
2351 3736 2460 3792 Sed
2485 3737 2621 3806 jam,
2652 3744 2710 3791 ut
2738 3735 2987 3803 arbitror,
3045 3735 3305 3790 ruralium
3366 3736 3779 3791 instrumento-

2157 3843 2276 3882 rum
2302 3824 2659 3897 proprietates
2686 3822 3037 3895 spiritualiter
3062 3823 3424 3894 exquirenda:
3453 3831 3608 3879 sunt.
3643 3821 3793 3893 Quid

2158 3930 2290 3988 ergo
2318 3914 2375 3968 in
2406 3929 2645 3982 vomere,
2678 3913 2768 3985 qui
2800 3911 3170 3983 praeeuntibus
3189 3910 3374 3967 bobus
3393 3912 3662 3980 trahitur,
3686 3910 3790 3964 nisi

2158 4002 2381 4059 affectus
2409 4002 2647 4075 geminae
2677 4001 2950 4056 charitatis
2971 4000 3320 4055 insinuatur?
3353 4000 3428 4056 Et
3457 4000 3601 4072 quid
3632 4000 3691 4056 in
3720 3999 3794 4054 li-

2158 4107 2322 4165 gone,
2357 4107 2463 4163 quo
2493 4090 2642 4146 solus
2671 4088 2897 4163 quisque
2926 4088 2980 4144 in
3010 4088 3127 4161 agri
3175 4088 3395 4144 cultura
3458 4096 3791 4150 exercetur,

2158 4181 2262 4236 nisi
2292 4179 2527 4251 privatas
2557 4179 2683 4235 vitae
2715 4177 2949 4233 studium
2976 4175 3322 4234 ostenditur?
3355 4177 3616 4247 Quidam
3644 4191 3800 4234 nam-

2159 4284 2263 4339 que
2294 4276 2346 4324 et
2376 4268 2515 4322 dites
2543 4275 2597 4322 et
2626 4266 2794 4321 fortes
2819 4266 3069 4321 ruricolae
3099 4266 3153 4321 in
3185 4264 3574 4322 bobus'arant
3610 4285 3623 4321 :
3669 4265 3798 4337 quia

2159 4363 2212 4412 et
2237 4356 2528 4412 Dominum
2552 4354 2766 4410 fortiter
2794 4354 3045 4427 diligunt,
3078 4362 3132 4410 ct
3158 4370 3258 4425 per
3290 4353 3619 4411 fraternum
3637 4369 3804 4411 amo-

2164 4460 2276 4499 rem
2308 4445 2607 4498 animarum
2638 4442 2799 4498 lucris
2826 4443 3140 4514 diligentius
3186 4442 3515 4498 intendunt.
3580 4445 3804 4501 Vome-

2167 4548 2280 4586 rem
2314 4532 2480 4601 igitur
2506 4531 2647 4602 apud
2678 4530 3081 4586 Philistinorum
3109 4529 3296 4585 fabros
3340 4540 3599 4587 acuunt:
3665 4532 3803 4603 quia

2161 4628 2360 4675 sancta:
2391 4618 2792 4690 praedicationis
2820 4618 3055 4673 studium
3087 4618 3154 4673 de
3185 4618 3450 4675 smculari
3470 4620 3805 4676 eruditione

2163 4715 2510 4778 componunt.
2539 4705 2799 4761 Nonnulli
2827 4722 2979 4775 vero,
3003 4714 3061 4761 ut
3089 4722 3380 4777 pauperes,
3410 4708 3620 4780 ligone
3640 4717 3805 4763 utun-

2164 4804 2251 4850 tur
2284 4795 2448 4867 :quia
2477 4796 2565 4865 qui
2594 4795 2663 4848 ad
2686 4794 2971 4849 lucrandas
2997 4794 3223 4848 aliorum
3278 4794 3520 4851 animas
3576 4814 3646 4854 se
3691 4812 3809 4853 non

2158 4899 2324 4954 posse
2352 4882 2602 4939 sufficere
2622 4881 2966 4949 arbitrantur,
2998 4881 3099 4936 sibi
3152 4881 3282 4937 solis
3335 4897 3467 4938 non
3534 4885 3811 4941 desinunt

2161 4987 2471 5045 praeparare
2502 4971 2570 5025 de
2598 4970 2895 5026 aeternitate
2925 4969 3069 5042 quod
3098 4978 3339 5039 possunt.
3377 4971 3572 5029 Velut
3612 4974 3817 5047 ligone

2161 5060 2389 5132 quisque
2416 5076 2607 5115 eorum
2636 5059 2801 5114 utitur
2830 5076 2842 5112 :
2871 5059 2999 5131 quia
3020 5074 3209 5129 agrum
3231 5074 3341 5114 suae
3366 5063 3598 5117 mentis
3610 5063 3814 5119 divino

2159 5149 2323 5206 cultui
2353 5162 2662 5220 praeparare
2692 5162 2800 5202 non
2830 5147 3102 5202 desinunt.
3126 5148 3193 5202 Et
3221 5146 3349 5217 quia
3381 5148 3451 5203 in
3484 5150 3609 5207 hoc
3639 5151 3822 5208 etiam

2161 5239 2386 5310 privatae
2405 5236 2531 5293 vitae
2561 5235 2743 5291 studio
2774 5235 2930 5290 valde
2957 5235 3061 5290 sibi
3090 5235 3368 5291 saecularis
3387 5239 3662 5296 eruditio
3686 5255 3821 5311 pro-

2159 5327 2298 5395 dest,
2330 5326 2592 5399 ligonem,
2625 5323 2753 5379 dum
2773 5324 3002 5379 docetur
3031 5324 3275 5379 exacuit:
3296 5324 3441 5394 quia
3468 5326 3535 5382 in
3556 5330 3826 5402 propria

2156 5415 2284 5471 vitae
2312 5414 2490 5470 studio
2519 5413 2766 5470 eruditus
2797 5428 3028 5485 qumque
3056 5411 3304 5467 subtilius
3333 5410 3643 5473 intendit.
3709 5419 3824 5475 Sec

2155 5503 2268 5559 Curi
2301 5510 2482 5560 autem
2511 5518 2621 5560 non
2650 5511 2848 5559 terram
2878 5500 3137 5570 fodimus,
3166 5499 3261 5557 sed
3290 5515 3503 5560 ramos
3537 5504 3832 5565 arborum

2217 5626 2296 5703 (b)
2307 5625 2475 5684 Gilot.
2490 5633 2545 5684 et
2559 5624 2757 5697 Vatic.,
2768 5628 2828 5685 et
2838 5624 3100 5684 carnalia
3113 5619 3355 5686 docendi
3368 5623 3827 5704 deponuntur.
