4034 6174
301 335 386 393 357
1103 331 1177 390 IN
1216 335 1484 391 PRIMUM
1524 330 1769 391 REGUM
1808 320 2354 391 EXPOSITIONES.
2402 365 2469 377 —
2508 329 2623 390 LIB
2660 330 2726 392 ν.

3468 351 3568 402 358

307 463 671 518 detruncamus.
706 459 847 528 Quid
877 476 1010 531 ergo
1041 460 1186 515 aliud
1207 461 1385 533 signat
1407 461 1632 527 securis,
1651 458 1753 513 nisi
1776 474 1865 512 zc-
1892 456 1946 519 A
1982 458 2185 512 erudita
2221 474 2321 528 per
2337 459 2638 529 scientiam,
2671 463 2953 534 purgenda
2980 479 3086 519 non
3116 464 3280 521 videt.
3333 468 3487 523 Unde
3516 479 3569 526 et

297 551 387 605 lum
437 549 582 603 bona:
628 549 987 603 aemulationis
1016 550 1044 600 εἲ
1076 550 1214 602 Nam
1244 550 1458 619 quando
1489 550 1560 604 ad
1589 548 1855 602 imitanda

293 638 539 694 meliorum
561 637 813 707 exempla
840 639 1234 703 succendimur,
1291 637 1437 692 velut
1464 652 1646 691 ramos
1701 635 1857 690 nobis

293 727 567 793 incidimus,
592 725 790 794 quibus
822 726 1002 796 ignem
1034 726 1377 795 depellendis
1398 726 1746 796 negligentiae
1763 741 1856 779 no-

293 825 396 870 stra:
422 813 705 885 frigoribus
726 815 1043 868 nutriamus.
1071 815 1224 869 Hanc
1244 830 1494 869 securem
1541 830 1640 868 nos
1670 821 1856 868 tenere

290 904 456 958 Paulus
483 902 759 971 apostolus
771 903 1031 972 praecipit,
1057 902 1276 957 dicens:
1304 903 1855 958 Bonumwmulami-

287 994 339 1047 ni
363 994 417 1046 in
442 992 577 1047 bono
593 1006 788 1046 omnes
806 992 951 1059 (Gal.
973 1008 1044 1058 tv,
1063 992 1170 1060 18).
1205 991 1340 1059 Quae
1371 991 1622 1045 nimirum
1651 991 1856 1045 securis

284 1084 462 1135 acuitur
491 1096 503 1132 :
537 1079 661 1149 quia
691 1079 884 1133 eruditi
916 1078 1124 1148 fideles,
1156 1081 1293 1135 sicut
1323 1080 1519 1135 melius
1555 1085 1859 1152 agnoscunt

284 1168 503 1237 exempla
529 1166 798 1233 fidelium,
831 1168 904 1221 ita
932 1176 985 1221 et
1012 1167 1308 1224 ferventius
1336 1169 1535 1222 imitari
1565 1167 1854 1236 concupis-

283 1265 405 1313 cunt.
464 1254 755 1310 Surculum
787 1256 900 1310 sive
932 1257 1133 1310 tridens
1162 1256 1416 1311 subtilius
1457 1264 1649 1311 terram
1682 1256 1852 1318 fodit;

284 1346 347 1400 ita
370 1354 420 1399 ut
445 1359 555 1399 non
586 1353 694 1398 tam
725 1344 933 1408 fodere,
960 1361 1122 1414 quam
1154 1345 1418 1415 scalpere,
1442 1353 1491 1399 et
1508 1344 1699 1415 glebas
1718 1360 1854 1399 con-

283 1433 494 1503 fn'ngore
513 1440 894 1504 cognoscatur.
924 1431 1066 1500 Quid
1096 1448 1196 1501 per
1214 1432 1320 1488 hoc
1342 1431 1542 1487 tridens
1561 1433 1854 1500 sarculum,

280 1522 367 1575 nisi
396 1521 565 1575 virtus
612 1520 959 1575 discretionis
988 1521 1307 1590 exprimitur
1334 1523 1361 1574 ‘?
1393 1523 1493 1576 Per
1520 1537 1681 1592 quam
1711 1530 1857 1576 certe

281 1610 394 1663 dum
423 1616 562 1675 acta,
598 1608 685 1662 vel
715 1607 930 1678 agenda
951 1608 1135 1662 subtili
1166 1609 1599 1664 consideratione
1628 1609 1855 1665 discuti-

280 1714 397 1764 mus,
424 1695 576 1753 velut
604 1696 848 1750 serenda:
880 1704 1036 1750 terra;
1068 1701 1270 1751 nostrae
1313 1696 1505 1767 glebas
1534 1696 1589 1751 in
1644 1705 1854 1752 tenuem

1961 545 2019 598 in
2082 554 2207 616 typo
2235 548 2569 603 eruditorum
2624 550 2970 618 prtelatorum
3008 551 3149 607 bene
3176 554 3521 626 subjungitur
3553 577 3566 612 :

1999 634 2548 708 (Vers.22.)Cumque
2560 639 2803 693 uenisset
2815 637 2934 695 dies
2943 642 3269 710 prcelii,non
3286 650 3369 699 est
3382 646 3572 703 inven-

1968 727 2061 775 tus
2078 726 2314 785 ensis,et
2327 726 2524 780 lancea
2537 728 2599 780 in
2615 742 2787 780 manu
2805 729 2978 781 totius
2990 731 3180 799 populi
3195 733 3288 802 qui
3300 738 3423 788 erat
3436 751 3565 791 cum

1982 809 2119 863 Saul
2133 813 2699 883 etJonatha,earcepto
2714 813 2861 868 Saul
2873 820 2929 869 et
2940 817 3183 872 Jonalha
3193 820 3311 886 ﬁlio
3322 822 3464 882 eius.

2034 901 2122 951 33.
2153 898 2295 965 Quid
2324 915 2423 969 per
2455 900 2722 969 lanceam,
2756 902 2861 955 nisi
2892 912 3195 958 sanctorum
3234 909 3562 975 praedicato-

1970 1001 2086 1039 rum
2118 995 2274 1040 acuta
2302 989 2647 1056 providentia
2676 990 2929 1059 accipitur
2953 992 2981 1043 ‘I
3002 992 3073 1047 Et
3090 994 3218 1062 quid
3240 1010 3338 1064 per
3356 1012 3562 1067 ensem,

1967 1074 2068 1127 nisi
2101 1089 2285 1129 eorum
2315 1075 2687 1149 intelligentiae
2715 1078 2982 1133 subtilitas
3011 1079 3447 1138 demonstratur?
3468 1088 3567 1142 Per

1970 1162 2215 1217 lanceam
2234 1164 2435 1236 quippe
2464 1166 2625 1236 longe
2647 1166 2802 1221 nobis
2814 1176 2936 1222 ante
2955 1167 3164 1238 objecta
3184 1172 3557 1239 perfodimus.

1975 1252 2076 1304 Per
2105 1266 2285 1307 ensem
2318 1269 2451 1308 vero
2479 1253 2659 1323 vicini,
2691 1263 2741 1309 et
2764 1255 2876 1310 fere
2903 1258 3175 1327 conjuncti
3205 1260 3361 1315 nobis
3383 1264 3568 1320 hostes

1975 1339 2325 1395 trucidantur.
2359 1342 2509 1396 Bene
2539 1358 2672 1413 ergo
2701 1341 2754 1396 in
2774 1343 2985 1411 lancea,
3018 1347 3358 1416 providentia
3375 1351 3567 1408 electo-

1966 1443 2086 1480 rum
2116 1428 2431 1496 ostenditur,
2450 1444 2550 1499 per
2579 1445 2739 1502 quam
2762 1433 3003 1487 occultos
3037 1434 3217 1490 hostes
3236 1439 3561 1507 percutiunt,

1964 1523 2253 1585 antequam
2285 1516 2527 1572 vicinum
2558 1533 2746 1573 eorum
2790 1520 3053 1589 impetum
3109 1526 3399 1593 patiantur.
3422 1527 3564 1582 Dum

1965 1601 2107 1655 enim
2140 1604 2345 1658 futuras
2360 1605 2675 1661 daemonum
2700 1607 2924 1662 insidias
2941 1611 3186 1666 cavendo
3198 1616 3559 1684 praeveniunt,

1967 1689 2113 1744 velut
2142 1707 2173 1744 a
2212 1692 2376 1762 longe
2403 1692 2594 1749 lancea
2635 1693 2851 1760 feriunt,
2885 1711 3111 1765 quorum
3168 1699 3375 1756 vicinos
3405 1704 3560 1759 exci-

274 1786 524 1853 pulverem
587 1784 1015 1853 complanamus.
1059 1784 1217 1852 Quod
1276 1785 1521 1854 profecto
1575 1787 1845 1840 sarculum

1961 1793 2092 1846 pere
2123 1778 2260 1833 ictus
2293 1781 2501 1835 nolunt.
2535 1782 2689 1837 Unde
2716 1794 2769 1836 et
2814 1783 3007 1839 beatus
3040 1787 3230 1842 Paulus
3287 1793 3565 1859 apostolus

275 1872 451 1926 tridens
500 1873 782 1939 asset-itur,
845 1873 974 1942 quia
1003 1873 1085 1928 vis
1113 1872 1456 1928 discretionis
1509 1888 1618 1927 non
1674 1873 1849 1928 solum

279 1962 488 2032 agenda,
510 1961 618 2016 sed
647 1962 809 2014 etiam
838 1961 1219 2032 cogitanda,et
1256 1961 1523 2031 loquenda
1552 1962 1846 2031 componit.

270 2054 306 2104 Α
331 2066 481 2104 manu
502 2049 753 2119 quidem,
806 2051 990 2113 corde,
1025 2058 1076 2103 et
1106 2050 1292 2120 lingua
1320 2057 1513 2104 cuncta
1540 2050 1703 2104 noxia
1758 2064 1849 2103 re-

273 2145 392 2191 serat
420 2153 433 2201 ;
464 2147 520 2192 ut
549 2152 763 2204 semen,
796 2138 941 2207 quod
973 2146 1125 2193 terrae
1155 2138 1351 2192 mentis
1366 2149 1565 2193 nostra:
1594 2138 1849 2193 commit-

272 2226 426 2291 timus,
474 2227 709 2281 uberem
760 2226 990 2281 fructum
1033 2225 1189 2280 ferat.
1223 2231 1359 2295 Apte
1388 2227 1568 2296 itaque
1605 2226 1802 2281 dicitur
1830 2244 1849 2281 :

270 2314 627 2369 Descendebat
666 2316 851 2369 omnis
867 2314 1050 2370 Israel
1085 2313 1157 2368 ad
1177 2313 1512 2378 Philisttim,
1543 2319 1608 2371 ut
1627 2331 1846 2372 exacu-

266 2407 367 2457 eret
383 2403 772 2475 unusquisque
784 2418 1061 2459 vonterem
1077 2418 1267 2469 suum,
1289 2404 1556 2473 ligonem,
1570 2420 1848 2472 securem,

269 2494 609 2548 etsarculum
629 2511 647 2545 :
665 2490 793 2562 quia
812 2488 1060 2545 aﬂ'ectum
1083 2491 1317 2562 geminae
1339 2492 1642 2560 charitatis,
1666 2493 1849 2562 priva-

267 2585 324 2632 ta:
348 2579 463 2635 vitae
509 2558 779 2646 studium,
837 2578 1032 2633 alienae
1088 2558 1436 2648 perfectionis
1490 2558 1738 2651 exempla
1795 2580 1850 2634 in

263 2681 395 2721 sacro
411 2666 881 2738 eloquiolegimus
903 2668 1031 2722 :sed
1051 2667 1299 2737 ejusdem
1323 2668 1465 2723 sacri
1485 2668 1685 2740 eloquii
1713 2684 1847 2738 pro-

267 2753 564 2810 funditatem
588 2764 878 2824 penetrare
896 2754 1075 2826 ignari
1089 2755 1368 2810 saecularis
1386 2755 1626 2812 scientiae
1640 2773 1747 2812 non
1759 2773 1847 2812 va-

268 2841 438 2897 lemus.
472 2845 632 2900 Unde
653 2852 709 2899 et
737 2843 1129 2900 rationabiliter
1155 2843 1515 2913 subinferens,
1548 2845 1622 2899 ait
1654 2863 1668 2900 :

331 2932 477 2998 (Vers
489 2973 503 2986 .
543 2936 613 2988 2-1
633 2973 646 2986 .
660 2933 682 3003 )
695 2929 1112 3004 Retuswitaque
1126 2937 1293 2994 erant
1310 2934 1459 2990 acies
1471 2949 1777 3003 vomerum,
1794 2940 1852 2992 et

259 3019 513 3090 ligonum,
549 3026 615 3078 et
645 3025 954 3088 securium,
985 3026 1044 3078 et
1077 3022 1438 3088 tridentium,
1459 3039 1635 3095 usque
1653 3025 1725 3079 ad
1739 3027 1849 3080 stt-

254 3109 452 3164 mulum
483 3110 914 3180 corrigendum.

310 3196 396 3252 3%.
433 3199 557 3253 Non
591 3198 854 3253 dicuntur
884 3199 1027 3255 acies
1048 3199 1346 3270 replicate,
1380 3208 1470 3256 aut
1492 3200 1684 3257 attritas
1708 3202 1839 3258 :sed

251 3292 442 3341 retusae.
476 3287 627 3341 Nam
660 3286 711 3340 si~
737 3287 1012 3356 replicata:
1042 3296 1238 3355 essent,
1272 3288 1357 3344 vel
1388 3290 1839 3358 attritae,omnino

247 3372 365 3426 nihil
392 3375 726 3430 inciderent.
762 3375 958 3430 Retusa
988 3392 1114 3433 vero
1142 3379 1306 3445 acies,
1338 3378 1436 3433 etsi
1467 3379 1838 3435 celeriternon

250 3458 418 3516 incidit
444 3463 657 3531 omnia,
692 3463 946 3532 quaedam
976 3464 1191 3535 objecta
1219 3466 1274 3519 in
1303 3481 1458 3521 mora
1513 3466 1717 3521 laboris
1744 3483 1838 3522 se-

250 3555 337 3604 cat.
369 3550 459 3607 Sic
487 3551 752 3605 nimirum
782 3560 905 3606 sunt
933 3553 1097 3607 corda
1125 3553 1473 3623 simplicium,
1492 3571 1614 3625 quae
1645 3555 1689 3609 si
1705 3555 1840 3609 sub-

255 3637 403 3692 tiliter
421 3639 732 3708 spiritualia
752 3655 861 3694 non
880 3640 1215 3712 intelligunt,
1240 3641 1314 3711 (a)
1335 3643 1463 3696 dum
1496 3652 1671 3698 tamen
1689 3645 1841 3699 tarde

255 3727 483 3794 quadam
538 3728 876 3799 intelligunt,
914 3729 1198 3784 aeuitatem
1230 3730 1439 3802 ingenit
1493 3746 1601 3786 non
1629 3740 1842 3787 acutam

255 3812 455 3883 habent,
487 3816 589 3871 sed
623 3825 881 3870 retusam.
930 3817 1090 3887 Saepe
1121 3818 1265 3872 enim
1296 3818 1559 3875 discutere
1613 3820 1844 3875 obscura

254 3901 422 3957 volunt
452 3923 466 3968 ;
498 3904 599 3959 sed
630 3904 760 3958 dum
792 3905 887 3962 vix
910 3906 1001 3960 diu
1023 3906 1315 3977 cogitando
1333 3907 1400 3961 ad
1421 3923 1486 3962 ea
1515 3907 1706 3977 etiam,
1724 3925 1844 3979 quae

250 4000 357 4044 sunt
382 4001 599 4061 aperta,
663 3993 1003 4063 perveniunt,
1034 3993 1181 4049 veiut
1208 4003 1385 4050 retusa
1412 3995 1527 4051 acie
1582 3996 1843 4052 morando

250 4076 491 4135 incidunt.
526 4080 695 4149 Quod
723 4089 869 4137 certe
895 4096 1004 4136 non
1034 4082 1209 4137 solum
1237 4084 1392 4152 297
1425 4082 1479 4137 in
1510 4084 1841 4139 occultissa-

246 4168 522 4224 cramentis
556 4168 967 4239 Scripturarum
1009 4170 1324 4237 ostenditur,
1356 4170 1452 4226 sed
1483 4170 1645 4226 etiam
1674 4172 1727 4225 in
1756 4173 1842 4227 la-

248 4255 463 4311 tantibus
490 4256 944 4329 suggestionibus
972 4258 1303 4313 daemonum.
1328 4259 1613 4329 Depellere
1642 4260 1844 4331 quippe

244 4355 273 4393 a
297 4357 353 4397 se
381 4344 599 4401 hostem
632 4354 935 4416 nequeunt,
971 4363 1132 4416 quem
1188 4362 1523 4419 cognoscere
1580 4348 1686 4402 cito
1735 4365 1841 4404 non

244 4441 473 4497 possunt.
506 4434 657 4489 Dum
686 4450 824 4505 ergo
852 4451 1053 4507 magna
1069 4451 1225 4491 mora
1245 4436 1841 4507 cogitationis,insidias

1971 1866 2101 1919 dum
2132 1881 2163 1920 a
2194 1867 2356 1939 longe
2379 1878 2618 1925 armatos
2648 1871 3025 1927 fornicationis
3053 1874 3277 1944 spiritus
3301 1892 3560 1951 cerneret,

1964 1954 2311 2025 conjugalem
2342 1957 2724 2013 castimoniam
2757 1963 2913 2032 quasi
2932 1961 3177 2017 lanceam
3192 1966 3376 2029 tenuit.
3395 1977 3448 2024 et
3467 1985 3560 2024 eos

1960 2043 2217 2097 accedere
2239 2045 2466 2113 propius
2484 2061 2590 2099 non
2627 2049 2895 2116 permisit,
2919 2050 3105 2105 dicens
3138 2066 3151 2105 :
3190 2053 3422 2125 Propter
3438 2061 3559 2128 for-

1967 2130 2319 2186 nicationem
2342 2136 2730 2205 unusquisque
2769 2153 3007 2192 uxorem
3050 2155 3213 2195 suam
3250 2142 3476 2211 habeat,
3499 2151 3555 2201 et

1957 2232 2306 2291 unaquaeque
2325 2223 2531 2276 virum.
2553 2224 2724 2279 Uxori
2742 2226 2827 2278 vir
2841 2225 3089 2281 debitum
3104 2230 3324 2298 reddat,
3343 2234 3553 2290 simili-

1971 2308 2063 2361 ter
2075 2312 2268 2363 autem
2287 2312 2564 2366 uxorviro
2578 2312 2622 2381 (l
2640 2313 2758 2367 Cor.
2780 2329 2875 2381 vti,
2894 2318 2967 2383 2).
2987 2315 3056 2369 Ει
3072 2315 3261 2370 iterum
3283 2322 3559 2378 :Revertz'-

1961 2396 2111 2450 mini
2143 2397 2205 2450 in
2236 2398 2502 2468 idipsum,
2540 2414 2610 2454 ne
2631 2404 2813 2455 tentet
2830 2417 2918 2457 vos
2939 2399 3193 2458 Satanas
3204 2410 3436 2476 propter
3453 2410 3552 2463 tn-

1955 2485 2375 2540 continentiam
2389 2491 2632 2542 vestram
2655 2488 2818 2557 (Ibid.
2834 2493 2911 2558 5).
2943 2491 3079 2545 Hinc
3091 2491 3249 2546 etiam
3262 2493 3330 2548 de
3368 2510 3553 2553 seme-

1956 2570 2096 2641 tipso
2113 2573 2188 2627 ait
2208 2592 2220 2628 :
2240 2573 2464 2646 Castigo
2481 2590 2682 2647 corpus
2696 2592 2906 2643 meum,
2926 2579 3060 2634 etin
3098 2583 3429 2639 servitutem
3467 2600 3554 2642 re-

1956 2659 2104 2731 digo,
2124 2677 2195 2716 ne
2208 2664 2687 2733 praedicansaliis,
2702 2666 2966 2737 reprobus
2987 2667 3208 2738 e/ﬁciar
3225 2671 3270 2737 (Ι
3315 2671 3437 2727 Cor.
3468 2687 3551 2744 Ix,

1958 2750 2072 2819 27).
2106 2748 2209 2816 Qui
2240 2751 2384 2804 enim
2404 2767 2472 2806 ne
2491 2751 2752 2821 reprobus
2769 2752 2939 2819 ﬁeret,
2962 2759 3551 2832 corpuscastigaverat,

1957 2836 2418 2895 nimirumlancea
2447 2841 2630 2895 hostes
2650 2858 2774 2897 suos
2785 2842 3125 2915 longiuscule
3134 2847 3342 2914 positos
3362 2858 3484 2904 ante
3496 2867 3555 2905 se

1955 2926 2322 2996 perfodiebat.
2344 2927 2686 2984 Providentia
2729 2946 2860 3003 ergo
2899 2932 3236 2989 abstinentia:
3272 2950 3372 3007 pro
3409 2938 3549 2995 edo-

1957 3015 2161 3070 manda
2173 3016 2354 3070 carnis
2365 3016 2592 3073 libidine
2608 3019 2763 3089 quasi
2778 3020 2965 3075 lancea
2978 3022 3258 3092 accipitur,
3284 3040 3379 3095 per
3389 3042 3553 3097 quam

1901 3146 1915 3170 ,
1960 3104 2168 3158 venturi
2191 3105 2370 3160 hostes
2386 3106 2666 3161 feriuntur.
2700 3108 2843 3163 Bene
2864 3109 3024 3164 etiam
3042 3126 3144 3179 per
3171 3127 3356 3167 ensem
3385 3113 3553 3171 intel-

1947 3191 2118 3246 lectus
2148 3194 2467 3262 exprimitur
2495 3211 2510 3250 :
2536 3194 2661 3265 quia
2690 3196 2780 3266 qui
2808 3212 3011 3263 pravas
3053 3199 3279 3271 maligni
3336 3203 3555 3273 spiritus

1945 3281 2327 3352 suggestiones
2354 3282 2409 3336 in
2440 3283 2693 3354 praesenti
2721 3291 2964 3355 tempore
2982 3289 3551 3361 cognoscitetabjicit,

1950 3369 2099 3423 velut
2126 3371 2384 3439 vicinum,
2415 3379 2467 3426 et
2482 3373 2637 3442 juxta
2652 3388 2709 3428 se
2736 3374 2974 3443 positum
2997 3377 3204 3431 hostem
3238 3377 3382 3435 ferit.
3443 3380 3551 3448 Qui

1951 3458 2116 3516 etiam
2146 3460 2293 3514 velut
2322 3476 2454 3515 ense
2484 3469 2715 3532 utraque
2742 3470 2896 3532 parte
2951 3472 3112 3520 acuto
3158 3465 3346 3521 indicit
3377 3484 3390 3521 :
3425 3469 3553 3539 quia

1951 3556 2060 3603 tam
2092 3547 2229 3602 falsa
2259 3547 2423 3617 bona,
2457 3564 2617 3619 quam
2648 3566 2776 3605 vera
2814 3551 2959 3607 mala
2989 3555 3352 3623 reprehendit.
3411 3555 3557 3625 Quid

1951 3652 2082 3692 vero
2106 3644 2205 3706 est,
2222 3635 2367 3706 quod
2389 3637 2443 3690 in
2474 3652 2638 3692 manu
2694 3639 2821 3694 Saul
2852 3648 2905 3695 et
2949 3640 3200 3696 Jonathaa
3255 3644 3401 3699 ensis
3430 3661 3556 3701 esse

1952 3723 2258 3794 perhibetur
2284 3726 2312 3778 ‘2
2344 3724 2452 3779 Sed
2472 3712 2527 3778 in
2554 3740 2717 3780 manu
2739 3742 2847 3782 non
2875 3736 2998 3783 sunt
3026 3743 3230 3799 eorum,
3265 3732 3355 3801 qui
3398 3741 3556 3790 acute

1952 3812 2128 3868 vicina
2158 3819 2210 3866 et
2236 3813 2526 3883 praesentia
2555 3812 2882 3885 intelligunt,
2916 3824 2969 3871 et
2995 3815 3170 3872 futura
3226 3821 3552 3891 praevident,

1952 3908 2004 3956 et
2032 3900 2101 3954 ad
2131 3899 2522 3970 exstinguenda
2551 3915 2615 3954 ea
2646 3900 2802 3956 fortia
2859 3919 2968 3958 non
3020 3916 3298 3962 exercent.
3356 3911 3553 3980 Aperte

1957 3988 2156 4056 sciunt,
2198 3989 2324 4056 quia
2353 3987 2787 4059 antiquushostis
2806 3990 3098 4047 maximam
3112 4003 3321 4065 partem
3340 3998 3559 4053 humani

1952 4074 2174 4148 generis
2203 4090 2301 4145 per
2326 4075 2493 4129 robur
2523 4076 2700 4131 carnis
2718 4077 2772 4131 in
2801 4078 3217 4137 fornicationem
3235 4086 3556 4155 praecipitat,

1953 4163 2041 4235 qui
2069 4172 2248 4218 tamen
2277 4179 2497 4219 carnem
2544 4180 2641 4236 per
2689 4165 3067 4223 abstinentiam
3123 4172 3392 4243 castigare
3446 4190 3557 4231 non

1951 4260 2157 4308 curant.
2222 4251 2314 4307 Sic
2363 4252 2524 4307 etiam
2554 4254 2793 4309 nonnulli
2822 4257 3113 4325 praesentia
3168 4260 3311 4314 mala
3368 4271 3554 4332 aperte

1952 4341 2313 4410 conspiciunt,
2345 4341 2441 4395 scd
2462 4343 2575 4396 haec
2601 4341 2773 4397 vitare
2796 4343 3017 4400 minime
3054 4355 3336 4403 conantur.
3361 4350 3429 4403 Hi
3470 4350 3555 4405 ni-

1954 4430 2150 4483 mirum
2181 4445 2363 4484 ensem
2388 4437 2441 4484 et
2470 4429 2715 4486 lanceam
2764 4431 2980 4499 habent,
3014 4435 3112 4489 sed
3139 4435 3195 4490 in
3252 4453 3414 4493 manu
3441 4456 3553 4496 non

248 4518 393 4575 mala;
407 4499 783 4594 suggestionis
805 4499 1102 4593 expellunt,
1123 4525 1269 4580 velut
1302 4499 1479 4579 retusa
1504 4499 1621 4580 acie
1634 4532 1836 4590 secant,
1868 4499 1922 4560 D
1953 4517 2177 4579 habent.
2219 4519 2360 4573 Bene
2388 4533 2521 4590 ergo
2540 4519 2596 4573 in
2633 4519 2721 4575 die
2747 4521 2923 4590 praelii
2952 4522 3008 4577 in
3036 4539 3202 4579 manu
3232 4525 3365 4581 Saul
3384 4536 3436 4583 et
3464 4529 3551 4585 Jo-

247 4608 381 4673 quod
409 4624 511 4678 per
530 4610 824 4665 aeuitatem
852 4610 1057 4683 ingenii
1095 4611 1417 4666 abscindere
1464 4612 1702 4667 velocius
1729 4628 1839 4682 po-

246 4699 423 4751 terant.
459 4696 611 4767 Quid
640 4707 723 4753 est
776 4707 955 4753 autem
986 4699 1129 4769 quod
1158 4700 1357 4754 dicitur
1394 4716 1407 4755 :
1442 4703 1612 4773 Usque
1631 4701 1704 4756 ad
1731 4703 1842 4756 sti-

246 4785 457 4840 mulum
482 4788 888 4859 corrigendum
938 4788 969 4841 ?
1010 4787 1271 4843 Stimulus
1300 4788 1511 4844 .dicitur
1547 4789 1845 4858 increpatio

242 4871 615 4942 palatorum.
647 4875 804 4931 Unde
817 4883 869 4930 et
883 4875 1140 4945 scriptum
1159 4884 1242 4931 est
1264 4891 1278 4931 :
1325 4875 1501 4931 Verba
1518 4879 1845 4945 sapientum

244 4967 372 5017 sunt
391 4965 567 5034 quasi
583 4963 997 5035 sttmuli(Eccl.
1032 4980 1133 5032 xit,
1168 4964 1276 5035 11).
1311 4964 1575 5020 Stimulus
1624 4965 1844 5035 quidem

246 5045 545 5121 increpatio
577 5051 795 5119 dicitur,
828 5052 952 5122 quia
980 5052 1109 5106 dum
1140 5052 1325 5123 culpas
1354 5052 1549 5125 arguit,
1610 5061 1845 5109 mentem

242 5138 447 5210 pungit.
514 5138 629 5194 Sed
684 5148 896 5196 retusus
950 5148 1032 5196 est
1060 5139 1333 5207 stimulus,
1383 5141 1604 5212 quando
1633 5141 1846 5212 prmlati

245 5221 457 5297 languet
488 5226 823 5295 intellectus,
867 5234 923 5283 ut
971 5227 1313 5284 subditorum
1364 5228 1571 5298 culpas,
1618 5244 1716 5285 nec
1744 5244 1844 5286 co-

242 5314 554 5385 gnoscendo
588 5314 835 5385 reperiat,
858 5331 960 5372 nec
986 5316 1311 5373 inveniendo
1329 5316 1717 5387 reprehendat.
1738 5318 1843 5373 Be-

243 5416 303 5457 ne
329 5418 461 5476 ergo
492 5403 799 5475 increpatio
830 5405 1055 5462 rectoris
1110 5404 1359 5462 stimulus
1405 5405 1682 5476 asset-itur,
1717 5407 1845 5477 quia

246 5494 469 5549 tumores
499 5491 759 5550 vitiorum
785 5509 1037 5568 pungere
1056 5509 1165 5552 non
1186 5494 1465 5568 praavalet,
1496 5490 1542 5552 si
1554 5494 1673 5569 ejus
1688 5509 1845 5556 mens

305 5670 384 5745 (a)
413 5669 625 5743 Vatia,
658 5679 711 5732 et
737 5669 935 5747 αξιοι,
969 5671 1107 5732 dum
1127 5677 1249 5732 tam
1262 5672 1446 5752 tarde,

1951 4608 2127 4662 nathas
2156 4606 2302 4662 ensis
2330 4614 2382 4661 et
2412 4606 2599 4663 lancea
2656 4609 2928 4665 invenitur
2961 4630 2973 4666 :
3007 4612 3135 4682 quia
3189 4615 3363 4671 solum
3392 4616 3551 4677 electi

1954 4694 2054 4750 viri
2085 4702 2226 4762 sunt,
2259 4694 2347 4766 qui
2380 4703 2433 4749 et
2462 4697 2749 4766 praesentia
2778 4706 2831 4752 et
2859 4698 3038 4754 futura
3067 4702 3206 4757 mala
3234 4704 3550 4778 intelligant,

1955 4792 2010 4840 et
2039 4799 2104 4838 ea
2118 4783 2297 4839 cordis
2312 4783 2608 4839 intentione
2628 4785 2841 4842 vincere
2858 4788 3133 4845 ardentius
3142 4796 3547 4865 concupiscant.

1956 4872 2116 4941 Quod
2156 4880 2334 4927 tamen
2372 4873 2477 4927 hoc
2505 4873 2625 4928 loco
2643 4874 2767 4929 ideo
2788 4875 3000 4946 dicitur,
3032 4886 3089 4933 ut
3116 4882 3350 4951 populus
3388 4886 3548 4954 298

1954 4960 2087 5014 nihil
2105 4960 2157 5013 in
2181 4976 2344 5014 manu
2362 4960 2598 5015 tenuisse
2626 4961 2902 5032 doceatur,
2924 4964 3013 5035 qui
3034 4981 3300 5033 vomeres,
3316 4969 3547 5040 ligones,

1955 5063 2198 5113 secures,
2230 5055 2283 5102 et
2311 5047 2553 5103 sarculos
2581 5055 2764 5105 tenere
2792 5052 3111 5107 ostenditur.
3144 5054 3240 5109 His
3269 5056 3412 5111 enim
3424 5073 3549 5113 ver-

1954 5134 2038 5192 bis
2068 5152 2176 5192 non
2206 5135 2361 5192 electi
2390 5135 2763 5209 distinguntur
2781 5140 3090 5211 areprobis,
3141 5143 3241 5197 sed
3270 5143 3488 5201 hebetes
3517 5162 3551 5204 a

1951 5226 2166 5300 peritis.
2203 5225 2315 5281 Sed
2345 5225 2471 5296 quia
2492 5225 2606 5296 jam
2639 5234 2872 5283 armatos
2886 5228 3036 5283 viros
3063 5231 3413 5302 ostendimus,
3431 5249 3550 5293 mo-

1953 5317 2082 5373 dum
2110 5315 2416 5372 certaminis
2446 5315 2807 5386 eXplicemus.
2846 5316 3118 5388 Sequitur.

2569 5402 2794 5461 CAPUT
2832 5403 2921 5461 IV.

2024 5495 2069 5571 (Ι
2098 5494 2234 5569 Reg.
2277 5508 2389 5565 xiv,
2428 5492 2516 5566 1.)
2559 5493 2792 5569 Egressa
2812 5498 2897 5553 est
2918 5495 3090 5556 statio
3110 5496 3548 5566 Phtllsttnorum
