4034 6174
501 392 603 451 359

1695 355 1954 420 SANCTI
1994 352 2341 414 GREGORII
2383 351 2607 411 MAGNI
2677 432 2681 436 _

3697 354 3785 412 360

503 527 559 581 et
576 511 903 576 ascenderet
924 508 985 563 in
1013 493 1573 575 Magmas,etaccidit
1608 489 1851 565 quadam
1892 484 1987 541 die
2021 486 2085 539 ut
2117 483 2171 543 A
2200 489 2445 581 paretur.
2480 479 2689 535 Divitas
2704 490 2937 547 namque
2970 480 3397 542 contemnentes,
3439 484 3793 545 paupertatem

501 573 1165 668 dicerctlonathasﬁtias
1207 584 1445 643 Saulad
1465 582 1876 668 adolesreatcm
1914 573 2097 668 armi-

506 663 702 772 gerum
751 702 918 745 suum
949 706 966 742 .-
1005 681 1163 746 Veni,
1198 681 1253 733 et
1293 679 1652 730 transeamus
1682 667 1752 721 ad
1791 663 2101 720 stationem

506 757 979 844 “Philistinorum,
1010 786 1132 842 quae
1149 769 1234 823 est
1267 768 1429 819 trans
1459 757 1847 816 locumillum.

584 908 635 961 l.
674 897 1078 958 Philistinorum
1106 885 1261 942 statio
1276 881 1573 956 egreditur,
1605 874 1821 949 quando
1835 871 2102 961 malorum

506 995 788 1067 spirituum
825 983 984 1040 turba
1013 975 1198 1035 electis
1256 970 1523 1027 mentibus
1578 981 1697 1063 per.
1722 959 2103 1067 suggestiones

502 1045 693 1140 nbxias
722 1076 1135 1131 demonstratur.
1182 1064 1315 1133 Quae
1373 1058 1629 1113 nimirum
1685 1052 1889 1106 idcirco
1947 1045 2103 1100 statio

780 1163 908 1234 quia
962 1159 1259 1213 electorum
1315 1148 1455 1203 bella
1515 1140 1918 1200 deseribuntur.
1952 1134 2105 1190 Stare

505 1232 719 1332 quippe
763 1232 1016 1321 malignis
1043 1240 1343 1314 spiritibus,
1374 1243 1453 1292 est
1476 1234 1528 1289 in
1550 1232 1863 1332 ‘electornm
1919 1237 2106 1294 pugna

510 1316 741 1420 magnas
772 1316 923 1397 vires
935 1346 1213 1390 exercere.
1245 1328 1384 1383 Nam
1412 1322 1604 1378 stando
1648 1316 1903 1420 vali‘dipus.
1932 1326 2107 1420 nque-

513 1400 760 1509 qugque,
781 1442 941 1500 quam
971 1420 1232 1483 sedendo,
1262 1412 1445 1471 conari
1469 1411 1543 1509 ad
1568 1404 1771 1477 aliquid
1801 1400 2109 1509 faciendum

512 1490 711 1598 potest.
744 1490 1148 1573 i’bilistinorum
1176 1505 1341 1577 igitur
1361 1500 1520 1556 statio
1551 1508 1779 1568 egressa
1806 1490 2021 1598 dicitur,
2054 1495 2112 1541 ut

514 1578 822 1670 daemonum
853 1604 1073 1660 conatus
1094 1597 1149 1649 in
1174 1593 1322 1649 bello
1342 1598 1530 1645 nostro
1587 1589 1775 1654 aperte
1803 1578 2109 1649 colligatur.

517 1704 583 1759 Et
608 1699 736 1772 quia
765 1693 910 1750 velut
939 1704 998 1744 se
1028 1683 1332 1748 interiores,
1352 1686 1511 1749 atque
1541 1673 1776 1727 minores
1804 1665 2114 1772 opprimere

517 1753 705 1847 fideles
736 1781 999 1854 cogitant,
1031 1775 1085 1828 in
1116 1773 1367 1843 Magmas
1419 1761 1713 1820 ascendere
1769 1753 2116 1854 egredientes

516 1885 727 1953 parant.
760 1847 857 1927 v21
887 1869 943 1921 in
972 1865 1216 1953 Magmas
1266 1854 1554 1953 ascendere
1583 1847 1843 1953 gestiunt,
1877 1856 2043 1953 ‘qpa:

516 1927 864 2040 parvulorum
895 1927 1347 2017 corda'decipere
1388 1938 1636 1998 tentando
1666 1934 1980 1993 moliuntur.
2013 1927 2122 1984 Sed

520 2019 677 2113 ale—citi
705 2047 1111 2122 praedicatores,
1142 2038 1271 2092 dum
1326 2038 1529 2087 tentata
1557 2025 1725 2084 corda
1782 2019 2120 2122 subditorum

520 2106 845 2213 intelligunt,
880 2135 1019 2189 ferre
1050 2124 1249 2183 auxilia
1282 2138 1390 2177 non
1422 2123 1717 2173 morantur.
1750 2113 1859 2213 llos
1889 2108 2036 2205 velut
2067 2106 2121 2213 in

522 2193 949 2298 inibi—raponunt,
985 2218 1105 2272 illos
1144 2228 1331 2268 secum
1382 2208 1451 2264 ad
1478 2201 1825 2261 sustentanda
1880 2193 2122 2298 pericula

523 2282 786 2378 bellorum
818 2282 1041 2367 ducunt.
1075 2302 1216 2373 Quid
1246 2296 1488 2370 estquod
1518 2294 1588 2350 ab
1604 2290 1748 2347 bella
1769 2282 2121 2378 armigerdu-

524 2412 679 2475 citur,
713 2402 823 2458 nisi
853 2398 974 2469 quia
1004 2372 1115 2465 per,
1134 2388 1413 2446 scientiam
1432 2374 1927 2475 eruditisubditi‘ad
1950 2372 2147 2475 inter:

522 2459 719 2558 norum
775 2459 1134 2546 certaminum
1188 2474 1469 2533 victoriam
1526 2461 1885 2540 promovendi
1931 2459 2122 2514 sunt?

525 2546 757 2654 Quidam
787 2587 1017 2643 namque
1038 2574 1206 2623 artem
1229 2561 1515 2634 physicam
1543 2558 1738 2619 sciunt,
1761 2551 1851 2622 qui
1872 2546 2123 2654 medendi

527 2634 1229 2741 Experientiamhesciunt:
1252 2651 1332 2705 sic
1361 2645 1616 2702 nimirum
1634 2643 1690 2697 in
1707 2647 1895 2697 sancta
1923 2634 2120 2741 Eccle-

526 2722 859 2827 si—arquidam
889 2754 1008 2804 sunt
1046 2741 1137 2814 qui
1157 2748 1326 2797 artem
1369 2732 1635 2791 interioris
1663 2743 1865 2827 pugnae
1908 2722 2124 2827 didice-

526 2812 673 2913 runt:
697 2841 791 2898 sed
822 2839 890 2894 ad
920 2812 1193 2891 districtas
1214 2824 1567 2883 necessitates
1583 2816 1933 2877 certaminum
1951 2812 2127 2913 adhuc

525 2900 781 3010 perducti
809 2943 916 2983 non
946 2930 1087 2979 sunt.
1120 2920 1346 2990 Magnos
1375 2913 1536 3010 viros"
1550 2913 1857 3010 pugnantes
1883 2900 2124 3010 audient,

528 2987 894 3091 sed'przelia,
928 3027 1048 3085 quae
1103 2987 1288 3076 magni
1319 2998 1605 3074 magniﬁce
1637 2995 1882 3058 tolerant,
1941 2987 2125 3091 auditu

533 3076 726 3177 seiuni,
785 3076 977 3160 virtute
1032 3095 1299 3153 nesciunt.
1330 3090 1488 3146 Tales
1533 3086 1735 3158 quippe
1782 3087 1903 3177 sunt
1931 3076 2020 3177 qui

529 3165 788 3258 imitanda
817 3188 1052 3260 vestigia
1080 3178 1462 3251 Redemptoris
1490 3175 1811 3232 invitantur.
1861 3167 1966 3260 Qui
1977 3165 2128 3260 rvi-tit,
2161 3181 2210 3245 Ο

530 3253 726 3360 inquit,
744 3282 936 3340 venire
961 3253 1086 3351 post
1105 3289 1215 3338 me,
1235 3259 1939 3360 abnegetsemetipsum,et
1964 3253 2129 3360 ipltat

533 3344 1316 3438 ξίξιεεᾶηδιιατηξσιεεᾳααιαν
1338 3371 1426 3410 me
1456 3351 1674 3424 (Matth.
1697 3362 1810 3438 xvi,
1842 3344 2133 3438 ﬂint-rma

529 3429 663 3527 vero
717 3429 962 3517 Jonathai
1015 3429 1140 3508 sunt
1169 3450 1456 3503 hortamen
1513 3455 1543 3494 a
1572 3435 1837 3493 doctoris.
1878 3429 2135 3501 Armiger

529 3569 661 3615 vero
692 3564 846 3607 arma
874 3549 1070 3617 portat,
1102 3552 1228 3594 cum
1285 3530 1479 3604 quibus
1535 3542 1646 3582 non
1696 3524 1837 3594 ipse,
1868 3520 1975 3617 sed.
1998 3518 2134 3573 alius

532 3607 764 3717 pugnat.
800 3607 893 3692 Sic
919 3607 1173 3686 nimirum
1204 3630 1347 3687 sunt,
1371 3618 1458 3717 qui
1481 3617 1535 3671 in
1552 3621 1749 3714 .sancta
1774 3607 2128 3717 Ec‘clesianoo

533 3696 676 3791 $qu
702 3728 1059 3784 instruuntur.
1116 3716 1258 3769 Dum
1315 3707 1459 3764 enim
1514 3704 1736 3762 virtutes
1764 3715 1797 3755 a
1826 3696 2135 3753 doctoribus

541 3783 784 3883 audiunt,
809 3810 1010 3883 quibus
1031 3803 1135 3876 ipsi
1163 3802 1410 3857 doctores
1439 3800 1625 3851 contra
1652 3789 1918 3845 malorum
1952 3783 2134 3883 spiri-

704 3873 996 3961 versutiam
1008 3873 1275 3964 pugnant,
1304 3884 1436 3940 illud
1459 3881 1717 3938 nimirum
1737 3873 2005 3931 habentin
2021 3887 2132 3941 ore,

542 3961 693 4072 quod
750 3988 988 4046 nondum
1008 3961 1218 4038 habent
1245 3975 1301 4031 in
1338 3970 1549 4029 virtutis
1592 3964 1942 4072 exhibitione.
1974 3961 2136 4017 Dixit

536 4054 668 4159 ergo
684 4078 955 4140 Jonathas
975 4071 1046 4128 ad
1062 4069 1410 4137 armigerum
1435 4076 1634 4116 suum:
1664 4054 1825 4159 Yen'i,
1869 4060 2132 4159 trajnsea-

538 4139 1066 4233 mzsadstationem
1092 4154 1533 4213 Philistinorum
1563 4144 1723 4217 :quia
1740 4141 1914 4233 electi-
1941 4139 2135 4233 docto-

541 4279 649 4331 res,
675 4254 919 4314 subditos
937 4264 1065 4305 suos
1077 4247 1271 4301 docent
1290 4256 1399 4295 non
1416 4237 1590 4293 solum
1622 4240 1813 4328 artem,
1828 4228 1953 4331 quia
1968 4225 2136 4280 dimi-

536 4317 678 4418 cent,
696 4345 794 4403 sed
814 4341 979 4399 etiam
991 4336 1061 4392 ab
1081 4331 1226 4389 bella
1244 4328 1577 4402 pertrahunt,
1610 4336 1712 4391 que
1734 4317 2081 4415 triumphent.

608 4404 678 4498 Ξ..
697 4437 761 4491 Et
790 4431 915 4503 quia
946 4423 1157 4482 remissi
1179 4427 1427 4491 pastores
1482 4411 1627 4467 bella
1658 4423 1779 4479 quas
1843 4404 2136 4503 insinuant,

541 4490 824 4595 suscipere
846 4526 1188 4589 nequaquam
1244 4510 1451 4569 curant,
1493 4515 1601 4555 non
1633 4490 2028 4595 dicitivald-e,
2087 4495 2140 4545 et

545 4580 710 4673 transi
736 4611 805 4667 ad
836 4580 1119 4661 stationem
1135 4594 1539 4652 Philistinorum
1573 4604 1586 4642 :
1618 4584 1747 4640 sed:
1776 4580 1935 4648 Veni,
1961 4583 2144 4634 trans-

790 4696 941 4751 Alios
971 4688 1188 4762 quidem
1247 4682 1316 4738 ad
1344 4686 1608 4735 certames
1662 4677 1983 4743 provocant,
2046 4666 2144 4721 sed

544 4758 738 4852 eadem
768 4758 1068 4843 certamina
1088 4770 1413 4847 ipsipriores
1448 4769 1670 4820 tentant.
1704 4758 1847 4827 Quid
1880 4772 2009 4852 vero
2036 4761 2137 4822 est,

546 4842 884 4952 quoddicit:
912 4870 1041 4936 Qua:
1059 4842 1320 4919 esttrans
1339 4858 1519 4951 locum
1540 4851 1707 4947 illum
1739 4846 1769 4899 ?
1798 4842 2143 4952 Sedquidam

546 4931 701 5027 focus
729 4965 785 5017 in
815 4931 1000 5014 sancta
1028 4948 1274 5007 Ecclesia
1296 4942 1492 5013 est,qui
1511 4938 1732 5010 magnis
1766 4932 1971 5005 praeliis
1990 4931 2146 4986 clau-

546 5018 665 5126 sus,
685 5067 795 5110 non
809 5042 1085 5116 eXpositus
1116 5044 1194 5093 est
1223 5032 1509 5090 Possidere
1538 5026 1754 5126 quidem
1785 5018 2145 5126 bonasaeculi,

545 5106 777 5205 nitorem
824 5106 1041 5198 ducere,
1088 5124 1228 5181 ﬁlios
1284 5133 1592 5193 procreare,
1649 5111 2025 5168 blandimenta
2079 5106 2148 5161 de

547 5193 801 5293 omnibus
830 5222 990 5281 rebus
1019 5215 1178 5273 dictis
1208 5207 1525 5280 corporibus
1554 5201 1827 5267 exhibere,
1869 5213 1934 5252 eo
1965 5193 2146 5292 muni-

552 5281 965 5381 hoste
995 5317 1215 5363 manere
1253 5306 1354 5362 est,
1387 5310 1493 5367 quo
1524 5284 2075 5381 aliqqidimpositum
2095 5281 2149 5335 in

550 5370 833 5469 eozrdi—ne
852 5396 1041 5474 positis
1068 5401 1359 5451 onerosum
1379 5399 1487 5439 non
1515 5386 1619 5436 est.
1653 5375 1768 5432 Sed
1795 5376 1939 5428 hunc
1951 5370 2147 5470 locum

547 5458 597 5556 si
624 5494 744 5567 quis
773 5458 1012 5546 melioris
1042 5482 1167 5539 vitas
1194 5470 1470 5534 desiderio
1520 5480 1776 5567 accensus
1802 5458 2027 5567 transire
2054 5458 2147 5513 ni-

551 5551 698 5653 titur,
716 5591 937 5637 necesse
962 5580 1044 5629 est
1081 5577 1137 5626 ut
1166 5564 1236 5624 ad
1280 5559 1601 5638 gravissima
1627 5552 1773 5611 bella
1805 5551 1966 5621 299
2002 5562 2145 5621 prm-

2206 569 2402 623 Christi
2443 568 2848 638 amplectentes,
2882 572 3203 635 spernentes
3257 562 3520 634 conjugia,
3549 579 3764 619 amorem

2206 657 2486 727 pudicitiae
2513 671 2731 727 semper
2758 652 3011 724 amplecti
3040 652 3256 708 debent.
3291 650 3493 705 [labent
3541 651 3769 707 continuo

2209 745 2292 799 isti
2313 744 2649 818 insurgentia
2676 743 2994 816 gravissima
3031 740 3217 812 prmlia
3273 739 3467 805 carnis,
3490 739 3563 793 illi
3606 738 3770 811 impu-

2208 834 2516 906 gnationem
2539 832 2717 889 cordis
2751 849 2763 885 :
2796 830 2920 901 quia
2943 846 3046 885 nec
3074 834 3366 899 paupertas
3393 826 3572 882 leviter
3598 827 3769 892 fertur,

2211 938 2314 978 nec
2342 923 2459 977 sine
2488 921 2704 994 magnis
2731 919 3004 992 agonibus
3034 916 3326 988 pudictitiae
3344 930 3567 985 corpora
3600 915 3772 984 subju-

2210 1020 2424 1083 gantur.
2458 1011 2613 1066 Unde
2639 1009 2775 1065 bene
2805 1024 2904 1079 per
2931 1006 3221 1078 quemdam
3251 1004 3542 1075 sapientem
3570 1003 3773 1058 dicitur:

2213 1099 2617 1169 Fili,accedens
2630 1098 2701 1153 ad
2717 1099 3052 1153 servitutem
3065 1097 3163 1151 Dei
3170 1099 3280 1162 ,δια
3298 1094 3359 1148 in
3380 1093 3647 1160 timore,et
3663 1109 3782 1158 prae-

2211 1205 2353 1262 para
2365 1190 2620 1244 animam
2639 1190 2798 1242 tuam
2812 1184 2885 1241 ad
2902 1184 3281 1240 tentationsm
3295 1181 3577 1248 (Eccli.n,t
3588 1178 3787 1248 γρυψὶ

2215 1277 2360 1333 dicat
2392 1294 2403 1329 :
2438 1276 2574 1344 Quia
2604 1275 2791 1347 egredi
2823 1272 3034 1329 voluisti
3078 1272 3149 1325 do
3174 1271 3295 1326 loco
3325 1269 3651 1334 muniminis,
3701 1282 3791 1323 ne-

2216 1381 2369 1421 cesse
2389 1372 2470 1420 est
2490 1372 2543 1419 ut
2562 1365 2670 1433 jam
2683 1362 2886 1433 patenti
2905 1360 3051 1416 bello
3073 1367 3262 1416 contra
3285 1356 3791 1413 fortissimahostium

2218 1463 2392 1510 castra
2420 1452 2695 1508 muniaris.
2728 1452 2868 1507 Dum
2899 1464 3035 1523 ergo
3065 1452 3230 1504 trans
3271 1448 3454 1503 locum
3487 1446 3669 1510 illum,
3690 1457 3790 1499 non

2216 1544 2395 1599 istum
2426 1543 2576 1608 dicit,
2606 1541 2886 1597 doctorum
2931 1538 3191 1593 Jonathas
3244 1535 3495 1590 virtutem
3552 1533 3789 1596 insinuat,

2221 1631 2311 1704 qui
2342 1647 2441 1703 per
2465 1629 2743 1702 singulare
2772 1626 3106 1698 propositum
3138 1622 3434 1696 religionis,
3466 1636 3672 1692 semper
3687 1628 3799 1674 sunt

2220 1720 2277 1774 in
2306 1727 2494 1791 aperto
2523 1733 2719 1789 campo
2749 1715 3077 1771 certaminis.
3113 1714 3178 1767 Et
3199 1712 3325 1782 quia
3355 1710 3424 1766 de
3479 1709 3643 1776 omni,
3674 1707 3803 1778 quod

2048 1797 2117 1894 ὦ
2147 1830 2200 1890 Β
2229 1816 2447 1863 strenue
2474 1805 2755 1872 dimicant,
2788 1804 2856 1859 de
2869 1802 3020 1863 omni
3036 1800 3184 1873 quod
3199 1797 3804 1867 nobilitertriumphant,

2228 1895 2496 1966 iactantiae
2524 1902 2577 1949 et
2605 1892 2853 1949 elationis
2867 1891 3056 1946 vitium
3092 1888 3324 1961 fugiunt,
3358 1887 3637 1959 sequitur:

2300 1985 2477 2055 (Vcrs.
2498 1985 2571 2052 t.)
2595 1982 2755 2038 Patri
2770 1985 2965 2037 autem
2980 1994 3080 2034 suo
3093 1979 3192 2034 hoc
3206 1979 3393 2048 ipsum
3405 1991 3519 2032 non
3535 1974 3809 2030 indicavit.

2300 2076 2352 2129 3.
2386 2071 2651 2127 Tacendae
2681 2069 2899 2140 quidem
2947 2076 3072 2122 sunt
3114 2067 3411 2121 electorum
3461 2065 3700 2127 virtutes,
3754 2076 3814 2115 ne

2230 2178 2329 2233 per
2352 2160 2673 2232 jactantiam
2704 2159 2974 2224 dicantur,
3008 2156 3102 2210 sed
3133 2152 3429 2224 aliquando
3477 2151 3545 2207 ad
3574 2150 3666 2205 Dei
3696 2149 3811 2222 glo-

2229 2252 2372 2305 riam
2401 2265 2495 2305 eas
2525 2247 2877 2302 manifestare
2905 2245 3063 2315 culpa
3089 2258 3197 2298 non
3229 2250 3330 2297 est.
3394 2240 3531 2308 Quia
3586 2253 3712 2295 vero
3727 2253 3819 2292 nos

2230 2340 2285 2393 in
2314 2338 2444 2394 Saul
2463 2351 2690 2408 magnos
2725 2334 3112 2405 praedicatores
3141 2330 3537 2400 expressimus,
3579 2328 3815 2396 hocpro-

2234 2426 2394 2495 fecto,
2453 2424 2598 2496 quod
2634 2432 2839 2495 patrem
2896 2420 3151 2477 Jonathas
3181 2433 3382 2490 pugnae
3409 2416 3624 2472 initium
3668 2413 3817 2479 celat,

2229 2516 2369 2570 illud
2400 2514 2676 2569 insinuat:
2710 2511 2838 2581 quia
2866 2524 3064 2580 magna
3094 2523 3214 2578 quae
3242 2506 3480 2578 agimus,
3510 2503 3821 2575 quandoque

2230 2609 2457 2674 propter
2484 2600 2840 2655 humilitatem
2870 2596 3213 2653 laudabiliter
3238 2596 3501 2651 celamus.
3533 2592 3688 2648 Tales
3708 2589 3824 2661 qui—-

2234 2693 2358 2747 dem
2385 2691 2497 2760 jam
2527 2688 2652 2745 facti
2682 2703 2784 2758 per
2812 2685 3213 2756 corruptionem
3242 2699 3451 2749 sumus,
3494 2690 3551 2737 ut
3579 2680 3702 2735 boni
3733 2679 3817 2731 vi-

2233 2779 2347 2835 deri
2379 2778 2546 2834 etiam
2568 2777 2636 2832 ab
2657 2776 2787 2843 illis,
2820 2775 2911 2847 qui
2940 2779 3184 2845 praesuzt
3213 2772 3399 2839 nobis,
3432 2771 3550 2825 sine
3608 2767 3826 2824 elatione

2234 2881 2510 2937 nunquam
2542 2864 2801 2922 valemus.
2860 2864 2999 2918 Cum
3030 2877 3163 2934 ergo
3205 2861 3273 2915 de
3329 2858 3625 2915 manifesto
3669 2856 3830 2911 latens

2234 2957 2439 3011 malum
2468 2953 2726 3021 nascitur,
2787 2952 3063 3023 sapienter
3118 2949 3319 3004 bonum
3369 2945 3742 3014 absconditur,
3765 2958 3827 2998 ne

2235 3045 2381 3100 malo
2410 3040 2852 3114 surperveniente
2881 3038 3205 3094 maculetur.
3235 3036 3343 3092 Sed
3375 3036 3514 3090 inter
3528 3034 3648 3090 haec
3670 3033 3831 3088 scien-

2238 3133 2367 3188 dum
2399 3138 2502 3199 est,
2534 3130 2660 3201 quia
2680 3130 2760 3183 illi
2789 3127 3016 3184 virtutes
3055 3126 3231 3181 celare
3286 3124 3531 3194 praelatis
3578 3122 3687 3177 suis
3739 3121 3832 3174 ista

2240 3221 2572 3277 necessitate
2614 3223 2860 3286 possunt,
2920 3215 3008 3286 qui
3065 3214 3204 3270 bene
3255 3226 3591 3285 cognoscere
3638 3210 3836 3264 bonum

2241 3310 2387 3381 quod
2435 3315 2621 3378 agunt,
2652 3306 2849 3361 sciunt.
2889 3304 2945 3360 Si
2977 3303 3120 3359 enim
3149 3301 3312 3356 nimis
3370 3307 3498 3356 sunt
3544 3298 3833 3369 simplices,

2241 3413 2389 3468 saepe
2419 3412 2527 3451 non
2554 3402 2638 3450 est
2663 3394 2888 3462 bonum,
2921 3392 3063 3462 qued
3093 3406 3211 3445 esse
3241 3389 3448 3444 bonum
3479 3387 3836 3447 arbitrantur;

2241 3495 2294 3542 et
2335 3486 2464 3540 dum
2505 3483 2695 3541 vitium
2755 3481 2906 3553 quasi
2934 3479 3189 3537 virtutem
3247 3492 3358 3533 non
3388 3476 3675 3548 gindicant,
3706 3476 3758 3529 in
3786 3488 3839 3527 se

2242 3572 2617 3630 absconditum
2649 3573 2860 3627 hostem
2884 3575 3119 3641 portant.
3152 3566 3309 3622 Unde
3346 3573 3403 3620 et
3430 3565 3719 3630 Jonathas,
3757 3560 3841 3631 qui

2242 3662 2380 3735 patri
2410 3661 2538 3716 belli
2568 3658 2903 3732 prOposituin
2935 3656 3086 3720 texit,
3114 3659 3295 3709 tantus
3318 3654 3606 3709 assertitur
3638 3670 3650 3705 :
3676 3658 3730 3705 ut
3748 3648 3840 3703 sub

2243 3751 2364 3820 ejus
2394 3750 2591 3806 ducatu
2622 3763 2749 3819 pars
2780 3741 3621 3815 exercitusproductaret‘eratur.
3649 3740 3838 3803 Erant,

2242 3839 2434 3910 inquit,
2458 3838 2567 3894 duo
2587 3837 2775 3892 millia
2792 3837 3041 3892 virorum
3080 3849 3210 3888 cum
3230 3829 3377 3886 Saul
3399 3832 3465 3886 in
3501 3830 3763 3901 Magmas,
3792 3828 3842 3880 et

2241 3930 2308 3985 in
2322 3931 2516 3984 monte
2536 3926 2749 3993 Bethet,
2767 3925 2928 3980 mille
2943 3926 3138 3979 autem
3151 3936 3281 3977 cum
3296 3917 3555 3975 Jonatha
3572 3919 3636 3973 in
3661 3913 3843 3971 Gabaa

2245 4014 2546 4088 Benjamin
2569 4014 2617 4085 (I
2644 4017 2767 4085 Reg.
2787 4028 2913 4079 xm,
2935 4014 3014 4082 2).
3047 4009 3269 4066 Dicatur
3293 4022 3430 4080 ergo
3470 4007 3543 4063 de
3572 4005 3799 4061 Jonatha
3830 4019 3842 4056 :

2245 4107 2406 4162 Patri
2425 4108 2620 4160 autem
2635 4118 2736 4159 suo
2753 4100 2853 4157 hoc
2871 4103 3054 4172 ipsum
3066 4114 3183 4154 non
3203 4096 3484 4152 indicavit
3508 4114 3527 4150 :
3551 4094 3644 4165 qui
3660 4090 3847 4148 eruditi

2244 4193 2365 4260 viri,
2398 4192 2527 4246 dum
2557 4189 2810 4245 elationis
2826 4188 3017 4244 vitium
3047 4186 3321 4241 incurrere
3351 4184 3423 4238 de
3473 4181 3690 4255 magnis
3715 4195 3847 4251 ope-

2245 4283 2394 4337 ribus
2421 4280 2532 4336 suis
2561 4285 2824 4344 metuunt,
2857 4291 2924 4333 ea
2970 4274 3222 4330 nimirum
3253 4272 3389 4343 ipsis
3419 4270 3768 4328 abscondunt
3821 4282 3851 4319 a

2248 4370 2443 4441 quibus
2473 4367 2719 4437 adjuvari
2735 4368 3042 4437 potuerunt.
3071 4362 3207 4430 Quae
3237 4360 3497 4415 nimirum
3524 4357 3848 4430 praedicato-

2248 4459 2325 4514 ris
2351 4457 2549 4513 auxilia
2579 4455 2770 4510 melius
2797 4452 3077 4519 discimus,
3110 4450 3161 4504 si
3190 4450 3337 4520 ipsos
3366 4448 3422 4503 in
3454 4448 3581 4505 loco
3611 4462 3725 4503 sum
3740 4459 3853 4515 per-

2256 4545 2501 4602 fectionis
2539 4543 2839 4599 videamus.
2874 4541 3013 4595 Nam
3037 4536 3292 4609 sequitur
3323 4554 3335 4591 :

2325 4654 2503 4723 (Vers.
2526 4651 2604 4721 ‘2.)
2623 4650 2795 4706 Porro
2822 4645 2967 4703 Saul
2986 4644 3390 4702 morabaturin
3406 4650 3680 4698 extre-ma
3697 4641 3856 4712 parte

2255 4741 2448 4798 Gabaa
2464 4740 2540 4810 (a)
2561 4738 2663 4795 sub
2684 4736 2834 4793 malo
2853 4738 3117 4806 grauata,
3148 4748 3274 4805 qua:
3302 4732 3429 4787 erat
3451 4730 3521 4785 in
3539 4730 3787 4801 Magi-on.

2320 4849 2373 4902 4.
2408 4845 2614 4906 Gabaa,
2634 4851 2691 4898 ut
2711 4843 2964 4906 diximus,
2984 4838 3571 4907 collisinterpretatur;
3606 4835 3855 4906 Magron,

2256 4935 2326 4991 de
2354 4935 2510 4989 fauce
2540 4931 2756 4987 dicitur.
2784 4928 3175 4985 Praedicatores
3189 4933 3371 4980 autem
3399 4922 3580 4980 sancti
3599 4922 3857 4978 sublimes

2259 5022 2415 5078 valde
2444 5028 2585 5089 sunt,
2619 5034 2725 5074 non
2754 5018 2927 5073 solum
2960 5031 3145 5085 opere,
3177 5012 3275 5068 sed
3304 5011 3465 5067 etiam
3510 5007 3859 5080 contempla-

2258 5111 2427 5166 tione.
2459 5109 2717 5164 Extrema
2748 5121 2882 5177 ergo
2902 5121 3023 5175 pars
3054 5103 3151 5157 ista
3190 5100 3498 5155 sublimitas
3538 5107 3627 5155 est
3657 5095 3856 5169 operis,

2257 5197 2448 5253 intima
2474 5211 2604 5252 vero
2636 5194 2745 5263 illa,
2766 5189 3259 5261 contemplationis.
3320 5188 3431 5243 Per
3462 5189 3613 5244 hanc
3645 5185 3865 5257 quidem

2258 5295 2554 5343 extremam
2577 5290 2785 5354 partem
2833 5296 2945 5335 suae
2974 5276 3325 5343 celsitudinis,
3357 5274 3422 5330 ad
3456 5273 3781 5346 exemplum
3836 5284 3869 5325 ι

2255 5375 2411 5430 nobis
2440 5370 2843 5442 conspiciuntur
2878 5387 2890 5432 ;
2921 5384 3016 5440 per
3045 5366 3195 5423 illam
3225 5380 3356 5421 vero
3385 5363 3666 5430 intimam,
3688 5362 3743 5416 in
3758 5373 3867 5415 ma-

2255 5481 2365 5539 gno
2378 5478 2566 5519 amore
2581 5456 2846 5517 conditori
2865 5455 3134 5525 conjuncti
3160 5459 3311 5510 sunt.
3329 5453 3437 5508 Hos
3457 5452 3690 5524 quidem
3715 5446 3869 5505 nobis

2256 5565 2497 5616 extrema
2531 5564 2681 5631 parte
2708 5552 3056 5610 sublimitatis
3110 5566 3225 5607 suae
3252 5548 3523 5623 propheta
3579 5543 3866 5604 mirando:

631 5733 718 5813 (a)
773 5725 916 5787 male
941 5722 1031 5781 hic
1058 5730 1110 5780 et
1139 5717 1284 5778 infrs
1309 5714 1366 5789 in
1396 5712 1519 5772 aliis
1548 5705 1722 5767 Editis
1748 5702 1968 5780 legitur,
2007 5699 2160 5759 malo
2185 5698 2431 5775 grauata
2456 5696 2515 5752 et
2539 5691 2730 5751 mrum
2756 5692 3031 5765 grauata.
