4034 6174
276 324 367 383 361

1101 315 1176 376 ΙΝ
1213 316 1481 376 PRIMUM
1520 309 1768 374 REGUM
1804 312 2342 374 EXPOSITIONES.
2387 349 2458 360 —-
2495 315 2621 374 LIB.
2663 316 2727 376 ν.

3463 327 3566 385 362

279 449 526 518 ostendit,
553 447 769 520 quando
800 447 910 502 ait:
950 445 1059 509 Qui
1087 449 1223 500 sunt
1248 445 1367 510 isti,
1392 445 1490 513 qui
1509 446 1572 497 ut
1594 441 1767 497 nubes
1783 457 1872 497 vo-
1899 445 1954 506 Α
2053 445 2104 495 6.
2134 442 2328 497 Achias
2343 458 2576 515 namque
2607 444 2987 502 umbraculum
3003 456 3184 505 nostro
3205 464 3458 507 sermone
3487 452 3567 506 di-

279 542 486 608 lant,et
506 539 672 610 quasi
682 536 951 592 columba:
962 535 1033 589 ad
1048 537 1331 604 fenestras
1347 548 1482 588 suas
1496 529 1528 587 ?
1548 531 1673 601 (Isa.
1688 545 1781 596 ιχ,
1797 529 1874 599 8.)

279 629 474 685 Volant
503 626 704 696 quippe
749 631 809 678 ut
860 622 1037 677 nubes
1071 640 1082 674 :
1118 621 1245 692 quia
1284 635 1317 676 a
1362 618 1655 690 gravedine
1703 617 1877 686 culpae

277 726 398 774 sunt
426 717 600 781 leves,
633 721 686 768 et
714 710 893 784 gratia
931 707 1102 764 sancti
1146 707 1380 777 Spiritus
1428 707 1486 760 in
1531 705 1680 761 bono
1710 720 1877 776 opere

274 808 512 864 veloces.
538 801 709 872 Quasi
739 799 1008 856 columbae
1034 812 1164 852 vero
1186 803 1316 850 sunt
1339 795 1408 850 ad
1443 795 1726 851 fenestras.
1751 794 1880 861 quia

275 896 338 950 ad
362 892 679 963 exemplum
714 905 809 960 per
841 888 982 942 bona
1013 900 1177 956 Opera
1205 899 1264 938 se
1294 883 1474 950 nobis,
1501 881 1655 952 quasi
1680 897 1776 952 per
1801 881 1881 935 fo-

275 983 488 1039 ramina
504 979 807 1052 porrigunt,
824 975 920 1030 sed
939 976 1006 1029 de
1023 976 1238 1028 ostensa
1252 971 1375 1027 vitae
1397 971 1685 1037 munditia,
1704 968 1881 1023 laudis

277 1071 515 1142 appetitu
541 1080 884 1138 nequaquam
911 1065 1071 1131 300
1086 1061 1390 1130 capiuntur.
1408 1059 1515 1114 Sed
1537 1066 1588 1113 et
1612 1058 1712 1113 sub
1737 1057 1882 1112 malo

276 1167 505 1234 granato
534 1173 628 1212 rex
649 1154 882 1221 residet;
908 1152 1037 1223 quia
1057 1149 1110 1204 in
1134 1149 1323 1203 umbra
1346 1147 1723 1216 Redemptoris
1745 1161 1882 1216 prae-

277 1251 484 1305 dicator
498 1244 743 1314 requiem
757 1241 1144 1311 habet.Magno
1157 1237 1374 1307 quidem
1391 1235 1578 1290 labore
1599 1234 1882 1306 fatigatur,

281 1339 379 1394 sed
405 1335 699 1392 verborum
723 1329 937 1386 Domini
967 1325 1336 1383 consolatione
1372 1323 1633 1380 reficitur.
1658 1321 1812 1378 Unde
1835 1337 1887 1385 et

278 1433 470 1492 eadem
497 1427 678 1480 malus
707 1419 869 1476 arbor
898 1419 949 1472 in
974 1432 1040 1472 eo
1067 1416 1208 1482 loco,
1250 1413 1341 1484 qui
1376 1413 1444 1467 de
1477 1412 1631 1467 fauce
1670 1410 1884 1476 dicitur,

279 1519 492 1581 morari
514 1513 842 1589 perhibetur.
863 1506 1005 1574 Quid
1027 1505 1170 1596 enim
1194 1500 1454 1596 hocloco
1479 1500 1620 1596 istud
1644 1499 1711 1596 de
1727 1499 1888 1596 fauce

278 1613 475 1668 dicitur
493 1587 672 1676 aptius
688 1613 848 1670 quam
871 1593 1039 1650 sancti
1060 1591 1345 1682 Evangelii
1367 1588 1616 1682 dulce—do
1629 1587 1885 1682 designa-

277 1710 366 1756 tur
391 1701 420 1752 ‘2
466 1675 557 1752 Sic
603 1690 747 1746 enim
777 1700 919 1740 nunc
947 1681 1143 1736 morari
1182 1681 1236 1733 in
1283 1677 1476 1732 umbra
1505 1675 1889 1772 Redemptoris

280 1798 602 1860 possumus,
638 1778 683 1832 si
712 1773 966 1830 videlicet
993 1769 1162 1825 verba
1192 1768 1314 1836 ejus
1357 1766 1425 1820 ad
1471 1762 1890 1860 consolationem

279 1851 347 1932 de
376 1867 809 1941 Evangeliorum
848 1859 1197 1914 meditatione
1226 1855 1523 1924 capiamus.
1562 1852 1678 1949 Sed
1707 1851 1893 1949 in‘hoc

283 1939 780 2028 residere—quietus
809 1948 1178 2020 predicatores
1207 1949 1459 2036 possunt,
1485 1939 1583 2036 qui
1607 1955 1713 2036 quo
1730 1939 1897 2036 altius

293 2061 345 2108 et
377 2026 604 2122 propius
626 2041 761 2098 illud
785 2038 980 2092 divinae
1006 2033 1175 2088 faucis
1196 2031 1420 2087 verbum
1445 2028 1764 2097 suscipiunt,
1774 2026 1898 2122 dul:

296 2112 417 2196 ciu-s
451 2112 791 2206 saginantur.
830 2127 961 2179 Haec
993 2122 1152 2178 etiam
1187 2135 1343 2175 causa
1376 2125 1458 2206 est
1496 2133 1602 2206 qua
1630 2131 1721 2206 rex
1771 2112 1895 2169 Saul

301 2243 409 2282 non
444 2203 605 2288 stare,
639 2230 813 2286 neque
844 2212 1056 2278 sedere,
1088 2208 1184 2263 sed
1224 2205 1426 2262 morari
1454 2205 1553 2258 sub
1577 2203 1735 2300 _malo
1765 2217 1897 2300 gis:

288 2324 418 2370 nato
460 2314 512 2366 in
543 2309 730 2379 Magro
765 2302 996 2367 dicitur;
1049 2298 1178 2368 quia
1231 2295 1504 2388 perfectus
1559 2293 1747 2388 doctor
1783 2291 1899 2388 .Dei

295 2400 551 2460 docibilis
583 2402 664 2451 est
697 2412 708 2446 :
744 2399 796 2446 et
824 2391 952 2445 dum
984 2400 1207 2458 pascere
1229 2384 1351 2438 cibo
1384 2381 1519 2436 alios
1548 2380 1748 2445 nititur,
1781 2380 1900 2446 ipse

289 2485 707 2548 multiformium
739 2478 1068 2535 deliciarum
1099 2469 1464 2543 spiritualium
1494 2467 1780 2563 dulcedine
1805 2481 1898 2563 sa-

289 2581 477 2635 tiatur.
508 2576 650 2629 Nam
691 2569 821 2625 dum
869 2560 1253 2632 Redemptoris
1301 2572 1513 2614 amoena
1554 2555 1902 2626 singulariter

287 2666 512 2738 aspicit,
544 2662 598 2716 in
630 2659 823 2714 miram
855 2649 1373 2720 contemplationem
1404 2646 1660 2738 virtutum
1681 2641 1854 2738 surgit
1883 2658 1896 2698 :
1931 2693 1934 2698 .

287 2731 538 2828 tet-quasi
567 2750 632 2803 de
662 2760 770 2800 uno
802 2740 1000 2798 cortice
1049 2736 1282 2807 plurima
1309 2749 1479 2806 grana
1509 2731 1899 2828 colligit,ndum

287 2819 490 2916 per'ea
518 2837 726 2901 omnia,
760 2845 880 2903 quae
910 2830 964 2882 in
995 2826 1413 2893 Redemptorem
1438 2820 1643 2886 recolit,
1655 2819 1899 2916 delicio-

292 2906 409 2986 sam
441 2933 674 2982 mentem
705 2925 985 2993 gratanter
1002 2914 1168 2969 ducit.
1193 2914 1254 2966 In
1282 2912 1384 2966 hac
1414 2909 1630 2981 quidem
1655 2906 1899 2961 Redem-

291 3018 467 3094 ptoris
485 3012 788 3070 amaznitate
810 3019 1011 3077 sponsa
1033 3018 1091 3058 se
1113 2999 1451 3096 requievisse
1472 2996 1756 3068 gloriatur,
1775 3010 1900 3096 quae.

292 3082 428 3164 dicit
461 3124 474 3158 :
510 3103 627 3158 Sub
659 3098 858 3155 umbra
889 3095 1030 3165 ejus,
1066 3105 1230 3162 quem
1279 3085 1748 3151 desideraveram,
1783 3082 1903 3138 sedi

1984 529 2138 586 citur.
2181 529 2322 598 Quid
2371 547 2497 587 vero
2525 548 2625 601 per
2649 533 3021 591 umbraculum
3067 539 3169 594 hoc
3215 539 3270 594 in
3299 539 3438 608 loco,
3469 540 3571 595 nisi

1982 619 2250 688 protectio
2275 620 2639 692 designatur?
2668 622 2770 690 Qui
2819 639 2948 696 ergo
2995 625 3054 680 in
3102 635 3287 683 sancta
3332 627 3574 685 Ecclesia

1985 706 2220 763 minores
2251 708 2522 778 quoslibet
2551 709 2619 764 ab
2660 711 2885 767 occultis
2913 713 3235 770 adversariis
3264 723 3572 789 protegunt,

1985 811 2082 866 per
2108 795 2482 852 umbraculum
2507 807 2650 854 recte
2680 799 3062 872 designantur.
3110 801 3212 872 Qui
3243 811 3422 858 autem
3450 822 3575 860 um-

1987 883 2208 940 braculo
2253 885 2476 952 residet,
2509 887 2759 943 ardorem
2809 890 2940 944 solis
2979 891 3179 947 sentire
3224 907 3331 948 non
3381 901 3578 964 potest.

1988 974 2099 1027 Cur
2147 989 2278 1027 vero
2327 973 2382 1027 in
2417 990 2569 1031 sacro
2615 977 2830 1048 eloquio
2858 979 3166 1035 umbracula
3195 980 3581 1053 prmdicantur,

1990 1059 2090 1114 nisi
2113 1061 2240 1132 quia
2261 1060 2423 1116 etiam
2453 1064 2624 1118 solem
2655 1066 2942 1134 reprobum
2971 1068 3275 1134 ostendunt,
3309 1085 3415 1140 quo
3447 1070 3590 1127 viror

1990 1148 2192 1203 mentis
2220 1151 2503 1204 exuritur?
2532 1152 2612 1206 De
2637 1168 2744 1221 quo
2773 1154 3024 1210 nimirum
3054 1157 3170 1213 sole
3191 1158 3410 1213 Veritas
3438 1158 3492 1213 in
3514 1159 3591 1214 di-

1992 1236 2199 1292 visione
2228 1238 2494 1292 seminum
2525 1239 2690 1296 dicit:
2731 1241 2866 1299 Orto
2894 1242 3031 1312 sole,
3061 1248 3584 1318 arueruntUlfatth.

1993 1341 2118 1391 xm,
2144 1326 2217 1394 6).
2245 1327 2479 1382 Fervens
2501 1328 2889 1400 quippe_ardor
2907 1333 3363 1404 concupiscentiae
3385 1335 3467 1391 sol
3485 1346 3585 1406 est,

1994 1414 2084 1484 qui
2115 1413 2261 1469 velut
2292 1414 2410 1469 luce
2453 1417 2701 1482 candeat,
2735 1419 2832 1473 sed
2878 1420 2970 1490 qui
3018 1429 3276 1489 mentem,
3304 1424 3392 1478 cui
3420 1423 3586 1494 lucet,

1995 1505 2207 1558 exurat.
2238 1503 2373 1556 Dum
2401 1519 2530 1575 ergo
2563 1507 2825 1575 majorum
2860 1509 3326 1566 exhortationibus
3351 1513 3590 1568 omnium

1994 1589 2576 1660 concupiscientiarnm
2635 1593 3003 1651 blandimenta
3074 1599 3408 1670 respuimus,
3483 1618 3591 1671 quo

1996 1677 2150 1746 alibi,
2209 1695 2372 1749 quam
2441 1680 2498 1734 iu
2549 1681 2861 1738 umbraculo
2907 1700 3114 1740 amaeno
3178 1687 3590 1759 substernimur,

2009 1766 2267 1834 301ubi
2299 1768 2652 1822 tentationum
2683 1770 2935 1826 incendia
2963 1773 3294 1830 declinemus
3313 1777 3341 1829 ?
3370 1777 3476 1832 Sed
3506 1778 3596 1833 di-

2005 1853 2261 1910 minutive
2289 1854 2660 1911 umbraculum
2707 1859 2966 1916 Ecclesia:
3013 1862 3257 1918 minister
3300 1863 3511 1932 dicitur,
3543 1873 3603 1921 ut

2004 1941 2353 2012 Redemptori
2400 1959 2562 1999 nemo
2623 1955 2983 2015 comparetur.
3045 1949 3123 2003 De
3179 1949 3322 2006 illius
3370 1968 3602 2024 namque

2003 2030 2339 2099 protectione
2395 2047 2595 2101 sponsa
2641 2032 2696 2086 in
2745 2034 2980 2090 Canticis
3037 2036 3316 2108 gloriatur,
3363 2041 3599 2096 dicens:

2007 2117 2126 2173 Sub
2138 2118 2337 2172 umbra
2351 2120 2697 2191 illius,quem
2712 2120 2966 2177 desidera
2977 2127 3308 2191 veram,sedi
3325 2128 3519 2198 (Cant.
3538 2145 3599 2198 ιι,

2007 2206 2080 2272 4).
2114 2206 2177 2258 Et
2207 2205 2484 2259 Psalmista
2518 2207 2837 2276 deprecans,
2863 2210 2936 2264 ait
2968 2229 2980 2264 :
3007 2211 3126 2267 Sub
3148 2214 3346 2270 umbra
3374 2217 3602 2273 alarum

2009 2297 2239 2348 tuarum
2260 2298 2484 2366 protege
2513 2311 2603 2349 me
2636 2295 2822 2362 (Psal.
2845 2313 2961 2366 3m,
2995 2298 3068 2369 9).
3103 2299 3209 2354 Sed
3254 2302 3396 2357 unde
3427 2311 3603 2359 tantus

2007 2381 2203 2434 Achias
2243 2381 2343 2436 iste
2389 2381 2656 2450 procedit,
2703 2385 3016 2454 exponitur,
3049 2387 3173 2456 quia
3205 2387 3346 2444 ﬁlius
3374 2392 3604 2446 Achitob

2007 2484 2125 2524 esse
2150 2477 2503 2524 memoratur.
2527 2471 2777 2539 Achitob,
2813 2473 2978 2529 frater
3006 2489 3156 2529 meus
3191 2475 3364 2532 bonus
3386 2478 3600 2535 dicitur.

2008 2556 2142 2624 Quis
2181 2555 2345 2629 igitur
2390 2557 2489 2612 iste
2539 2558 2714 2615 frater
2769 2560 2943 2617 bonus
2981 2561 3313 2637 intelligitur,
3365 2567 3466 2622 nisi
3495 2569 3604 2625 Re-

2007 2645 2257 2716 demptor
2289 2647 2516 2700 noster?
2547 2647 2729 2702 Frater
2757 2650 2980 2722 quippe,
3015 2652 3146 2724 quia
3176 2661 3380 2711 naturae
3411 2665 3605 2714 nostra:

2006 2734 2322 2806 particeps:
2357 2735 2452 2790 sed
2495 2735 2687 2802 bonus,
2739 2739 2830 2806 qui
2875 2748 3123 2795 naturam
3161 2752 3397 2798 nostram
3444 2763 3608 2815 quam

2008 2822 2262 2891 suscepit,
2294 2821 2365 2876 ab
2395 2831 2594 2878 aeterna
2625 2833 2800 2881 morte
2819 2825 3085 2883 liberavit.
3120 2830 3215 2884 Vel
3253 2830 3446 2900 bonus,
3480 2834 3606 2903 quia

2006 2924 2196 2964 omnes
2243 2925 2340 2965 nos
2387 2910 2514 2964 mali
2561 2928 2772 2981 sumus,
2807 2913 3016 2970 dicente
3045 2915 3209 2985 ipso:
3255 2919 3313 2974 Si
3342 2935 3432 2975 vos
3461 2922 3606 2977 mali

2008 3013 2137 3053 cum
2153 2997 2299 3064 sitis,
2314 2999 2492 3054 nostis
2513 2999 2654 3055 bona
2675 2999 2814 3056 data
2836 3002 2969 3057 dare
2990 3003 3130 3072 ﬁliis
3161 3008 3361 3061 vestris
3383 3008 3601 3079 (Matth.

2009 3101 2104 3154 vn,
2131 3087 2238 3151 Η).
2279 3086 2480 3142 Achias
2529 3101 2663 3158 ergo
2708 3085 2855 3144 ﬁlius
2898 3090 3129 3146 Achitob
3160 3092 3392 3150 dicitur:
3422 3103 3481 3149 ut
3515 3097 3606 3167 qui

796 3149 988 3238 umbra
1017 3149 1219 3248 quippe
1239 3176 1357 3244 ejus
1378 3172 1565 3228 sedere
1590 3179 1671 3226 est
1701 3149 1754 3223 in
1778 3170 1901 3266 ejus
1927 3149 1976 3211 ί]
2005 3173 2065 3266 ΞΠ
2093 3149 2364 3266 ’-Εοωεείᾳ
2412 3149 2660 3266 Pol-em?”
2709 3182 2852 3266 sum,
2887 3191 3070 3266 egrum
3119 3181 3364 3248 potentia
3393 3197 3460 3237 ex
3489 3149 3610 3238 831a

300 3257 765 3351 contemplatione
796 3271 1171 3341 requiescere.
1198 3263 1330 3332 Ejus
1351 3268 1497 3358 certe
1520 3257 1906 3358 contemplatio

302 3372 506 3428 umbra
525 3345 633 3435 est,
663 3362 790 3434 quia
813 3360 867 3414 in
906 3357 1024 3426 ejus
1050 3354 1259 3411 visione
1291 3349 1642 3444 protegimur,
1675 3363 1742 3401 ne
1781 3345 1906 3444 diu:

303 3461 491 3517 bolica
529 3433 818 3510 tentatione
845 3447 992 3503 velut
1020 3444 1152 3498 solis
1183 3440 1378 3495 ardore
1407 3438 1776 3508 denigremur.
1801 3433 1906 3502 Qui

305 3563 442 3621 ergo
473 3554 578 3600 tam
610 3537 909 3595 sublimiter
935 3532 1296 3603 requiescunt,
1333 3528 1472 3621 ferre
1515 3541 1575 3580 se
1612 3523 1904 3621 consulen:

308 3611 456 3692 titius
488 3631 685 3687 auxilia
712 3625 918 3682 utiliter
960 3625 1214 3692 possunt.
1271 3615 1381 3671 Sed
1431 3623 1610 3668 tamen
1662 3611 1905 3667 nonnulli

311 3723 470 3780 electi
523 3717 720 3774 subditi
757 3715 884 3768 dum
928 3707 1289 3764 inﬁrmitatem
1319 3704 1595 3774 pr0priam
1626 3707 1908 3768 metuunt;

305 3813 440 3868 dum
473 3809 648 3864 solum
679 3805 853 3859 Deum
884 3797 1075 3870 agonis
1102 3795 1186 3849 sui
1228 3799 1415 3847 testem
1465 3788 1761 3860 requirunt,
1787 3795 1907 3841 tan-

308 3911 490 3956 torum
515 3895 792 3951 hominum
806 3886 1016 3958 judicia
1041 3882 1272 3954 fugiunt,
1299 3887 1407 3933 uta
1428 3878 1544 3932 solo
1557 3878 1670 3930 Deo
1688 3876 1740 3929 in
1765 3876 1908 3929 bona

305 4004 411 4044 sua
438 3986 644 4042 actione
672 3979 980 4036 videantur.
1021 3973 1162 4026 Bene
1192 3983 1324 4041 ergo
1346 3974 1402 4021 et
1429 3965 1557 4021 Saul
1587 3963 1639 4018 in
1670 3969 1909 4018 extrema

302 4085 460 4150 parte
489 4072 678 4128 Gabaa
705 4067 806 4122 sub
836 4062 988 4118 malo
1008 4067 1233 4132 grauate
1264 4055 1463 4150 morari
1485 4053 1713 4150 dicilut,
1731 4059 1780 4106 et
1799 4051 1906 4150 ..Ιο-

302 4140 504 4221 names
532 4159 657 4214 belli
687 4152 1028 4227 propositum
1057 4147 1108 4202 ei
1139 4161 1250 4200 non
1290 4143 1558 4197 indicasse
1584 4160 1594 4195 :
1627 4140 1752 4211 quia
1780 4140 1904 4193 dum

305 4252 554 4324 perfecte
583 4260 782 4303 cavere
812 4240 1100 4295 elationem
1121 4249 1230 4288 non
1259 4246 1568 4325 possumus,
1587 4227 1810 4325 bonum,
1839 4228 1906 4282 de

305 4316 421 4412 quo
451 4338 594 4393 nasci
623 4339 822 4404 potest,
855 4325 1112 4383 omnibus
1141 4318 1398 4377 abscondi
1417 4317 1597 4412 debet.
1623 4316 1903 4412 Sequitur:

385 4429 558 4495 (νει-ε.
575 4425 654 4493 2.)
677 4423 815 4478 Erat
838 4415 1080 4490 populus
1099 4427 1230 4466 cum
1248 4424 1309 4464 eo
1330 4408 1489 4480 quasi
1509 4407 1906 4461 sexcentarum

312 4521 591 4574 virorum.

470 4605 584 4658 Hoc
611 4610 842 4654 numero
873 4594 1038 4648 fortes
1067 4589 1215 4644 viros
1240 4585 1296 4640 in
1325 4583 1471 4638 bono
1486 4595 1649 4650 Opere
1669 4577 1916 4649 superius

313 4690 598 4764 designari
650 4684 904 4748 diximus,
938 4677 1028 4749 qui
1075 4687 1377 4764 cumrege
1406 4668 1865 4764 essereferuntur
1902 4682 1913 4718 :

2005 3260 2382 3329 Redemptoris
2427 3260 2726 3318 imitatione
2773 3264 2850 3317 eis
2904 3264 3081 3321 inesse
3136 3269 3416 3324 sentiatur.
3449 3270 3601 3327 Idem

2004 3363 2133 3403 vero
2161 3347 2388 3404 Achitob
2418 3347 2584 3404 frater
2613 3347 2835 3406 lchabot
2865 3352 3140 3420 asseritur,
3165 3354 3286 3426 quia
3317 3372 3348 3410 a
3380 3358 3604 3413 transla-

2008 3437 2151 3491 tione
2197 3435 2393 3508 gloriae
2441 3446 2794 3508 nuncupatur.
2845 3441 2985 3494 Nam
3029 3441 3359 3513 Redemptor
3421 3454 3607 3502 noster

2005 3525 2299 3579 secundum
2329 3539 2551 3580 carnem
2595 3527 2665 3581 de
2709 3527 3020 3584 Iudaeorum
3050 3538 3212 3601 gente
3241 3541 3319 3588 est
3346 3541 3522 3590 natus.
3549 3537 3605 3590 A

2006 3629 2113 3684 quo
2159 3613 2413 3668 nimirum
2461 3615 2684 3685 populo,
2720 3616 2842 3685 quia
2888 3617 3068 3672 omnis
3123 3628 3344 3676 ornatus
3391 3623 3603 3694 templi,

2006 3715 2193 3756 omnes
2223 3699 2607 3757 sacriﬁciorum
2639 3703 2794 3772 ritus,
2825 3704 3007 3760 omnia
3041 3707 3432 3778 Scripturarum
3464 3728 3609 3782 mysi-

2005 3789 2144 3843 teria
2192 3789 2261 3843 ad
2311 3789 2570 3860 gentilem
2619 3791 2881 3860 p0pulum
2931 3794 3273 3863 transierunt,
3327 3785 3607 3855 translatio

2005 3875 2200 3946 gloria:
2229 3875 2282 3930 in
2313 3877 2541 3931 Achitob
2575 3875 2733 3932 fratre
2763 3886 2906 3934 recte
2937 3890 3287 3937 memoratur.
3321 3885 3442 3953 Ipse
3464 3902 3606 3956 quo-

2007 3980 2109 4032 que
2146 3964 2370 4019 Achilob
2409 3964 2632 4018 Phinees
2673 3966 2834 4020 fuisse
2881 3965 3020 4022 filius
3070 3969 3265 4024 dicitur
3296 3990 3308 4025 :
3342 3974 3465 4042 quia
3502 3976 3604 4030 Ju-

2005 4051 2190 4106 daicus
2216 4051 2449 4121 populus
2477 4051 2530 4105 in
2563 4053 2759 4106 erroris
2789 4053 2869 4108 sui
2898 4055 3143 4124 perﬁdia,
3171 4074 3279 4128 qua
3309 4075 3368 4114 se
3393 4063 3604 4125 mersit,

2005 4139 2243 4209 ejusdem
2272 4140 2446 4210 gentis
2477 4156 2586 4196 suae
2617 4140 2871 4197 doctores
2901 4158 2960 4198 se
2989 4143 3146 4200 valde
3176 4148 3460 4216 nequiores
3494 4152 3594 4204 ha-

2006 4227 2144 4282 buit.
2184 4228 2338 4283 Unde
2377 4240 2430 4282 et
2470 4227 2616 4284 idem
2668 4229 2914 4296 Phineas,
2947 4245 3007 4308 os
3052 4239 3282 4303 mutum,
3327 4235 3458 4302 sive,
3514 4239 3598 4293 ori

2005 4332 2236 4385 parcens
2264 4315 2633 4386 interpretatu.
2677 4316 2753 4372 Os
2801 4318 3003 4389 quippe
3049 4319 3265 4389 dicitur,
3317 4324 3446 4394 quia
3502 4341 3602 4396 per

2006 4405 2257 4458 eumdem
2286 4405 2549 4474 populum
2589 4405 2848 4460 Dominus
2884 4407 3094 4463 locutus
3123 4417 3225 4464 est.
3258 4411 3366 4466 Sed
3395 4419 3604 4469 mutum

1934 4502 1988 4561 Ῑ)
2011 4508 2073 4547 os
2103 4509 2242 4546 nunc
2289 4508 2409 4547 esse
2447 4494 2814 4564 cognoscitur,
2853 4495 2980 4566 quia
3021 4496 3151 4551 dum
3190 4497 3612 4570 Redemptorem

2026 4579 2239 4649 repulit,
2273 4579 2581 4649 loquentem
2613 4582 2666 4635 in
2698 4598 2756 4636 se
2785 4582 2914 4637 olim
2945 4583 3202 4653 Spiritum
3232 4587 3438 4656 pariter
3466 4592 3613 4646 ami-

2026 4668 2112 4722 sit.
2147 4666 2250 4735 Qui
2278 4667 2437 4722 etiam
2465 4669 2544 4723 ori
2573 4685 2797 4739 parcens
2833 4679 2983 4726 recte
3022 4672 3238 4742 dicitur,
3269 4677 3392 4746 quia
3421 4677 3499 4735 sic
3529 4696 3622 4735 se-

313 4755 475 4854 (ῐυίδ-
496 4793 593 4850 Per
640 4773 876 4830 δίυάίυω
905 4766 1036 4822 boni
1082 4762 1281 4834 οΡθΓίεν
1313 4758 1612 4854 00360?de
1639 4761 1766 4854 ξυῑξι
1796 4755 1920 4854 Vitae
2026 4757 2132 4854 mel
2154 4757 2208 4810 in
2236 4765 2383 4854 reatu
2400 4755 2546 4854 ntanti
2576 4757 2852 4854 sanguinis
2879 4759 3096 4826 cecidit,
3129 4770 3186 4816 ut
3210 4779 3307 4854 per
3343 4767 3612 4836 paeniten-

312 4845 560 4926 doctoris
591 4863 687 4918 sui.
741 4859 851 4915 Sed
880 4856 1079 4911 habent
1120 4849 1502 4922 praedicatores
1534 4846 1788 4900 Ecclesiae
1819 4845 1920 4898 sub

311 4974 398 5024 se,
433 4969 539 5010 non
571 4951 743 5007 solum
774 4946 865 5016 qui
893 4956 1093 5015 magna
1123 4944 1308 5031 agant,
1324 4935 1420 5031 sed
1449 4942 1502 4989 et
1521 4933 1674 5031 verbi
1703 4933 1921 5031 Commi:

313 5020 524 5102 nistros
566 5039 653 5111 qui
697 5048 908 5091 summa
955 5031 1212 5084 doceant.
1265 5023 1478 5111 Habent
1525 5021 1712 5087 duces,
1739 5021 1829 5090 qui
1855 5020 1924 5074 ad

315 5133 473 5189 bella
511 5110 785 5183 ferventes
830 5119 1104 5182 roborant,
1137 5113 1338 5168 habent
1383 5110 1472 5182 qui
1511 5111 1767 5164 audacter
1797 5125 1924 5164 cur-

317 5229 470 5287 rant,
501 5216 701 5273 habent
729 5211 824 5284 qui
852 5210 1104 5279 potenter
1130 5207 1436 5275 protegant.
1469 5197 1620 5253 Bene
1640 5213 1773 5269 ergo
1801 5196 1926 5253 sub-

313 5307 580 5384 jungitur
612 5320 626 5359 :

403 5371 590 5467 (vers.
627 5391 707 5461 3.)
747 5384 948 5445 Achias
987 5380 1145 5451 ﬁlius
1186 5376 1418 5467 Achitob
1448 5375 1652 5467 fratris
1680 5371 1926 5467 lchaluit,

322 5457 447 5560 ﬁlii
467 5457 722 5547 Phincos,
742 5477 846 5549 qui
859 5476 1021 5530 ortu:
1036 5473 1228 5560 fuerat
1257 5483 1332 5560 ex
1347 5466 1480 5560 fleti
1506 5463 1795 5526 sacerdote
1817 5457 1931 5520 Do.

316 5555 477 5636 ὲηξηί
503 5573 570 5629 in
595 5569 727 5626 Silo.
758 5564 866 5631 Qui
887 5559 1152 5634 portabat
1182 5555 1392 5630 Ephod.

576 5693 813 5751 Ρλτιοι..
842 5681 1110 5760 ΙιΧΧῐΧε

2030 4845 2179 4910 tiam,
2212 4852 2263 4898 et
2291 4843 2688 4900 confessionem
2733 4846 2804 4901 ad
2834 4863 2956 4902 eum
3004 4851 3240 4904 converti
3280 4867 3624 4925 nequaquam

2029 4931 2216 5002 possit.
2251 4931 2341 4987 Οινί
2389 4932 2555 5005 igitur
2601 4948 2826 5004 parcens
2872 4935 3089 5004 dicitur,
3149 4938 3275 5007 quia
3316 4938 3624 4996 conﬁtendo

2032 5019 2120 5089 pie
2149 5019 2464 5075 erubescere
2494 5021 2833 5092 dedignatur.
2857 5022 2978 5092 Quo
3004 5033 3190 5079 contra
3219 5025 3408 5080 beatus
3436 5025 3537 5082 Job
3558 5045 3625 5083 ex

2033 5123 2268 5178 persona
2318 5122 2702 5164 conversorum
2743 5111 3025 5180 promittit,
3076 5111 3261 5167 dicens
3293 5131 3304 5166 :
3339 5115 3458 5169 Non
3485 5131 3626 5184 par-

2035 5213 2157 5253 cam
2175 5197 2261 5252 ori
2280 5211 2422 5264 meo,
2443 5197 2637 5269 loquar
2657 5199 2719 5253 in
2740 5199 3106 5255 tribulatione
3122 5200 3364 5271 spiritus
3382 5203 3494 5257 mei
3511 5203 3626 5274 (Job

2038 5297 2134 5351 vn,
2160 5283 2268 5354 11).
2320 5283 2428 5339 Sed
2468 5285 2598 5354 quia
2627 5285 2754 5339 item
2783 5285 3061 5356 religionis
3090 5285 3406 5357 dignitatem
3436 5289 3490 5343 in
3518 5307 3627 5361 pa-

2041 5371 2280 5426 triarchis
2309 5378 2362 5425 et
2388 5372 2671 5442 prOphetis
2715 5371 2922 5440 habuit,
2971 5371 3116 5427 idem
3149 5373 3375 5432 Phinees
3407 5393 3476 5433 ex
3505 5379 3625 5436 Heli

2039 5459 2316 5517 sacerdote
2346 5459 2564 5515 Domini
2592 5467 2750 5515 natus
2785 5459 3056 5515 asseritur.
3090 5460 3212 5517 Heli
3255 5463 3456 5537 quippe
3487 5468 3635 5525 Deus

2041 5564 2212 5618 meus,
2244 5546 2358 5606 Silo
2385 5549 2584 5605 missus
2609 5548 3018 5622 interpretatur.
3057 5549 3147 5607 Dii
3175 5567 3304 5610 vero
3332 5554 3633 5628 aliquando

3359 5677 3426 5741 12
