  <div class='ocr_page' id='page_1' title='image "/cluster/home/n/w/nwhite01/storage/ocr_20150623/79/hvd.32044054758834/187.png"; bbox 0 0 4034 6174; ppageno 0'>
   <div class='ocr_carea' id='block_1_1' title="bbox 446 336 548 390">
    <p class='ocr_par' dir='ltr' id='par_1_1' title="bbox 446 336 548 390">
     <span class='ocr_line' id='line_1_1' title="bbox 446 336 548 390; baseline 0 -1"><span class='ocrx_word' id='word_1_1' title='bbox 446 336 548 390; x_wconf 84' lang='lat'>363</span> 
     </span>
    </p>
   </div>
   <div class='ocr_carea' id='block_1_2' title="bbox 1645 308 2542 386">
    <p class='ocr_par' dir='ltr' id='par_1_2' title="bbox 1645 308 2542 386">
     <span class='ocr_line' id='line_1_2' title="bbox 1645 308 2542 386; baseline -0.001 0"><span class='ocrx_word' id='word_1_2' title='bbox 1645 322 1895 386; x_wconf 65' lang='lat' dir='ltr'>saNcrr</span> <span class='ocrx_word' id='word_1_3' title='bbox 1924 316 2270 383; x_wconf 72' lang='lat' dir='ltr'>caecam!</span> <span class='ocrx_word' id='word_1_4' title='bbox 2316 308 2542 385; x_wconf 67' lang='lat' dir='ltr'>metu</span> 
     </span>
    </p>
   </div>
   <div class='ocr_carea' id='block_1_3' title="bbox 3601 338 3690 391">
    <p class='ocr_par' dir='ltr' id='par_1_3' title="bbox 3601 338 3690 391">
     <span class='ocr_line' id='line_1_3' title="bbox 3601 338 3690 391; baseline 0.011 -1"><span class='ocrx_word' id='word_1_5' title='bbox 3601 338 3690 391; x_wconf 70' lang='grc'>364</span> 
     </span>
    </p>
   </div>
   <div class='ocr_carea' id='block_1_4' title="bbox 448 446 3697 527">
    <p class='ocr_par' dir='ltr' id='par_1_4' title="bbox 448 446 3697 527">
     <span class='ocr_line' id='line_1_4' title="bbox 448 446 3697 527; baseline -0.001 -13"><span class='ocrx_word' id='word_1_6' title='bbox 448 460 503 514; x_wconf 90' lang='lat' dir='ltr'>in</span> <span class='ocrx_word' id='word_1_7' title='bbox 534 463 719 514; x_wconf 89' lang='lat' dir='ltr'>sancta</span> <span class='ocrx_word' id='word_1_8' title='bbox 749 446 1027 527; x_wconf 80' lang='lat' dir='ltr'>Scriptura</span> <span class='ocrx_word' id='word_1_9' title='bbox 1054 447 1212 513; x_wconf 77' lang='lat' dir='ltr'>eiecti</span> <span class='ocrx_word' id='word_1_10' title='bbox 1240 452 1628 525; x_wconf 85' lang='lat' dir='ltr'>pradicatores</span> <span class='ocrx_word' id='word_1_11' title='bbox 1646 451 2031 523; x_wconf 82' lang='lat' dir='ltr'>intelliguntur.</span> <span class='ocrx_word' id='word_1_12' title='bbox 2061 448 2117 509; x_wconf 89' lang='lat' dir='ltr'><strong>A</strong></span> <span class='ocrx_word' id='word_1_13' title='bbox 2146 465 2309 504; x_wconf 89' lang='lat' dir='ltr'>nares</span> <span class='ocrx_word' id='word_1_14' title='bbox 2366 449 2675 506; x_wconf 75' lang='lat' dir='ltr'>fortitudine</span> <span class='ocrx_word' id='word_1_15' title='bbox 2701 451 2998 508; x_wconf 80' lang='lat' dir='ltr'>videamur.</span> <span class='ocrx_word' id='word_1_16' title='bbox 3051 451 3229 523; x_wconf 85' lang='lat' dir='ltr'>Super</span> <span class='ocrx_word' id='word_1_17' title='bbox 3280 469 3373 508; x_wconf 92' lang='lat' dir='ltr'>nos</span> <span class='ocrx_word' id='word_1_18' title='bbox 3406 455 3557 510; x_wconf 84' lang='lat' dir='ltr'>etiam</span> <span class='ocrx_word' id='word_1_19' title='bbox 3593 474 3697 513; x_wconf 82' lang='lat' dir='ltr'>esse</span> 
     </span>
    </p>
   </div>
   <div class='ocr_carea' id='block_1_5' title="bbox 445 542 2035 615">
    <p class='ocr_par' dir='ltr' id='par_1_5' title="bbox 445 542 2035 615">
     <span class='ocr_line' id='line_1_5' title="bbox 445 542 2035 615; baseline -0.006 -12"><span class='ocrx_word' id='word_1_20' title='bbox 445 547 601 605; x_wconf 86' lang='lat' dir='ltr'>Unde</span> <span class='ocrx_word' id='word_1_21' title='bbox 625 551 680 601; x_wconf 88' lang='lat' dir='ltr'>et</span> <span class='ocrx_word' id='word_1_22' title='bbox 704 545 775 600; x_wconf 90' lang='lat' dir='ltr'>ad</span> <span class='ocrx_word' id='word_1_23' title='bbox 796 542 1019 615; x_wconf 79' lang='lat' dir='ltr'>Moysen</span> <span class='ocrx_word' id='word_1_24' title='bbox 1041 557 1072 599; x_wconf 91' lang='lat' dir='ltr'>a</span> <span class='ocrx_word' id='word_1_25' title='bbox 1094 542 1324 599; x_wconf 89' lang='lat' dir='ltr'>Domino</span> <span class='ocrx_word' id='word_1_26' title='bbox 1345 542 1569 597; x_wconf 90' lang='lat' dir='ltr'>dicitur:</span> <span class='ocrx_word' id='word_1_27' title='bbox 1601 543 1768 599; x_wconf 74' lang='grc' dir='ltr'>Ροεηὶ</span> <span class='ocrx_word' id='word_1_28' title='bbox 1789 544 1842 596; x_wconf 83' lang='lat' dir='ltr'>te</span> <span class='ocrx_word' id='word_1_29' title='bbox 1859 542 2035 596; x_wconf 84' lang='lat' dir='ltr'>Deum</span> 
     </span>
    </p>
   </div>
   <div class='ocr_carea' id='block_1_6' title="bbox 444 628 2030 703">
    <p class='ocr_par' dir='ltr' id='par_1_6' title="bbox 444 628 2030 703">
     <span class='ocr_line' id='line_1_6' title="bbox 444 628 2030 703; baseline -0.006 -12"><span class='ocrx_word' id='word_1_30' title='bbox 444 634 759 692; x_wconf 81' lang='lat' dir='ltr'>Pharaonis</span> <span class='ocrx_word' id='word_1_31' title='bbox 781 632 983 702; x_wconf 76' lang='lat' dir='ltr'>(Exod.</span> <span class='ocrx_word' id='word_1_32' title='bbox 1008 647 1105 687; x_wconf 63' lang='grc' dir='ltr'>Ἧι.</span> <span class='ocrx_word' id='word_1_33' title='bbox 1131 631 1202 702; x_wconf 88' lang='grc'>1).</span> <span class='ocrx_word' id='word_1_34' title='bbox 1222 632 1291 686; x_wconf 89' lang='lat' dir='ltr'>Et</span> <span class='ocrx_word' id='word_1_35' title='bbox 1315 631 1369 685; x_wconf 92' lang='lat' dir='ltr'>in</span> <span class='ocrx_word' id='word_1_36' title='bbox 1391 629 1514 703; x_wconf 87' lang='lat' dir='ltr'><strong>lege</strong></span> <span class='ocrx_word' id='word_1_37' title='bbox 1531 628 1787 702; x_wconf 89' lang='lat' dir='ltr'>pracepit</span> <span class='ocrx_word' id='word_1_38' title='bbox 1808 628 1994 683; x_wconf 90' lang='lat' dir='ltr'>dicens</span> <span class='ocrx_word' id='word_1_39' title='bbox 2018 644 2030 680; x_wconf 88' lang='lat'><strong>:</strong></span> 
     </span>
    </p>
   </div>
   <div class='ocr_carea' id='block_1_7' title="bbox 438 715 2035 791">
    <p class='ocr_par' dir='ltr' id='par_1_7' title="bbox 438 715 2035 791">
     <span class='ocr_line' id='line_1_7' title="bbox 438 715 2035 791; baseline -0.007 -11"><span class='ocrx_word' id='word_1_40' title='bbox 438 725 557 780; x_wconf 87' lang='lat' dir='ltr'>Diis</span> <span class='ocrx_word' id='word_1_41' title='bbox 586 739 704 779; x_wconf 89' lang='lat' dir='ltr'>non</span> <span class='ocrx_word' id='word_1_42' title='bbox 736 721 998 779; x_wconf 74' lang='lat' dir='ltr'>detrahas</span> <span class='ocrx_word' id='word_1_43' title='bbox 1028 720 1227 791; x_wconf 76' lang='lat' dir='ltr'>(Exod.</span> <span class='ocrx_word' id='word_1_44' title='bbox 1252 734 1386 786; x_wconf 81' lang='lat' dir='ltr'>xxn,</span> <span class='ocrx_word' id='word_1_45' title='bbox 1417 718 1531 788; x_wconf 75' lang='lat'>28).</span> <span class='ocrx_word' id='word_1_46' title='bbox 1561 719 1724 773; x_wconf 87' lang='lat' dir='ltr'>Pater</span> <span class='ocrx_word' id='word_1_47' title='bbox 1751 731 1883 789; x_wconf 88' lang='lat' dir='ltr'>ergo</span> <span class='ocrx_word' id='word_1_48' title='bbox 1908 715 2035 770; x_wconf 90' lang='lat' dir='ltr'>Phi-</span> 
     </span>
    </p>
   </div>
   <div class='ocr_carea' id='block_1_8' title="bbox 439 803 2035 879">
    <p class='ocr_par' dir='ltr' id='par_1_8' title="bbox 439 803 2035 879">
     <span class='ocr_line' id='line_1_8' title="bbox 439 803 2035 879; baseline -0.006 -12"><span class='ocrx_word' id='word_1_49' title='bbox 439 828 591 879; x_wconf 89' lang='lat' dir='ltr'>nees,</span> <span class='ocrx_word' id='word_1_50' title='bbox 650 813 795 866; x_wconf 89' lang='lat' dir='ltr'>Deus</span> <span class='ocrx_word' id='word_1_51' title='bbox 849 825 1003 865; x_wconf 89' lang='lat' dir='ltr'>meus</span> <span class='ocrx_word' id='word_1_52' title='bbox 1047 808 1263 874; x_wconf 88' lang='lat' dir='ltr'>dicitur,</span> <span class='ocrx_word' id='word_1_53' title='bbox 1314 809 1439 877; x_wconf 85' lang='lat' dir='ltr'>quia</span> <span class='ocrx_word' id='word_1_54' title='bbox 1484 805 1738 861; x_wconf 85' lang='lat' dir='ltr'>nimirum</span> <span class='ocrx_word' id='word_1_55' title='bbox 1780 803 2035 859; x_wconf 87' lang='lat' dir='ltr'>Judaicus</span> 
     </span>
    </p>
   </div>
   <div class='ocr_carea' id='block_1_9' title="bbox 435 892 2033 973">
    <p class='ocr_par' dir='ltr' id='par_1_9' title="bbox 435 892 2033 973">
     <span class='ocr_line' id='line_1_9' title="bbox 435 892 2033 973; baseline -0.006 -17"><span class='ocrx_word' id='word_1_56' title='bbox 435 901 671 973; x_wconf 89' lang='lat' dir='ltr'>papulus</span> <span class='ocrx_word' id='word_1_57' title='bbox 702 915 890 954; x_wconf 90' lang='lat' dir='ltr'>eorum</span> <span class='ocrx_word' id='word_1_58' title='bbox 921 897 1217 953; x_wconf 79' lang='lat' dir='ltr'>secundam</span> <span class='ocrx_word' id='word_1_59' title='bbox 1250 895 1483 951; x_wconf 90' lang='lat' dir='ltr'>litteram</span> <span class='ocrx_word' id='word_1_60' title='bbox 1513 894 1820 964; x_wconf 86' lang='lat' dir='ltr'>Scripturas</span> <span class='ocrx_word' id='word_1_61' title='bbox 1849 892 2033 946; x_wconf 89' lang='lat' dir='ltr'>imita-</span> 
     </span>
    </p>
   </div>
   <div class='ocr_carea' id='block_1_10' title="bbox 436 983 2033 1060">
    <p class='ocr_par' dir='ltr' id='par_1_10' title="bbox 436 983 2033 1060">
     <span class='ocr_line' id='line_1_10' title="bbox 436 983 2033 1060; baseline -0.008 -15"><span class='ocrx_word' id='word_1_62' title='bbox 436 997 542 1055; x_wconf 86' lang='lat' dir='ltr'>tur,</span> <span class='ocrx_word' id='word_1_63' title='bbox 576 989 666 1060; x_wconf 89' lang='lat' dir='ltr'>qui</span> <span class='ocrx_word' id='word_1_64' title='bbox 697 987 927 1044; x_wconf 81' lang='lat' dir='ltr'>verbum</span> <span class='ocrx_word' id='word_1_65' title='bbox 974 985 1077 1041; x_wconf 88' lang='lat' dir='ltr'>Dei</span> <span class='ocrx_word' id='word_1_66' title='bbox 1123 992 1176 1041; x_wconf 89' lang='lat' dir='ltr'>et</span> <span class='ocrx_word' id='word_1_67' title='bbox 1222 983 1460 1041; x_wconf 89' lang='lat' dir='ltr'>revelata</span> <span class='ocrx_word' id='word_1_68' title='bbox 1501 988 1678 1037; x_wconf 81' lang='lat' dir='ltr'><strong>mente</strong></span> <span class='ocrx_word' id='word_1_69' title='bbox 1723 986 2033 1036; x_wconf 89' lang='lat' dir='ltr'>meruerunt</span> 
     </span>
    </p>
   </div>
   <div class='ocr_carea' id='block_1_11' title="bbox 430 1068 2032 1143">
    <p class='ocr_par' dir='ltr' id='par_1_11' title="bbox 430 1068 2032 1143">
     <span class='ocr_line' id='line_1_11' title="bbox 430 1068 2032 1143; baseline -0.004 -11"><span class='ocrx_word' id='word_1_70' title='bbox 430 1091 674 1143; x_wconf 90' lang='lat' dir='ltr'>cernere,</span> <span class='ocrx_word' id='word_1_71' title='bbox 699 1082 751 1130; x_wconf 91' lang='lat' dir='ltr'>et</span> <span class='ocrx_word' id='word_1_72' title='bbox 782 1075 938 1130; x_wconf 81' lang='lat' dir='ltr'>theca</span> <span class='ocrx_word' id='word_1_73' title='bbox 966 1074 1157 1129; x_wconf 81' lang='lat' dir='ltr'>littera</span> <span class='ocrx_word' id='word_1_74' title='bbox 1195 1086 1262 1127; x_wconf 91' lang='lat' dir='ltr'>ne</span> <span class='ocrx_word' id='word_1_75' title='bbox 1292 1071 1570 1127; x_wconf 82' lang='lat' dir='ltr'>videretur</span> <span class='ocrx_word' id='word_1_76' title='bbox 1596 1069 1885 1125; x_wconf 90' lang='lat' dir='ltr'>occultare.</span> <span class='ocrx_word' id='word_1_77' title='bbox 1918 1068 2032 1125; x_wconf 86' lang='lat' dir='ltr'>Hos</span> 
     </span>
    </p>
   </div>
   <div class='ocr_carea' id='block_1_12' title="bbox 430 1150 2028 1232">
    <p class='ocr_par' dir='ltr' id='par_1_12' title="bbox 430 1150 2028 1232">
     <span class='ocr_line' id='line_1_12' title="bbox 430 1150 2028 1232; baseline -0.005 -13"><span class='ocrx_word' id='word_1_78' title='bbox 430 1150 689 1219; x_wconf 84' lang='lat' dir='ltr'>nimirum</span> <span class='ocrx_word' id='word_1_79' title='bbox 740 1174 840 1232; x_wconf 89' lang='lat' dir='ltr'>per</span> <span class='ocrx_word' id='word_1_80' title='bbox 892 1154 1237 1229; x_wconf 76' lang='lat' dir='ltr'>semetipsum</span> <span class='ocrx_word' id='word_1_81' title='bbox 1308 1156 1520 1213; x_wconf 83' lang='lat' dir='ltr'>Veritas</span> <span class='ocrx_word' id='word_1_82' title='bbox 1584 1157 1838 1225; x_wconf 85' lang='lat' dir='ltr'>ostendit,</span> <span class='ocrx_word' id='word_1_83' title='bbox 1904 1172 2028 1211; x_wconf 91' lang='lat' dir='ltr'>cum</span> 
     </span>
    </p>
   </div>
   <div class='ocr_carea' id='block_1_13' title="bbox 429 1239 2027 1319">
    <p class='ocr_par' dir='ltr' id='par_1_13' title="bbox 429 1239 2027 1319">
     <span class='ocr_line' id='line_1_13' title="bbox 429 1239 2027 1319; baseline -0.005 -11"><span class='ocrx_word' id='word_1_84' title='bbox 429 1251 600 1309; x_wconf 91' lang='lat' dir='ltr'>verba</span> <span class='ocrx_word' id='word_1_85' title='bbox 628 1248 929 1305; x_wconf 89' lang='lat' dir='ltr'>Psalmista</span> <span class='ocrx_word' id='word_1_86' title='bbox 960 1239 1228 1319; x_wconf 81' lang='lat' dir='ltr'>exposuit,</span> <span class='ocrx_word' id='word_1_87' title='bbox 1260 1246 1448 1302; x_wconf 89' lang='lat' dir='ltr'>dicens</span> <span class='ocrx_word' id='word_1_88' title='bbox 1473 1263 1487 1301; x_wconf 90' lang='lat'>:</span> <span class='ocrx_word' id='word_1_89' title='bbox 1521 1244 1654 1302; x_wconf 80' lang='lat' dir='ltr'>Illos</span> <span class='ocrx_word' id='word_1_90' title='bbox 1682 1244 1837 1301; x_wconf 76' lang='lat' dir='ltr'>dixit</span> <span class='ocrx_word' id='word_1_91' title='bbox 1866 1246 2027 1314; x_wconf 88' lang='lat' dir='ltr'>Deos,</span> 
     </span>
    </p>
   </div>
   <div class='ocr_carea' id='block_1_14' title="bbox 429 1331 2049 1413">
    <p class='ocr_par' dir='ltr' id='par_1_14' title="bbox 429 1331 2049 1413">
     <span class='ocr_line' id='line_1_14' title="bbox 429 1331 2049 1413; baseline -0.006 -16"><span class='ocrx_word' id='word_1_92' title='bbox 429 1341 500 1397; x_wconf 85' lang='lat' dir='ltr'>ad</span> <span class='ocrx_word' id='word_1_93' title='bbox 525 1355 661 1413; x_wconf 84' lang='lat' dir='ltr'>quos</span> <span class='ocrx_word' id='word_1_94' title='bbox 679 1341 869 1411; x_wconf 71' lang='lat' dir='ltr'>factus</span> <span class='ocrx_word' id='word_1_95' title='bbox 895 1340 981 1393; x_wconf 87' lang='lat' dir='ltr'>est</span> <span class='ocrx_word' id='word_1_96' title='bbox 1023 1351 1204 1393; x_wconf 88' lang='lat' dir='ltr'>sermo</span> <span class='ocrx_word' id='word_1_97' title='bbox 1255 1336 1353 1392; x_wconf 84' lang='lat' dir='ltr'>Dei</span> <span class='ocrx_word' id='word_1_98' title='bbox 1394 1336 1577 1405; x_wconf 84' lang='lat' dir='ltr'>(Joan.</span> <span class='ocrx_word' id='word_1_99' title='bbox 1599 1350 1661 1402; x_wconf 81' lang='lat' dir='ltr'>x,</span> <span class='ocrx_word' id='word_1_100' title='bbox 1691 1333 1805 1405; x_wconf 80' lang='lat'>35).</span> <span class='ocrx_word' id='word_1_101' title='bbox 1826 1335 1888 1389; x_wconf 92' lang='lat' dir='ltr'>In</span> <span class='ocrx_word' id='word_1_102' title='bbox 1915 1331 2049 1389; x_wconf 84' lang='lat' dir='ltr'>Sila‘</span> 
     </span>
    </p>
   </div>
   <div class='ocr_carea' id='block_1_15' title="bbox 431 1421 2030 1497">
    <p class='ocr_par' dir='ltr' id='par_1_15' title="bbox 431 1421 2030 1497">
     <span class='ocr_line' id='line_1_15' title="bbox 431 1421 2030 1497; baseline -0.004 -13"><span class='ocrx_word' id='word_1_103' title='bbox 431 1438 609 1484; x_wconf 88' lang='lat' dir='ltr'>autem</span> <span class='ocrx_word' id='word_1_104' title='bbox 657 1435 814 1482; x_wconf 88' lang='lat' dir='ltr'>natus</span> <span class='ocrx_word' id='word_1_105' title='bbox 842 1425 1096 1481; x_wconf 88' lang='lat' dir='ltr'>asseritur</span> <span class='ocrx_word' id='word_1_106' title='bbox 1127 1442 1139 1479; x_wconf 89' lang='lat'>:</span> <span class='ocrx_word' id='word_1_107' title='bbox 1173 1425 1302 1497; x_wconf 91' lang='lat' dir='ltr'>quia</span> <span class='ocrx_word' id='word_1_108' title='bbox 1328 1422 1590 1480; x_wconf 86' lang='lat' dir='ltr'>Judaicus</span> <span class='ocrx_word' id='word_1_109' title='bbox 1617 1422 1873 1494; x_wconf 86' lang='lat' dir='ltr'>populus,</span> <span class='ocrx_word' id='word_1_110' title='bbox 1906 1421 2030 1477; x_wconf 89' lang='lat' dir='ltr'>licet</span> 
     </span>
    </p>
   </div>
   <div class='ocr_carea' id='block_1_16' title="bbox 429 1500 2028 1582">
    <p class='ocr_par' dir='ltr' id='par_1_16' title="bbox 429 1500 2028 1582">
     <span class='ocr_line' id='line_1_16' title="bbox 429 1500 2028 1582; baseline -0.004 -10"><span class='ocrx_word' id='word_1_111' title='bbox 429 1515 734 1582; x_wconf 79' lang='lat' dir='ltr'>carnaliter,</span> <span class='ocrx_word' id='word_1_112' title='bbox 784 1514 966 1570; x_wconf 89' lang='lat' dir='ltr'>adhuc</span> <span class='ocrx_word' id='word_1_113' title='bbox 1007 1522 1188 1569; x_wconf 89' lang='lat' dir='ltr'>tamen</span> <span class='ocrx_word' id='word_1_114' title='bbox 1230 1514 1284 1566; x_wconf 91' lang='lat' dir='ltr'>in</span> <span class='ocrx_word' id='word_1_115' title='bbox 1326 1510 1622 1582; x_wconf 89' lang='lat' dir='ltr'>Scripturis</span> <span class='ocrx_word' id='word_1_116' title='bbox 1665 1500 2028 1581; x_wconf 83' lang='lat' dir='ltr'>spiritualibus</span> 
     </span>
    </p>
   </div>
   <div class='ocr_carea' id='block_1_17' title="bbox 425 1596 2025 1674">
    <p class='ocr_par' dir='ltr' id='par_1_17' title="bbox 425 1596 2025 1674">
     <span class='ocr_line' id='line_1_17' title="bbox 425 1596 2025 1674; baseline -0.004 -14"><span class='ocrx_word' id='word_1_117' title='bbox 425 1604 689 1660; x_wconf 89' lang='lat' dir='ltr'>eruditur.</span> <span class='ocrx_word' id='word_1_118' title='bbox 723 1602 863 1673; x_wconf 91' lang='lat' dir='ltr'>Quia</span> <span class='ocrx_word' id='word_1_119' title='bbox 891 1617 1023 1674; x_wconf 87' lang='lat' dir='ltr'>ergo</span> <span class='ocrx_word' id='word_1_120' title='bbox 1072 1601 1276 1657; x_wconf 89' lang='lat' dir='ltr'>electus</span> <span class='ocrx_word' id='word_1_121' title='bbox 1332 1600 1566 1672; x_wconf 89' lang='lat' dir='ltr'>quisque</span> <span class='ocrx_word' id='word_1_122' title='bbox 1614 1606 1667 1654; x_wconf 91' lang='lat' dir='ltr'>et</span> <span class='ocrx_word' id='word_1_123' title='bbox 1712 1596 1927 1670; x_wconf 84' lang='lat' dir='ltr'>sapiens</span> <span class='ocrx_word' id='word_1_124' title='bbox 1972 1599 2025 1653; x_wconf 92' lang='lat' dir='ltr'>in</span> 
     </span>
    </p>
   </div>
   <div class='ocr_carea' id='block_1_18' title="bbox 422 1687 2024 1757">
    <p class='ocr_par' dir='ltr' id='par_1_18' title="bbox 422 1687 2024 1757">
     <span class='ocr_line' id='line_1_18' title="bbox 422 1687 2024 1757; baseline -0.005 -8"><span class='ocrx_word' id='word_1_125' title='bbox 422 1700 612 1749; x_wconf 87' lang='lat' dir='ltr'>sancta</span> <span class='ocrx_word' id='word_1_126' title='bbox 641 1691 886 1748; x_wconf 83' lang='lat' dir='ltr'>Ecclesia</span> <span class='ocrx_word' id='word_1_127' title='bbox 942 1698 1123 1755; x_wconf 89' lang='lat' dir='ltr'>natum</span> <span class='ocrx_word' id='word_1_128' title='bbox 1174 1688 1466 1743; x_wconf 84' lang='lat' dir='ltr'>Daminum</span> <span class='ocrx_word' id='word_1_129' title='bbox 1523 1702 1590 1742; x_wconf 82' lang='lat' dir='ltr'>ex</span> <span class='ocrx_word' id='word_1_130' title='bbox 1638 1687 1865 1745; x_wconf 71' lang='lat' dir='ltr'>Iudaico</span> <span class='ocrx_word' id='word_1_131' title='bbox 1919 1700 2024 1757; x_wconf 88' lang='lat' dir='ltr'>pa-</span> 
     </span>
    </p>
   </div>
   <div class='ocr_carea' id='block_1_19' title="bbox 418 1774 2025 1853">
    <p class='ocr_par' dir='ltr' id='par_1_19' title="bbox 418 1774 2025 1853">
     <span class='ocr_line' id='line_1_19' title="bbox 418 1774 2025 1853; baseline -0.005 -16"><span class='ocrx_word' id='word_1_132' title='bbox 418 1782 552 1853; x_wconf 91' lang='lat' dir='ltr'>pulo</span> <span class='ocrx_word' id='word_1_133' title='bbox 583 1797 682 1851; x_wconf 89' lang='lat' dir='ltr'>per</span> <span class='ocrx_word' id='word_1_134' title='bbox 728 1778 1032 1834; x_wconf 84' lang='lat' dir='ltr'>doctrinam</span> <span class='ocrx_word' id='word_1_135' title='bbox 1064 1777 1321 1847; x_wconf 86' lang='lat' dir='ltr'>sequitur,</span> <span class='ocrx_word' id='word_1_136' title='bbox 1354 1775 1577 1843; x_wconf 81' lang='lat' dir='ltr'>Achias,</span> <span class='ocrx_word' id='word_1_137' title='bbox 1611 1774 1703 1846; x_wconf 89' lang='lat' dir='ltr'>qui</span> <span class='ocrx_word' id='word_1_138' title='bbox 1729 1774 2025 1830; x_wconf 88' lang='lat' dir='ltr'>umbracu-</span> 
     </span>
    </p>
   </div>
   <div class='ocr_carea' id='block_1_20' title="bbox 414 1856 2023 1934">
    <p class='ocr_par' dir='ltr' id='par_1_20' title="bbox 414 1856 2023 1934">
     <span class='ocr_line' id='line_1_20' title="bbox 414 1856 2023 1934; baseline -0.006 -8"><span class='ocrx_word' id='word_1_139' title='bbox 414 1871 531 1926; x_wconf 87' lang='lat' dir='ltr'>lum</span> <span class='ocrx_word' id='word_1_140' title='bbox 566 1869 780 1934; x_wconf 89' lang='lat' dir='ltr'>dicitur,</span> <span class='ocrx_word' id='word_1_141' title='bbox 806 1865 946 1922; x_wconf 85' lang='lat' dir='ltr'>filius</span> <span class='ocrx_word' id='word_1_142' title='bbox 994 1864 1226 1921; x_wconf 84' lang='lat' dir='ltr'>Achitob</span> <span class='ocrx_word' id='word_1_143' title='bbox 1266 1863 1445 1919; x_wconf 80' lang='lat' dir='ltr'>fratris</span> <span class='ocrx_word' id='word_1_144' title='bbox 1479 1862 1723 1930; x_wconf 88' lang='lat' dir='ltr'>Ichabot,</span> <span class='ocrx_word' id='word_1_145' title='bbox 1766 1856 1863 1917; x_wconf 82' lang='lat' dir='ltr'>ﬁlii</span> <span class='ocrx_word' id='word_1_146' title='bbox 1891 1862 2023 1917; x_wconf 90' lang='lat' dir='ltr'>Phi-</span> 
     </span>
    </p>
   </div>
   <div class='ocr_carea' id='block_1_21' title="bbox 418 1950 2022 2025">
    <p class='ocr_par' dir='ltr' id='par_1_21' title="bbox 418 1950 2022 2025">
     <span class='ocr_line' id='line_1_21' title="bbox 418 1950 2022 2025; baseline -0.004 -12"><span class='ocrx_word' id='word_1_147' title='bbox 418 1973 567 2025; x_wconf 85' lang='lat' dir='ltr'>nees,</span> <span class='ocrx_word' id='word_1_148' title='bbox 602 1956 696 2010; x_wconf 87' lang='lat' dir='ltr'>filii</span> <span class='ocrx_word' id='word_1_149' title='bbox 727 1955 846 2010; x_wconf 83' lang='lat' dir='ltr'>Heli</span> <span class='ocrx_word' id='word_1_150' title='bbox 867 1969 986 2010; x_wconf 91' lang='lat' dir='ltr'>esse</span> <span class='ocrx_word' id='word_1_151' title='bbox 1014 1952 1342 2025; x_wconf 84' lang='lat' dir='ltr'>perhibetur.</span> <span class='ocrx_word' id='word_1_152' title='bbox 1368 1950 1471 2020; x_wconf 87' lang='lat' dir='ltr'>Qui</span> <span class='ocrx_word' id='word_1_153' title='bbox 1501 1951 1663 2007; x_wconf 90' lang='lat' dir='ltr'>etiam</span> <span class='ocrx_word' id='word_1_154' title='bbox 1694 1951 1874 2021; x_wconf 89' lang='lat' dir='ltr'>ephod</span> <span class='ocrx_word' id='word_1_155' title='bbox 1892 1967 2022 2021; x_wconf 89' lang='lat' dir='ltr'>por-</span> 
     </span>
    </p>
   </div>
   <div class='ocr_carea' id='block_1_22' title="bbox 412 2039 2019 2113">
    <p class='ocr_par' dir='ltr' id='par_1_22' title="bbox 412 2039 2019 2113">
     <span class='ocr_line' id='line_1_22' title="bbox 412 2039 2019 2113; baseline -0.004 -12"><span class='ocrx_word' id='word_1_156' title='bbox 412 2054 530 2102; x_wconf 90' lang='lat' dir='ltr'>tare</span> <span class='ocrx_word' id='word_1_157' title='bbox 576 2044 922 2111; x_wconf 89' lang='lat' dir='ltr'>describitur,</span> <span class='ocrx_word' id='word_1_158' title='bbox 964 2050 1023 2098; x_wconf 84' lang='lat' dir='ltr'>ut</span> <span class='ocrx_word' id='word_1_159' title='bbox 1072 2049 1258 2111; x_wconf 89' lang='lat' dir='ltr'>aperte</span> <span class='ocrx_word' id='word_1_160' title='bbox 1305 2045 1634 2096; x_wconf 84' lang='lat' dir='ltr'>monstretur</span> <span class='ocrx_word' id='word_1_161' title='bbox 1675 2039 1803 2113; x_wconf 87' lang='lat' dir='ltr'>quia</span> <span class='ocrx_word' id='word_1_162' title='bbox 1833 2048 2019 2110; x_wconf 89' lang='lat' dir='ltr'>prote-</span> 
     </span>
    </p>
   </div>
   <div class='ocr_carea' id='block_1_23' title="bbox 415 2120 2019 2206">
    <p class='ocr_par' dir='ltr' id='par_1_23' title="bbox 415 2120 2019 2206">
     <span class='ocr_line' id='line_1_23' title="bbox 415 2120 2019 2206; baseline -0.002 -18"><span class='ocrx_word' id='word_1_163' title='bbox 415 2120 548 2206; x_wconf 73' lang='lat' dir='ltr'>gere</span> <span class='ocrx_word' id='word_1_164' title='bbox 606 2130 742 2187; x_wconf 89' lang='lat' dir='ltr'>alios</span> <span class='ocrx_word' id='word_1_165' title='bbox 798 2145 1145 2203; x_wconf 83' lang='lat' dir='ltr'>nequaquam</span> <span class='ocrx_word' id='word_1_166' title='bbox 1197 2136 1395 2199; x_wconf 89' lang='lat' dir='ltr'>potest,</span> <span class='ocrx_word' id='word_1_167' title='bbox 1481 2128 1570 2198; x_wconf 91' lang='lat' dir='ltr'>qui</span> <span class='ocrx_word' id='word_1_168' title='bbox 1618 2127 2019 2199; x_wconf 88' lang='lat' dir='ltr'>pulchritudine</span> 
     </span>
    </p>
   </div>
   <div class='ocr_carea' id='block_1_24' title="bbox 413 2215 2014 2288">
    <p class='ocr_par' dir='ltr' id='par_1_24' title="bbox 413 2215 2014 2288">
     <span class='ocr_line' id='line_1_24' title="bbox 413 2215 2014 2288; baseline -0.004 -11"><span class='ocrx_word' id='word_1_169' title='bbox 413 2223 574 2277; x_wconf 81' lang='lat' dir='ltr'>bonae</span> <span class='ocrx_word' id='word_1_170' title='bbox 605 2218 1054 2287; x_wconf 85' lang='lat' dir='ltr'>conversationis,</span> <span class='ocrx_word' id='word_1_171' title='bbox 1083 2217 1311 2287; x_wconf 88' lang='lat' dir='ltr'>luceque</span> <span class='ocrx_word' id='word_1_172' title='bbox 1340 2232 1451 2273; x_wconf 90' lang='lat' dir='ltr'>non</span> <span class='ocrx_word' id='word_1_173' title='bbox 1494 2215 1683 2288; x_wconf 79' lang='lat' dir='ltr'>fulget.</span> <span class='ocrx_word' id='word_1_174' title='bbox 1718 2215 1971 2285; x_wconf 88' lang='lat' dir='ltr'>Sequitur</span> <span class='ocrx_word' id='word_1_175' title='bbox 2000 2233 2014 2271; x_wconf 88' lang='lat'><strong>:</strong></span> 
     </span>
    </p>
   </div>
   <div class='ocr_carea' id='block_1_25' title="bbox 499 2303 2017 2381">
    <p class='ocr_par' dir='ltr' id='par_1_25' title="bbox 499 2303 2017 2381">
     <span class='ocr_line' id='line_1_25' title="bbox 499 2303 2017 2381; baseline -0.005 -15"><span class='ocrx_word' id='word_1_176' title='bbox 499 2312 607 2379; x_wconf 84' lang='lat'>30</span> <span class='ocrx_word' id='word_1_177' title='bbox 619 2310 663 2375; x_wconf 86' lang='lat'><strong>2</strong></span> <span class='ocrx_word' id='word_1_178' title='bbox 693 2308 867 2381; x_wconf 83' lang='lat' dir='ltr'>(Vers.</span> <span class='ocrx_word' id='word_1_179' title='bbox 889 2309 965 2378; x_wconf 93' lang='lat'>3.)</span> <span class='ocrx_word' id='word_1_180' title='bbox 981 2306 1085 2364; x_wconf 87' lang='lat' dir='ltr'>Sed</span> <span class='ocrx_word' id='word_1_181' title='bbox 1103 2312 1158 2363; x_wconf 86' lang='lat' dir='ltr'>et</span> <span class='ocrx_word' id='word_1_182' title='bbox 1176 2305 1416 2379; x_wconf 81' lang='lat' dir='ltr'>populus</span> <span class='ocrx_word' id='word_1_183' title='bbox 1436 2303 1734 2375; x_wconf 81' lang='lat' dir='ltr'>ignorabat</span> <span class='ocrx_word' id='word_1_184' title='bbox 1755 2319 1859 2376; x_wconf 84' lang='lat' dir='ltr'>quo</span> <span class='ocrx_word' id='word_1_185' title='bbox 1878 2304 2017 2361; x_wconf 88' lang='lat' dir='ltr'>isset</span> 
     </span>
    </p>
   </div>
   <div class='ocr_carea' id='block_1_26' title="bbox 402 2397 704 2456">
    <p class='ocr_par' dir='ltr' id='par_1_26' title="bbox 402 2397 704 2456">
     <span class='ocr_line' id='line_1_26' title="bbox 402 2397 704 2456; baseline 0.003 -4"><span class='ocrx_word' id='word_1_186' title='bbox 402 2397 704 2456; x_wconf 82' lang='lat' dir='ltr'>Jonathas.</span> 
     </span>
    </p>
   </div>
   <div class='ocr_carea' id='block_1_27' title="bbox 475 2479 2015 2555">
    <p class='ocr_par' dir='ltr' id='par_1_27' title="bbox 475 2479 2015 2555">
     <span class='ocr_line' id='line_1_27' title="bbox 475 2479 2015 2555; baseline -0.006 -14"><span class='ocrx_word' id='word_1_187' title='bbox 475 2490 528 2541; x_wconf 87' lang='lat'>7.</span> <span class='ocrx_word' id='word_1_188' title='bbox 565 2485 711 2553; x_wconf 87' lang='lat' dir='ltr'>Quid</span> <span class='ocrx_word' id='word_1_189' title='bbox 747 2491 835 2540; x_wconf 86' lang='lat' dir='ltr'>est</span> <span class='ocrx_word' id='word_1_190' title='bbox 867 2481 1009 2555; x_wconf 90' lang='lat' dir='ltr'>quod</span> <span class='ocrx_word' id='word_1_191' title='bbox 1038 2481 1269 2553; x_wconf 86' lang='lat' dir='ltr'>populus</span> <span class='ocrx_word' id='word_1_192' title='bbox 1296 2495 1404 2553; x_wconf 90' lang='lat' dir='ltr'>quo</span> <span class='ocrx_word' id='word_1_193' title='bbox 1434 2487 1521 2536; x_wconf 89' lang='lat' dir='ltr'>eat</span> <span class='ocrx_word' id='word_1_194' title='bbox 1545 2481 1807 2537; x_wconf 87' lang='lat' dir='ltr'>Janathas</span> <span class='ocrx_word' id='word_1_195' title='bbox 1839 2479 2015 2539; x_wconf 85' lang='lat' dir='ltr'>nescit</span> 
     </span>
    </p>
   </div>
   <div class='ocr_carea' id='block_1_28' title="bbox 403 2567 2011 2646">
    <p class='ocr_par' dir='ltr' id='par_1_28' title="bbox 403 2567 2011 2646">
     <span class='ocr_line' id='line_1_28' title="bbox 403 2567 2011 2646; baseline -0.004 -16"><span class='ocrx_word' id='word_1_196' title='bbox 403 2574 506 2630; x_wconf 90' lang='lat' dir='ltr'>nisi</span> <span class='ocrx_word' id='word_1_197' title='bbox 535 2574 670 2646; x_wconf 90' lang='lat' dir='ltr'>quia</span> <span class='ocrx_word' id='word_1_198' title='bbox 698 2573 900 2628; x_wconf 90' lang='lat' dir='ltr'>electus</span> <span class='ocrx_word' id='word_1_199' title='bbox 919 2570 1112 2627; x_wconf 89' lang='lat' dir='ltr'>doctor</span> <span class='ocrx_word' id='word_1_200' title='bbox 1132 2585 1197 2625; x_wconf 89' lang='lat' dir='ltr'>ea</span> <span class='ocrx_word' id='word_1_201' title='bbox 1218 2585 1339 2640; x_wconf 83' lang='lat' dir='ltr'>qua</span> <span class='ocrx_word' id='word_1_202' title='bbox 1363 2569 1605 2625; x_wconf 89' lang='lat' dir='ltr'>entendit</span> <span class='ocrx_word' id='word_1_203' title='bbox 1625 2584 1809 2640; x_wconf 89' lang='lat' dir='ltr'>agere,</span> <span class='ocrx_word' id='word_1_204' title='bbox 1832 2567 2011 2623; x_wconf 85' lang='lat' dir='ltr'>studet</span> 
     </span>
    </p>
   </div>
   <div class='ocr_carea' id='block_1_29' title="bbox 405 2650 2008 2733">
    <p class='ocr_par' dir='ltr' id='par_1_29' title="bbox 405 2650 2008 2733">
     <span class='ocr_line' id='line_1_29' title="bbox 405 2650 2008 2733; baseline -0.004 -16"><span class='ocrx_word' id='word_1_205' title='bbox 405 2678 505 2733; x_wconf 89' lang='lat' dir='ltr'>per</span> <span class='ocrx_word' id='word_1_206' title='bbox 532 2660 898 2716; x_wconf 86' lang='lat' dir='ltr'>humilitatem</span> <span class='ocrx_word' id='word_1_207' title='bbox 928 2658 1135 2715; x_wconf 81' lang='lat' dir='ltr'>celare?</span> <span class='ocrx_word' id='word_1_208' title='bbox 1165 2656 1321 2714; x_wconf 89' lang='lat' dir='ltr'>Unde</span> <span class='ocrx_word' id='word_1_209' title='bbox 1350 2650 1407 2713; x_wconf 86' lang='lat' dir='ltr'>et</span> <span class='ocrx_word' id='word_1_210' title='bbox 1430 2657 1485 2711; x_wconf 93' lang='lat' dir='ltr'>in</span> <span class='ocrx_word' id='word_1_211' title='bbox 1502 2656 1803 2729; x_wconf 89' lang='lat' dir='ltr'>Evangelia</span> <span class='ocrx_word' id='word_1_212' title='bbox 1820 2656 2008 2712; x_wconf 87' lang='lat' dir='ltr'>Domi-</span> 
     </span>
    </p>
   </div>
   <div class='ocr_carea' id='block_1_30' title="bbox 407 2745 2008 2818">
    <p class='ocr_par' dir='ltr' id='par_1_30' title="bbox 407 2745 2008 2818">
     <span class='ocr_line' id='line_1_30' title="bbox 407 2745 2008 2818; baseline -0.002 -14"><span class='ocrx_word' id='word_1_213' title='bbox 407 2764 508 2806; x_wconf 90' lang='lat' dir='ltr'>nus</span> <span class='ocrx_word' id='word_1_214' title='bbox 525 2749 682 2804; x_wconf 88' lang='lat' dir='ltr'>dicit:</span> <span class='ocrx_word' id='word_1_215' title='bbox 699 2748 924 2805; x_wconf 85' lang='lat' dir='ltr'>Nesciat</span> <span class='ocrx_word' id='word_1_216' title='bbox 936 2748 1175 2804; x_wconf 85' lang='lat' dir='ltr'>sinistra</span> <span class='ocrx_word' id='word_1_217' title='bbox 1191 2751 1288 2803; x_wconf 84' lang='lat' dir='ltr'>tua</span> <span class='ocrx_word' id='word_1_218' title='bbox 1303 2745 1436 2818; x_wconf 81' lang='lat' dir='ltr'>quid</span> <span class='ocrx_word' id='word_1_219' title='bbox 1452 2746 1633 2816; x_wconf 82' lang='lat' dir='ltr'>faciat</span> <span class='ocrx_word' id='word_1_220' title='bbox 1652 2745 1891 2802; x_wconf 74' lang='lat' dir='ltr'>dextera</span> <span class='ocrx_word' id='word_1_221' title='bbox 1906 2748 2008 2802; x_wconf 88' lang='lat' dir='ltr'>tua</span> 
     </span>
    </p>
   </div>
   <div class='ocr_carea' id='block_1_31' title="bbox 410 2833 2006 2909">
    <p class='ocr_par' dir='ltr' id='par_1_31' title="bbox 410 2833 2006 2909">
     <span class='ocr_line' id='line_1_31' title="bbox 410 2833 2006 2909; baseline -0.005 -15"><span class='ocrx_word' id='word_1_222' title='bbox 410 2839 601 2909; x_wconf 86' lang='lat' dir='ltr'>(Matt.</span> <span class='ocrx_word' id='word_1_223' title='bbox 620 2851 701 2903; x_wconf 82' lang='lat' dir='ltr'>vr,</span> <span class='ocrx_word' id='word_1_224' title='bbox 719 2839 793 2908; x_wconf 89' lang='lat'>3).</span> <span class='ocrx_word' id='word_1_225' title='bbox 818 2836 875 2893; x_wconf 92' lang='lat' dir='ltr'>Si</span> <span class='ocrx_word' id='word_1_226' title='bbox 898 2835 1044 2891; x_wconf 92' lang='lat' dir='ltr'>enim</span> <span class='ocrx_word' id='word_1_227' title='bbox 1075 2850 1175 2908; x_wconf 89' lang='lat' dir='ltr'>per</span> <span class='ocrx_word' id='word_1_228' title='bbox 1189 2834 1467 2889; x_wconf 86' lang='lat' dir='ltr'>dexteram</span> <span class='ocrx_word' id='word_1_229' title='bbox 1488 2842 1828 2904; x_wconf 89' lang='lat' dir='ltr'>aterna,per</span> <span class='ocrx_word' id='word_1_230' title='bbox 1845 2833 2006 2887; x_wconf 90' lang='lat' dir='ltr'>sinis-</span> 
     </span>
    </p>
   </div>
   <div class='ocr_carea' id='block_1_32' title="bbox 407 2920 1999 3001">
    <p class='ocr_par' dir='ltr' id='par_1_32' title="bbox 407 2920 1999 3001">
     <span class='ocr_line' id='line_1_32' title="bbox 407 2920 1999 3001; baseline -0.004 -20"><span class='ocrx_word' id='word_1_231' title='bbox 407 2935 543 2982; x_wconf 89' lang='lat' dir='ltr'>tram</span> <span class='ocrx_word' id='word_1_232' title='bbox 565 2939 694 2982; x_wconf 88' lang='lat' dir='ltr'>vero</span> <span class='ocrx_word' id='word_1_233' title='bbox 714 2939 954 2996; x_wconf 86' lang='lat' dir='ltr'>prasens</span> <span class='ocrx_word' id='word_1_234' title='bbox 974 2923 1085 2980; x_wconf 91' lang='lat' dir='ltr'>vita</span> <span class='ocrx_word' id='word_1_235' title='bbox 1104 2920 1398 2994; x_wconf 88' lang='lat' dir='ltr'>ﬁguratur:</span> <span class='ocrx_word' id='word_1_236' title='bbox 1418 2921 1665 3001; x_wconf 82' lang='lat' dir='ltr'>homines</span> <span class='ocrx_word' id='word_1_237' title='bbox 1686 2921 1741 3001; x_wconf 89' lang='lat' dir='ltr'>in</span> <span class='ocrx_word' id='word_1_238' title='bbox 1762 2920 1999 2989; x_wconf 88' lang='lat' dir='ltr'>sinistra,</span> 
     </span>
    </p>
   </div>
   <div class='ocr_carea' id='block_1_33' title="bbox 405 3007 2005 3085">
    <p class='ocr_par' dir='ltr' id='par_1_33' title="bbox 405 3007 2005 3085">
     <span class='ocr_line' id='line_1_33' title="bbox 405 3007 2005 3085; baseline -0.003 -16"><span class='ocrx_word' id='word_1_239' title='bbox 405 3013 630 3085; x_wconf 84' lang='lat' dir='ltr'>angelos</span> <span class='ocrx_word' id='word_1_240' title='bbox 643 3013 712 3067; x_wconf 90' lang='lat' dir='ltr'>ad</span> <span class='ocrx_word' id='word_1_241' title='bbox 731 3012 1008 3067; x_wconf 80' lang='lat' dir='ltr'>dexteram</span> <span class='ocrx_word' id='word_1_242' title='bbox 1018 3007 1543 3078; x_wconf 84' lang='lat' dir='ltr'>habemus.Quanda</span> <span class='ocrx_word' id='word_1_243' title='bbox 1557 3016 1735 3063; x_wconf 88' lang='lat' dir='ltr'>autem</span> <span class='ocrx_word' id='word_1_244' title='bbox 1749 3023 1849 3080; x_wconf 90' lang='lat' dir='ltr'>per</span> <span class='ocrx_word' id='word_1_245' title='bbox 1861 3008 2005 3065; x_wconf 89' lang='lat' dir='ltr'>bona</span> 
     </span>
    </p>
   </div>
   <div class='ocr_carea' id='block_1_34' title="bbox 401 3096 1999 3172">
    <p class='ocr_par' dir='ltr' id='par_1_34' title="bbox 401 3096 1999 3172">
     <span class='ocr_line' id='line_1_34' title="bbox 401 3096 1999 3172; baseline -0.004 -14"><span class='ocrx_word' id='word_1_246' title='bbox 401 3115 565 3172; x_wconf 86' lang='lat' dir='ltr'>opera</span> <span class='ocrx_word' id='word_1_247' title='bbox 605 3100 674 3154; x_wconf 93' lang='lat' dir='ltr'>ad</span> <span class='ocrx_word' id='word_1_248' title='bbox 703 3100 1031 3155; x_wconf 86' lang='lat' dir='ltr'>consortium</span> <span class='ocrx_word' id='word_1_249' title='bbox 1078 3112 1438 3168; x_wconf 88' lang='lat' dir='ltr'>supernorum</span> <span class='ocrx_word' id='word_1_250' title='bbox 1473 3096 1673 3151; x_wconf 88' lang='lat' dir='ltr'>civium</span> <span class='ocrx_word' id='word_1_251' title='bbox 1713 3096 1999 3171; x_wconf 85' lang='lat' dir='ltr'>tendimus,</span> 
     </span>
    </p>
   </div>
   <div class='ocr_carea' id='block_1_35' title="bbox 403 3183 2002 3254">
    <p class='ocr_par' dir='ltr' id='par_1_35' title="bbox 403 3183 2002 3254">
     <span class='ocr_line' id='line_1_35' title="bbox 403 3183 2002 3254; baseline -0.004 -10"><span class='ocrx_word' id='word_1_252' title='bbox 403 3188 629 3244; x_wconf 85' lang='lat' dir='ltr'>dextera</span> <span class='ocrx_word' id='word_1_253' title='bbox 682 3201 878 3242; x_wconf 89' lang='lat' dir='ltr'>manus</span> <span class='ocrx_word' id='word_1_254' title='bbox 923 3191 1106 3241; x_wconf 82' lang='lat' dir='ltr'>nostra</span> <span class='ocrx_word' id='word_1_255' title='bbox 1144 3183 1354 3254; x_wconf 88' lang='lat' dir='ltr'>operari</span> <span class='ocrx_word' id='word_1_256' title='bbox 1406 3184 1739 3254; x_wconf 88' lang='lat' dir='ltr'>perhibetur.</span> <span class='ocrx_word' id='word_1_257' title='bbox 1768 3184 2002 3240; x_wconf 88' lang='lat' dir='ltr'>Sinistra</span> 
     </span>
    </p>
   </div>
   <div class='ocr_carea' id='block_1_36' title="bbox 396 3271 2003 3344">
    <p class='ocr_par' dir='ltr' id='par_1_36' title="bbox 396 3271 2003 3344">
     <span class='ocr_line' id='line_1_36' title="bbox 396 3271 2003 3344; baseline -0.004 -11"><span class='ocrx_word' id='word_1_258' title='bbox 396 3291 527 3334; x_wconf 89' lang='lat' dir='ltr'>vero</span> <span class='ocrx_word' id='word_1_259' title='bbox 556 3286 751 3330; x_wconf 87' lang='lat' dir='ltr'>manus</span> <span class='ocrx_word' id='word_1_260' title='bbox 781 3281 973 3330; x_wconf 90' lang='lat' dir='ltr'>nostra</span> <span class='ocrx_word' id='word_1_261' title='bbox 1002 3286 1170 3344; x_wconf 89' lang='lat' dir='ltr'>opera</span> <span class='ocrx_word' id='word_1_262' title='bbox 1201 3271 1369 3329; x_wconf 88' lang='lat' dir='ltr'>nescit</span> <span class='ocrx_word' id='word_1_263' title='bbox 1390 3272 1653 3340; x_wconf 85' lang='lat' dir='ltr'>dextera,</span> <span class='ocrx_word' id='word_1_264' title='bbox 1676 3271 1718 3325; x_wconf 91' lang='lat' dir='ltr'>si</span> <span class='ocrx_word' id='word_1_265' title='bbox 1742 3284 2003 3342; x_wconf 89' lang='lat' dir='ltr'>coopera-</span> 
     </span>
    </p>
   </div>
   <div class='ocr_carea' id='block_1_37' title="bbox 397 3358 2002 3430">
    <p class='ocr_par' dir='ltr' id='par_1_37' title="bbox 397 3358 2002 3430">
     <span class='ocr_line' id='line_1_37' title="bbox 397 3358 2002 3430; baseline -0.004 -11"><span class='ocrx_word' id='word_1_266' title='bbox 397 3373 544 3419; x_wconf 89' lang='lat' dir='ltr'>tores</span> <span class='ocrx_word' id='word_1_267' title='bbox 575 3370 810 3430; x_wconf 88' lang='lat' dir='ltr'>nostros,</span> <span class='ocrx_word' id='word_1_268' title='bbox 859 3361 1049 3417; x_wconf 84' lang='lat' dir='ltr'>ﬁdeles</span> <span class='ocrx_word' id='word_1_269' title='bbox 1076 3359 1330 3416; x_wconf 85' lang='lat' dir='ltr'>videlicet</span> <span class='ocrx_word' id='word_1_270' title='bbox 1359 3365 1561 3415; x_wconf 88' lang='lat' dir='ltr'>sancta</span> <span class='ocrx_word' id='word_1_271' title='bbox 1590 3358 1872 3424; x_wconf 85' lang='lat' dir='ltr'>Ecclesia,</span> <span class='ocrx_word' id='word_1_272' title='bbox 1897 3358 2002 3413; x_wconf 90' lang='lat' dir='ltr'>ad-</span> 
     </span>
    </p>
   </div>
   <div class='ocr_carea' id='block_1_38' title="bbox 391 3446 2000 3522">
    <p class='ocr_par' dir='ltr' id='par_1_38' title="bbox 391 3446 2000 3522">
     <span class='ocr_line' id='line_1_38' title="bbox 391 3446 2000 3522; baseline -0.003 -15"><span class='ocrx_word' id='word_1_273' title='bbox 391 3453 596 3522; x_wconf 88' lang='lat' dir='ltr'>jutores</span> <span class='ocrx_word' id='word_1_274' title='bbox 624 3451 891 3507; x_wconf 88' lang='lat' dir='ltr'>habemus</span> <span class='ocrx_word' id='word_1_275' title='bbox 916 3449 971 3505; x_wconf 91' lang='lat' dir='ltr'>in</span> <span class='ocrx_word' id='word_1_276' title='bbox 1001 3463 1187 3520; x_wconf 90' lang='lat' dir='ltr'>opere,</span> <span class='ocrx_word' id='word_1_277' title='bbox 1235 3457 1289 3505; x_wconf 89' lang='lat' dir='ltr'>et</span> <span class='ocrx_word' id='word_1_278' title='bbox 1325 3448 1637 3503; x_wconf 83' lang='lat' dir='ltr'>laudatores</span> <span class='ocrx_word' id='word_1_279' title='bbox 1664 3446 1867 3501; x_wconf 88' lang='lat' dir='ltr'>habere</span> <span class='ocrx_word' id='word_1_280' title='bbox 1895 3461 2000 3502; x_wconf 91' lang='lat' dir='ltr'>no-</span> 
     </span>
    </p>
   </div>
   <div class='ocr_carea' id='block_1_39' title="bbox 392 3528 2002 3609">
    <p class='ocr_par' dir='ltr' id='par_1_39' title="bbox 392 3528 2002 3609">
     <span class='ocr_line' id='line_1_39' title="bbox 392 3528 2002 3609; baseline -0.002 -13"><span class='ocrx_word' id='word_1_281' title='bbox 392 3528 574 3596; x_wconf 80' lang='lat' dir='ltr'>lumus</span> <span class='ocrx_word' id='word_1_282' title='bbox 623 3539 691 3592; x_wconf 91' lang='lat' dir='ltr'>ad</span> <span class='ocrx_word' id='word_1_283' title='bbox 749 3538 1058 3593; x_wconf 88' lang='lat' dir='ltr'>elationem.</span> <span class='ocrx_word' id='word_1_284' title='bbox 1115 3537 1258 3592; x_wconf 87' lang='lat' dir='ltr'>Bene</span> <span class='ocrx_word' id='word_1_285' title='bbox 1301 3551 1436 3609; x_wconf 87' lang='lat' dir='ltr'>ergo</span> <span class='ocrx_word' id='word_1_286' title='bbox 1476 3534 1703 3590; x_wconf 87' lang='lat' dir='ltr'>dicitur:</span> <span class='ocrx_word' id='word_1_287' title='bbox 1756 3534 2002 3607; x_wconf 79' lang='lat' dir='ltr'>Papulas</span> 
     </span>
    </p>
   </div>
   <div class='ocr_carea' id='block_1_40' title="bbox 396 3621 2003 3699">
    <p class='ocr_par' dir='ltr' id='par_1_40' title="bbox 396 3621 2003 3699">
     <span class='ocr_line' id='line_1_40' title="bbox 396 3621 2003 3699; baseline -0.004 -16"><span class='ocrx_word' id='word_1_288' title='bbox 396 3626 699 3698; x_wconf 77' lang='lat' dir='ltr'>ignorabat</span> <span class='ocrx_word' id='word_1_289' title='bbox 721 3642 826 3699; x_wconf 82' lang='lat' dir='ltr'>quo</span> <span class='ocrx_word' id='word_1_290' title='bbox 845 3627 978 3682; x_wconf 80' lang='lat' dir='ltr'>isset</span> <span class='ocrx_word' id='word_1_291' title='bbox 1009 3622 1310 3695; x_wconf 81' lang='lat' dir='ltr'>Jonathas,</span> <span class='ocrx_word' id='word_1_292' title='bbox 1351 3624 1478 3694; x_wconf 86' lang='lat' dir='ltr'>quia</span> <span class='ocrx_word' id='word_1_293' title='bbox 1503 3630 1631 3680; x_wconf 87' lang='lat' dir='ltr'>tunc</span> <span class='ocrx_word' id='word_1_294' title='bbox 1659 3621 1836 3681; x_wconf 87' lang='lat' dir='ltr'>solum</span> <span class='ocrx_word' id='word_1_295' title='bbox 1864 3621 2003 3678; x_wconf 89' lang='lat' dir='ltr'>bene</span> 
     </span>
    </p>
   </div>
   <div class='ocr_carea' id='block_1_41' title="bbox 390 3702 2001 3788">
    <p class='ocr_par' dir='ltr' id='par_1_41' title="bbox 390 3702 2001 3788">
     <span class='ocr_line' id='line_1_41' title="bbox 390 3702 2001 3788; baseline -0.004 -15"><span class='ocrx_word' id='word_1_296' title='bbox 390 3710 553 3788; x_wconf 66' lang='lat' dir='ltr'>ag&#39;ere</span> <span class='ocrx_word' id='word_1_297' title='bbox 582 3728 785 3785; x_wconf 85' lang='lat' dir='ltr'>magna</span> <span class='ocrx_word' id='word_1_298' title='bbox 822 3712 1059 3780; x_wconf 90' lang='lat' dir='ltr'>nitimur,</span> <span class='ocrx_word' id='word_1_299' title='bbox 1090 3726 1215 3768; x_wconf 90' lang='lat' dir='ltr'>cum</span> <span class='ocrx_word' id='word_1_300' title='bbox 1265 3725 1329 3767; x_wconf 91' lang='lat' dir='ltr'>ea</span> <span class='ocrx_word' id='word_1_301' title='bbox 1370 3724 1489 3783; x_wconf 83' lang='lat' dir='ltr'>qua</span> <span class='ocrx_word' id='word_1_302' title='bbox 1516 3710 1733 3783; x_wconf 77' lang='lat' dir='ltr'>agimus</span> <span class='ocrx_word' id='word_1_303' title='bbox 1762 3702 2001 3781; x_wconf 85' lang='lat' dir='ltr'>pandere</span> 
     </span>
    </p>
   </div>
   <div class='ocr_carea' id='block_1_42' title="bbox 389 3797 1998 3869">
    <p class='ocr_par' dir='ltr' id='par_1_42' title="bbox 389 3797 1998 3869">
     <span class='ocr_line' id='line_1_42' title="bbox 389 3797 1998 3869; baseline -0.005 -10"><span class='ocrx_word' id='word_1_304' title='bbox 389 3804 457 3860; x_wconf 88' lang='lat' dir='ltr'>ad</span> <span class='ocrx_word' id='word_1_305' title='bbox 510 3801 874 3858; x_wconf 85' lang='lat' dir='ltr'>ostensiOuem</span> <span class='ocrx_word' id='word_1_306' title='bbox 917 3800 1173 3856; x_wconf 89' lang='lat' dir='ltr'>vitamus.</span> <span class='ocrx_word' id='word_1_307' title='bbox 1222 3799 1329 3856; x_wconf 86' lang='lat' dir='ltr'>Sed</span> <span class='ocrx_word' id='word_1_308' title='bbox 1387 3799 1510 3869; x_wconf 86' lang='lat' dir='ltr'>quia</span> <span class='ocrx_word' id='word_1_309' title='bbox 1566 3797 1638 3853; x_wconf 90' lang='lat' dir='ltr'>ad</span> <span class='ocrx_word' id='word_1_310' title='bbox 1692 3797 1998 3868; x_wconf 82' lang='lat' dir='ltr'>exemplum</span> 
     </span>
    </p>
   </div>
   <div class='ocr_carea' id='block_1_43' title="bbox 396 3876 1999 3959">
    <p class='ocr_par' dir='ltr' id='par_1_43' title="bbox 396 3876 1999 3959">
     <span class='ocr_line' id='line_1_43' title="bbox 396 3876 1999 3959; baseline -0.003 -14"><span class='ocrx_word' id='word_1_311' title='bbox 396 3892 691 3946; x_wconf 87' lang='lat' dir='ltr'>electorum</span> <span class='ocrx_word' id='word_1_312' title='bbox 720 3876 826 3944; x_wconf 84' lang='lat' dir='ltr'>ista</span> <span class='ocrx_word' id='word_1_313' title='bbox 863 3885 1214 3959; x_wconf 77' lang='lat' dir='ltr'>proferimus,</span> <span class='ocrx_word' id='word_1_314' title='bbox 1252 3902 1359 3943; x_wconf 93' lang='lat' dir='ltr'>non</span> <span class='ocrx_word' id='word_1_315' title='bbox 1400 3886 1579 3941; x_wconf 91' lang='lat' dir='ltr'>solum</span> <span class='ocrx_word' id='word_1_316' title='bbox 1618 3901 1724 3957; x_wconf 89' lang='lat' dir='ltr'>quo</span> <span class='ocrx_word' id='word_1_317' title='bbox 1766 3895 1872 3955; x_wconf 92' lang='lat' dir='ltr'>eat,</span> <span class='ocrx_word' id='word_1_318' title='bbox 1904 3884 1999 3942; x_wconf 90' lang='lat' dir='ltr'>sed</span> 
     </span>
    </p>
   </div>
   <div class='ocr_carea' id='block_1_44' title="bbox 387 3972 1996 4048">
    <p class='ocr_par' dir='ltr' id='par_1_44' title="bbox 387 3972 1996 4048">
     <span class='ocr_line' id='line_1_44' title="bbox 387 3972 1996 4048; baseline -0.003 -13"><span class='ocrx_word' id='word_1_319' title='bbox 387 3980 552 4036; x_wconf 89' lang='lat' dir='ltr'>etiam</span> <span class='ocrx_word' id='word_1_320' title='bbox 600 3989 720 4048; x_wconf 87' lang='lat' dir='ltr'>qua</span> <span class='ocrx_word' id='word_1_321' title='bbox 754 3984 861 4045; x_wconf 88' lang='lat' dir='ltr'>eat,</span> <span class='ocrx_word' id='word_1_322' title='bbox 915 3975 1206 4048; x_wconf 82' lang='lat' dir='ltr'>explorare</span> <span class='ocrx_word' id='word_1_323' title='bbox 1256 3973 1515 4032; x_wconf 91' lang='lat' dir='ltr'>attentius</span> <span class='ocrx_word' id='word_1_324' title='bbox 1561 3972 1841 4031; x_wconf 89' lang='lat' dir='ltr'>debemus.</span> <span class='ocrx_word' id='word_1_325' title='bbox 1891 3973 1996 4030; x_wconf 90' lang='lat' dir='ltr'>Se-</span> 
     </span>
    </p>
   </div>
   <div class='ocr_carea' id='block_1_45' title="bbox 385 4052 604 4140">
    <p class='ocr_par' dir='ltr' id='par_1_45' title="bbox 385 4052 604 4140">
     <span class='ocr_line' id='line_1_45' title="bbox 385 4052 604 4140; baseline -0.009 -17"><span class='ocrx_word' id='word_1_326' title='bbox 385 4052 568 4140; x_wconf 83' lang='lat' dir='ltr'>quitur</span> <span class='ocrx_word' id='word_1_327' title='bbox 592 4084 604 4121; x_wconf 91' lang='lat'>:</span> 
     </span>
    </p>
   </div>
   <div class='ocr_carea' id='block_1_46' title="bbox 462 4149 1997 4225">
    <p class='ocr_par' dir='ltr' id='par_1_46' title="bbox 462 4149 1997 4225">
     <span class='ocr_line' id='line_1_46' title="bbox 462 4149 1997 4225; baseline -0.003 -14"><span class='ocrx_word' id='word_1_328' title='bbox 462 4153 728 4225; x_wconf 74' lang='lat' dir='ltr'>(Vers.i.)</span> <span class='ocrx_word' id='word_1_329' title='bbox 761 4154 945 4209; x_wconf 83' lang='lat' dir='ltr'>Erant</span> <span class='ocrx_word' id='word_1_330' title='bbox 966 4149 1121 4207; x_wconf 86' lang='lat' dir='ltr'>inter</span> <span class='ocrx_word' id='word_1_331' title='bbox 1142 4164 1410 4206; x_wconf 83' lang='lat' dir='ltr'>ascensus</span> <span class='ocrx_word' id='word_1_332' title='bbox 1427 4165 1528 4221; x_wconf 88' lang='lat' dir='ltr'>per</span> <span class='ocrx_word' id='word_1_333' title='bbox 1556 4164 1687 4222; x_wconf 82' lang='lat' dir='ltr'>quos</span> <span class='ocrx_word' id='word_1_334' title='bbox 1706 4149 1997 4207; x_wconf 78' lang='lat' dir='ltr'>nitebatur</span> 
     </span>
    </p>
   </div>
   <div class='ocr_carea' id='block_1_47' title="bbox 389 4229 1993 4305">
    <p class='ocr_par' dir='ltr' id='par_1_47' title="bbox 389 4229 1993 4305">
     <span class='ocr_line' id='line_1_47' title="bbox 389 4229 1993 4305; baseline -0.005 -4"><span class='ocrx_word' id='word_1_335' title='bbox 389 4243 669 4302; x_wconf 85' lang='lat' dir='ltr'>Jonathas</span> <span class='ocrx_word' id='word_1_336' title='bbox 691 4242 942 4297; x_wconf 86' lang='lat' dir='ltr'>transire</span> <span class='ocrx_word' id='word_1_337' title='bbox 964 4229 1036 4295; x_wconf 83' lang='lat' dir='ltr'>ad</span> <span class='ocrx_word' id='word_1_338' title='bbox 1060 4238 1366 4294; x_wconf 81' lang='lat' dir='ltr'>stationem</span> <span class='ocrx_word' id='word_1_339' title='bbox 1388 4236 1723 4305; x_wconf 76' lang='lat' dir='ltr'>Philistiirn,</span> <span class='ocrx_word' id='word_1_340' title='bbox 1738 4238 1993 4293; x_wconf 86' lang='lat' dir='ltr'>eminen-</span> 
     </span>
    </p>
   </div>
   <div class='ocr_carea' id='block_1_48' title="bbox 2145 540 3699 614">
    <p class='ocr_par' dir='ltr' id='par_1_48' title="bbox 2145 540 3699 614">
     <span class='ocr_line' id='line_1_48' title="bbox 2145 540 3699 614; baseline 0.005 -20"><span class='ocrx_word' id='word_1_341' title='bbox 2145 540 2509 612; x_wconf 85' lang='lat' dir='ltr'>cagnoscitur,</span> <span class='ocrx_word' id='word_1_342' title='bbox 2551 540 2694 610; x_wconf 90' lang='lat' dir='ltr'>quod</span> <span class='ocrx_word' id='word_1_343' title='bbox 2721 548 3012 610; x_wconf 88' lang='lat' dir='ltr'>penetrare</span> <span class='ocrx_word' id='word_1_344' title='bbox 3050 557 3148 613; x_wconf 87' lang='lat' dir='ltr'>per</span> <span class='ocrx_word' id='word_1_345' title='bbox 3194 541 3579 614; x_wconf 77' lang='lat' dir='ltr'>intelligentiam</span> <span class='ocrx_word' id='word_1_346' title='bbox 3605 562 3699 602; x_wconf 87' lang='lat' dir='ltr'>non</span> 
     </span>
    </p>
   </div>
   <div class='ocr_carea' id='block_1_49' title="bbox 2143 618 3701 701">
    <p class='ocr_par' dir='ltr' id='par_1_49' title="bbox 2143 618 3701 701">
     <span class='ocr_line' id='line_1_49' title="bbox 2143 618 3701 701; baseline 0.004 -17"><span class='ocrx_word' id='word_1_347' title='bbox 2143 618 2404 684; x_wconf 84' lang='lat' dir='ltr'>valemus.</span> <span class='ocrx_word' id='word_1_348' title='bbox 2419 626 2641 697; x_wconf 84' lang='lat' dir='ltr'>Quoties</span> <span class='ocrx_word' id='word_1_349' title='bbox 2660 643 2791 701; x_wconf 87' lang='lat' dir='ltr'>ergo</span> <span class='ocrx_word' id='word_1_350' title='bbox 2811 645 2933 683; x_wconf 90' lang='lat' dir='ltr'>curn</span> <span class='ocrx_word' id='word_1_351' title='bbox 2954 628 3236 701; x_wconf 86' lang='lat' dir='ltr'>spiritibus</span> <span class='ocrx_word' id='word_1_352' title='bbox 3254 631 3491 701; x_wconf 88' lang='lat' dir='ltr'>reprobis</span> <span class='ocrx_word' id='word_1_353' title='bbox 3508 640 3701 691; x_wconf 85' lang='lat' dir='ltr'>certare</span> 
     </span>
    </p>
   </div>
   <div class='ocr_carea' id='block_1_50' title="bbox 2142 714 3700 789">
    <p class='ocr_par' dir='ltr' id='par_1_50' title="bbox 2142 714 3700 789">
     <span class='ocr_line' id='line_1_50' title="bbox 2142 714 3700 789; baseline 0.004 -20"><span class='ocrx_word' id='word_1_354' title='bbox 2142 716 2514 787; x_wconf 89' lang='lat' dir='ltr'>praponimus,</span> <span class='ocrx_word' id='word_1_355' title='bbox 2546 714 2711 771; x_wconf 90' lang='lat' dir='ltr'>robur</span> <span class='ocrx_word' id='word_1_356' title='bbox 2764 730 2959 789; x_wconf 90' lang='lat' dir='ltr'>parare</span> <span class='ocrx_word' id='word_1_357' title='bbox 3001 715 3265 773; x_wconf 87' lang='lat' dir='ltr'>debemus</span> <span class='ocrx_word' id='word_1_358' title='bbox 3309 719 3377 773; x_wconf 92' lang='lat' dir='ltr'>ad</span> <span class='ocrx_word' id='word_1_359' title='bbox 3428 734 3700 785; x_wconf 83' lang='lat' dir='ltr'>ascensum,</span> 
     </span>
    </p>
   </div>
   <div class='ocr_carea' id='block_1_51' title="bbox 2143 803 3701 878">
    <p class='ocr_par' dir='ltr' id='par_1_51' title="bbox 2143 803 3701 878">
     <span class='ocr_line' id='line_1_51' title="bbox 2143 803 3701 878; baseline 0.004 -20"><span class='ocrx_word' id='word_1_360' title='bbox 2143 804 2267 873; x_wconf 87' lang='lat' dir='ltr'>quia</span> <span class='ocrx_word' id='word_1_361' title='bbox 2324 804 2570 859; x_wconf 89' lang='lat' dir='ltr'>homines</span> <span class='ocrx_word' id='word_1_362' title='bbox 2622 819 2745 859; x_wconf 90' lang='lat' dir='ltr'>cum</span> <span class='ocrx_word' id='word_1_363' title='bbox 2793 803 3007 877; x_wconf 83' lang='lat' dir='ltr'>angelis</span> <span class='ocrx_word' id='word_1_364' title='bbox 3049 821 3294 878; x_wconf 87' lang='lat' dir='ltr'>pugnare</span> <span class='ocrx_word' id='word_1_365' title='bbox 3334 808 3701 866; x_wconf 84' lang='lat' dir='ltr'>contendimus.</span> 
     </span>
    </p>
   </div>
   <div class='ocr_carea' id='block_1_52' title="bbox 2140 891 3707 952">
    <p class='ocr_par' dir='ltr' id='par_1_52' title="bbox 2140 891 3707 952">
     <span class='ocr_line' id='line_1_52' title="bbox 2140 891 3707 952; baseline 0.001 -4"><span class='ocrx_word' id='word_1_366' title='bbox 2140 891 2296 948; x_wconf 87' lang='lat' dir='ltr'>Unde</span> <span class='ocrx_word' id='word_1_367' title='bbox 2326 899 2379 947; x_wconf 90' lang='lat' dir='ltr'>et</span> <span class='ocrx_word' id='word_1_368' title='bbox 2420 891 2512 948; x_wconf 91' lang='lat' dir='ltr'>ille</span> <span class='ocrx_word' id='word_1_369' title='bbox 2539 891 2740 948; x_wconf 89' lang='lat' dir='ltr'>athleta</span> <span class='ocrx_word' id='word_1_370' title='bbox 2768 901 3019 949; x_wconf 87' lang='lat' dir='ltr'>strenuus</span> <span class='ocrx_word' id='word_1_371' title='bbox 3048 893 3358 949; x_wconf 83' lang='lat' dir='ltr'>confortans</span> <span class='ocrx_word' id='word_1_372' title='bbox 3384 896 3707 952; x_wconf 85' lang='lat' dir='ltr'>vehementer</span> 
     </span>
    </p>
   </div>
   <div class='ocr_carea' id='block_1_53' title="bbox 2140 979 3703 1050">
    <p class='ocr_par' dir='ltr' id='par_1_53' title="bbox 2140 979 3703 1050">
     <span class='ocr_line' id='line_1_53' title="bbox 2140 979 3703 1050; baseline 0.003 -14"><span class='ocrx_word' id='word_1_373' title='bbox 2140 979 2533 1036; x_wconf 88' lang='lat' dir='ltr'>commilitones</span> <span class='ocrx_word' id='word_1_374' title='bbox 2554 997 2698 1050; x_wconf 90' lang='lat' dir='ltr'>suos,</span> <span class='ocrx_word' id='word_1_375' title='bbox 2717 982 2820 1036; x_wconf 89' lang='lat' dir='ltr'>ait:</span> <span class='ocrx_word' id='word_1_376' title='bbox 2844 981 2964 1038; x_wconf 77' lang='lat' dir='ltr'>Non</span> <span class='ocrx_word' id='word_1_377' title='bbox 2994 986 3079 1038; x_wconf 88' lang='lat' dir='ltr'>est</span> <span class='ocrx_word' id='word_1_378' title='bbox 3107 983 3271 1040; x_wconf 83' lang='lat' dir='ltr'>nobis</span> <span class='ocrx_word' id='word_1_379' title='bbox 3283 983 3593 1040; x_wconf 82' lang='lat' dir='ltr'>colluctatio</span> <span class='ocrx_word' id='word_1_380' title='bbox 3610 984 3703 1040; x_wconf 77' lang='lat' dir='ltr'>ad-</span> 
     </span>
    </p>
   </div>
   <div class='ocr_carea' id='block_1_54' title="bbox 2139 1070 3711 1144">
    <p class='ocr_par' dir='ltr' id='par_1_54' title="bbox 2139 1070 3711 1144">
     <span class='ocr_line' id='line_1_54' title="bbox 2139 1070 3711 1144; baseline 0.003 -20"><span class='ocrx_word' id='word_1_381' title='bbox 2139 1082 2331 1125; x_wconf 84' lang='lat' dir='ltr'>versus</span> <span class='ocrx_word' id='word_1_382' title='bbox 2355 1085 2587 1125; x_wconf 83' lang='lat' dir='ltr'>carnem</span> <span class='ocrx_word' id='word_1_383' title='bbox 2608 1076 2665 1125; x_wconf 85' lang='lat' dir='ltr'>et</span> <span class='ocrx_word' id='word_1_384' title='bbox 2687 1070 3149 1142; x_wconf 83' lang='lat' dir='ltr'>sanguinem,sed</span> <span class='ocrx_word' id='word_1_385' title='bbox 3166 1070 3429 1128; x_wconf 83' lang='lat' dir='ltr'>adversus</span> <span class='ocrx_word' id='word_1_386' title='bbox 3448 1073 3711 1144; x_wconf 80' lang='lat' dir='ltr'>principes</span> 
     </span>
    </p>
   </div>
   <div class='ocr_carea' id='block_1_55' title="bbox 2138 1154 3713 1231">
    <p class='ocr_par' dir='ltr' id='par_1_55' title="bbox 2138 1154 3713 1231">
     <span class='ocr_line' id='line_1_55' title="bbox 2138 1154 3713 1231; baseline 0.002 -19"><span class='ocrx_word' id='word_1_387' title='bbox 2138 1160 2194 1213; x_wconf 83' lang='lat' dir='ltr'>et</span> <span class='ocrx_word' id='word_1_388' title='bbox 2203 1158 2802 1231; x_wconf 85' lang='lat' dir='ltr'>potestates,adversus</span> <span class='ocrx_word' id='word_1_389' title='bbox 2815 1159 3145 1231; x_wconf 85' lang='lat' dir='ltr'>spiritualia</span> <span class='ocrx_word' id='word_1_390' title='bbox 3157 1154 3422 1231; x_wconf 66' lang='lat' dir='ltr'>nequitiis</span> <span class='ocrx_word' id='word_1_391' title='bbox 3430 1159 3491 1215; x_wconf 83' lang='lat' dir='ltr'>in</span> <span class='ocrx_word' id='word_1_392' title='bbox 3503 1160 3713 1217; x_wconf 71' lang='lat' dir='ltr'>ccclesii-</span> 
     </span>
    </p>
   </div>
   <div class='ocr_carea' id='block_1_56' title="bbox 2138 1240 3716 1319">
    <p class='ocr_par' dir='ltr' id='par_1_56' title="bbox 2138 1240 3716 1319">
     <span class='ocr_line' id='line_1_56' title="bbox 2138 1240 3716 1319; baseline 0.001 -19"><span class='ocrx_word' id='word_1_393' title='bbox 2138 1245 2239 1300; x_wconf 86' lang='lat' dir='ltr'>bus</span> <span class='ocrx_word' id='word_1_394' title='bbox 2258 1245 2629 1316; x_wconf 69' lang='lat' dir='ltr'>(Eph.vr,12).</span> <span class='ocrx_word' id='word_1_395' title='bbox 2664 1245 2805 1314; x_wconf 90' lang='lat' dir='ltr'>Quia</span> <span class='ocrx_word' id='word_1_396' title='bbox 2838 1240 2983 1301; x_wconf 89' lang='lat' dir='ltr'>enim</span> <span class='ocrx_word' id='word_1_397' title='bbox 3013 1255 3203 1302; x_wconf 90' lang='lat' dir='ltr'>contra</span> <span class='ocrx_word' id='word_1_398' title='bbox 3248 1246 3632 1319; x_wconf 84' lang='lat' dir='ltr'>principatuum</span> <span class='ocrx_word' id='word_1_399' title='bbox 3667 1257 3716 1304; x_wconf 88' lang='lat' dir='ltr'>et</span> 
     </span>
    </p>
   </div>
   <div class='ocr_carea' id='block_1_57' title="bbox 2134 1333 3713 1408">
    <p class='ocr_par' dir='ltr' id='par_1_57' title="bbox 2134 1333 3713 1408">
     <span class='ocr_line' id='line_1_57' title="bbox 2134 1333 3713 1408; baseline 0.003 -22"><span class='ocrx_word' id='word_1_400' title='bbox 2134 1339 2464 1402; x_wconf 87' lang='lat' dir='ltr'>potestatum</span> <span class='ocrx_word' id='word_1_401' title='bbox 2496 1333 2807 1403; x_wconf 90' lang='lat' dir='ltr'>spirituales</span> <span class='ocrx_word' id='word_1_402' title='bbox 2837 1335 3107 1405; x_wconf 84' lang='lat' dir='ltr'>nequitias</span> <span class='ocrx_word' id='word_1_403' title='bbox 3135 1351 3194 1392; x_wconf 92' lang='lat' dir='ltr'>se</span> <span class='ocrx_word' id='word_1_404' title='bbox 3213 1343 3566 1408; x_wconf 85' lang='lat' dir='ltr'>pugnaturum</span> <span class='ocrx_word' id='word_1_405' title='bbox 3584 1351 3713 1406; x_wconf 86' lang='lat' dir='ltr'>pra-</span> 
     </span>
    </p>
   </div>
   <div class='ocr_carea' id='block_1_58' title="bbox 2135 1421 3715 1490">
    <p class='ocr_par' dir='ltr' id='par_1_58' title="bbox 2135 1421 3715 1490">
     <span class='ocr_line' id='line_1_58' title="bbox 2135 1421 3715 1490; baseline 0.003 -16"><span class='ocrx_word' id='word_1_406' title='bbox 2135 1427 2378 1490; x_wconf 89' lang='lat' dir='ltr'>noverat,</span> <span class='ocrx_word' id='word_1_407' title='bbox 2434 1421 2689 1476; x_wconf 88' lang='lat' dir='ltr'>nimirum</span> <span class='ocrx_word' id='word_1_408' title='bbox 2749 1422 2921 1478; x_wconf 87' lang='lat' dir='ltr'>robur</span> <span class='ocrx_word' id='word_1_409' title='bbox 2960 1423 3157 1479; x_wconf 87' lang='lat' dir='ltr'>mentis</span> <span class='ocrx_word' id='word_1_410' title='bbox 3198 1423 3265 1479; x_wconf 88' lang='lat' dir='ltr'>ad</span> <span class='ocrx_word' id='word_1_411' title='bbox 3303 1423 3599 1479; x_wconf 77' lang='lat' dir='ltr'>altitudinis</span> <span class='ocrx_word' id='word_1_412' title='bbox 3629 1438 3715 1479; x_wconf 84' lang='lat' dir='ltr'>as-</span> 
     </span>
    </p>
   </div>
   <div class='ocr_carea' id='block_1_59' title="bbox 2135 1510 3723 1584">
    <p class='ocr_par' dir='ltr' id='par_1_59' title="bbox 2135 1510 3723 1584">
     <span class='ocr_line' id='line_1_59' title="bbox 2135 1510 3723 1584; baseline 0.001 -19"><span class='ocrx_word' id='word_1_413' title='bbox 2135 1523 2357 1565; x_wconf 86' lang='lat' dir='ltr'>censum</span> <span class='ocrx_word' id='word_1_414' title='bbox 2398 1510 2648 1581; x_wconf 87' lang='lat' dir='ltr'>parabat.</span> <span class='ocrx_word' id='word_1_415' title='bbox 2690 1511 3042 1568; x_wconf 89' lang='lat' dir='ltr'>Peccatorum</span> <span class='ocrx_word' id='word_1_416' title='bbox 3099 1511 3265 1568; x_wconf 89' lang='lat' dir='ltr'>corda</span> <span class='ocrx_word' id='word_1_417' title='bbox 3322 1512 3450 1567; x_wconf 91' lang='lat' dir='ltr'>dum</span> <span class='ocrx_word' id='word_1_418' title='bbox 3500 1527 3723 1584; x_wconf 81' lang='lat' dir='ltr'>nequam</span> 
     </span>
    </p>
   </div>
   <div class='ocr_carea' id='block_1_60' title="bbox 2137 1597 3721 1670">
    <p class='ocr_par' dir='ltr' id='par_1_60' title="bbox 2137 1597 3721 1670">
     <span class='ocr_line' id='line_1_60' title="bbox 2137 1597 3721 1670; baseline 0.003 -19"><span class='ocrx_word' id='word_1_419' title='bbox 2137 1597 2358 1667; x_wconf 90' lang='lat' dir='ltr'>spiritus</span> <span class='ocrx_word' id='word_1_420' title='bbox 2389 1598 2494 1653; x_wconf 89' lang='lat' dir='ltr'>sibi</span> <span class='ocrx_word' id='word_1_421' title='bbox 2541 1598 2853 1668; x_wconf 86' lang='lat' dir='ltr'>subjiciunt,</span> <span class='ocrx_word' id='word_1_422' title='bbox 2893 1600 2972 1656; x_wconf 85' lang='lat' dir='ltr'>eis</span> <span class='ocrx_word' id='word_1_423' title='bbox 3018 1600 3200 1670; x_wconf 88' lang='lat' dir='ltr'>utique</span> <span class='ocrx_word' id='word_1_424' title='bbox 3240 1616 3342 1670; x_wconf 90' lang='lat' dir='ltr'>per</span> <span class='ocrx_word' id='word_1_425' title='bbox 3386 1598 3721 1656; x_wconf 80' lang='lat' dir='ltr'>multiformia</span> 
     </span>
    </p>
   </div>
   <div class='ocr_carea' id='block_1_61' title="bbox 2138 1684 3722 1760">
    <p class='ocr_par' dir='ltr' id='par_1_61' title="bbox 2138 1684 3722 1760">
     <span class='ocr_line' id='line_1_61' title="bbox 2138 1684 3722 1760; baseline 0.001 -19"><span class='ocrx_word' id='word_1_426' title='bbox 2138 1684 2268 1741; x_wconf 90' lang='lat' dir='ltr'>vitia</span> <span class='ocrx_word' id='word_1_427' title='bbox 2297 1685 2663 1743; x_wconf 88' lang='lat' dir='ltr'>dominantur.</span> <span class='ocrx_word' id='word_1_428' title='bbox 2691 1687 2749 1744; x_wconf 92' lang='lat' dir='ltr'>Si</span> <span class='ocrx_word' id='word_1_429' title='bbox 2764 1703 2897 1760; x_wconf 87' lang='lat' dir='ltr'>ergo</span> <span class='ocrx_word' id='word_1_430' title='bbox 2917 1688 3045 1744; x_wconf 90' lang='lat' dir='ltr'>illuc</span> <span class='ocrx_word' id='word_1_431' title='bbox 3066 1703 3280 1760; x_wconf 87' lang='lat' dir='ltr'>quoque</span> <span class='ocrx_word' id='word_1_432' title='bbox 3294 1702 3390 1744; x_wconf 87' lang='lat' dir='ltr'>eos</span> <span class='ocrx_word' id='word_1_433' title='bbox 3417 1702 3722 1760; x_wconf 82' lang='lat' dir='ltr'>expugnare</span> 
     </span>
    </p>
   </div>
   <div class='ocr_carea' id='block_1_62' title="bbox 2132 1775 3722 1846">
    <p class='ocr_par' dir='ltr' id='par_1_62' title="bbox 2132 1775 3722 1846">
     <span class='ocr_line' id='line_1_62' title="bbox 2132 1775 3722 1846; baseline 0 -16"><span class='ocrx_word' id='word_1_434' title='bbox 2132 1776 2529 1845; x_wconf 90' lang='lat' dir='ltr'>contendimus,</span> <span class='ocrx_word' id='word_1_435' title='bbox 2562 1776 2721 1832; x_wconf 88' lang='lat' dir='ltr'>valde</span> <span class='ocrx_word' id='word_1_436' title='bbox 2749 1790 2850 1832; x_wconf 92' lang='lat' dir='ltr'>nos</span> <span class='ocrx_word' id='word_1_437' title='bbox 2884 1783 3095 1846; x_wconf 92' lang='lat' dir='ltr'>oportet</span> <span class='ocrx_word' id='word_1_438' title='bbox 3122 1775 3438 1845; x_wconf 89' lang='lat' dir='ltr'>ascendere,</span> <span class='ocrx_word' id='word_1_439' title='bbox 3460 1783 3516 1831; x_wconf 90' lang='lat' dir='ltr'>ut</span> <span class='ocrx_word' id='word_1_440' title='bbox 3545 1790 3722 1832; x_wconf 77' lang='lat' dir='ltr'>eorum</span> 
     </span>
    </p>
   </div>
   <div class='ocr_carea' id='block_1_63' title="bbox 2129 1862 3722 1935">
    <p class='ocr_par' dir='ltr' id='par_1_63' title="bbox 2129 1862 3722 1935">
     <span class='ocr_line' id='line_1_63' title="bbox 2129 1862 3722 1935; baseline 0 -18"><span class='ocrx_word' id='word_1_441' title='bbox 2129 1863 2403 1932; x_wconf 88' lang='lat' dir='ltr'>possimus</span> <span class='ocrx_word' id='word_1_442' title='bbox 2432 1864 2655 1935; x_wconf 89' lang='lat' dir='ltr'>agmina</span> <span class='ocrx_word' id='word_1_443' title='bbox 2675 1871 2921 1935; x_wconf 82' lang='lat' dir='ltr'>potenter</span> <span class='ocrx_word' id='word_1_444' title='bbox 2940 1864 3125 1920; x_wconf 89' lang='lat' dir='ltr'>ferire.</span> <span class='ocrx_word' id='word_1_445' title='bbox 3155 1864 3332 1920; x_wconf 85' lang='lat' dir='ltr'>Aliter</span> <span class='ocrx_word' id='word_1_446' title='bbox 3345 1865 3490 1920; x_wconf 88' lang='lat' dir='ltr'>enim</span> <span class='ocrx_word' id='word_1_447' title='bbox 3520 1862 3722 1929; x_wconf 78' lang='lat' dir='ltr'>lubrici,</span> 
     </span>
    </p>
   </div>
   <div class='ocr_carea' id='block_1_64' title="bbox 2128 1950 3724 2025">
    <p class='ocr_par' dir='ltr' id='par_1_64' title="bbox 2128 1950 3724 2025">
     <span class='ocr_line' id='line_1_64' title="bbox 2128 1950 3724 2025; baseline -0.001 -19"><span class='ocrx_word' id='word_1_448' title='bbox 2128 1950 2287 2006; x_wconf 89' lang='lat' dir='ltr'>aliter</span> <span class='ocrx_word' id='word_1_449' title='bbox 2314 1952 2558 2008; x_wconf 88' lang='lat' dir='ltr'>salvandi</span> <span class='ocrx_word' id='word_1_450' title='bbox 2591 1959 2713 2007; x_wconf 85' lang='lat' dir='ltr'>sunt</span> <span class='ocrx_word' id='word_1_451' title='bbox 2743 1952 2985 2007; x_wconf 89' lang='lat' dir='ltr'>acediosi</span> <span class='ocrx_word' id='word_1_452' title='bbox 3007 1970 3020 2006; x_wconf 93' lang='lat'>:</span> <span class='ocrx_word' id='word_1_453' title='bbox 3042 1952 3218 2019; x_wconf 89' lang='lat' dir='ltr'>aliter,</span> <span class='ocrx_word' id='word_1_454' title='bbox 3232 1951 3724 2025; x_wconf 83' lang='lat' dir='ltr'>vaneglorii,aliter</span> 
     </span>
    </p>
   </div>
   <div class='ocr_carea' id='block_1_65' title="bbox 2126 2037 3729 2110">
    <p class='ocr_par' dir='ltr' id='par_1_65' title="bbox 2126 2037 3729 2110">
     <span class='ocr_line' id='line_1_65' title="bbox 2126 2037 3729 2110; baseline -0.001 -16"><span class='ocrx_word' id='word_1_455' title='bbox 2126 2037 2363 2110; x_wconf 90' lang='lat' dir='ltr'>superbi.</span> <span class='ocrx_word' id='word_1_456' title='bbox 2404 2041 2473 2096; x_wconf 90' lang='lat' dir='ltr'>Ut</span> <span class='ocrx_word' id='word_1_457' title='bbox 2502 2055 2633 2097; x_wconf 87' lang='lat' dir='ltr'>vero</span> <span class='ocrx_word' id='word_1_458' title='bbox 2666 2040 2735 2096; x_wconf 89' lang='lat' dir='ltr'>ad</span> <span class='ocrx_word' id='word_1_459' title='bbox 2765 2040 2882 2096; x_wconf 81' lang='lat' dir='ltr'>hac</span> <span class='ocrx_word' id='word_1_460' title='bbox 2910 2040 3092 2096; x_wconf 85' lang='lat' dir='ltr'>omnia</span> <span class='ocrx_word' id='word_1_461' title='bbox 3122 2040 3326 2096; x_wconf 86' lang='lat' dir='ltr'>electus</span> <span class='ocrx_word' id='word_1_462' title='bbox 3356 2042 3547 2097; x_wconf 89' lang='lat' dir='ltr'>doctor</span> <span class='ocrx_word' id='word_1_463' title='bbox 3568 2039 3729 2110; x_wconf 86' lang='lat' dir='ltr'>possit</span> 
     </span>
    </p>
   </div>
   <div class='ocr_carea' id='block_1_66' title="bbox 2126 2125 3727 2200">
    <p class='ocr_par' dir='ltr' id='par_1_66' title="bbox 2126 2125 3727 2200">
     <span class='ocr_line' id='line_1_66' title="bbox 2126 2125 3727 2200; baseline -0.001 -19"><span class='ocrx_word' id='word_1_464' title='bbox 2126 2125 2398 2197; x_wconf 75' lang='lat' dir='ltr'>sufficere,</span> <span class='ocrx_word' id='word_1_465' title='bbox 2436 2128 2564 2200; x_wconf 89' lang='lat' dir='ltr'>quia</span> <span class='ocrx_word' id='word_1_466' title='bbox 2602 2143 2700 2198; x_wconf 87' lang='lat' dir='ltr'>per</span> <span class='ocrx_word' id='word_1_467' title='bbox 2727 2127 2961 2183; x_wconf 86' lang='lat' dir='ltr'>assidua</span> <span class='ocrx_word' id='word_1_468' title='bbox 2984 2128 3354 2184; x_wconf 88' lang='lat' dir='ltr'>meditationis</span> <span class='ocrx_word' id='word_1_469' title='bbox 3384 2137 3542 2184; x_wconf 86' lang='lat' dir='ltr'>acuta</span> <span class='ocrx_word' id='word_1_470' title='bbox 3558 2127 3727 2184; x_wconf 85' lang='lat' dir='ltr'>consi-</span> 
     </span>
    </p>
   </div>
   <div class='ocr_carea' id='block_1_67' title="bbox 2125 2210 3730 2286">
    <p class='ocr_par' dir='ltr' id='par_1_67' title="bbox 2125 2210 3730 2286">
     <span class='ocr_line' id='line_1_67' title="bbox 2125 2210 3730 2286; baseline 0.002 -19"><span class='ocrx_word' id='word_1_471' title='bbox 2125 2213 2197 2271; x_wconf 88' lang='lat' dir='ltr'>lia</span> <span class='ocrx_word' id='word_1_472' title='bbox 2244 2223 2478 2271; x_wconf 89' lang='lat' dir='ltr'>mentem</span> <span class='ocrx_word' id='word_1_473' title='bbox 2526 2214 2692 2285; x_wconf 88' lang='lat' dir='ltr'>levat,</span> <span class='ocrx_word' id='word_1_474' title='bbox 2723 2210 2874 2286; x_wconf 78' lang='lat' dir='ltr'>quaSi</span> <span class='ocrx_word' id='word_1_475' title='bbox 2918 2216 2987 2271; x_wconf 92' lang='lat' dir='ltr'>ad</span> <span class='ocrx_word' id='word_1_476' title='bbox 3016 2231 3299 2271; x_wconf 86' lang='lat' dir='ltr'>ascensum</span> <span class='ocrx_word' id='word_1_477' title='bbox 3330 2216 3730 2272; x_wconf 88' lang='lat' dir='ltr'>Pbilistinorum</span> 
     </span>
    </p>
   </div>
   <div class='ocr_carea' id='block_1_68' title="bbox 2121 2303 2448 2359">
    <p class='ocr_par' dir='ltr' id='par_1_68' title="bbox 2121 2303 2448 2359">
     <span class='ocr_line' id='line_1_68' title="bbox 2121 2303 2448 2359; baseline 0 -1"><span class='ocrx_word' id='word_1_478' title='bbox 2121 2318 2183 2358; x_wconf 88' lang='lat' dir='ltr'>se</span> <span class='ocrx_word' id='word_1_479' title='bbox 2212 2303 2448 2359; x_wconf 88' lang='lat' dir='ltr'>roborat.</span> 
     </span>
    </p>
   </div>
   <div class='ocr_carea' id='block_1_69' title="bbox 2192 2391 3733 2464">
    <p class='ocr_par' dir='ltr' id='par_1_69' title="bbox 2192 2391 3733 2464">
     <span class='ocr_line' id='line_1_69' title="bbox 2192 2391 3733 2464; baseline 0.003 -19"><span class='ocrx_word' id='word_1_480' title='bbox 2192 2394 2244 2446; x_wconf 87' lang='lat'>9.</span> <span class='ocrx_word' id='word_1_481' title='bbox 2279 2391 2430 2446; x_wconf 89' lang='lat' dir='ltr'>Bene</span> <span class='ocrx_word' id='word_1_482' title='bbox 2486 2399 2665 2447; x_wconf 90' lang='lat' dir='ltr'>autem</span> <span class='ocrx_word' id='word_1_483' title='bbox 2710 2407 2817 2449; x_wconf 90' lang='lat' dir='ltr'>non</span> <span class='ocrx_word' id='word_1_484' title='bbox 2873 2408 3012 2447; x_wconf 92' lang='lat' dir='ltr'>unus</span> <span class='ocrx_word' id='word_1_485' title='bbox 3065 2392 3346 2461; x_wconf 87' lang='lat' dir='ltr'>asseritur,</span> <span class='ocrx_word' id='word_1_486' title='bbox 3395 2392 3496 2450; x_wconf 90' lang='lat' dir='ltr'>sed</span> <span class='ocrx_word' id='word_1_487' title='bbox 3547 2394 3733 2464; x_wconf 85' lang='lat' dir='ltr'>plures</span> 
     </span>
    </p>
   </div>
   <div class='ocr_carea' id='block_1_70' title="bbox 2120 2477 3733 2551">
    <p class='ocr_par' dir='ltr' id='par_1_70' title="bbox 2120 2477 3733 2551">
     <span class='ocr_line' id='line_1_70' title="bbox 2120 2477 3733 2551; baseline 0.001 -18"><span class='ocrx_word' id='word_1_488' title='bbox 2120 2477 2249 2533; x_wconf 87' lang='lat' dir='ltr'>dicti</span> <span class='ocrx_word' id='word_1_489' title='bbox 2276 2482 2401 2533; x_wconf 86' lang='lat' dir='ltr'>sunt</span> <span class='ocrx_word' id='word_1_490' title='bbox 2430 2493 2687 2536; x_wconf 88' lang='lat' dir='ltr'>ascensus</span> <span class='ocrx_word' id='word_1_491' title='bbox 2721 2498 2733 2534; x_wconf 91' lang='lat'>:</span> <span class='ocrx_word' id='word_1_492' title='bbox 2786 2480 2912 2551; x_wconf 91' lang='lat' dir='ltr'>quia</span> <span class='ocrx_word' id='word_1_493' title='bbox 2940 2480 3238 2536; x_wconf 89' lang='lat' dir='ltr'>innumeris</span> <span class='ocrx_word' id='word_1_494' title='bbox 3267 2481 3525 2537; x_wconf 88' lang='lat' dir='ltr'>hostibus</span> <span class='ocrx_word' id='word_1_495' title='bbox 3551 2481 3733 2537; x_wconf 89' lang='lat' dir='ltr'>multis</span> 
     </span>
    </p>
   </div>
   <div class='ocr_carea' id='block_1_71' title="bbox 2119 2566 3731 2642">
    <p class='ocr_par' dir='ltr' id='par_1_71' title="bbox 2119 2566 3731 2642">
     <span class='ocr_line' id='line_1_71' title="bbox 2119 2566 3731 2642; baseline 0.001 -21"><span class='ocrx_word' id='word_1_496' title='bbox 2119 2566 2405 2623; x_wconf 88' lang='lat' dir='ltr'>itineribus</span> <span class='ocrx_word' id='word_1_497' title='bbox 2434 2568 2801 2624; x_wconf 88' lang='lat' dir='ltr'>occurendum</span> <span class='ocrx_word' id='word_1_498' title='bbox 2833 2576 2943 2626; x_wconf 89' lang='lat' dir='ltr'>est.</span> <span class='ocrx_word' id='word_1_499' title='bbox 2991 2566 3150 2637; x_wconf 91' lang='lat' dir='ltr'>Quod</span> <span class='ocrx_word' id='word_1_500' title='bbox 3186 2577 3314 2625; x_wconf 89' lang='lat' dir='ltr'>tunc</span> <span class='ocrx_word' id='word_1_501' title='bbox 3357 2569 3505 2626; x_wconf 84' lang='lat' dir='ltr'>bene</span> <span class='ocrx_word' id='word_1_502' title='bbox 3532 2570 3731 2642; x_wconf 81' lang='lat' dir='ltr'>agitur,</span> 
     </span>
    </p>
   </div>
   <div class='ocr_carea' id='block_1_72' title="bbox 2118 2648 3733 2729">
    <p class='ocr_par' dir='ltr' id='par_1_72' title="bbox 2118 2648 3733 2729">
     <span class='ocr_line' id='line_1_72' title="bbox 2118 2648 3733 2729; baseline 0.003 -21"><span class='ocrx_word' id='word_1_503' title='bbox 2118 2655 2338 2728; x_wconf 90' lang='lat' dir='ltr'>quando</span> <span class='ocrx_word' id='word_1_504' title='bbox 2366 2655 2510 2712; x_wconf 86' lang='lat' dir='ltr'>vitiis</span> <span class='ocrx_word' id='word_1_505' title='bbox 2540 2648 2768 2728; x_wconf 80' lang='lat' dir='ltr'>singulis</span> <span class='ocrx_word' id='word_1_506' title='bbox 2796 2661 3176 2729; x_wconf 81' lang='lat' dir='ltr'>congruentes,</span> <span class='ocrx_word' id='word_1_507' title='bbox 3205 2663 3257 2711; x_wconf 93' lang='lat' dir='ltr'>et</span> <span class='ocrx_word' id='word_1_508' title='bbox 3286 2658 3531 2729; x_wconf 82' lang='lat' dir='ltr'>propria</span> <span class='ocrx_word' id='word_1_509' title='bbox 3568 2671 3733 2713; x_wconf 85' lang='lat' dir='ltr'>cura-</span> 
     </span>
    </p>
   </div>
   <div class='ocr_carea' id='block_1_73' title="bbox 2116 2741 3737 2816">
    <p class='ocr_par' dir='ltr' id='par_1_73' title="bbox 2116 2741 3737 2816">
     <span class='ocr_line' id='line_1_73' title="bbox 2116 2741 3737 2816; baseline 0.002 -17"><span class='ocrx_word' id='word_1_510' title='bbox 2116 2743 2289 2801; x_wconf 84' lang='lat' dir='ltr'>tiones</span> <span class='ocrx_word' id='word_1_511' title='bbox 2316 2741 2661 2800; x_wconf 90' lang='lat' dir='ltr'>adhibentur.</span> <span class='ocrx_word' id='word_1_512' title='bbox 2711 2745 2873 2813; x_wconf 90' lang='lat' dir='ltr'>Nam,</span> <span class='ocrx_word' id='word_1_513' title='bbox 2922 2748 2981 2799; x_wconf 84' lang='lat' dir='ltr'>ut</span> <span class='ocrx_word' id='word_1_514' title='bbox 3029 2743 3211 2816; x_wconf 88' lang='lat' dir='ltr'>aliqua</span> <span class='ocrx_word' id='word_1_515' title='bbox 3257 2756 3328 2800; x_wconf 83' lang='lat' dir='ltr'>ex</span> <span class='ocrx_word' id='word_1_516' title='bbox 3378 2745 3461 2802; x_wconf 91' lang='lat' dir='ltr'>eis</span> <span class='ocrx_word' id='word_1_517' title='bbox 3498 2745 3737 2802; x_wconf 78' lang='lat' dir='ltr'>breviter</span> 
     </span>
    </p>
   </div>
   <div class='ocr_carea' id='block_1_74' title="bbox 2112 2831 3737 2904">
    <p class='ocr_par' dir='ltr' id='par_1_74' title="bbox 2112 2831 3737 2904">
     <span class='ocr_line' id='line_1_74' title="bbox 2112 2831 3737 2904; baseline 0.001 -18"><span class='ocrx_word' id='word_1_518' title='bbox 2112 2832 2561 2904; x_wconf 87' lang='lat' dir='ltr'>perstringamus,</span> <span class='ocrx_word' id='word_1_519' title='bbox 2618 2831 2992 2889; x_wconf 87' lang='lat' dir='ltr'>fornicationis</span> <span class='ocrx_word' id='word_1_520' title='bbox 3066 2833 3296 2903; x_wconf 85' lang='lat' dir='ltr'>spiritus</span> <span class='ocrx_word' id='word_1_521' title='bbox 3382 2833 3737 2890; x_wconf 87' lang='lat' dir='ltr'>continentia</span> 
     </span>
    </p>
   </div>
   <div class='ocr_carea' id='block_1_75' title="bbox 2114 2918 3735 2994">
    <p class='ocr_par' dir='ltr' id='par_1_75' title="bbox 2114 2918 3735 2994">
     <span class='ocr_line' id='line_1_75' title="bbox 2114 2918 3735 2994; baseline 0.001 -20"><span class='ocrx_word' id='word_1_522' title='bbox 2114 2919 2308 2974; x_wconf 87' lang='lat' dir='ltr'>virtute</span> <span class='ocrx_word' id='word_1_523' title='bbox 2363 2918 2692 2991; x_wconf 87' lang='lat' dir='ltr'>depellitur:</span> <span class='ocrx_word' id='word_1_524' title='bbox 2736 2921 2837 2976; x_wconf 88' lang='lat' dir='ltr'>sed</span> <span class='ocrx_word' id='word_1_525' title='bbox 2884 2928 3067 2976; x_wconf 89' lang='lat' dir='ltr'>tamen</span> <span class='ocrx_word' id='word_1_526' title='bbox 3110 2920 3285 2979; x_wconf 90' lang='lat' dir='ltr'>levius</span> <span class='ocrx_word' id='word_1_527' title='bbox 3338 2929 3658 2994; x_wconf 85' lang='lat' dir='ltr'>superatur,</span> <span class='ocrx_word' id='word_1_528' title='bbox 3689 2921 3735 2975; x_wconf 90' lang='lat' dir='ltr'>si</span> 
     </span>
    </p>
   </div>
   <div class='ocr_carea' id='block_1_76' title="bbox 2034 2992 3743 3079">
    <p class='ocr_par' dir='ltr' id='par_1_76' title="bbox 2034 2992 3743 3079">
     <span class='ocr_line' id='line_1_76' title="bbox 2034 2992 3743 3079; baseline 0.006 -22"><span class='ocrx_word' id='word_1_529' title='bbox 2034 2992 2085 3057; x_wconf 71' lang='lat' dir='ltr'>Cn</span> <span class='ocrx_word' id='word_1_530' title='bbox 2110 3022 2241 3063; x_wconf 89' lang='lat' dir='ltr'>caro</span> <span class='ocrx_word' id='word_1_531' title='bbox 2282 3000 2562 3077; x_wconf 86' lang='lat' dir='ltr'>impetum</span> <span class='ocrx_word' id='word_1_532' title='bbox 2608 3024 2763 3064; x_wconf 88' lang='lat' dir='ltr'>suum</span> <span class='ocrx_word' id='word_1_533' title='bbox 2811 3024 2913 3079; x_wconf 89' lang='lat' dir='ltr'>per</span> <span class='ocrx_word' id='word_1_534' title='bbox 2959 3008 3351 3065; x_wconf 88' lang='lat' dir='ltr'>abstinentiam</span> <span class='ocrx_word' id='word_1_535' title='bbox 3401 2992 3639 3077; x_wconf 80' lang='lat' dir='ltr'>minuat,</span> <span class='ocrx_word' id='word_1_536' title='bbox 3673 3026 3743 3067; x_wconf 86' lang='lat' dir='ltr'>ne</span> 
     </span>
    </p>
   </div>
   <div class='ocr_carea' id='block_1_77' title="bbox 2115 3094 3739 3167">
    <p class='ocr_par' dir='ltr' id='par_1_77' title="bbox 2115 3094 3739 3167">
     <span class='ocr_line' id='line_1_77' title="bbox 2115 3094 3739 3167; baseline 0 -14"><span class='ocrx_word' id='word_1_537' title='bbox 2115 3111 2175 3153; x_wconf 83' lang='lat' dir='ltr'>se</span> <span class='ocrx_word' id='word_1_538' title='bbox 2205 3094 2495 3152; x_wconf 84' lang='lat' dir='ltr'>mundana</span> <span class='ocrx_word' id='word_1_539' title='bbox 2544 3097 2998 3167; x_wconf 88' lang='lat' dir='ltr'>concupiscentia</span> <span class='ocrx_word' id='word_1_540' title='bbox 3045 3096 3189 3155; x_wconf 89' lang='lat' dir='ltr'>victa</span> <span class='ocrx_word' id='word_1_541' title='bbox 3217 3097 3562 3155; x_wconf 89' lang='lat' dir='ltr'>substernat.</span> <span class='ocrx_word' id='word_1_542' title='bbox 3596 3098 3739 3154; x_wconf 83' lang='lat' dir='ltr'>Gula</span> 
     </span>
    </p>
   </div>
   <div class='ocr_carea' id='block_1_78' title="bbox 2111 3182 3741 3257">
    <p class='ocr_par' dir='ltr' id='par_1_78' title="bbox 2111 3182 3741 3257">
     <span class='ocr_line' id='line_1_78' title="bbox 2111 3182 3741 3257; baseline 0.003 -20"><span class='ocrx_word' id='word_1_543' title='bbox 2111 3199 2211 3254; x_wconf 89' lang='lat' dir='ltr'>per</span> <span class='ocrx_word' id='word_1_544' title='bbox 2240 3182 2655 3240; x_wconf 87' lang='lat' dir='ltr'>abstinnentiam</span> <span class='ocrx_word' id='word_1_545' title='bbox 2688 3185 2995 3257; x_wconf 86' lang='lat' dir='ltr'>frangitur:</span> <span class='ocrx_word' id='word_1_546' title='bbox 3022 3185 3119 3241; x_wconf 89' lang='lat' dir='ltr'>sed</span> <span class='ocrx_word' id='word_1_547' title='bbox 3144 3185 3545 3243; x_wconf 85' lang='lat' dir='ltr'>abstinentiam</span> <span class='ocrx_word' id='word_1_548' title='bbox 3577 3185 3741 3244; x_wconf 86' lang='lat' dir='ltr'>ciba-</span> 
     </span>
    </p>
   </div>
   <div class='ocr_carea' id='block_1_79' title="bbox 2109 3272 3739 3347">
    <p class='ocr_par' dir='ltr' id='par_1_79' title="bbox 2109 3272 3739 3347">
     <span class='ocr_line' id='line_1_79' title="bbox 2109 3272 3739 3347; baseline 0.003 -21"><span class='ocrx_word' id='word_1_549' title='bbox 2109 3288 2227 3326; x_wconf 90' lang='lat' dir='ltr'>rum</span> <span class='ocrx_word' id='word_1_550' title='bbox 2256 3272 2620 3343; x_wconf 89' lang='lat' dir='ltr'>corporalium</span> <span class='ocrx_word' id='word_1_551' title='bbox 2642 3273 2840 3329; x_wconf 89' lang='lat' dir='ltr'>habere</span> <span class='ocrx_word' id='word_1_552' title='bbox 2862 3290 2971 3329; x_wconf 90' lang='lat' dir='ltr'>non</span> <span class='ocrx_word' id='word_1_553' title='bbox 2995 3281 3190 3346; x_wconf 89' lang='lat' dir='ltr'>potest,</span> <span class='ocrx_word' id='word_1_554' title='bbox 3219 3275 3312 3347; x_wconf 90' lang='lat' dir='ltr'>qui</span> <span class='ocrx_word' id='word_1_555' title='bbox 3368 3278 3551 3346; x_wconf 84' lang='lat'>303</span> <span class='ocrx_word' id='word_1_556' title='bbox 3576 3290 3739 3331; x_wconf 80' lang='lat' dir='ltr'>men-</span> 
     </span>
    </p>
   </div>
   <div class='ocr_carea' id='block_1_80' title="bbox 2110 3352 3742 3432">
    <p class='ocr_par' dir='ltr' id='par_1_80' title="bbox 2110 3352 3742 3432">
     <span class='ocr_line' id='line_1_80' title="bbox 2110 3352 3742 3432; baseline 0.002 -17"><span class='ocrx_word' id='word_1_557' title='bbox 2110 3368 2218 3415; x_wconf 91' lang='lat' dir='ltr'>tem</span> <span class='ocrx_word' id='word_1_558' title='bbox 2270 3360 2641 3431; x_wconf 88' lang='lat' dir='ltr'>spiritualibus</span> <span class='ocrx_word' id='word_1_559' title='bbox 2699 3352 2835 3416; x_wconf 90' lang='lat' dir='ltr'>cibis</span> <span class='ocrx_word' id='word_1_560' title='bbox 2889 3377 2998 3416; x_wconf 91' lang='lat' dir='ltr'>non</span> <span class='ocrx_word' id='word_1_561' title='bbox 3045 3362 3236 3432; x_wconf 75' lang='lat' dir='ltr'>replet.</span> <span class='ocrx_word' id='word_1_562' title='bbox 3283 3362 3562 3421; x_wconf 71' lang='lat' dir='ltr'>Potenter</span> <span class='ocrx_word' id='word_1_563' title='bbox 3590 3364 3742 3421; x_wconf 86' lang='lat' dir='ltr'>enim</span> 
     </span>
    </p>
   </div>
   <div class='ocr_carea' id='block_1_81' title="bbox 2108 3447 3743 3520">
    <p class='ocr_par' dir='ltr' id='par_1_81' title="bbox 2108 3447 3743 3520">
     <span class='ocr_line' id='line_1_81' title="bbox 2108 3447 3743 3520; baseline 0.002 -16"><span class='ocrx_word' id='word_1_564' title='bbox 2108 3447 2306 3504; x_wconf 91' lang='lat' dir='ltr'>cordus</span> <span class='ocrx_word' id='word_1_565' title='bbox 2334 3457 2613 3517; x_wconf 85' lang='lat' dir='ltr'>extenuat,</span> <span class='ocrx_word' id='word_1_566' title='bbox 2660 3448 2752 3520; x_wconf 90' lang='lat' dir='ltr'>qui</span> <span class='ocrx_word' id='word_1_567' title='bbox 2794 3464 2982 3505; x_wconf 88' lang='lat' dir='ltr'>amore</span> <span class='ocrx_word' id='word_1_568' title='bbox 3011 3449 3310 3507; x_wconf 86' lang='lat' dir='ltr'>caelestium</span> <span class='ocrx_word' id='word_1_569' title='bbox 3341 3468 3453 3508; x_wconf 88' lang='lat' dir='ltr'>cor</span> <span class='ocrx_word' id='word_1_570' title='bbox 3510 3452 3743 3509; x_wconf 81' lang='lat' dir='ltr'>inflam-</span> 
     </span>
    </p>
   </div>
   <div class='ocr_carea' id='block_1_82' title="bbox 2110 3536 3750 3612">
    <p class='ocr_par' dir='ltr' id='par_1_82' title="bbox 2110 3536 3750 3612">
     <span class='ocr_line' id='line_1_82' title="bbox 2110 3536 3750 3612; baseline 0.005 -22"><span class='ocrx_word' id='word_1_571' title='bbox 2110 3544 2222 3591; x_wconf 90' lang='lat' dir='ltr'>mat</span> <span class='ocrx_word' id='word_1_572' title='bbox 2254 3554 2266 3589; x_wconf 91' lang='lat'>:</span> <span class='ocrx_word' id='word_1_573' title='bbox 2301 3537 2428 3608; x_wconf 89' lang='lat' dir='ltr'>quia</span> <span class='ocrx_word' id='word_1_574' title='bbox 2456 3537 2586 3592; x_wconf 89' lang='lat' dir='ltr'>dum</span> <span class='ocrx_word' id='word_1_575' title='bbox 2629 3536 2926 3608; x_wconf 89' lang='lat' dir='ltr'>spiritualia</span> <span class='ocrx_word' id='word_1_576' title='bbox 2972 3537 3183 3594; x_wconf 85' lang='lat' dir='ltr'>fortiter</span> <span class='ocrx_word' id='word_1_577' title='bbox 3217 3538 3428 3612; x_wconf 75' lang='lat' dir='ltr'>diligit,</span> <span class='ocrx_word' id='word_1_578' title='bbox 3463 3540 3750 3598; x_wconf 82' lang='lat' dir='ltr'>desideria</span> 
     </span>
    </p>
   </div>
   <div class='ocr_carea' id='block_1_83' title="bbox 2107 3623 3745 3697">
    <p class='ocr_par' dir='ltr' id='par_1_83' title="bbox 2107 3623 3745 3697">
     <span class='ocr_line' id='line_1_83' title="bbox 2107 3623 3745 3697; baseline 0.001 -17"><span class='ocrx_word' id='word_1_579' title='bbox 2107 3623 2286 3697; x_wconf 86' lang='lat' dir='ltr'>carnis</span> <span class='ocrx_word' id='word_1_580' title='bbox 2315 3624 2565 3680; x_wconf 88' lang='lat' dir='ltr'>valenter</span> <span class='ocrx_word' id='word_1_581' title='bbox 2594 3624 2812 3694; x_wconf 81' lang='lat' dir='ltr'>premit.</span> <span class='ocrx_word' id='word_1_582' title='bbox 2831 3625 3093 3681; x_wconf 82' lang='lat' dir='ltr'>Avaritia</span> <span class='ocrx_word' id='word_1_583' title='bbox 3113 3642 3327 3697; x_wconf 89' lang='lat' dir='ltr'>quoque</span> <span class='ocrx_word' id='word_1_584' title='bbox 3365 3629 3515 3684; x_wconf 87' lang='lat' dir='ltr'>vitio</span> <span class='ocrx_word' id='word_1_585' title='bbox 3530 3630 3745 3685; x_wconf 87' lang='lat' dir='ltr'>bonum</span> 
     </span>
    </p>
   </div>
   <div class='ocr_carea' id='block_1_84' title="bbox 2107 3706 3751 3789">
    <p class='ocr_par' dir='ltr' id='par_1_84' title="bbox 2107 3706 3751 3789">
     <span class='ocr_line' id='line_1_84' title="bbox 2107 3706 3751 3789; baseline 0.004 -22"><span class='ocrx_word' id='word_1_586' title='bbox 2107 3712 2441 3784; x_wconf 89' lang='lat' dir='ltr'>paupertatis</span> <span class='ocrx_word' id='word_1_587' title='bbox 2490 3711 2811 3769; x_wconf 77' lang='lat' dir='ltr'>voluntaria</span> <span class='ocrx_word' id='word_1_588' title='bbox 2866 3708 3193 3770; x_wconf 88' lang='lat' dir='ltr'>contrarium</span> <span class='ocrx_word' id='word_1_589' title='bbox 3225 3721 3323 3781; x_wconf 87' lang='lat' dir='ltr'>est,</span> <span class='ocrx_word' id='word_1_590' title='bbox 3369 3706 3491 3771; x_wconf 83' lang='lat' dir='ltr'>sed</span> <span class='ocrx_word' id='word_1_591' title='bbox 3529 3730 3751 3789; x_wconf 81' lang='lat' dir='ltr'>pauper</span> 
     </span>
    </p>
   </div>
   <div class='ocr_carea' id='block_1_85' title="bbox 2108 3794 3751 3875">
    <p class='ocr_par' dir='ltr' id='par_1_85' title="bbox 2108 3794 3751 3875">
     <span class='ocr_line' id='line_1_85' title="bbox 2108 3794 3751 3875; baseline 0.002 -20"><span class='ocrx_word' id='word_1_592' title='bbox 2108 3794 2307 3871; x_wconf 72' lang='lat' dir='ltr'>spiritu</span> <span class='ocrx_word' id='word_1_593' title='bbox 2337 3815 2459 3856; x_wconf 89' lang='lat' dir='ltr'>esse</span> <span class='ocrx_word' id='word_1_594' title='bbox 2491 3816 2601 3855; x_wconf 89' lang='lat' dir='ltr'>non</span> <span class='ocrx_word' id='word_1_595' title='bbox 2630 3801 2845 3875; x_wconf 85' lang='lat' dir='ltr'>poterit,</span> <span class='ocrx_word' id='word_1_596' title='bbox 2885 3802 2975 3873; x_wconf 88' lang='lat' dir='ltr'>qui</span> <span class='ocrx_word' id='word_1_597' title='bbox 3017 3816 3208 3857; x_wconf 88' lang='lat' dir='ltr'>amare</span> <span class='ocrx_word' id='word_1_598' title='bbox 3255 3800 3448 3860; x_wconf 84' lang='lat' dir='ltr'>adhuc</span> <span class='ocrx_word' id='word_1_599' title='bbox 3500 3813 3751 3861; x_wconf 82' lang='lat' dir='ltr'>aeternas</span> 
     </span>
    </p>
   </div>
   <div class='ocr_carea' id='block_1_86' title="bbox 2107 3888 3750 3967">
    <p class='ocr_par' dir='ltr' id='par_1_86' title="bbox 2107 3888 3750 3967">
     <span class='ocr_line' id='line_1_86' title="bbox 2107 3888 3750 3967; baseline 0.004 -24"><span class='ocrx_word' id='word_1_600' title='bbox 2107 3890 2429 3967; x_wconf 80' lang='lat' dir='ltr'>thensauros</span> <span class='ocrx_word' id='word_1_601' title='bbox 2453 3889 2644 3945; x_wconf 88' lang='lat' dir='ltr'>nescit.</span> <span class='ocrx_word' id='word_1_602' title='bbox 2677 3888 2768 3945; x_wconf 92' lang='lat' dir='ltr'>Sic</span> <span class='ocrx_word' id='word_1_603' title='bbox 2786 3888 3037 3944; x_wconf 88' lang='lat' dir='ltr'>nimirum</span> <span class='ocrx_word' id='word_1_604' title='bbox 3060 3888 3144 3945; x_wconf 86' lang='lat' dir='ltr'>ira</span> <span class='ocrx_word' id='word_1_605' title='bbox 3171 3888 3434 3958; x_wconf 84' lang='lat' dir='ltr'>vincitur,</span> <span class='ocrx_word' id='word_1_606' title='bbox 3473 3893 3525 3947; x_wconf 88' lang='lat' dir='ltr'>si</span> <span class='ocrx_word' id='word_1_607' title='bbox 3546 3906 3750 3949; x_wconf 82' lang='lat' dir='ltr'>amore</span> 
     </span>
    </p>
   </div>
   <div class='ocr_carea' id='block_1_87' title="bbox 2105 3975 3751 4051">
    <p class='ocr_par' dir='ltr' id='par_1_87' title="bbox 2105 3975 3751 4051">
     <span class='ocr_line' id='line_1_87' title="bbox 2105 3975 3751 4051; baseline 0.002 -19"><span class='ocrx_word' id='word_1_608' title='bbox 2105 3975 2404 4033; x_wconf 68' lang='lat' dir='ltr'>caelestium</span> <span class='ocrx_word' id='word_1_609' title='bbox 2426 3975 2664 4048; x_wconf 88' lang='lat' dir='ltr'>perfecte</span> <span class='ocrx_word' id='word_1_610' title='bbox 2691 3980 2905 4032; x_wconf 90' lang='lat' dir='ltr'>terrena</span> <span class='ocrx_word' id='word_1_611' title='bbox 2933 3978 3121 4032; x_wconf 82' lang='lat' dir='ltr'>omnia</span> <span class='ocrx_word' id='word_1_612' title='bbox 3149 3976 3544 4047; x_wconf 87' lang='lat' dir='ltr'>despiciantur</span> <span class='ocrx_word' id='word_1_613' title='bbox 3568 4000 3583 4035; x_wconf 88' lang='lat'>:</span> <span class='ocrx_word' id='word_1_614' title='bbox 3619 3981 3751 4051; x_wconf 57' lang='lat' dir='ltr'>(alia</span> 
     </span>
    </p>
   </div>
   <div class='ocr_carea' id='block_1_88' title="bbox 2106 4062 3749 4141">
    <p class='ocr_par' dir='ltr' id='par_1_88' title="bbox 2106 4062 3749 4141">
     <span class='ocr_line' id='line_1_88' title="bbox 2106 4062 3749 4141; baseline 0.003 -21"><span class='ocrx_word' id='word_1_615' title='bbox 2106 4065 2251 4120; x_wconf 89' lang='lat' dir='ltr'>unde</span> <span class='ocrx_word' id='word_1_616' title='bbox 2280 4064 2566 4134; x_wconf 85' lang='lat' dir='ltr'>irascatur,</span> <span class='ocrx_word' id='word_1_617' title='bbox 2593 4064 2708 4135; x_wconf 90' lang='lat' dir='ltr'>jam</span> <span class='ocrx_word' id='word_1_618' title='bbox 2730 4062 3052 4134; x_wconf 87' lang='lat' dir='ltr'>nonhabet,</span> <span class='ocrx_word' id='word_1_619' title='bbox 3084 4065 3173 4135; x_wconf 89' lang='lat' dir='ltr'>qui</span> <span class='ocrx_word' id='word_1_620' title='bbox 3200 4065 3481 4122; x_wconf 86' lang='lat' dir='ltr'>damnum</span> <span class='ocrx_word' id='word_1_621' title='bbox 3514 4076 3749 4141; x_wconf 88' lang='lat' dir='ltr'>tempo-</span> 
     </span>
    </p>
   </div>
   <div class='ocr_carea' id='block_1_89' title="bbox 2105 4149 3755 4226">
    <p class='ocr_par' dir='ltr' id='par_1_89' title="bbox 2105 4149 3755 4226">
     <span class='ocr_line' id='line_1_89' title="bbox 2105 4149 3755 4226; baseline 0.004 -18"><span class='ocrx_word' id='word_1_622' title='bbox 2105 4152 2219 4208; x_wconf 90' lang='lat' dir='ltr'>rale</span> <span class='ocrx_word' id='word_1_623' title='bbox 2264 4168 2373 4208; x_wconf 91' lang='lat' dir='ltr'>non</span> <span class='ocrx_word' id='word_1_624' title='bbox 2422 4152 2591 4207; x_wconf 90' lang='lat' dir='ltr'>timet.</span> <span class='ocrx_word' id='word_1_625' title='bbox 2627 4151 2716 4208; x_wconf 90' lang='lat' dir='ltr'>Sic</span> <span class='ocrx_word' id='word_1_626' title='bbox 2764 4167 2978 4223; x_wconf 90' lang='lat' dir='ltr'>quoque</span> <span class='ocrx_word' id='word_1_627' title='bbox 3019 4151 3224 4209; x_wconf 87' lang='lat' dir='ltr'>acedia</span> <span class='ocrx_word' id='word_1_628' title='bbox 3270 4154 3504 4226; x_wconf 80' lang='lat' dir='ltr'>vitium,</span> <span class='ocrx_word' id='word_1_629' title='bbox 3540 4149 3604 4214; x_wconf 82' lang='lat' dir='ltr'>id</span> <span class='ocrx_word' id='word_1_630' title='bbox 3664 4167 3755 4215; x_wconf 86' lang='lat' dir='ltr'>est</span> 
     </span>
    </p>
   </div>
   <div class='ocr_carea' id='block_1_90' title="bbox 2101 4239 3754 4312">
    <p class='ocr_par' dir='ltr' id='par_1_90' title="bbox 2101 4239 3754 4312">
     <span class='ocr_line' id='line_1_90' title="bbox 2101 4239 3754 4312; baseline 0.004 -17"><span class='ocrx_word' id='word_1_631' title='bbox 2101 4239 2327 4295; x_wconf 90' lang='lat' dir='ltr'>tadium</span> <span class='ocrx_word' id='word_1_632' title='bbox 2383 4239 2563 4295; x_wconf 89' lang='lat' dir='ltr'>cordis</span> <span class='ocrx_word' id='word_1_633' title='bbox 2607 4239 2915 4312; x_wconf 88' lang='lat' dir='ltr'>depellitur,</span> <span class='ocrx_word' id='word_1_634' title='bbox 2946 4240 2991 4295; x_wconf 88' lang='lat' dir='ltr'>si</span> <span class='ocrx_word' id='word_1_635' title='bbox 3040 4256 3256 4312; x_wconf 86' lang='lat' dir='ltr'>semper</span> <span class='ocrx_word' id='word_1_636' title='bbox 3294 4241 3452 4299; x_wconf 82' lang='lat' dir='ltr'>bona</span> <span class='ocrx_word' id='word_1_637' title='bbox 3486 4245 3754 4302; x_wconf 73' lang='lat' dir='ltr'>calcatis</span> 
     </span>
    </p>
   </div>
   <div class='ocr_carea' id='block_1_91' title="bbox 389 4323 3758 4406">
    <p class='ocr_par' dir='ltr' id='par_1_91' title="bbox 389 4323 3758 4406">
     <span class='ocr_line' id='line_1_91' title="bbox 389 4323 3758 4406; baseline 0.001 -18"><span class='ocrx_word' id='word_1_638' title='bbox 389 4339 473 4388; x_wconf 87' lang='lat' dir='ltr'>tes</span> <span class='ocrx_word' id='word_1_639' title='bbox 501 4336 680 4404; x_wconf 78' lang='lat' dir='ltr'>petra:</span> <span class='ocrx_word' id='word_1_640' title='bbox 708 4345 783 4386; x_wconf 76' lang='lat' dir='ltr'>ex</span> <span class='ocrx_word' id='word_1_641' title='bbox 812 4332 1051 4400; x_wconf 86' lang='lat' dir='ltr'>utraque</span> <span class='ocrx_word' id='word_1_642' title='bbox 1080 4329 1265 4399; x_wconf 80' lang='lat' dir='ltr'>parte,</span> <span class='ocrx_word' id='word_1_643' title='bbox 1296 4324 1458 4397; x_wconf 86' lang='lat' dir='ltr'>quasi</span> <span class='ocrx_word' id='word_1_644' title='bbox 1494 4324 1558 4379; x_wconf 85' lang='lat' dir='ltr'>in</span> <span class='ocrx_word' id='word_1_645' title='bbox 1583 4323 1811 4383; x_wconf 85' lang='lat' dir='ltr'>modum</span> <span class='ocrx_word' id='word_1_646' title='bbox 1845 4325 1988 4381; x_wconf 84' lang='lat' dir='ltr'>den-</span> <span class='ocrx_word' id='word_1_647' title='bbox 2020 4331 2073 4392; x_wconf 84' lang='grc' dir='ltr'>Ι)</span> <span class='ocrx_word' id='word_1_648' title='bbox 2104 4328 2426 4400; x_wconf 86' lang='lat' dir='ltr'>cogitentur.</span> <span class='ocrx_word' id='word_1_649' title='bbox 2460 4326 2683 4384; x_wconf 87' lang='lat' dir='ltr'>Tadere</span> <span class='ocrx_word' id='word_1_650' title='bbox 2714 4327 2931 4398; x_wconf 89' lang='lat' dir='ltr'>quidem</span> <span class='ocrx_word' id='word_1_651' title='bbox 2972 4343 3125 4383; x_wconf 91' lang='lat' dir='ltr'>mens</span> <span class='ocrx_word' id='word_1_652' title='bbox 3168 4327 3503 4388; x_wconf 84' lang='lat' dir='ltr'>nullatenus</span> <span class='ocrx_word' id='word_1_653' title='bbox 3534 4338 3758 4406; x_wconf 86' lang='lat' dir='ltr'>potest,</span> 
     </span>
    </p>
   </div>
   <div class='ocr_carea' id='block_1_92' title="bbox 402 4408 1990 4490">
    <p class='ocr_par' dir='ltr' id='par_1_92' title="bbox 402 4408 1990 4490">
     <span class='ocr_line' id='line_1_92' title="bbox 402 4408 1990 4490; baseline -0.002 -16"><span class='ocrx_word' id='word_1_654' title='bbox 402 4420 567 4486; x_wconf 85' lang='lat' dir='ltr'>tium,</span> <span class='ocrx_word' id='word_1_655' title='bbox 590 4416 809 4490; x_wconf 79' lang='lat' dir='ltr'>scopuli</span> <span class='ocrx_word' id='word_1_656' title='bbox 855 4417 987 4472; x_wconf 84' lang='lat' dir='ltr'>hinc</span> <span class='ocrx_word' id='word_1_657' title='bbox 1027 4414 1158 4470; x_wconf 82' lang='lat' dir='ltr'>inde</span> <span class='ocrx_word' id='word_1_658' title='bbox 1179 4413 1466 4486; x_wconf 68' lang='lat' dir='ltr'>praerupti</span> <span class='ocrx_word' id='word_1_659' title='bbox 1496 4430 1515 4465; x_wconf 84' lang='lat'>.-</span> <span class='ocrx_word' id='word_1_660' title='bbox 1545 4413 1620 4484; x_wconf 90' lang='lat' dir='ltr'>(a)</span> <span class='ocrx_word' id='word_1_661' title='bbox 1649 4408 1857 4469; x_wconf 80' lang='lat' dir='ltr'>nomen</span> <span class='ocrx_word' id='word_1_662' title='bbox 1886 4416 1990 4471; x_wconf 84' lang='lat' dir='ltr'>uni</span> 
     </span>
    </p>
   </div>
   <div class='ocr_carea' id='block_1_93' title="bbox 398 4501 1316 4572">
    <p class='ocr_par' dir='ltr' id='par_1_93' title="bbox 398 4501 1316 4572">
     <span class='ocr_line' id='line_1_93' title="bbox 398 4501 1316 4572; baseline -0.007 -10"><span class='ocrx_word' id='word_1_663' title='bbox 398 4507 586 4570; x_wconf 73' lang='lat' dir='ltr'>Borea,</span> <span class='ocrx_word' id='word_1_664' title='bbox 616 4520 824 4562; x_wconf 85' lang='lat' dir='ltr'>nomen</span> <span class='ocrx_word' id='word_1_665' title='bbox 853 4503 1027 4558; x_wconf 80' lang='lat' dir='ltr'>atteri</span> <span class='ocrx_word' id='word_1_666' title='bbox 1048 4501 1128 4572; x_wconf 88' lang='lat' dir='ltr'>(b)</span> <span class='ocrx_word' id='word_1_667' title='bbox 1155 4501 1316 4557; x_wconf 86' lang='lat' dir='ltr'>Sene.</span> 
     </span>
    </p>
   </div>
   <div class='ocr_carea' id='block_1_94' title="bbox 468 4587 1989 4659">
    <p class='ocr_par' dir='ltr' id='par_1_94' title="bbox 468 4587 1989 4659">
     <span class='ocr_line' id='line_1_94' title="bbox 468 4587 1989 4659; baseline 0 -13"><span class='ocrx_word' id='word_1_668' title='bbox 468 4597 522 4649; x_wconf 89' lang='lat'>8.</span> <span class='ocrx_word' id='word_1_669' title='bbox 554 4591 688 4647; x_wconf 91' lang='lat' dir='ltr'>Cum</span> <span class='ocrx_word' id='word_1_670' title='bbox 721 4590 1014 4647; x_wconf 89' lang='lat' dir='ltr'>electorum</span> <span class='ocrx_word' id='word_1_671' title='bbox 1042 4587 1153 4645; x_wconf 90' lang='lat' dir='ltr'>vita</span> <span class='ocrx_word' id='word_1_672' title='bbox 1198 4589 1307 4644; x_wconf 90' lang='lat' dir='ltr'>alta</span> <span class='ocrx_word' id='word_1_673' title='bbox 1349 4588 1418 4643; x_wconf 90' lang='lat' dir='ltr'>sit</span> <span class='ocrx_word' id='word_1_674' title='bbox 1455 4589 1683 4659; x_wconf 89' lang='lat' dir='ltr'>meritis,</span> <span class='ocrx_word' id='word_1_675' title='bbox 1715 4590 1825 4648; x_wconf 89' lang='lat' dir='ltr'>ima</span> <span class='ocrx_word' id='word_1_676' title='bbox 1856 4606 1989 4650; x_wconf 91' lang='lat' dir='ltr'>vero</span> 
     </span>
    </p>
   </div>
   <div class='ocr_carea' id='block_1_95' title="bbox 396 4676 1989 4751">
    <p class='ocr_par' dir='ltr' id='par_1_95' title="bbox 396 4676 1989 4751">
     <span class='ocr_line' id='line_1_95' title="bbox 396 4676 1989 4751; baseline -0.002 -13"><span class='ocrx_word' id='word_1_677' title='bbox 396 4679 638 4738; x_wconf 89' lang='lat' dir='ltr'>conditio</span> <span class='ocrx_word' id='word_1_678' title='bbox 668 4678 1034 4750; x_wconf 88' lang='lat' dir='ltr'>malignorum</span> <span class='ocrx_word' id='word_1_679' title='bbox 1073 4676 1381 4747; x_wconf 89' lang='lat' dir='ltr'>spirituum,</span> <span class='ocrx_word' id='word_1_680' title='bbox 1412 4678 1543 4747; x_wconf 91' lang='lat' dir='ltr'>quid</span> <span class='ocrx_word' id='word_1_681' title='bbox 1588 4686 1669 4734; x_wconf 88' lang='lat' dir='ltr'>est</span> <span class='ocrx_word' id='word_1_682' title='bbox 1709 4681 1854 4751; x_wconf 91' lang='lat' dir='ltr'>quod</span> <span class='ocrx_word' id='word_1_683' title='bbox 1895 4696 1989 4735; x_wconf 91' lang='lat' dir='ltr'>as-</span> 
     </span>
    </p>
   </div>
   <div class='ocr_carea' id='block_1_96' title="bbox 394 4763 1989 4833">
    <p class='ocr_par' dir='ltr' id='par_1_96' title="bbox 394 4763 1989 4833">
     <span class='ocr_line' id='line_1_96' title="bbox 394 4763 1989 4833; baseline -0.003 -6"><span class='ocrx_word' id='word_1_684' title='bbox 394 4784 595 4827; x_wconf 86' lang='lat' dir='ltr'>census</span> <span class='ocrx_word' id='word_1_685' title='bbox 624 4782 744 4824; x_wconf 88' lang='lat' dir='ltr'>esse</span> <span class='ocrx_word' id='word_1_686' title='bbox 770 4766 983 4833; x_wconf 88' lang='lat' dir='ltr'>dicitur,</span> <span class='ocrx_word' id='word_1_687' title='bbox 1017 4764 1163 4820; x_wconf 91' lang='lat' dir='ltr'>unde</span> <span class='ocrx_word' id='word_1_688' title='bbox 1190 4763 1258 4820; x_wconf 89' lang='lat' dir='ltr'>ad</span> <span class='ocrx_word' id='word_1_689' title='bbox 1288 4764 1685 4822; x_wconf 85' lang='lat' dir='ltr'>Philistinorum</span> <span class='ocrx_word' id='word_1_690' title='bbox 1705 4767 1989 4825; x_wconf 89' lang='lat' dir='ltr'>stationem</span> 
     </span>
    </p>
   </div>
   <div class='ocr_carea' id='block_1_97' title="bbox 392 4848 1988 4914">
    <p class='ocr_par' dir='ltr' id='par_1_97' title="bbox 392 4848 1988 4914">
     <span class='ocr_line' id='line_1_97' title="bbox 392 4848 1988 4914; baseline -0.002 -1"><span class='ocrx_word' id='word_1_691' title='bbox 392 4848 649 4914; x_wconf 83' lang='lat' dir='ltr'>Janathas</span> <span class='ocrx_word' id='word_1_692' title='bbox 696 4854 923 4911; x_wconf 89' lang='lat' dir='ltr'>tendere</span> <span class='ocrx_word' id='word_1_693' title='bbox 965 4848 1240 4910; x_wconf 74' lang='lat' dir='ltr'>canatur?</span> <span class='ocrx_word' id='word_1_694' title='bbox 1286 4854 1425 4908; x_wconf 91' lang='lat' dir='ltr'>Nam</span> <span class='ocrx_word' id='word_1_695' title='bbox 1457 4855 1526 4909; x_wconf 93' lang='lat' dir='ltr'>de</span> <span class='ocrx_word' id='word_1_696' title='bbox 1554 4854 1757 4910; x_wconf 90' lang='lat' dir='ltr'>eisdem</span> <span class='ocrx_word' id='word_1_697' title='bbox 1786 4852 1988 4911; x_wconf 85' lang='lat' dir='ltr'>Philis-</span> 
     </span>
    </p>
   </div>
   <div class='ocr_carea' id='block_1_98' title="bbox 390 4936 1989 5019">
    <p class='ocr_par' dir='ltr' id='par_1_98' title="bbox 390 4936 1989 5019">
     <span class='ocr_line' id='line_1_98' title="bbox 390 4936 1989 5019; baseline -0.002 -18"><span class='ocrx_word' id='word_1_698' title='bbox 390 4945 514 5019; x_wconf 60' lang='lat' dir='ltr'>gais</span> <span class='ocrx_word' id='word_1_699' title='bbox 543 4946 596 5000; x_wconf 90' lang='lat' dir='ltr'>in</span> <span class='ocrx_word' id='word_1_700' title='bbox 626 4952 754 5015; x_wconf 78' lang='lat' dir='ltr'>typo</span> <span class='ocrx_word' id='word_1_701' title='bbox 805 4942 1122 4998; x_wconf 76' lang='lat' dir='ltr'>daemonum</span> <span class='ocrx_word' id='word_1_702' title='bbox 1163 4940 1270 4996; x_wconf 86' lang='lat' dir='ltr'>non</span> <span class='ocrx_word' id='word_1_703' title='bbox 1316 4940 1479 5016; x_wconf 83' lang='lat' dir='ltr'>longe</span> <span class='ocrx_word' id='word_1_704' title='bbox 1516 4938 1764 5011; x_wconf 87' lang='lat' dir='ltr'>superius</span> <span class='ocrx_word' id='word_1_705' title='bbox 1791 4936 1989 4998; x_wconf 88' lang='lat' dir='ltr'>dictum</span> 
     </span>
    </p>
   </div>
   <div class='ocr_carea' id='block_1_99' title="bbox 393 5028 1998 5101">
    <p class='ocr_par' dir='ltr' id='par_1_99' title="bbox 393 5028 1998 5101">
     <span class='ocr_line' id='line_1_99' title="bbox 393 5028 1998 5101; baseline -0.002 -12"><span class='ocrx_word' id='word_1_706' title='bbox 393 5042 476 5089; x_wconf 90' lang='lat' dir='ltr'>est</span> <span class='ocrx_word' id='word_1_707' title='bbox 506 5048 520 5089; x_wconf 91' lang='lat'>:</span> <span class='ocrx_word' id='word_1_708' title='bbox 550 5030 945 5089; x_wconf 82' lang='lat' dir='ltr'>Ascendantes</span> <span class='ocrx_word' id='word_1_709' title='bbox 983 5028 1377 5085; x_wconf 73' lang='lat' dir='ltr'>castrametati</span> <span class='ocrx_word' id='word_1_710' title='bbox 1412 5032 1553 5084; x_wconf 85' lang='lat' dir='ltr'>sunt</span> <span class='ocrx_word' id='word_1_711' title='bbox 1585 5031 1648 5084; x_wconf 83' lang='lat' dir='ltr'>in</span> <span class='ocrx_word' id='word_1_712' title='bbox 1680 5030 1920 5101; x_wconf 74' lang='lat' dir='ltr'>Magmas</span> <span class='ocrx_word' id='word_1_713' title='bbox 1945 5031 1998 5101; x_wconf 86' lang='grc' dir='ltr'>(ι</span> 
     </span>
    </p>
   </div>
   <div class='ocr_carea' id='block_1_100' title="bbox 393 5113 1991 5194">
    <p class='ocr_par' dir='ltr' id='par_1_100' title="bbox 393 5113 1991 5194">
     <span class='ocr_line' id='line_1_100' title="bbox 393 5113 1991 5194; baseline -0.003 -16"><span class='ocrx_word' id='word_1_714' title='bbox 393 5123 661 5194; x_wconf 82' lang='lat' dir='ltr'>Reg.xur,</span> <span class='ocrx_word' id='word_1_715' title='bbox 685 5122 760 5192; x_wconf 71' lang='grc' dir='ltr'>δ).</span> <span class='ocrx_word' id='word_1_716' title='bbox 794 5116 902 5174; x_wconf 89' lang='lat' dir='ltr'>Sed</span> <span class='ocrx_word' id='word_1_717' title='bbox 930 5130 1094 5188; x_wconf 89' lang='lat' dir='ltr'>super</span> <span class='ocrx_word' id='word_1_718' title='bbox 1119 5130 1220 5172; x_wconf 91' lang='lat' dir='ltr'>nos</span> <span class='ocrx_word' id='word_1_719' title='bbox 1249 5129 1372 5171; x_wconf 88' lang='lat' dir='ltr'>esse</span> <span class='ocrx_word' id='word_1_720' title='bbox 1414 5113 1688 5193; x_wconf 85' lang='lat' dir='ltr'>dicuntur,</span> <span class='ocrx_word' id='word_1_721' title='bbox 1734 5116 1849 5187; x_wconf 88' lang='lat' dir='ltr'>qua</span> <span class='ocrx_word' id='word_1_722' title='bbox 1879 5114 1991 5173; x_wconf 85' lang='lat' dir='ltr'>rui-</span> 
     </span>
    </p>
   </div>
   <div class='ocr_carea' id='block_1_101' title="bbox 464 5232 1991 5317">
    <p class='ocr_par' dir='ltr' id='par_1_101' title="bbox 464 5232 1991 5317">
     <span class='ocr_line' id='line_1_101' title="bbox 464 5232 1991 5317; baseline -0.011 -19"><span class='ocrx_word' id='word_1_723' title='bbox 464 5243 549 5317; x_wconf 56' lang='grc' dir='ltr'>(αὶ</span> <span class='ocrx_word' id='word_1_724' title='bbox 577 5241 639 5295; x_wconf 87' lang='lat' dir='ltr'>In</span> <span class='ocrx_word' id='word_1_725' title='bbox 668 5248 812 5297; x_wconf 84' lang='lat' dir='ltr'>textu</span> <span class='ocrx_word' id='word_1_726' title='bbox 841 5238 1093 5317; x_wconf 75' lang='lat' dir='ltr'>Hebr.__et</span> <span class='ocrx_word' id='word_1_727' title='bbox 1122 5236 1177 5293; x_wconf 91' lang='lat' dir='ltr'>in</span> <span class='ocrx_word' id='word_1_728' title='bbox 1206 5232 1828 5317; x_wconf 39' lang='lat' dir='ltr'>versipnib‘usomnibus</span> <span class='ocrx_word' id='word_1_729' title='bbox 1856 5239 1991 5317; x_wconf 67' lang='lat' dir='ltr'>legi.</span> 
     </span>
    </p>
   </div>
   <div class='ocr_carea' id='block_1_102' title="bbox 398 5304 1991 5383">
    <p class='ocr_par' dir='ltr' id='par_1_102' title="bbox 398 5304 1991 5383">
     <span class='ocr_line' id='line_1_102' title="bbox 398 5304 1991 5383; baseline -0.001 -17"><span class='ocrx_word' id='word_1_730' title='bbox 398 5304 696 5383; x_wconf 72' lang='lat' dir='ltr'>tur_Boses,</span> <span class='ocrx_word' id='word_1_731' title='bbox 741 5304 865 5381; x_wconf 36' lang='lat' dir='ltr'>per‘</span> <span class='ocrx_word' id='word_1_732' title='bbox 892 5309 1162 5381; x_wconf 90' lang='lat' dir='ltr'>duplicem</span> <span class='ocrx_word' id='word_1_733' title='bbox 1224 5304 1425 5383; x_wconf 62' lang='lat' dir='ltr'>Trade.</span> <span class='ocrx_word' id='word_1_734' title='bbox 1461 5304 1781 5383; x_wconf 78' lang='lat' dir='ltr'>Gregorium</span> <span class='ocrx_word' id='word_1_735' title='bbox 1812 5304 1991 5383; x_wconf 53' lang='lat' dir='ltr'>tamen</span> 
     </span>
    </p>
   </div>
   <div class='ocr_carea' id='block_1_103' title="bbox 397 5376 1991 5452">
    <p class='ocr_par' dir='ltr' id='par_1_103' title="bbox 397 5376 1991 5452">
     <span class='ocr_line' id='line_1_103' title="bbox 397 5376 1991 5452; baseline -0.001 -15"><span class='ocrx_word' id='word_1_736' title='bbox 397 5376 810 5452; x_wconf 70' lang='lat' dir='ltr'>legisseBorEs,</span> <span class='ocrx_word' id='word_1_737' title='bbox 840 5376 1047 5452; x_wconf 71' lang='lat' dir='ltr'>constat</span> <span class='ocrx_word' id='word_1_738' title='bbox 1093 5391 1162 5452; x_wconf 60' lang='lat' dir='ltr'>ea</span> <span class='ocrx_word' id='word_1_739' title='bbox 1207 5376 1605 5452; x_wconf 75' lang='lat' dir='ltr'>signiﬁCatione</span> <span class='ocrx_word' id='word_1_740' title='bbox 1660 5393 1823 5450; x_wconf 87' lang='lat' dir='ltr'>quam</span> <span class='ocrx_word' id='word_1_741' title='bbox 1864 5376 1991 5436; x_wconf 85' lang='lat' dir='ltr'>huic</span> 
     </span>
    </p>
   </div>
   <div class='ocr_carea' id='block_1_104' title="bbox 393 5449 1990 5524">
    <p class='ocr_par' dir='ltr' id='par_1_104' title="bbox 393 5449 1990 5524">
     <span class='ocr_line' id='line_1_104' title="bbox 393 5449 1990 5524; baseline 0.001 -19"><span class='ocrx_word' id='word_1_742' title='bbox 393 5449 532 5524; x_wconf 62' lang='lat' dir='ltr'>vo&#39;ci‘</span> <span class='ocrx_word' id='word_1_743' title='bbox 552 5449 777 5524; x_wconf 74' lang='lat' dir='ltr'>afﬁngit</span> <span class='ocrx_word' id='word_1_744' title='bbox 790 5451 929 5505; x_wconf 86' lang='lat' dir='ltr'>infra</span> <span class='ocrx_word' id='word_1_745' title='bbox 957 5449 1179 5524; x_wconf 77' lang='lat' dir='ltr'>num.9.</span> <span class='ocrx_word' id='word_1_746' title='bbox 1204 5449 1370 5505; x_wconf 69' lang='lat' dir='ltr'>Dares</span> <span class='ocrx_word' id='word_1_747' title='bbox 1398 5449 1707 5524; x_wconf 65' lang='lat' dir='ltr'>quippe,_itt</span> <span class='ocrx_word' id='word_1_748' title='bbox 1733 5451 1990 5524; x_wconf 60' lang='lat' dir='ltr'>primum</span> 
     </span>
    </p>
   </div>
   <div class='ocr_carea' id='block_1_105' title="bbox 387 5466 1988 5600">
    <p class='ocr_par' dir='ltr' id='par_1_105' title="bbox 387 5466 1988 5600">
     <span class='ocr_line' id='line_1_105' title="bbox 393 5466 1988 5576; baseline -0.001 -67"><span class='ocrx_word' id='word_1_749' title='bbox 393 5466 520 5509; x_wconf 70' lang='grc' dir='ltr'>νοω</span> <span class='ocrx_word' id='word_1_750' title='bbox 552 5466 764 5576; x_wconf 58' lang='lat' dir='ltr'>amngn</span> <span class='ocrx_word' id='word_1_751' title='bbox 790 5466 929 5505; x_wconf 82' lang='lat' dir='ltr'>rnrra</span> <span class='ocrx_word' id='word_1_752' title='bbox 957 5466 1179 5505; x_wconf 69' lang='lat' dir='ltr'>num.u.</span> <span class='ocrx_word' id='word_1_753' title='bbox 1204 5466 1370 5505; x_wconf 73' lang='lat' dir='ltr'>nores</span> <span class='ocrx_word' id='word_1_754' title='bbox 1398 5466 1622 5522; x_wconf 75' lang='lat' dir='ltr'>quippe,</span> <span class='ocrx_word' id='word_1_755' title='bbox 1642 5466 1707 5505; x_wconf 73' lang='lat' dir='ltr'>in</span> <span class='ocrx_word' id='word_1_756' title='bbox 1733 5466 1988 5524; x_wconf 72' lang='lat' dir='ltr'>primum</span> 
     </span>
     <span class='ocr_line' id='line_1_106' title="bbox 387 5520 1988 5600; baseline -0.001 -21"><span class='ocrx_word' id='word_1_757' title='bbox 387 5521 627 5600; x_wconf 71' lang='lat' dir='ltr'>dicitur,</span> <span class='ocrx_word' id='word_1_758' title='bbox 712 5521 914 5600; x_wconf 64' lang='lat' dir='ltr'>educta</span> <span class='ocrx_word' id='word_1_759' title='bbox 946 5520 1201 5600; x_wconf 76' lang='lat' dir='ltr'>nimirum</span> <span class='ocrx_word' id='word_1_760' title='bbox 1219 5534 1254 5575; x_wconf 89' lang='lat' dir='ltr'>a</span> <span class='ocrx_word' id='word_1_761' title='bbox 1261 5529 1402 5600; x_wconf 59' lang='lat' dir='ltr'>pm</span> <span class='ocrx_word' id='word_1_762' title='bbox 1417 5534 1530 5589; x_wconf 79' lang='lat' dir='ltr'>ros,</span> <span class='ocrx_word' id='word_1_763' title='bbox 1548 5521 1638 5576; x_wconf 74' lang='lat' dir='ltr'>uel</span> <span class='ocrx_word' id='word_1_764' title='bbox 1650 5530 1863 5600; x_wconf 68' lang='lat' dir='ltr'>suqu</span> <span class='ocrx_word' id='word_1_765' title='bbox 1874 5537 1988 5600; x_wconf 54' lang='lat' dir='ltr'>re-</span> 
     </span>
    </p>
   </div>
   <div class='ocr_carea' id='block_1_106' title="bbox 388 5589 1982 5667">
    <p class='ocr_par' dir='ltr' id='par_1_106' title="bbox 388 5589 1982 5667">
     <span class='ocr_line' id='line_1_107' title="bbox 388 5589 1982 5667; baseline -0.003 -13"><span class='ocrx_word' id='word_1_766' title='bbox 388 5592 514 5654; x_wconf 62' lang='lat' dir='ltr'>niti;</span> <span class='ocrx_word' id='word_1_767' title='bbox 529 5606 555 5648; x_wconf 67' lang='grc' dir='ltr'><em>θ</em></span> <span class='ocrx_word' id='word_1_768' title='bbox 582 5589 706 5667; x_wconf 63' lang='grc' dir='ltr'>(ιω</span> <span class='ocrx_word' id='word_1_769' title='bbox 729 5589 1046 5665; x_wconf 72' lang='lat' dir='ltr'>signiﬁcant</span> <span class='ocrx_word' id='word_1_770' title='bbox 1072 5592 1453 5667; x_wconf 73' lang='lat' dir='ltr'>principium,</span> <span class='ocrx_word' id='word_1_771' title='bbox 1488 5596 1665 5666; x_wconf 78' lang='lat' dir='ltr'>caput</span> <span class='ocrx_word' id='word_1_772' title='bbox 1684 5600 1741 5651; x_wconf 84' lang='lat' dir='ltr'>et</span> 
     </span>
    </p>
   </div>
   <div class='ocr_carea' id='block_1_107' title="bbox 2102 4415 3760 4494">
    <p class='ocr_par' dir='ltr' id='par_1_107' title="bbox 2102 4415 3760 4494">
     <span class='ocr_line' id='line_1_108' title="bbox 2102 4415 3760 4494; baseline 0.005 -24"><span class='ocrx_word' id='word_1_773' title='bbox 2102 4431 2225 4488; x_wconf 84' lang='lat' dir='ltr'>qua</span> <span class='ocrx_word' id='word_1_774' title='bbox 2282 4422 2388 4470; x_wconf 88' lang='lat' dir='ltr'>tam</span> <span class='ocrx_word' id='word_1_775' title='bbox 2431 4416 2674 4486; x_wconf 88' lang='lat' dir='ltr'>jucunda</span> <span class='ocrx_word' id='word_1_776' title='bbox 2701 4415 2847 4472; x_wconf 89' lang='lat' dir='ltr'>bona</span> <span class='ocrx_word' id='word_1_777' title='bbox 2884 4416 3133 4472; x_wconf 76' lang='lat' dir='ltr'>latenter</span> <span class='ocrx_word' id='word_1_778' title='bbox 3158 4416 3325 4473; x_wconf 88' lang='lat' dir='ltr'>videt.</span> <span class='ocrx_word' id='word_1_779' title='bbox 3358 4416 3657 4479; x_wconf 69' lang='lat' dir='ltr'>Tristitia</span> <span class='ocrx_word' id='word_1_780' title='bbox 3676 4420 3760 4494; x_wconf 75' lang='grc' dir='ltr'>(ο)</span> 
     </span>
    </p>
   </div>
   <div class='ocr_carea' id='block_1_108' title="bbox 2099 4503 3764 4582">
    <p class='ocr_par' dir='ltr' id='par_1_108' title="bbox 2099 4503 3764 4582">
     <span class='ocr_line' id='line_1_109' title="bbox 2099 4503 3764 4582; baseline 0.004 -23"><span class='ocrx_word' id='word_1_781' title='bbox 2099 4504 2262 4559; x_wconf 89' lang='lat' dir='ltr'>etiam</span> <span class='ocrx_word' id='word_1_782' title='bbox 2298 4503 2678 4577; x_wconf 89' lang='lat' dir='ltr'>angustiosum</span> <span class='ocrx_word' id='word_1_783' title='bbox 2718 4504 2924 4559; x_wconf 86' lang='lat' dir='ltr'>malum</span> <span class='ocrx_word' id='word_1_784' title='bbox 2954 4503 3247 4575; x_wconf 88' lang='lat' dir='ltr'>spiritualis</span> <span class='ocrx_word' id='word_1_785' title='bbox 3274 4505 3505 4563; x_wconf 85' lang='lat' dir='ltr'>laetitiae</span> <span class='ocrx_word' id='word_1_786' title='bbox 3538 4524 3764 4582; x_wconf 78' lang='lat' dir='ltr'>campo</span> 
     </span>
    </p>
   </div>
   <div class='ocr_carea' id='block_1_109' title="bbox 2099 4586 3759 4667">
    <p class='ocr_par' dir='ltr' id='par_1_109' title="bbox 2099 4586 3759 4667">
     <span class='ocr_line' id='line_1_110' title="bbox 2099 4586 3759 4667; baseline 0.005 -20"><span class='ocrx_word' id='word_1_787' title='bbox 2099 4586 2436 4667; x_wconf 84' lang='lat' dir='ltr'>devoratur:</span> <span class='ocrx_word' id='word_1_788' title='bbox 2492 4592 2588 4647; x_wconf 88' lang='lat' dir='ltr'>sed</span> <span class='ocrx_word' id='word_1_789' title='bbox 2656 4586 2837 4647; x_wconf 80' lang='lat' dir='ltr'>tamen</span> <span class='ocrx_word' id='word_1_790' title='bbox 2902 4591 3019 4662; x_wconf 88' lang='lat' dir='ltr'>ipsa</span> <span class='ocrx_word' id='word_1_791' title='bbox 3075 4592 3371 4662; x_wconf 83' lang='lat' dir='ltr'>spiritualia</span> <span class='ocrx_word' id='word_1_792' title='bbox 3424 4595 3642 4653; x_wconf 74' lang='lat' dir='ltr'>laetitia</span> <span class='ocrx_word' id='word_1_793' title='bbox 3695 4615 3759 4655; x_wconf 86' lang='lat' dir='ltr'>se</span> 
     </span>
    </p>
   </div>
   <div class='ocr_carea' id='block_1_110' title="bbox 2097 4677 3766 4758">
    <p class='ocr_par' dir='ltr' id='par_1_110' title="bbox 2097 4677 3766 4758">
     <span class='ocr_line' id='line_1_111' title="bbox 2097 4677 3766 4758; baseline 0.006 -24"><span class='ocrx_word' id='word_1_794' title='bbox 2097 4678 2271 4736; x_wconf 88' lang='lat' dir='ltr'>menti</span> <span class='ocrx_word' id='word_1_795' title='bbox 2302 4694 2412 4736; x_wconf 91' lang='lat' dir='ltr'>non</span> <span class='ocrx_word' id='word_1_796' title='bbox 2456 4677 2709 4746; x_wconf 87' lang='lat' dir='ltr'>infundit,</span> <span class='ocrx_word' id='word_1_797' title='bbox 2741 4695 2863 4749; x_wconf 82' lang='lat' dir='ltr'>qua</span> <span class='ocrx_word' id='word_1_798' title='bbox 2895 4680 3207 4750; x_wconf 82' lang='lat' dir='ltr'>temporalis</span> <span class='ocrx_word' id='word_1_799' title='bbox 3236 4680 3367 4737; x_wconf 82' lang='lat' dir='ltr'>vita</span> <span class='ocrx_word' id='word_1_800' title='bbox 3421 4688 3766 4758; x_wconf 70' lang='lat' dir='ltr'>angustias</span> 
     </span>
    </p>
   </div>
   <div class='ocr_carea' id='block_1_111' title="bbox 2100 4764 3762 4845">
    <p class='ocr_par' dir='ltr' id='par_1_111' title="bbox 2100 4764 3762 4845">
     <span class='ocr_line' id='line_1_112' title="bbox 2100 4764 3762 4845; baseline 0.004 -22"><span class='ocrx_word' id='word_1_801' title='bbox 2100 4766 2414 4839; x_wconf 81' lang='lat' dir='ltr'>tranSgredi</span> <span class='ocrx_word' id='word_1_802' title='bbox 2463 4764 2882 4838; x_wconf 83' lang='lat' dir='ltr'>contemplanda</span> <span class='ocrx_word' id='word_1_803' title='bbox 2920 4781 3030 4822; x_wconf 89' lang='lat' dir='ltr'>non</span> <span class='ocrx_word' id='word_1_804' title='bbox 3078 4767 3252 4825; x_wconf 82' lang='lat' dir='ltr'>novit.</span> <span class='ocrx_word' id='word_1_805' title='bbox 3291 4769 3453 4827; x_wconf 84' lang='lat' dir='ltr'>Bene</span> <span class='ocrx_word' id='word_1_806' title='bbox 3502 4775 3762 4845; x_wconf 83' lang='lat' dir='ltr'>quidem</span> 
     </span>
    </p>
   </div>
   <div class='ocr_carea' id='block_1_112' title="bbox 2099 4850 3766 4932">
    <p class='ocr_par' dir='ltr' id='par_1_112' title="bbox 2099 4850 3766 4932">
     <span class='ocr_line' id='line_1_113' title="bbox 2099 4850 3766 4932; baseline 0.005 -22"><span class='ocrx_word' id='word_1_807' title='bbox 2099 4852 2317 4911; x_wconf 85' lang='lat' dir='ltr'>tristitia</span> <span class='ocrx_word' id='word_1_808' title='bbox 2371 4850 2623 4921; x_wconf 81' lang='lat' dir='ltr'>vincitur,</span> <span class='ocrx_word' id='word_1_809' title='bbox 2655 4853 2701 4908; x_wconf 90' lang='lat' dir='ltr'>si</span> <span class='ocrx_word' id='word_1_810' title='bbox 2751 4852 3126 4926; x_wconf 85' lang='lat' dir='ltr'>temporalium</span> <span class='ocrx_word' id='word_1_811' title='bbox 3171 4850 3431 4913; x_wconf 69' lang='lat' dir='ltr'>labarum</span> <span class='ocrx_word' id='word_1_812' title='bbox 3497 4862 3766 4932; x_wconf 65' lang='lat' dir='ltr'>premis</span> 
     </span>
    </p>
   </div>
   <div class='ocr_carea' id='block_1_113' title="bbox 2099 4932 3769 5014">
    <p class='ocr_par' dir='ltr' id='par_1_113' title="bbox 2099 4932 3769 5014">
     <span class='ocr_line' id='line_1_114' title="bbox 2099 4932 3769 5014; baseline 0.006 -15"><span class='ocrx_word' id='word_1_813' title='bbox 2099 4941 2406 5011; x_wconf 89' lang='lat' dir='ltr'>videantur,</span> <span class='ocrx_word' id='word_1_814' title='bbox 2442 4932 2580 5012; x_wconf 81' lang='lat' dir='ltr'>quia</span> <span class='ocrx_word' id='word_1_815' title='bbox 2626 4942 2771 4998; x_wconf 88' lang='lat' dir='ltr'>unde</span> <span class='ocrx_word' id='word_1_816' title='bbox 2816 4942 2989 4999; x_wconf 87' lang='lat' dir='ltr'>electa</span> <span class='ocrx_word' id='word_1_817' title='bbox 3034 4960 3190 4999; x_wconf 91' lang='lat' dir='ltr'>mens</span> <span class='ocrx_word' id='word_1_818' title='bbox 3235 4949 3661 5014; x_wconf 85' lang='lat' dir='ltr'>temporaliter</span> <span class='ocrx_word' id='word_1_819' title='bbox 3697 4967 3769 5009; x_wconf 87' lang='lat' dir='ltr'>se</span> 
     </span>
    </p>
   </div>
   <div class='ocr_carea' id='block_1_114' title="bbox 2102 5026 3769 5110">
    <p class='ocr_par' dir='ltr' id='par_1_114' title="bbox 2102 5026 3769 5110">
     <span class='ocr_line' id='line_1_115' title="bbox 2102 5026 3769 5110; baseline 0.006 -24"><span class='ocrx_word' id='word_1_820' title='bbox 2102 5029 2273 5102; x_wconf 81' lang='lat' dir='ltr'>aﬁligi</span> <span class='ocrx_word' id='word_1_821' title='bbox 2319 5026 2642 5095; x_wconf 81' lang='lat' dir='ltr'>considerat,</span> <span class='ocrx_word' id='word_1_822' title='bbox 2707 5030 2834 5085; x_wconf 86' lang='lat' dir='ltr'>inde</span> <span class='ocrx_word' id='word_1_823' title='bbox 2881 5031 3119 5103; x_wconf 84' lang='lat' dir='ltr'>gaudere</span> <span class='ocrx_word' id='word_1_824' title='bbox 3172 5032 3228 5085; x_wconf 87' lang='lat' dir='ltr'>in</span> <span class='ocrx_word' id='word_1_825' title='bbox 3273 5033 3507 5091; x_wconf 82' lang='lat' dir='ltr'>caelesti</span> <span class='ocrx_word' id='word_1_826' title='bbox 3558 5041 3769 5110; x_wconf 80' lang='lat' dir='ltr'>patria</span> 
     </span>
    </p>
   </div>
   <div class='ocr_carea' id='block_1_115' title="bbox 2100 5116 3769 5192">
    <p class='ocr_par' dir='ltr' id='par_1_115' title="bbox 2100 5116 3769 5192">
     <span class='ocr_line' id='line_1_116' title="bbox 2100 5116 3769 5192; baseline 0.004 -15"><span class='ocrx_word' id='word_1_827' title='bbox 2100 5116 2428 5177; x_wconf 77' lang='lat' dir='ltr'>aternaliter</span> <span class='ocrx_word' id='word_1_828' title='bbox 2455 5125 2658 5188; x_wconf 90' lang='lat' dir='ltr'>sperat.</span> <span class='ocrx_word' id='word_1_829' title='bbox 2693 5117 2837 5187; x_wconf 89' lang='lat' dir='ltr'>Quia</span> <span class='ocrx_word' id='word_1_830' title='bbox 2856 5134 2991 5192; x_wconf 88' lang='lat' dir='ltr'>ergo</span> <span class='ocrx_word' id='word_1_831' title='bbox 3020 5130 3221 5190; x_wconf 78' lang='lat' dir='ltr'>magna</span> <span class='ocrx_word' id='word_1_832' title='bbox 3237 5119 3592 5183; x_wconf 76' lang='lat' dir='ltr'>diversitate</span> <span class='ocrx_word' id='word_1_833' title='bbox 3614 5143 3769 5186; x_wconf 79' lang='lat' dir='ltr'>oon-</span> 
     </span>
    </p>
   </div>
   <div class='ocr_carea' id='block_1_116' title="bbox 2128 5241 3767 5325">
    <p class='ocr_par' dir='ltr' id='par_1_116' title="bbox 2128 5241 3767 5325">
     <span class='ocr_line' id='line_1_117' title="bbox 2128 5241 3767 5325; baseline 0.004 -28"><span class='ocrx_word' id='word_1_834' title='bbox 2128 5312 2140 5324; x_wconf 43' lang='grc'><strong>.</strong></span> <span class='ocrx_word' id='word_1_835' title='bbox 2170 5241 2403 5325; x_wconf 56' lang='grc' dir='ltr'>(ὺλριιεη</span> <span class='ocrx_word' id='word_1_836' title='bbox 2432 5241 2549 5325; x_wconf 72' lang='lat' dir='ltr'>haec</span> <span class='ocrx_word' id='word_1_837' title='bbox 2567 5256 2696 5325; x_wconf 52' lang='lat' dir='ltr'>vos,</span> <span class='ocrx_word' id='word_1_838' title='bbox 2719 5249 2780 5297; x_wconf 91' lang='lat' dir='ltr'>ut</span> <span class='ocrx_word' id='word_1_839' title='bbox 2797 5242 2942 5325; x_wconf 72' lang='lat' dir='ltr'>infra</span> <span class='ocrx_word' id='word_1_840' title='bbox 2962 5243 3123 5325; x_wconf 80' lang='lat' dir='ltr'>docet</span> <span class='ocrx_word' id='word_1_841' title='bbox 3152 5243 3471 5325; x_wconf 73' lang='lat' dir='ltr'>Gregorius</span> <span class='ocrx_word' id='word_1_842' title='bbox 3493 5265 3682 5323; x_wconf 76' lang='lat' dir='ltr'>num.</span> <span class='ocrx_word' id='word_1_843' title='bbox 3699 5256 3767 5325; x_wconf 79' lang='lat'>9,</span> 
     </span>
    </p>
   </div>
   <div class='ocr_carea' id='block_1_117' title="bbox 2098 5311 3777 5437">
    <p class='ocr_par' dir='ltr' id='par_1_117' title="bbox 2098 5311 3777 5437">
     <span class='ocr_line' id='line_1_118' title="bbox 2098 5311 3777 5437; baseline 0.004 -69"><span class='ocrx_word' id='word_1_844' title='bbox 2098 5311 2365 5437; x_wconf 42' lang='lat' dir='ltr'>significet</span> <span class='ocrx_word' id='word_1_845' title='bbox 2393 5312 2562 5392; x_wconf 86' lang='lat' dir='ltr'>solem</span> <span class='ocrx_word' id='word_1_846' title='bbox 2594 5312 2681 5371; x_wconf 88' lang='lat' dir='ltr'>vel</span> <span class='ocrx_word' id='word_1_847' title='bbox 2710 5313 3058 5387; x_wconf 83' lang='lat' dir='ltr'>auditionem.</span> <span class='ocrx_word' id='word_1_848' title='bbox 3082 5311 3372 5389; x_wconf 76' lang='lat' dir='ltr'>legendum</span> <span class='ocrx_word' id='word_1_849' title='bbox 3403 5317 3519 5374; x_wconf 78' lang='lat' dir='ltr'>hic</span> <span class='ocrx_word' id='word_1_850' title='bbox 3544 5311 3777 5391; x_wconf 74' lang='grc' dir='ltr'>ρόιὶυὲ</span> 
     </span>
     <span class='ocr_line' id='line_1_119' title="bbox 2098 5374 3771 5437; baseline 0 0"><span class='ocrx_word' id='word_1_851' title='bbox 2098 5383 2152 5437; x_wconf 85' lang='lat' dir='ltr'>vi</span> <span class='ocrx_word' id='word_1_852' title='bbox 2193 5388 2315 5437; x_wconf 80' lang='lat' dir='ltr'>etur</span> <span class='ocrx_word' id='word_1_853' title='bbox 2341 5374 2519 5437; x_wconf 81' lang='lat' dir='ltr'>Seme.</span> <span class='ocrx_word' id='word_1_854' title='bbox 2551 5378 2690 5437; x_wconf 86' lang='lat' dir='ltr'>Nam</span> <span class='ocrx_word' id='word_1_855' title='bbox 2720 5382 2919 5437; x_wconf 75' lang='lat' dir='ltr'>Sernes</span> <span class='ocrx_word' id='word_1_856' title='bbox 2947 5380 3117 5437; x_wconf 80' lang='lat' dir='ltr'>Hebr.</span> <span class='ocrx_word' id='word_1_857' title='bbox 3148 5388 3227 5437; x_wconf 72' lang='lat' dir='ltr'>est</span> <span class='ocrx_word' id='word_1_858' title='bbox 3267 5384 3369 5437; x_wconf 82' lang='lat' dir='ltr'>sal.</span> <span class='ocrx_word' id='word_1_859' title='bbox 3408 5385 3632 5437; x_wconf 65' lang='lat' dir='ltr'>Sam</span> <span class='ocrx_word' id='word_1_860' title='bbox 3665 5395 3771 5437; x_wconf 66' lang='lat' dir='ltr'>vn]</span> 
     </span>
    </p>
   </div>
   <div class='ocr_carea' id='block_1_118' title="bbox 2098 5374 3773 5467">
    <p class='ocr_par' dir='ltr' id='par_1_118' title="bbox 2098 5374 3773 5467">
     <span class='ocr_line' id='line_1_120' title="bbox 2098 5374 3773 5467; baseline 0.01 -31"><span class='ocrx_word' id='word_1_861' title='bbox 2098 5374 2315 5467; x_wconf 63' lang='lat' dir='ltr'>videtur</span> <span class='ocrx_word' id='word_1_862' title='bbox 2341 5374 2519 5467; x_wconf 38' lang='lat' dir='ltr'>sine.</span> <span class='ocrx_word' id='word_1_863' title='bbox 2551 5378 2690 5449; x_wconf 81' lang='lat' dir='ltr'>Nam</span> <span class='ocrx_word' id='word_1_864' title='bbox 2720 5374 2919 5440; x_wconf 61' lang='lat' dir='ltr'>sane:</span> <span class='ocrx_word' id='word_1_865' title='bbox 2947 5374 3227 5441; x_wconf 42' lang='lat' dir='ltr'>Hebrfést</span> <span class='ocrx_word' id='word_1_866' title='bbox 3267 5374 3369 5456; x_wconf 77' lang='lat' dir='ltr'>sol,</span> <span class='ocrx_word' id='word_1_867' title='bbox 3408 5374 3773 5451; x_wconf 35' lang='lat' dir='ltr'>Sen‘so&#39;vvwel</span> 
     </span>
    </p>
   </div>
   <div class='ocr_carea' id='block_1_119' title="bbox 2093 5453 2932 5596">
    <p class='ocr_par' dir='ltr' id='par_1_119' title="bbox 2093 5453 2932 5596">
     <span class='ocr_line' id='line_1_121' title="bbox 2093 5453 2513 5511; baseline -0.01 0"><span class='ocrx_word' id='word_1_868' title='bbox 2093 5455 2269 5511; x_wconf 84' lang='lat' dir='ltr'>Sama‘</span> <span class='ocrx_word' id='word_1_869' title='bbox 2292 5453 2513 5509; x_wconf 68' lang='lat' dir='ltr'>auditio.</span> 
     </span>
     <span class='ocr_line' id='line_1_122' title="bbox 2165 5522 2932 5596; baseline 0.001 -15"><span class='ocrx_word' id='word_1_870' title='bbox 2165 5524 2241 5596; x_wconf 76' lang='grc' dir='ltr'>(ο)</span> <span class='ocrx_word' id='word_1_871' title='bbox 2262 5522 2434 5582; x_wconf 83' lang='lat' dir='ltr'>Vatic.</span> <span class='ocrx_word' id='word_1_872' title='bbox 2465 5530 2519 5582; x_wconf 91' lang='lat' dir='ltr'>et</span> <span class='ocrx_word' id='word_1_873' title='bbox 2537 5522 2732 5595; x_wconf 87' lang='lat' dir='ltr'>Gilot.,</span> <span class='ocrx_word' id='word_1_874' title='bbox 2751 5525 2932 5585; x_wconf 68' lang='lat' dir='ltr'>enim.</span> 
     </span>
    </p>
   </div>
  </div>
