4034 6174
311 345 418 407 865

1173 349 1250 408 IN
1269 350 1538 410 PRIMUM
1569 346 1812 418 REGUM
1840 350 2386 426 EXPOSITIONES.
2418 384 2490 394 —-
2520 353 2642 408 LIB.
2675 347 2736 410 ν.

3517 357 3619 413 366

310 476 416 530 silii
444 475 515 530 ad
546 475 798 531 diversos
827 477 1137 531 animarum
1167 478 1387 534 morbos
1413 480 1682 550 curandos
1716 479 1910 550 praedi-
1941 480 1994 540 Α
2021 479 2192 533 Tanto
2222 475 2441 546 quidem
2469 476 2710 545 eritpost
2736 484 3019 545 peccatum
3047 477 3479 548 concupiscentia
3501 494 3613 533 ma-

310 573 466 619 cator
494 563 676 630 utitur,
710 565 836 634 quia
861 564 1008 620 idem
1037 565 1318 620 consilium
1350 566 1460 621 alta
1492 567 1684 622 mentis
1731 568 1913 622 consi-

310 651 594 707 deratione
651 653 1150 723 comprehenditur,
1219 654 1357 709 bene
1432 655 1578 710 unde
1646 656 1918 711 Jonathas

313 741 541 796 transire
570 741 640 794 ad
675 742 962 797 stationem
993 741 1403 797 Philistinorum
1444 744 1668 814 appetit,
1721 759 1916 799 ascen-

314 845 408 884 sus
437 845 561 884 esse
589 829 961 898 perhibentur.
995 831 1060 884 Et
1084 829 1211 900 quia
1241 831 1311 884 ad
1363 831 1761 904 expugnandos
1808 848 1920 886 ma-

315 919 500 989 lignos
529 917 1164 990 spiritusapeccatorum
1220 919 1474 992 cordibus
1531 921 1716 990 plures
1773 918 1922 974 ditii-

318 1005 800 1072 cultatesobviant,
832 1015 999 1078 petrae
1029 1007 1172 1062 inter
1221 1021 1480 1064 ascensus
1531 1024 1648 1064 esse
1703 1023 1920 1064 memo-

317 1103 526 1150 rantur.
559 1094 702 1164 Quid
732 1096 876 1151 enim
901 1111 999 1165 per
1040 1097 1172 1150 istas
1229 1096 1365 1151 duas
1409 1106 1607 1168 petras,
1667 1097 1926 1152 videlicet

316 1185 484 1240 Bores
515 1192 569 1238 et
598 1185 760 1252 Sene,
793 1183 894 1239 nisi
915 1185 1349 1254 concupiscentia
1380 1193 1433 1241 et
1478 1194 1765 1256 peccatum
1823 1186 1926 1240 de-

321 1274 578 1345 signatur
605 1273 633 1324 ?
660 1275 826 1328 Bores
873 1276 1075 1344 quippe
1132 1274 1185 1327 in
1231 1275 1464 1345 primatu
1510 1273 1724 1342 dicitur,
1785 1276 1930 1332 Sene

324 1362 432 1430 sol,
462 1362 577 1417 sive
605 1361 835 1416 auditio.
869 1362 1010 1416 Bene
1035 1369 1214 1416 autem
1243 1362 1701 1433 concupiscentia
1729 1364 1930 1435 prima-

329 1454 416 1504 tus
443 1464 646 1506 nomen
669 1449 947 1514 convenit,
980 1449 1101 1519 quia
1130 1449 1249 1519 ipsa
1276 1451 1425 1519 prior
1469 1459 1703 1508 mentem
1760 1468 1931 1509 occu-

327 1546 444 1609 pat,
475 1552 642 1609 quam
667 1553 724 1593 se
754 1553 906 1594 mens
933 1544 1156 1607 peccato
1181 1537 1504 1594 substernat.
1567 1539 1712 1596 Solis
1766 1541 1928 1596 etiam

328 1626 552 1682 nomine
569 1633 719 1681 recte
749 1626 962 1695 peccati
1018 1625 1311 1681 delectatio
1366 1625 1658 1697 ﬁguratur:
1719 1629 1846 1700 quia
1898 1646 1932 1685 a

323 1715 570 1771 veritatis
597 1715 795 1770 intuitu
827 1713 1024 1770 mentis
1049 1714 1236 1770 oculos
1256 1714 1479 1782 claudit,
1511 1723 1566 1771 et
1613 1715 1682 1772 ad
1731 1717 1934 1772 vanita-

2021 560 2128 637 jor,
2162 572 2359 635 quanto
2397 564 2516 634 ipsa
2546 564 2649 618 sibi
2689 579 2806 642 esse
2846 563 3033 634 incipit
3076 565 3283 634 peccati
3339 565 3630 622 delectatio

2027 653 2250 726 gratior.
2283 652 2388 708 Sed
2417 653 2627 723 primus
2653 652 2904 722 scOpulus
2931 667 3000 707 ex
3019 653 3245 709 adverso
3273 655 3520 725 Magmas
3546 655 3618 709 si-

2031 748 2139 812 tus,
2173 741 2310 795 alter
2338 729 2525 796 contra
2549 740 2738 795 Gabaa
2765 739 3075 810 prominere
3109 740 3445 810 perhibetur.
3512 742 3626 797 Ma-

2032 845 2203 900 gmas,
2236 836 2294 883 ut
2321 829 2434 898 jam
2465 828 2598 883 satis
2625 828 2876 892 diximus,
2900 827 3196 895 humilitas,
3230 828 3420 884 Gabaa
3475 829 3633 885 collis

2035 918 2432 987 interpretatur.
2468 917 2547 971 Ex
2577 917 2805 971 adverso
2832 916 3019 987 utique
3049 915 3479 986 concupiscentia
3529 919 3626 972 hu-

2034 1004 2314 1059 militatem
2347 1005 2510 1059 habet
2539 1003 2968 1058 blandimentum
2996 1018 3123 1059 vero
3152 1005 3366 1072 peccati
3421 1005 3618 1060 coeles-

2034 1101 2141 1148 tem
2172 1093 2668 1149 conversationem.
2703 1088 2893 1145 Omnis
2920 1090 3083 1158 enim,
3115 1091 3205 1162 qui
3237 1092 3408 1146 vetita
3432 1107 3625 1148 concu-

2034 1181 2212 1252 piscit,
2245 1183 2372 1236 dum
2404 1188 2790 1252 praeceptorem
2821 1179 3073 1249 despicit,
3104 1179 3362 1249 superbit.
3396 1181 3471 1235 Ex
3526 1180 3629 1236 ad-

2035 1286 2191 1326 verso
2222 1271 2402 1342 itaque
2433 1269 2785 1324 humilitatem
2812 1267 2992 1335 habet,
3024 1282 3189 1338 quam
3244 1267 3299 1323 in
3355 1268 3626 1325 obedien-

2037 1358 2124 1414 tite
2154 1358 2499 1414 devotionem
2529 1373 2636 1413 non
2665 1357 2884 1412 retinet.
2924 1355 3034 1412 Sed
3063 1363 3118 1411 et
3169 1355 3259 1426 qui
3315 1357 3371 1412 in
3427 1356 3638 1428 peccati

2037 1447 2276 1512 fervore,
2309 1447 2458 1503 velut
2488 1445 2801 1500 meridiana
2827 1444 3070 1500 claritate
3085 1444 3388 1512 resolvitur,
3443 1453 3636 1509 contra

2039 1534 2250 1601 Gabaa,
2284 1535 2337 1588 id
2369 1543 2450 1589 est
2477 1533 2670 1589 collem
2699 1533 2989 1604 prominet,
3021 1531 3152 1604 quia
3179 1533 3310 1588 dum
3364 1533 3630 1590 adversa-

2040 1629 2124 1676 tur
2171 1621 2504 1690 ccelestibus,
2563 1621 2741 1690 poenis
2795 1618 3048 1675 tartareis
3101 1629 3455 1691 praeparatur.
3523 1621 3646 1686 Sed,

2038 1709 2168 1780 quia
2192 1709 2328 1765 tales
2355 1709 2519 1764 etiam
2550 1709 2618 1763 ad
2648 1716 2910 1764 asternam
2939 1708 3105 1763 vitam
3131 1707 3452 1765 Sanctorum
3479 1725 3628 1780 prse-

324 1812 437 1858 tem
468 1801 664 1872 aperit.
697 1802 848 1859 Unde
870 1809 922 1856 et
949 1802 1004 1856 in
1041 1802 1235 1872 primis
1286 1802 1600 1860 hominibus
1643 1820 1674 1858 a
1728 1805 1927 1862 seduc-
1955 1825 2008 1885 B
2035 1796 2306 1854 dicatione
2330 1798 2724 1867 perducuntar,
2755 1797 3009 1885 ipsorum
3037 1796 3452 1867 medicatorum
3509 1806 3628 1856 stu-

325 1901 442 1946 tore
467 1890 661 1961 spiritu
689 1907 789 1960 per
815 1898 1121 1960 serpentem
1157 1889 1354 1948 dicitur
1409 1908 1424 1946 :
1480 1892 1543 1947 In
1598 1909 1928 1967 quacunque

324 1980 414 2036 die
444 1979 804 2035 comederitis
821 1977 892 2036 de
909 1979 1079 2049 ligno,
1101 1979 1246 2051 quod
1268 1983 1354 2036 est
1368 1980 1432 2035 in
1447 1979 1631 2036 medio
1649 1982 1924 2052 paradisi,

325 2069 664 2140 aperientur
681 2068 832 2124 oculi
850 2069 1022 2123 vestri
1041 2068 1262 2136 (Cenes.
1292 2068 1391 2137 Ill).
1416 2070 1479 2124 In
1534 2070 1928 2126 comessatione

325 2157 543 2228 quidem
574 2155 688 2220 illa,
717 2155 993 2226 peccando
1017 2156 1190 2226 aperti
1238 2165 1365 2212 sunt
1419 2157 1562 2212 oculi
1617 2165 1925 2229 transgres-

318 2260 526 2310 sorum,
557 2251 615 2298 ut
640 2243 796 2298 falsae
833 2241 968 2298 lucis
1022 2244 1206 2299 radios
1248 2243 1303 2298 in
1358 2243 1692 2315 experientia
1743 2245 1925 2301 delicti

317 2333 684 2402 perciperent,
708 2339 762 2387 et
791 2346 824 2386 a
851 2348 1102 2402 supernae
1132 2331 1389 2388 claritatis
1420 2332 1529 2387 alta
1579 2335 1921 2404 contempla-

315 2421 461 2480 tione
491 2419 811 2492 caligarent.
840 2421 900 2474 In
928 2420 1071 2475 hanc
1099 2419 1300 2490 quippe
1328 2420 1506 2477 lucem
1537 2421 1759 2491 aperire
1787 2438 1922 2478 ocu-

313 2509 396 2564 los
427 2509 713 2565 Psalmista
732 2507 1030 2580 refugiens,
1058 2509 1348 2569 Dominum
1377 2510 1647 2577 obsecrat,
1684 2511 1874 2569 dicens
1905 2533 1917 2569 :

315 2602 518 2655 Aoerte
549 2599 741 2654 oculos
761 2613 934 2665 meos,
978 2613 1051 2654 ne
1095 2598 1324 2654 videant
1359 2599 1676 2656 vanitatem
1732 2601 1915 2669 (Psal.

309 2701 510 2754 cxvin,
539 2689 649 2754 37).
675 2685 1028 2742 Hancbeatus
1045 2684 1151 2740 Job
1198 2687 1304 2742 alta
1361 2694 1537 2742 mente
1592 2687 1917 2758 despiciens,

312 2776 687 2846 perfecturum
714 2773 920 2828 meritis
958 2789 1018 2832 se
1055 2773 1218 2833 inseri
1266 2783 1558 2844 exoptans,
1604 2776 1720 2831 ait:
1757 2778 1919 2835 Nunc

300 2865 464 2923 enim
485 2863 774 2920 dormiens
791 2863 1041 2930 silerem,
1055 2866 1118 2918 et
1133 2876 1326 2921 somno
1347 2879 1469 2920 meo
1490 2865 1918 2938 requiescerem:

297 2959 432 3018 aut,
457 2953 608 3007 sicut
623 2951 944 3008 abortivum
954 2951 1348 3008 absconditum
1363 2967 1480 3008 non
1514 2952 1878 3010 subsisterent
1896 2971 1916 3010 :

295 3041 396 3097 vel
416 3042 515 3113 qui
534 3041 794 3112 concepti
813 3055 927 3098 non
953 3040 1219 3097 viderunt
1263 3041 1445 3099 lucem
1483 3040 1644 3111 (laba
1680 3057 1760 3108 In,
1803 3043 1911 3111 13).

2038 1885 2186 1940 dium
2216 1886 2271 1940 in
2290 1887 2536 1942 Jonathte
2565 1885 2709 1942 facto
2765 1884 3074 1940 videamus.
3137 1885 3278 1942 Nam
3325 1885 3572 1956 sequitur
3604 1904 3619 1941 :

2109 2001 2292 2069 (Vere.
2323 2001 2402 2069 6.)
2446 1998 2607 2066 Veni,
2634 2003 2992 2055 transeamus
3011 1998 3084 2054 ad
3110 1999 3424 2058 stationem
3443 2002 3629 2059 incir-

2034 2091 2415 2146 cumcisorum
2436 2089 2657 2155 horum,
2708 2090 2760 2143 si
2800 2090 2950 2158 forte
2985 2088 3170 2156 faciat
3223 2089 3492 2146 Dominus
3523 2107 3625 2162 pro

2032 2177 2210 2241 nobis.
2243 2177 2372 2249 quia
2403 2192 2517 2233 non
2533 2179 2619 2232 est
2641 2176 2872 2231 Domino
2893 2173 3120 2244 di/ﬁcile
3160 2175 3400 2244 salvere,
3438 2180 3525 2234 vel
3561 2181 3626 2236 in

2033 2265 2426 2334 multitudine,
2458 2265 2546 2319 vel
2565 2264 2630 2318 in
2651 2263 2864 2336 paucis.

2103 2354 2190 2409 11.
2253 2352 2387 2421 Quae
2444 2359 2528 2406 est
2575 2351 2738 2406 statio
2795 2351 3217 2421 Philistinorum,
3276 2351 3378 2408 nisi
3457 2354 3626 2411 robur

2032 2441 2393 2513 malignorum
2422 2440 2708 2511 spirituum
2733 2442 2762 2494 ?
2791 2440 2978 2496 Sancti
2997 2440 3202 2496 etenim
3227 2439 3346 2508 viri,
3376 2456 3502 2498 cum
3553 2442 3625 2498 ad

2028 2538 2374 2602 peccatorum
2402 2528 2798 2585 correctionem
2827 2543 2888 2583 se
2901 2535 3230 2599 pmparant,
3244 2536 3430 2600 aperte
3444 2531 3622 2587 sciunt

2030 2619 2150 2688 quia
2182 2634 2306 2674 cum
2335 2617 2405 2673 de
2433 2617 2570 2673 ctelo
2627 2616 2797 2686 lapsis
2850 2617 3060 2689 angelis
3113 2625 3376 2688 pugnant.
3436 2619 3626 2691 Pugna

2029 2721 2167 2779 ergo
2192 2706 2332 2773 haec,
2365 2704 2496 2775 quia
2525 2702 2843 2776 angelorum
2873 2712 2955 2760 est
2982 2711 3036 2759 et
3060 2705 3364 2776 hominum,
3400 2723 3619 2779 pugna-

2029 2801 2117 2848 tur
2139 2810 2171 2848 a
2203 2793 2432 2848 fortibus
2460 2808 2583 2849 cum
2615 2790 2859 2859 inﬁrmis,
2888 2808 3009 2848 cum
3031 2793 3370 2864 simplicibus
3405 2796 3473 2850 ab
3527 2812 3623 2852 as-

2026 2881 2170 2936 tutis.
2203 2883 2341 2936 Nam
2371 2881 2441 2936 ab
2472 2881 2556 2935 his
2586 2880 2820 2935 fortibus
2864 2879 3117 2936 insultum
3173 2891 3472 2953 acceperat,
3523 2886 3630 2956 qui.

2023 2968 2240 3024 dicebat
2274 2982 2286 3022 :
2337 2968 2638 3024 lrruerunt
2675 2969 2740 3023 in
2774 2984 2865 3025 me
2897 2971 3097 3038 fortes,
3129 2983 3307 3040 neque
3343 2971 3626 3044 iniquitas,

2021 3072 2168 3124 mea,
2194 3072 2370 3128 neque
2392 3059 2688 3128 peccatum
2701 3072 2912 3124 meum,
2927 3056 3345 3127 Domine(Psal.
3368 3073 3519 3129 LVIII,
3533 3059 3614 3128 4).

298 3127 416 3196 Qui
444 3137 566 3185 sunt
593 3128 701 3194 isti,
729 3127 840 3184 nisi
869 3127 960 3199 qui
976 3142 1201 3198 peccare
1213 3127 1428 3188 fortiter
1441 3130 1738 3186 caverunt?
1768 3131 1914 3186 Unus

2025 3145 2254 3199 Astutias
2280 3127 2416 3214 lapsi
2445 3144 2624 3216 angeli
2655 3143 2817 3199 etiam
2850 3145 3045 3200 Paulus
3075 3145 3308 3213 intuens,
3341 3147 3450 3203 ait:
3495 3127 3618 3208 Non

293 3231 439 3287 ergo
470 3215 726 3287 scopulus
755 3218 940 3286 Bores,
968 3215 1102 3274 alter
1130 3215 1278 3273 Sene
1305 3216 1517 3285 dicitur,
1541 3217 1674 3289 quia
1700 3216 1746 3272 si
1769 3231 1908 3274 con-

292 3305 644 3376 cupiscentia
672 3305 730 3360 in
757 3313 939 3362 mente
977 3305 1082 3364 sibi
1127 3305 1308 3364 locum
1359 3305 1618 3374 vindicat,
1661 3305 1910 3375 ejusdem

287 3391 502 3448 mentis
527 3394 713 3453 oculos
742 3393 818 3450 ad
874 3393 1150 3464 placidum
1197 3394 1403 3464 peccati
1461 3393 1907 3460 blandimentum,

289 3481 454 3553 quasi
487 3481 558 3535 ad
587 3481 912 3544 solislucem,
928 3481 1222 3540 videndam
1253 3483 1414 3538 levat.
1429 3482 1714 3540 Beneitem
1740 3491 1912 3554 petrae

287 3569 666 3638 nominantur,
698 3570 828 3641 quia
854 3568 1158 3639 iniquorum
1188 3570 1459 3630 mentibus
1488 3571 1589 3629 ista
1616 3571 1724 3642 duo
1770 3587 1907 3630 con-

284 3656 546 3723 veniunt,
577 3665 634 3710 ut
656 3658 770 3726 jam
799 3657 982 3718 redire
1011 3657 1400 3726 praedicatores
1425 3658 1494 3712 ad
1523 3674 1580 3716 se
1611 3658 1771 3715 facile
1800 3675 1908 3716 non

286 3743 606 3798 admittant.
641 3744 749 3800 Sed
777 3751 832 3802 et
856 3745 1106 3802 dicuntur
1130 3744 1337 3818 scopuli
1369 3762 1382 3798 :
1432 3746 1566 3816 quia
1590 3746 1714 3802 hinc
1761 3746 1905 3815 inde,

287 3831 564 3890 videlicet
586 3839 696 3888 tam
725 3841 905 3890 mente
933 3848 1093 3902 quam
1122 3848 1353 3904 corpore
1382 3843 1718 3903 praeruptum
1772 3836 1907 3892 reti-

285 3929 432 3975 nent
461 3935 620 3976 usum
638 3920 944 3992 pravitatis.
976 3920 1118 3976 Dum
1146 3921 1289 3976 enim
1319 3922 1466 3978 nulla
1489 3938 1718 3990 morum,
1759 3923 1907 3980 nulla

283 4023 536 4078 Operam
619 4008 928 4080 integritate
975 4009 1295 4076 solidantur,
1372 4010 1425 4064 in
1490 4011 1712 4065 modum
1789 4028 1904 4068 sco-

278 4096 436 4167 puli,
471 4096 595 4152 hinc
623 4104 674 4151 et
702 4096 831 4151 inde
860 4097 1120 4167 prarupti
1149 4105 1291 4154 sunt.
1328 4098 1394 4152 Et
1422 4097 1546 4168 quia
1603 4099 1804 4154 dicitur
1846 4103 1902 4154 in

276 4184 534 4240 modum
557 4184 818 4252 dentium,
852 4185 984 4257 quid
1006 4184 1098 4240 dat
1119 4184 1367 4260 intelligi,
1399 4185 1502 4241 nisi
1556 4187 1702 4256 quod
1757 4205 1902 4258 saepe

275 4269 576 4334 videmus,
607 4268 734 4338 quia
763 4269 855 4338 qui
883 4268 1296 4343 praedicatorum
1327 4270 1664 4325 hortamenta
1712 4271 1897 4343 despi-

267 4358 462 4424 ciunt,
494 4371 680 4412 eorum
726 4357 892 4412 vitam
935 4341 1105 4418 304
1160 4354 1409 4410 mordere
1479 4341 1898 4413 detractionibus

261 4453 558 4504 conantur
587 4445 614 4496 ‘l
637 4444 746 4500 Sed
767 4445 837 4502 de
857 4444 1064 4501 eisdem
1094 4441 1338 4514 scopulis
1368 4441 1615 4498 subditur
1647 4461 1659 4496 :

349 4560 543 4626 (Vera.
564 4559 642 4629 5.)
669 4562 818 4618 Unus
835 4562 1168 4633 prominens
1188 4558 1628 4630 adeAquilonem,
1674 4573 1751 4614 ea:
1784 4558 1890 4614 ad-

254 4663 447 4709 verso
467 4649 732 4718 lagmas,
751 4653 807 4705 et
835 4650 986 4705 alter
1006 4648 1078 4704 ad
1096 4648 1401 4716 Meridiem,
1433 4651 1633 4703 contra
1677 4645 1893 4704 Gabaa.

344 4771 372 4820 1
387 4764 450 4818 0.
483 4764 573 4816 Ad
601 4762 924 4834 Aquilonem
947 4763 1152 4834 primus
1171 4761 1422 4834 scopulus
1441 4762 1732 4833 prominet,
1765 4763 1899 4816 alter

250 4854 338 4909 ad
378 4850 690 4918 Meridiem,
725 4853 852 4922 quia
879 4867 979 4920 per
1007 4850 1506 4920 concupiscentiam
1539 4851 1719 4908 fervor
1771 4853 1896 4906 cha-

253 4939 464 4998 ritatis
516 4938 893 5011 exstinguitur,
957 4947 1008 4993 et
1063 4955 1162 5010 per
1212 4947 1496 5008 peccatum
1553 4940 1712 4994 ardor
1766 4955 1896 4996 con-

247 5014 648 5100 cupiscentiae
677 5035 1081 5098 augmentatur.
1113 5028 1265 5082 Mens
1295 5028 1436 5082 enim
1464 5027 1718 5098 reproba,
1766 5028 1896 5082 dum

248 5115 746 5185 concupiscentiae
777 5115 1042 5184 subditur,
1074 5115 1334 5170 charitate
1365 5116 1649 5186 spoliatur,
1686 5125 1738 5170 et
1767 5115 1894 5170 dum

241 5217 512 5278 peccare
545 5217 650 5256 non
693 5202 902 5272 metuit,
948 5204 1158 5258 acriora
1211 5202 1264 5257 in
1302 5221 1358 5260 se
1409 5204 1572 5260 valde
1627 5205 1895 5274 peccandi

242 5291 564 5349 desideria
593 5290 858 5347 accendit.
892 5289 1060 5360 Quasi
1089 5292 1232 5347 enim
1262 5291 1317 5346 in
1367 5309 1576 5348 summa
1619 5292 1726 5348 diei
1783 5308 1896 5348 suae

239 5379 571 5438 altitudine
587 5389 638 5435 et
664 5380 852 5436 calore
876 5381 1070 5450 posita,
1106 5381 1159 5434 in
1188 5380 1337 5436 ﬂuxu
1368 5379 1592 5452 peccati,
1627 5386 1682 5436 et
1703 5380 1895 5437 immo-

236 5472 469 5528 derate
511 5468 742 5536 latatur,
801 5476 856 5524 et
914 5468 1169 5524 ardenter
1212 5469 1510 5525 resolvitur.
1573 5469 1711 5524 Male
1762 5484 1895 5542 ergo

236 5556 490 5616 mederi
520 5557 983 5630 concupiscentia;
1020 5558 1209 5613 morbo
1236 5556 1454 5630 satagit,
1513 5557 1605 5628 qui
1661 5557 1731 5613 ad
1791 5559 1896 5616 hoc

235 5649 502 5724 explere
525 5645 1003 5719 concupiscentias
1027 5645 1306 5718 peccando
1325 5647 1532 5722 cogitat
1554 5653 1610 5703 ut
1630 5645 1890 5719 quiescat.

2017 3233 2346 3303 ignoramus
2390 3234 2514 3304 ejus
2556 3235 2804 3289 astutias
2849 3233 2929 3303 (II
2961 3234 3083 3290 Cor.
3141 3250 3198 3300 ιι,
3259 3238 3366 3305 tt).
3418 3237 3622 3295 Contra

2018 3328 2222 3376 astutos
2252 3319 2420 3393 igitur
2447 3321 2538 3376 via
2564 3329 2739 3377 cautae
2769 3321 2990 3377 rationis
3019 3324 3316 3394 quaerenda
3345 3332 3446 3393 est,
3477 3341 3614 3382 con-

2015 3417 2098 3464 tra
2129 3410 2298 3466 fortes
2312 3425 2444 3466 vero
2457 3409 2639 3465 divina
2650 3417 2776 3464 sunt
2796 3410 2996 3466 auxilia
3051 3412 3300 3482 petenda.
3358 3414 3428 3474 Ut
3480 3430 3615 3488 ergo

2015 3513 2216 3570 magna
2245 3499 2460 3553 cautela
2489 3498 2813 3568 prmdicatio
2841 3499 3147 3555 exhibenda
3175 3515 3295 3558 esse
3331 3502 3609 3574 sentiatur,

2012 3588 2270 3642 Jonathas
2298 3587 2632 3658 armigerum
2662 3603 2816 3641 suum
2875 3587 2946 3641 ad
2991 3603 3181 3644 secum
3220 3591 3610 3648 transeundum

2011 3674 2268 3730 invitasse
2298 3675 2508 3730 dicitur.
2545 3677 2696 3730 Etut
2722 3676 2778 3730 in
2836 3675 3174 3745 expellendis
3227 3678 3481 3736 hostibus
3536 3682 3606 3738 de

2014 3764 2112 3818 Dei
2143 3763 2489 3819 miseratione
2513 3772 2890 3833 praesumetur,
2922 3764 3164 3835 loquitur
3193 3766 3380 3822 dicens
3412 3785 3424 3822 :
3465 3769 3606 3838 Quia

2011 3868 2126 3907 non
2148 3855 2231 3906 est
2253 3853 2361 3907 Deo
2385 3851 2620 3922 difﬁcile
2635 3852 2875 3920 salvere,
2890 3853 2977 3908 vel
2998 3855 3063 3908 in
3075 3853 3474 3924 multitudine,
3516 3859 3606 3914 vel

2009 3940 2072 3994 in
2087 3940 2286 4010 paucis
2303 3959 2320 4004 ;
2337 3947 2388 3994 et
2418 3939 2545 4008 quia
2563 3938 2951 4010 ﬂagitiosorum
2975 3941 3260 3998 conversio
3286 3942 3460 3999 facilis
3489 3961 3605 4002 non

2008 4036 2110 4098 est,
2144 4028 2274 4082 dicit
2307 4041 2319 4080 :
2357 4025 2426 4082 Si
2454 4029 2601 4096 forte
2619 4029 2800 4098 faciat
2827 4029 2972 4084 Deus
2997 4045 3099 4102 pro
3131 4031 3309 4087 nobis.
3360 4030 3429 4088 Si
3455 4035 3604 4104 forte

2007 4117 2156 4184 dicit,
2188 4115 2314 4186 quia
2341 4115 2409 4170 de
2437 4115 2601 4184 plena
2629 4115 3040 4171 criminosorum
3063 4118 3235 4174 salute
3255 4119 3434 4176 adhuc
3490 4122 3604 4191 plec-

2005 4205 2128 4259 nius
2155 4220 2263 4259 non
2296 4203 2594 4274 praesumit.
2638 4203 2746 4260 Sed
2793 4204 3026 4260 formam
3079 4206 3238 4262 electi
3289 4208 3493 4264 subditi
3546 4210 3601 4263 in

2003 4294 2196 4349 virtute
2223 4291 2457 4348 ostendit
2483 4292 2820 4358 humilitatis,
2844 4292 2967 4362 quia
2995 4293 3179 4349 subdit
3210 4312 3225 4350 :

2072 4409 2245 4481 (Vers.
2279 4409 2372 4480 7.)
2395 4407 2658 4480 Dixitque
2674 4407 2724 4463 ei
2754 4407 2999 4479 armiger
3035 4425 3210 4466 suus:
3250 4412 3358 4468 Fac
3397 4413 3594 4470 omnia

1915 4517 1969 4577 D
2001 4513 2122 4570 qua:
2139 4499 2370 4568 placent
2392 4496 2584 4552 animo
2608 4501 2720 4552 tuo.
2749 4498 2922 4567 Perge
2944 4513 3050 4570 qua
3089 4501 3274 4571 cupis,
3317 4504 3378 4556 et
3397 4516 3494 4557 ero
3526 4504 3599 4558 te-

1997 4599 2126 4640 cum
2149 4597 2474 4656 quocunque
2490 4583 2750 4638 volueris.
3183 4581 3186 4588 ’

2077 4675 2163 4727 12.
2194 4669 2448 4726 Nonnulli
2475 4670 2727 4741 subjecti,
2759 4670 2894 4725 dum
2917 4686 3227 4729 mensuram
3247 4674 3456 4730 ordinis
3513 4675 3598 4733 sui

2005 4760 2314 4833 negligunt,
2331 4758 2578 4813 eamdem
2600 4775 2910 4814 mensuram
2919 4760 3005 4817 sic
3015 4759 3372 4832 confundunt,
3391 4769 3449 4819 ut
3465 4781 3604 4835 pra-

2004 4851 2232 4905 latorum
2250 4863 2468 4903 suorum
2485 4845 2822 4917 dispositioni
2843 4850 3259 4920 communicent,
3275 4851 3372 4908 sed
3427 4838 3594 4906 305

2006 4937 2233 4993 obedire
2263 4935 2506 5008 imperiis
2536 4944 2802 4991 recusent.
2824 4935 3130 4994 Emendare
3160 4939 3389 5009 quidem
3408 4940 3596 5009 majo-

2004 5043 2125 5081 rum
2156 5025 2300 5082 dicta
2332 5024 2494 5081 facile
2549 5025 2772 5093 audent,
2823 5025 2919 5080 sed
2968 5026 3126 5082 facile
3182 5026 3414 5097 implere
3469 5044 3592 5098 quae

2003 5115 2341 5186 pracipiunt,
2366 5131 2473 5170 non
2503 5122 2786 5170 conantur.
2819 5113 2963 5183 Quid
2994 5131 3128 5187 ergo
3157 5115 3211 5169 in
3241 5117 3408 5184 hujus
3433 5119 3596 5171 armi-

2005 5203 2121 5276 geri
2151 5219 2285 5259 voce
2307 5200 2464 5259 nobis
2487 5202 2806 5271 ostenditur,
2835 5202 2946 5257 nisi
2970 5203 3097 5272 quia
3124 5203 3483 5271 relinquenda.
3520 5213 3606 5261 est

2004 5293 2310 5364 praepositis
2338 5290 2620 5363 dispositio
2650 5290 2837 5356 libera,
2871 5290 3104 5344 tenenda
3134 5297 3215 5344 est
3241 5289 3470 5346 subditis
3493 5294 3602 5348 vir-

2005 5389 2090 5437 tus
2121 5379 2440 5437 obedientize
2461 5395 2566 5434 non
2598 5379 2819 5433 remissa
2848 5377 2877 5429 ‘l
2906 5378 2972 5432 Ut
3017 5377 3160 5431 enim
3208 5376 3436 5434 liberam
3493 5381 3606 5437 dis-

2001 5469 2237 5541 ponendi
2267 5468 2642 5525 auctoritatem
2672 5463 3117 5537 praedicatoribus
3145 5465 3448 5539 assignant,
3479 5472 3602 5526 ait;

2004 5561 2113 5615 Fac
2130 5551 2343 5625 omnia,
2366 5573 2489 5630 qua
2501 5555 2734 5628 placent
2752 5552 2944 5612 animo
2977 5559 3090 5612 tuo.
3109 5555 3178 5611 Et
3193 5564 3256 5613 ut
3269 5557 3606 5617 subditorum

2002 5661 2230 5720 pronam
2249 5644 2580 5703 voluntatem
2597 5642 2670 5700 ad
2696 5641 3109 5704 omnia-servitia
3123 5644 3452 5719 ostenderet,
3474 5649 3610 5706 sub-
