4034 6174
422 369 527 430 367

1625 359 1872 420 SANCTI
1903 351 2249 423 GREGORII
2283 353 2508 421 MAGNl
3587 370 3678 432 368

425 465 504 554 dit
536 516 548 551 :
583 499 755 567 Perge
779 512 882 568 quo
905 486 1085 567 cupis,
1109 487 1164 550 et
1191 509 1284 550 ero
1321 489 1507 549 tecum
1557 507 1883 564 quocunque
1917 508 2012 548 vo-
2042 494 2102 558 Α
2131 492 2334 547 monita
2364 507 2472 548 non
2503 492 2790 562 recipiunt,
2822 493 3049 550 solerter
3091 486 3290 551 debent
3334 492 3432 568 ipsi
3483 500 3684 556 circum-

431 587 626 643 lueris.
654 585 768 639 Nec
799 583 874 637 ibi
931 581 1154 653 quidem
1208 579 1378 634 dixit:
1439 577 1704 647 Quaedam
1758 578 1843 634 fac
1899 595 2020 649 qua

431 683 557 731 sunt
586 674 642 728 in
671 673 851 727 animo
881 681 992 738 tuo,
1026 669 1274 740 quaedam
1295 683 1404 723 non
1433 667 1537 734 fac,
1571 666 1662 722 vel
1691 665 1847 722 aliter
1884 665 1970 720 fac
2003 685 2016 730 ;

430 781 530 820 nec
559 764 670 831 hic,
696 777 863 833 perge
893 759 1036 823 illuc,
1070 765 1121 812 et
1146 773 1238 812 ero
1269 765 1469 822 tecum,
1502 764 1553 810 et
1592 754 1720 810 illuc
1774 770 1881 809 non
1924 769 2020 809 ero

430 863 628 909 tecum.
651 852 871 917 Omnia,
904 847 1095 918 inquit,
1126 849 1240 917 fac,
1273 844 1395 917 quia
1424 842 1774 913 dispositione
1819 841 2017 914 praela-

428 950 607 996 torum
638 937 981 1008 disponenda
1008 941 1130 990 sunt
1156 934 1370 988 omnia:
1395 932 1668 999 Eroitem,
1701 930 1794 996 ait,
1827 935 2014 985 tecum

431 1044 757 1101 quocunque
778 1025 1019 1082 volueris
1033 1045 1054 1086 ;
1083 1022 1207 1093 quia
1237 1021 1392 1076 alicui
1420 1028 1688 1090 praecepto
1700 1018 2023 1074 obedientia:

439 1118 722 1188 subjectus
751 1114 988 1184 optimus
1011 1111 1200 1166 deesse
1230 1125 1338 1165 non
1369 1108 1548 1164 debet.
1583 1107 1835 1177 Sequitur
1865 1124 1876 1159 :

473 1256 476 1258 ν
502 1234 679 1302 (Vers.
713 1231 745 1284 8
769 1232 881 1300 10.)
895 1232 963 1284 Et
983 1229 1068 1284 ait
1085 1227 1375 1292 Jonathas,
1395 1240 1519 1281 ecce
1539 1240 1639 1282 nos
1660 1223 2026 1278 transibimus

429 1322 500 1378 ad
513 1323 657 1377 viros
669 1317 1078 1388 istos,'cumque
1098 1316 1531 1386 apparuerimus
1547 1316 1647 1376 eis,
1664 1312 1714 1367 si
1735 1311 1932 1366 taliter
1949 1309 2024 1364 lo—

431 1412 552 1467 cuti
569 1411 790 1481 fuerint
816 1407 888 1462 ad
905 1421 1039 1461 nos:
1062 1405 1277 1460 Manete
1296 1402 1468 1458 donec
1486 1403 1776 1456 veniamus
1808 1399 1880 1453 ad
1910 1413 2024 1465 vos,

425 1505 638 1554 stemus
654 1500 718 1553 in
743 1498 857 1552 loco
873 1497 1083 1560 nostro,
1106 1508 1209 1548 nec
1229 1490 1600 1546 ascendamus
1616 1489 1687 1544 ad
1707 1504 1818 1544 eos.
1838 1485 1907 1542 Si
1928 1503 2027 1542 au-

443 1593 553 1643 tem
575 1585 834 1642 dixerint
873 1580 1201 1638 :Ascendite
1216 1579 1288 1634 ad
1311 1594 1430 1644 nos,
1463 1578 1854 1642 ascendamus,
1897 1576 2029 1646 quia

429 1676 669 1733 tradidit
692 1690 782 1730 eos
803 1672 1076 1728 Dominus
1102 1670 1163 1723 in
1184 1668 1447 1723 manibus
1471 1665 1707 1722 nostris.

464 1783 588 1845 "l3.
623 1789 778 1843 Certa
809 1792 863 1841 et
885 1782 1180 1837 indubitata
1209 1787 1405 1835 sanctae
1438 1778 1706 1834 Ecclesiae
1760 1777 2026 1832 sententia

2127 580 2357 653 spicere,
2391 589 2448 635 ut
2476 582 2545 635 ad
2576 598 2634 637 se
2664 581 2810 637 nulla
2838 583 3048 653 possint
3073 601 3263 642 eorum
3292 588 3526 659 exempla
3574 606 3681 661 per-

2129 669 2330 726 venire.
2365 669 2622 739 Sequitur
2654 687 2685 741 ε,

2200 786 2375 854 (Vers.
2393 789 2479 851 11,
2501 784 2612 854 12.)
2632 786 3121 862 Apparuititaque
3137 791 3371 848 stationi
3388 795 3694 854 Philistino-

2130 889 2280 939 rum,
2298 873 2682 945 dixeruntque
2705 875 3012 932 Philistiim
3033 898 3050 932 :
3081 879 3161 934 En
3178 879 3394 936 Hebraei
3427 883 3698 953 egrediun-

2133 966 2230 1016 tur
2240 961 2306 1015 de
2317 964 2574 1016 cavernis
2585 963 2646 1016 in
2659 965 2857 1034 quibus
2869 965 3133 1022 abscondi
3139 967 3181 1022 ti
3201 970 3450 1036 fuerant.
3470 973 3506 1025 Ε
3513 976 3532 1025 ι
3545 973 3701 1028 locuti

2130 1054 2266 1104 sunt
2287 1049 2481 1103 viride
2515 1051 2760 1106 statione
2803 1052 3245 1112 Philistinorum
3292 1058 3364 1112 ad
3393 1057 3699 1125 Jonatham.

2132 1141 2189 1192 et
2217 1137 2288 1192 ad
2316 1138 2666 1206 armigerum
2685 1155 2853 1195 suum
2877 1158 2888 1194 :
2913 1143 3216 1198 Ascendite
3231 1145 3303 1199 ad
3318 1161 3437 1205 nos.
3461 1151 3512 1202 et
3527 1152 3703 1204 osten-

2135 1226 2330 1282 demus
2353 1225 2500 1280 vobis
2519 1242 2662 1283 rem.

2206 1344 2291 1395 14.
2325 1341 2592 1412 Quidnam
2624 1349 2727 1411 est,
2761 1344 2905 1416 quod
2936 1361 3203 1416 apparere
3230 1351 3486 1406 Jonathas
3517 1353 3698 1407 Philis-

2137 1430 2248 1484 tseis
2276 1446 2397 1485 cum
2428 1433 2700 1504 armigero
2753 1433 2987 1488 dicitur:
3043 1435 3141 1489 nisi
3201 1439 3329 1506 quia
3373 1439 3560 1495 doctor
3607 1442 3713 1511 ipse

2135 1518 2285 1588 prior
2311 1519 2472 1575 debet
2493 1520 2692 1576 bonum
2724 1521 3024 1589 ostendere,
3063 1524 3209 1592 quod
3258 1524 3394 1580 alios
3449 1528 3707 1582 contendit

2136 1605 2363 1662 edocere
2387 1608 2415 1659 ‘2’
2437 1609 2555 1662 Non
2587 1608 2731 1663 enim
2760 1617 2934 1680 potest
2963 1610 3016 1664 in
3046 1612 3434 1680 praedicatione
3446 1616 3716 1670 venerabi-

2139 1694 2264 1748 liter
2295 1696 2480 1766 recipi,
2514 1696 2559 1750 si
2588 1696 2736 1766 prius
2765 1697 2820 1751 in
2877 1713 2938 1752 se
2983 1699 3243 1755 honorem
3297 1702 3578 1759 ministerii
3619 1720 3716 1758 non

2135 1783 2356 1852 praefert
2375 1783 2493 1839 luce
2514 1784 2670 1840 bonae
2697 1789 3144 1843 conversationis.
3181 1790 3339 1846 Unde
3369 1801 3426 1846 et
3474 1795 3719 1865 egregius

434 1886 534 1948 93‘,
568 1879 698 1949 (Ιυίιι
727 1872 888 1930 θιοθῑί
914 1871 1298 1943 Ρτῖὲἀίοθῑοτθδ
1326 1883 1434 1922 non
1465 1867 1640 1922 30‘1"“
1662 1865 1789 1935 (10ίά
1843 1879 2020 1952 tillan
2046 1844 2101 1904 B
2128 1844 2449 1941 pmdicator
2474 1871 2806 1927 conﬁdenter
2833 1876 3279 1944 asserit,dicens:
3305 1844 3571 1946 Quandu
3592 1844 3715 1952 οἶαί-

430 1979 541 2024 tum
574 1975 626 2021 et
657 1963 878 2034 quando
909 1961 1195 2028 loquantur
1251 1955 1597 2010 considerare
1653 1953 1876 2018 debent,
1924 1951 2021 2005 sed

432 2057 627 2127 quibus
680 2053 845 2108 etiam
903 2049 1218 2116 loquantur.
1259 2044 1413 2099 Unde
1442 2050 1493 2097 et
1523 2040 1796 2096 Dominus
1821 2056 1853 2094 a
1882 2055 2019 2109 quo-

431 2144 678 2200 rumdam
720 2138 907 2194 notitia
937 2135 1163 2190 verbum
1193 2132 1513 2198 recondens,
1545 2130 1840 2200 discipulos
1895 2143 2020 2197 pro-

426 2235 594 2299 hibet,
628 2230 814 2284 dicens
843 2226 948 2282 :No
959 2225 1056 2280 lite
1074 2237 1284 2295 ponere
1299 2221 1642 2290 margaritas
1659 2221 1794 2274 ante
1825 2231 2020 2288 porcos

428 2318 652 2391 (Matth.
684 2333 782 2380 vn,
814 2317 889 2384 6).
922 2313 1059 2367 Hinc
1088 2310 1214 2364 item
1242 2308 1522 2378 Scriptura
1554 2303 2021 2360 inutiliterelfundi

422 2409 647 2465 verbum
678 2411 843 2469 vetat,
876 2408 930 2456 et
957 2399 1085 2452 dicit
1115 2413 1128 2450 :
1159 2397 1253 2454 Ubi
1271 2411 1386 2451 non
1415 2398 1501 2450 est
1521 2394 1772 2460 auditus,
1794 2407 1910 2447 non
1931 2397 2020 2461 ef-

429 2495 646 2569 fundas
665 2485 1193 2555 sermonem(Eccli.
1225 2485 1502 2551 xxxu,6).
1542 2482 1684 2548 Quid
1714 2496 1847 2552 ergo
1877 2479 2023 2550 quod

430 2583 690 2640 Jonathas
715 2577 878 2634 dicit:
917 2575 985 2630 Si
1005 2573 1262 2628 dixerint
1286 2590 1302 2623 :
1317 2572 1530 2627 Manete
1541 2569 1713 2625 donec
1732 2571 2022 2624 veniamus

424 2673 497 2729 ad
527 2687 638 2738 vos,
653 2674 869 2724 stemus
886 2666 949 2720 in
973 2663 1088 2718 loco
1105 2665 1300 2716 nostra
1325 2679 1341 2712 :
1357 2659 1415 2715 Si
1447 2675 1572 2716 vero
1598 2678 1614 2710 .·
1635 2657 1931 2713 Ascendite
1947 2656 2020 2711 ad

431 2778 560 2827 nos,
613 2754 1006 2819 ascendamus,
1039 2752 1173 2822 quia
1229 2747 1466 2804 tradidit
1500 2762 1590 2802 eos
1624 2747 1893 2802 Dominus
1956 2745 2020 2799 in

425 2850 688 2908 manibus
707 2845 942 2910 nostris,
966 2840 1068 2894 nisi
1098 2839 1226 2910 quia
1257 2838 1461 2893 electus
1480 2835 1803 2904 praedicator
1822 2840 2021 2888 attente

429 2941 590 2996 debet
609 2935 887 3006 colligere,
920 2929 1114 3002 quibus
1142 2927 1368 2982 verbum
1401 2925 1523 2978 vita:
1539 2923 1735 2979 debeat
1755 2921 2016 2993 proferre.

433 3029 539 3084 Sed
571 3025 695 3098 quia
727 3025 830 3076 hoc
868 3016 1077 3075 ostendi
1107 3031 1250 3070 nunc
1279 3014 1333 3068 in
1364 3027 1525 3068 sensu
1560 3011 1754 3066 litterae
1783 3011 2018 3074 videtur,

426 3133 528 3172 nos
558 3111 804 3169 subtilius
831 3106 1225 3178 exprimamus.
1260 3102 1351 3156 Ad
1381 3109 1712 3171 peccatores,
1757 3098 2022 3168 praedica-

2129 1959 2255 2014 dem
2283 1975 2410 2015 sum
2437 1963 2692 2030 gentium
2740 1963 3060 2034 Apostolus,
3099 1967 3497 2023 ministerium
3541 1984 3723 2024 meum

2129 2047 2691 2117 honoriﬁcabowom.
2720 2067 2792 2118 x1,
2821 2053 2926 2121 13).
2953 2055 3192 2124 Apparet
3223 2071 3357 2127 ergo
3379 2057 3588 2123 doctor,
3626 2072 3725 2111 non

2124 2143 2236 2190 tam
2267 2152 2390 2190 cum
2422 2137 2586 2192 verbo
2618 2139 2850 2210 loquitur
2879 2157 3041 2210 quam
3073 2157 3197 2196 cum
3219 2143 3327 2198 vita
3376 2151 3430 2199 et
3488 2144 3724 2199 moribus

2130 2224 2508 2281 venerabiliter
2531 2226 2945 2282 demonstratur.
2981 2230 3250 2301 Propheta
3283 2233 3458 2303 igitur
3487 2249 3609 2288 cum
3650 2243 3729 2303 ty-

2128 2312 2212 2381 pis
2241 2328 2410 2367 sacra;
2438 2313 2670 2368 historia:
2701 2316 3115 2384 praedicatorum
3155 2335 3337 2373 mores
3395 2323 3727 2386 ostenderet,

2129 2401 2520 2456 rationabiliter
2530 2402 2826 2473 subintulit,
2844 2405 3034 2460 dicens
3049 2423 3060 2458 :
3077 2408 3364 2479 Apparuit
3379 2410 3580 2482 itaque
3593 2415 3741 2466 uter-

2129 2504 2232 2560 que
2262 2491 2498 2546 stationi
2524 2491 2974 2548 Philistinorum.
3008 2493 3173 2562 Quasi
3204 2496 3360 2552 dicat
3393 2515 3404 2550 :
3441 2497 3582 2565 Quia
3642 2498 3732 2552 do-

2130 2593 2251 2632 cere
2264 2579 2561 2649 proposuit,
2580 2579 2732 2648 prius
2755 2579 2842 2649 iis,
2865 2581 3056 2650 quibus
3073 2583 3220 2653 loqui
3247 2584 3556 2656 disposuit,
3577 2587 3744 2641 vitam

2129 2667 2467 2720 monstravit.
2493 2667 2600 2722 Sed
2630 2667 2757 2738 quid
2789 2676 2887 2736 est,
2922 2669 3066 2739 quod
3087 2671 3350 2728 Philistaei
3411 2683 3742 2745 apparentes

2128 2754 2452 2823 despiciunt,
2486 2765 2538 2809 et
2567 2764 2749 2811 tamen
2782 2757 2878 2824 eis,
2910 2759 3210 2814 Ascendite
3239 2761 3316 2815 ad
3357 2778 3489 2830 nos,
3537 2761 3748 2832 dicunt,

2126 2841 2229 2896 nisi
2260 2842 2387 2913 quia
2399 2842 2809 2915 plerumqueilli
2834 2845 2998 2900 etiam
3015 2847 3451 2917 praedicatorum
3477 2850 3744 2921 optimam

2127 2930 2292 2986 vitam
2315 2931 2644 3002 despiciunt,
2678 2932 2767 3004 qui
2797 2948 2983 2989 eorum
3012 2935 3416 3006 praedicatione
3449 2940 3522 2993 ad
3557 2939 3742 3010 pceni-

2130 3019 2308 3074 tentias
2327 3019 2559 3074 lamenta
2589 3021 2794 3075 cursuri
2825 3023 2996 3076 sunt?
3052 3024 3119 3077 Et
3165 3025 3296 3079 dum
3331 3041 3436 3082 eos
3490 3028 3756 3082 deserere

2127 3107 2255 3162 vitae
2283 3107 2593 3162 remotioris
2611 3109 2847 3165 studium
2886 3112 3313 3180 reprehendunt,
3347 3131 3452 3169 eos
3497 3116 3759 3170 nimirum

424 3214 568 3260 tores
597 3203 894 3263 transeunt,
927 3192 1139 3264 quando
1165 3192 1248 3245 his
1294 3189 1491 3261 quibus
1543 3188 1710 3242 verba
1739 3186 2017 3253 exhibent,
2049 3181 2100 3243 C
2128 3195 2196 3249 de
2217 3195 2468 3250 cavernis
2497 3211 2748 3268 egressos
2780 3208 3126 3255 asseverant.
3165 3200 3344 3268 Quasi
3379 3203 3579 3259 dicant
3615 3224 3627 3258 :
3684 3204 3766 3258 Illi

421 3310 528 3350 non
563 3291 734 3347 solum
767 3285 957 3351 verbo,
989 3282 1083 3337 sed
1115 3279 1276 3335 etiam
1297 3279 1406 3332 vita
1435 3275 1667 3347 placent.
1726 3273 1828 3343 Qui
1886 3289 2017 3346 ergo

428 3379 658 3452 suntqui
671 3377 892 3434 dicunt:
927 3368 1223 3427 Ascendite
1239 3366 1311 3422 ad
1329 3381 1452 3434 nos,
1475 3364 1575 3418 nisi
1604 3363 1658 3418 hi
1708 3363 1796 3432 qui
1853 3362 2018 3418 devo-

423 3471 583 3528 tionis
611 3468 769 3538 signa
785 3462 1079 3534 proferunt,
1104 3456 1230 3526 quia
1259 3453 1455 3509 salutis
1477 3453 1703 3508 verbum
1749 3459 1802 3506 et
1857 3467 2018 3507 vene-

422 3558 666 3616 rabiliter
689 3551 928 3616 audiant,
969 3555 1022 3602 et
1049 3543 1278 3600 retinere
1309 3541 1520 3596 fortiter
1576 3540 1962 3611 concupiscant
1991 3541 2018 3594 ?

426 3649 508 3704 Ad
538 3647 669 3701 istos
697 3642 878 3710 itaque
903 3633 1305 3692 ascendendum
1337 3637 1438 3696 est,
1460 3630 1514 3683 in
1543 3628 1739 3700 quibus
1766 3628 1867 3683 etsi
1897 3643 2017 3682 ma-

423 3751 564 3811 gnus
592 3731 749 3787 labor
775 3735 856 3784 est
883 3726 937 3779 in
950 3736 1114 3794 opere
1131 3717 1430 3784 ministerii,
1451 3724 1574 3772 sunt
1589 3725 1851 3788 etmagna
1869 3715 2018 3772 lucra

425 3806 632 3882 salutis.
691 3818 734 3873 E
788 3811 1058 3872 contrario
1107 3823 1235 3865 vero
1282 3807 1349 3861 ad
1403 3806 1652 3862 doctores
1708 3813 2019 3876 peccatores

428 3910 662 3969 transire
693 3903 948 3978 gestiunt,
1009 3896 1223 3968 quando
1287 3903 1398 3949 tam
1453 3893 1724 3963 profunda
1779 3893 2019 3948 caecitate

426 4001 761 4072 merguntur,
792 3999 850 4047 ut
878 3989 947 4045 ad
969 3985 1243 4042 imitandae
1259 4000 1372 4038 suae
1400 3981 1680 4077 pravitatis
1708 3981 2019 4077 exemplum

427 4071 579 4162 ipsos
607 4085 762 4142 etiam
797 4077 1180 4152 praedicatores
1207 4079 1520 4128 convertere
1549 4071 1801 4126 nitantur.
1861 4071 2019 4125 Proni

432 4159 632 4252 quippe
662 4173 732 4229 ad
759 4169 960 4226 malum
992 4172 1135 4232 sunt,
1167 4161 1332 4219 corde
1361 4159 1776 4252 impaenitentes,
1809 4166 1861 4213 et
1888 4174 2020 4230 pec-

429 4248 534 4325 cati
562 4248 732 4336 lepra,
765 4273 927 4330 quam
955 4253 1202 4316 induunt,
1231 4248 1505 4304 maculare
1535 4248 1671 4302 alios
1709 4262 1816 4301 non
1855 4263 2022 4317 expa-

424 4335 670 4415 vescunt.
701 4351 781 4405 De
799 4345 994 4416 quibus
1009 4341 1224 4412 sapiens
1244 4336 1604 4406 illeloquitur,
1629 4335 1814 4390 dicens
1847 4352 1859 4389 :
1899 4337 2022 4391 ιω-

433 4447 634 4502 tantur
649 4451 778 4494 cum
796 4433 942 4489 male
957 4430 1224 4502 fecerint,
1247 4431 1302 4482 et
1319 4425 1622 4482 exsultant
1640 4425 1703 4478 in
1725 4423 1887 4479 rebus
1896 4440 2024 4496 pes-

2125 3299 2266 3337 nunc
2296 3283 2395 3337 sub
2425 3283 2605 3339 colore
2633 3286 3037 3354 prmdicationis
3093 3288 3161 3342 ad
3199 3291 3479 3346 saeculum
3532 3299 3762 3359 exeunt,

2124 3373 2214 3443 qui
2234 3373 2335 3428 hoc
2366 3371 2570 3444 fugisse
2603 3374 3032 3430 totaintentione
3060 3375 3418 3434 videbantur.
3465 3380 3589 3437 Sed
3651 3381 3773 3451 ple-

2127 3460 2278 3530 rique
2304 3459 2479 3529 justos
2508 3462 2888 3531 praedicatores
2917 3473 3171 3533 arguunt,
3205 3465 3297 3536 qui
3327 3467 3494 3523 mala
3517 3485 3648 3540 quae
3695 3468 3774 3522 eis

2125 3548 2406 3617 objiciunt,
2443 3548 2496 3602 in
2522 3549 2602 3603 eis
2632 3565 2754 3604 esse
2785 3551 3152 3621 suspicantur.
3191 3551 3298 3620 Qui
3363 3557 3647 3611 nimirum
3710 3573 3778 3612 eo

2126 3635 2244 3706 ipso
2274 3651 2381 3706 quo
2408 3636 2607 3690 malum
2636 3637 2918 3707 damnant,
2953 3655 3102 3709 spem
3134 3641 3624 3710 praedicatoribus
3675 3645 3777 3699 tri-

2125 3723 2316 3792 buunt,
2337 3723 2463 3794 quia
2486 3724 2554 3778 ad
2585 3724 2782 3780 bonum
2816 3728 2962 3797 quod
2983 3727 3300 3798 defendunt,
3333 3733 3785 3803 exsequendum

2125 3811 2364 3882 pertrahi
2405 3811 2615 3866 facilius
2646 3821 2894 3882 possunt.
2927 3813 3066 3868 Dum
3098 3831 3231 3888 ergo
3251 3816 3418 3875 bona
3461 3822 3786 3877 intentione

2129 3901 2270 3955 falsa
2292 3901 2564 3970 justorum
2605 3900 2752 3954 mala
2811 3900 3138 3972 vituperant,
3196 3903 3504 3964 insaniunt
3547 3909 3790 3982 quidem

2127 4003 2283 4055 voce,
2308 3988 2403 4042 sed
2418 3987 2874 4058 praedicatoribus
2892 3989 3127 4044 fructum
3171 4007 3285 4047 suae
3323 3995 3568 4065 salutis,
3620 3999 3790 4053 etiam

2128 4075 2442 4132 insaniendo
2463 4076 2750 4146 spondent.
2783 4077 2851 4131 Et
2907 4077 3034 4148 quia
3079 4079 3148 4134 de
3204 4096 3459 4138 ascensu
3516 4087 3794 4158 superius

2130 4167 2336 4220 dictum
2365 4168 2465 4232 est,
2495 4172 2660 4218 restat
2677 4164 2944 4234 inquirere
2969 4166 3097 4237 quid
3116 4167 3182 4220 sit
3209 4171 3371 4238 quod
3407 4173 3654 4232 dicunt:
3685 4176 3796 4231 0s-

2133 4253 2432 4309 tendemus
2444 4253 2587 4308 vobis
2604 4268 2745 4308 rem.
2765 4253 2872 4308 Sed
2889 4256 2992 4310 hoc
3009 4255 3323 4312 adlitteram
3347 4261 3555 4318 minas
3574 4263 3800 4338 signifi-

2132 4349 2238 4398 cat.
2269 4341 2426 4409 Quod
2445 4340 2547 4396 tale
2567 4349 2648 4394 est
2668 4357 2729 4396 ac
2746 4342 2788 4396 si
2811 4341 2997 4398 dicant
3041 4362 3052 4397 :
3107 4344 3162 4399 Si
3202 4345 3311 4401 huc
3364 4354 3801 4421 ascenderitis,

2133 4437 2392 4503 quantum
2423 4429 2670 4485 valemus
2724 4429 2978 4500 patiendo
3031 4432 3292 4488 sentietis.
3363 4437 3439 4490 In
3501 4441 3806 4496 malorum

426 4521 1485 4607 simis(Prov.n,14).EtitemPr0pheta
1504 4518 1572 4573 de
1591 4517 1680 4573 his
1709 4519 2025 4607 vaticinans,
2056 4537 2106 4599 ι)
2135 4535 2263 4575 vero
2293 4518 2650 4574 conversione
2681 4517 3000 4607 itemifacile
3019 4527 3103 4574 est
3119 4520 3423 4593 colligere,
3442 4542 3591 4583 cum
3609 4529 3814 4599 justos

434 4632 544 4688 ait:
579 4605 1040 4681 Prwdicaverunt
1065 4613 1364 4684 peccatum
1392 4624 1558 4664 suum
1602 4609 1754 4664 sicut
1779 4605 2026 4665 Sodoma

429 4718 562 4792 (Isai
576 4730 655 4781 ιιι,
685 4711 760 4779 9).
795 4704 940 4775 Quid
969 4708 1050 4757 est
1078 4714 1216 4792 ergo
1238 4697 1382 4792 quod
1398 4697 1470 4752 ait
1474 4716 1522 4792 ἑ.
1544 4696 1776 4792 Stemus
1812 4698 2024 4792 in-loco

431 4785 626 4867 nostra
646 4802 672 4856 ?
701 4796 811 4854 Sed
834 4795 939 4849 tale
958 4798 1060 4858 est,
1082 4805 1146 4843 ac
1175 4787 1220 4842 si
1250 4786 1393 4841 dicat
1424 4803 1436 4840 :
1470 4785 1526 4840 Si
1556 4785 1678 4841 illos
1699 4785 1897 4841 lucrari
1917 4802 2025 4842 non

419 4906 736 4981 possumus,
759 4879 1120 4952 nosmetipsos
1150 4875 1204 4930 in
1225 4875 1371 4930 bona
1397 4874 1806 4931 conversatione
1844 4891 2026 4932 serve-

427 4963 576 5043 inus.
615 4982 787 5036 Locus
802 4971 951 5029 enim
982 4974 1172 5024 noster
1188 4965 1330 5019 bona
1341 4963 1686 5020 conversatio
1711 4971 1810 5031 est,
1834 4963 1903 5019 de
1920 4979 2026 5033 quo

427 5073 683 5134 nimirum
709 5065 834 5120 loco
873 5059 1007 5115 alias
1019 5054 1272 5125 scriptum
1292 5060 1374 5108 est
1398 5050 1498 5106 :Si
1527 5052 1770 5125 spiritus
1777 5055 2027 5122 potesta-

421 5172 536 5224 tem
554 5159 761 5218 habens
774 5145 1096 5208 ascenderit
1112 5158 1282 5214 super
1321 5145 1395 5208 te,
1416 5141 1603 5196 locum
1620 5144 1785 5196 tuum
1801 5157 1913 5196 non
1930 5141 2027 5196 de-

423 5265 576 5311 seras
596 5243 766 5312 (Eccl.
789 5257 842 5308 χ,
873 5236 956 5308 4).
977 5235 1158 5289 Locus
1171 5229 1390 5302 quidem
1403 5228 1504 5284 iste
1514 5243 1622 5283 non
1633 5229 1810 5284 solum
1822 5244 1852 5282 a
1862 5228 2025 5298 spiri-

426 5350 502 5408 tu,
539 5335 635 5391 sed
651 5334 816 5388 etiam
833 5325 904 5383 ab
921 5321 1139 5379 homine
1159 5317 1435 5408 cavendus
1451 5325 1558 5408 est:
1579 5316 1701 5388 quia
1722 5315 1842 5388 ipse
1861 5316 2025 5408 sptl-i-

423 5405 510 5484 tus
529 5438 638 5478 non
652 5420 826 5474 solum
849 5430 946 5485 per
961 5428 1021 5467 se
1040 5408 1199 5465 nobis
1213 5407 1422 5474 obviat,
1436 5405 1533 5461 sed
1553 5413 1735 5461 contra
1745 5420 1846 5461 nos
1865 5405 2023 5460 etiam

419 5530 524 5589 per
551 5509 831 5565 hominem
861 5506 1084 5573 pugnat.
1119 5497 1175 5554 Si
1205 5511 1335 5589 vero
1364 5493 1523 5589 locus
1543 5502 1730 5549 noster
1767 5494 2030 5550 Dominus

420 5582 523 5673 est,
555 5613 678 5655 cum
708 5592 834 5650 mali
862 5607 922 5646 se
950 5587 1108 5643 nobis
1130 5583 1408 5654 objiciunt,
1427 5582 1631 5673 inloco
1675 5590 1858 5673 nostro
1893 5599 2028 5655 per-

420 5656 699 5758 iisiamus,
729 5681 862 5757 quia
876 5691 998 5737 cum
1013 5673 1408 5750 incoxﬁgihiles
1436 5656 1590 5726 306
1611 5670 2029 5746 ρι-ωάίωιοωω

2134 4607 2432 4678 expellunt,
2463 4613 2722 4677 quantum
2753 4606 3194 4663 soleantnocere.
3217 4609 3326 4664 Sed
3351 4617 3530 4684 quia,
3560 4626 3809 4674 auctore

2133 4697 2268 4764 Deo,
2302 4694 2676 4751 carnalitatem
2710 4693 2946 4749 historiae
3002 4695 3072 4750 ad
3128 4696 3508 4766 spiritualem
3578 4706 3818 4762 intelli-

2133 4785 2372 4857 gentiam
2403 4782 2674 4850 duximus,
2708 4781 2836 4835 dum
2866 4781 3037 4836 sancti
3067 4783 3349 4854 doctores,
3414 4794 3821 4864 erumpenﬁ-

2133 4873 2234 4926 bus
2289 4869 2608 4941 quibusdam
2657 4868 2852 4941 signis,
2899 4879 3241 4941 peccatorum
3315 4881 3829 4940 conversionem

2133 4959 2498 5027 considerant,
2530 4974 2615 5012 res
2645 4958 2809 5012 etiam
2847 4957 2913 5011 ab
2955 4958 3034 5013 eis
3072 4959 3451 5034 promittitur,
3527 4971 3684 5038 quia
3751 4971 3826 5026 ad

2133 5065 2324 5104 verum
2355 5062 2477 5102 esse
2492 5047 2662 5100 redire
2684 5046 3024 5116 pollicentur.
3051 5047 3160 5102 Res
3180 5048 3422 5120 quidem
3441 5054 3695 5128 aliquid
3716 5060 3839 5116 ba-

2135 5138 2227 5193 bet
2246 5152 2386 5206 esse,
2405 5143 2686 5208 peccatum
2720 5150 2848 5192 vero
2869 5150 2988 5191 esse
3019 5135 3224 5191 nullum
3253 5137 3476 5198 habet.
3523 5146 3715 5205 Unde
3782 5157 3842 5206 ει

2136 5226 2334 5282 Paulus
2365 5222 2653 5281 Corinthiis
2674 5223 2799 5279 dicit
2833 5242 2844 5276 :
2877 5223 3236 5297 Scimusquia
3251 5227 3430 5284 nihil
3451 5237 3559 5288 est
3581 5236 3844 5294 idolum

2135 5318 2199 5372 in
2224 5313 2504 5383 mundo(1
2524 5313 2767 5381 Convm,
2791 5315 2867 5381 4).
2891 5311 3144 5367 Peccator
3171 5321 3391 5385 autem,
3469 5321 3634 5392 quia
3691 5343 3848 5397 pec-

2135 5402 2312 5461 cando
2333 5403 2398 5457 ad
2420 5401 2648 5456 nihilum
2681 5400 2870 5466 tendit,
2892 5416 3013 5455 cum
3055 5399 3189 5454 nihil
3236 5399 3386 5458 illud
3426 5410 3535 5463 cui
3593 5409 3853 5470 inhaesit

2137 5491 2353 5560 deserit,
2373 5491 2523 5561 quasi
2540 5490 2606 5546 ad
2620 5505 2739 5546 esse
2752 5490 2910 5546 redit.
2924 5488 3057 5546 Rem
3075 5505 3210 5562 ergo
3223 5487 3275 5544 in
3287 5504 3356 5545 se
3370 5499 3767 5573 ostendere,
3790 5504 3854 5558 id

2134 5579 2434 5652 estaliquid
2447 5579 2592 5651 quod
2603 5595 2727 5634 esse
2739 5576 2918 5647 habet,
2925 5577 3255 5651 potest,quia
3260 5579 3394 5650 jam
3413 5600 3544 5654 per
3554 5588 3853 5647 divinam

2130 5669 2367 5745 gratiam
2386 5666 2944 5743 Operavirtutistenet.
2989 5667 3195 5725 Dicunt
3231 5684 3381 5742 ergo
3408 5688 3429 5730 :
3467 5673 3861 5742 Ascendita
