4034 6174
375 275 480 328 369

1225 265 1299 323 IN
1329 260 1593 322 PRIMUM
1621 256 1869 317 REGUM
1898 250 2438 312 EXPOSITIONES.
2471 284 2540 296 -
2579 252 2705 311 LIB.
2739 251 2804 310 V.

3577 257 3679 311 370

381 397 451 453 ad
474 413 576 454 nos
595 395 1019 453 etostendemus
1033 392 1181 452 vobis
1201 407 1340 448 rem.
1362 390 1524 460 Quasi
1550 389 1706 462 signo
1729 387 1966 461 quodam
1993 379 2050 440 Α
2077 379 2350 436 cedebant
2363 382 2498 436 ante
2514 378 2836 446 Ionatham,
2866 379 3009 436 alios
3047 380 3297 452 armiger
3324 381 3447 452 ejus
3499 379 3679 435 inter-

381 493 694 557 peccatores
723 483 1116 555 repromittant,
1149 486 1205 537 et
1230 481 1410 537 dicant
1443 499 1454 535 :
1488 479 1545 535 Si
1575 479 1743 534 verbo
1791 478 1864 532 ita
1918 476 1972 532 in

382 576 540 631 nobis
567 575 819 630 laborare
847 572 1171 644 pr0ponitis,
1200 571 1317 626 sine
1346 585 1545 642 magno
1575 570 1726 624 lucro
1753 584 1861 622 non
1876 566 1974 622 erit

383 664 530 736 quod
558 662 838 718 laboratis.
872 660 1048 729 Quare
1077 669 1131 715 et
1158 659 1227 716 de
1254 659 1480 714 aliorum
1507 656 1823 715 certitudine
1838 655 1970 710 sub-

375 754 626 822 junctum
658 760 740 806 est
772 769 784 805 :

453 842 630 908 (Vers.
664 839 776 910 12.)
810 841 878 895 Et
906 839 990 895 ait
1007 837 1280 895 Jonathas
1300 837 1373 893 ad
1389 837 1736 906 armigerum
1757 849 1931 890 suum
1954 850 1972 888 :

383 928 788 995 Ascendamus,
808 943 1035 1001 sequere
1055 943 1164 992 me,
1199 926 1439 982 tradidit
1476 941 1565 982 eos
1604 923 1875 981 Dominus
1910 922 1974 976 in

379 1034 586 1072 manus
619 1015 820 1072 Israel.
1763 1059 1780 1072 .

471 1107 635 1175 307
672 1106 757 1158 15.
783 1104 1047 1174 Quisquis
1065 1103 1251 1158 nititur
1269 1117 1470 1175 magna
1489 1117 1678 1173 agere,
1696 1102 1814 1157 haec
1834 1102 1974 1157 bene

379 1210 607 1265 pensare
637 1193 806 1259 novit,
838 1193 881 1246 si
913 1208 1134 1262 semper
1161 1191 1363 1246 studuit
1393 1190 1589 1246 divinis
1609 1190 1864 1245 laudibus
1877 1190 1975 1245 im-

380 1291 593 1353 putare.
626 1282 772 1337 Bene
801 1296 935 1354 ergo
963 1281 1218 1336 Jonathas
1247 1280 1315 1334 de
1346 1277 1726 1349 consequenda
1748 1279 1976 1334 victoria

382 1369 680 1435 conﬁdens,
711 1385 820 1424 non
851 1370 904 1423 in
933 1384 1126 1423 manus
1155 1382 1302 1434 suas,
1334 1367 1427 1422 sed
1459 1369 1516 1420 in
1564 1383 1755 1421 manus
1810 1365 1977 1422 Israel

381 1459 677 1514 tradendos
692 1457 942 1512 inimicos
958 1457 1202 1523 asseruit,
1225 1455 1630 1525 uttriumphum
1652 1454 1975 1522 ostenderet,

382 1554 441 1602 et
471 1547 646 1617 qualis
675 1562 796 1602 esse
823 1545 1020 1600 debeat
1044 1545 1402 1616 triumphator
1429 1544 1628 1615 pariter
1648 1543 1976 1616 designaret.

381 1635 550 1690 Israel
583 1634 790 1704 quippe
815 1633 1006 1688 videns
1035 1634 1207 1688 Deum
1228 1633 1628 1703 interpretatur.
1660 1633 1755 1688 Cui
1776 1649 1907 1705 ergo
1922 1633 1978 1687 in

2081 469 2325 537 ﬁciebat.

2155 558 2241 611 17.
2277 555 2470 613 Facies
2493 558 2740 613 Jonathae
2769 558 3020 623 cernitur,
3054 559 3270 628 quando
3301 559 3391 630 qui
3439 557 3672 613 verbum

2084 645 2450 718 praedicatoris
2479 646 2724 712 audiunt,
2772 645 3086 702 eharitatem
3116 647 3281 702 etiam
3319 647 3514 702 mentis
3562 647 3677 715 ejus

2084 742 2424 807 agnoscunt;
2457 749 2582 790 cum
2611 733 2864 790 videlicet
2892 737 3037 790 hunc
3063 733 3286 789 audiunt
3332 741 3384 790 et
3435 734 3678 790 ccelestia

2083 822 2402 894 pradicare,
2435 831 2484 878 et
2515 838 2627 891 eos,
2659 823 2854 893 quibus
2878 823 2997 892 ipsa
3026 822 3209 894 pandit
3236 823 3492 888 cmlestia,
3534 823 3676 877 mira

2084 912 2348 967 charitate
2377 910 2639 984 diligere.
2681 913 2820 967 Bene
2848 916 3029 966 autem
3060 919 3182 965 ante
3237 911 3432 965 faciem
3481 911 3676 966 cadere

2083 994 2350 1062 dicuntur,
2384 995 2510 1066 quia
2540 997 2668 1050 dum
2697 996 2843 1050 bona
2873 1010 2994 1066 quae
3024 997 3147 1049 sunt
3177 994 3230 1048 in
3261 1003 3440 1048 mente
3470 995 3675 1065 praedi-

2084 1083 2280 1138 catoris
2307 1091 2629 1156 agnoscunt,
2662 1091 2860 1138 statum
2891 1083 3172 1154 pravitatis
3202 1083 3477 1138 deserunt.
3501 1082 3610 1138 Sed
3629 1089 3681 1137 et

2083 1171 2210 1227 dum
2237 1171 2308 1226 ad
2338 1173 2637 1227 remedium
2670 1172 2998 1244 poenitentiae
3027 1171 3209 1243 plures
3239 1170 3481 1240 veniunt,
3514 1170 3682 1226 aliiiu

2083 1275 2431 1330 magnorum,
2460 1261 2551 1315 alii
2567 1261 2621 1314 in
2639 1262 2901 1316 minorum
2924 1259 3172 1329 exempla
3185 1257 3516 1331 confugiunt.
3538 1259 3684 1329 Apte

2086 1346 2474 1418 igiturdictum
2487 1357 2566 1404 est
2587 1367 2598 1402 :
2616 1349 2765 1405 Alios
2781 1351 3029 1420 armiger
3051 1351 3173 1420 ejus
3201 1346 3597 1417 interﬁciebat.
3632 1348 3682 1400 A

2084 1435 2192 1489 vita
2205 1437 2428 1507 quidem
2441 1437 2673 1508 reproba
2687 1435 3142 1508 privari,interﬁci
3155 1443 3250 1490 est:
3269 1444 3322 1489 et
3335 1437 3486 1506 cujus
3498 1451 3680 1490 exem-

2085 1523 2290 1595 plo,vel
2309 1525 2526 1581 monitis
2538 1526 2738 1580 malum
2753 1525 2872 1596 quis
2884 1524 3232 1592 deserit,ante
3244 1523 3361 1592 ejus
3369 1523 3540 1593 pedes
3551 1539 3683 1596 qua-

2088 1611 2132 1666 si
2145 1612 2456 1668 interfectus
2471 1613 2632 1671 cadit.
2659 1613 2911 1670 Geuelari
2940 1613 3142 1684 quippe
3161 1613 3424 1667 sententia
3445 1611 3682 1685 singulo-

380 1739 578 1778 manus
600 1701 785 1778 hos—uss
812 1722 1136 1788 tribuuntur,
1176 1701 1384 1777 videns;
1424 1722 1599 1776 Deum
1655 1701 1866 1789 dicitur:
1924 1729 1980 1776 ut
2006 1728 2060 1789 B
2089 1716 2210 1755 rum
2228 1701 2482 1758 victorias
2499 1719 2778 1774 exponens
2806 1701 3158 1758 Jacobusait:
3196 1702 3299 1769 Qui
3333 1702 3582 1756 converti
3599 1703 3684 1772 fe-

379 1826 491 1867 non
521 1811 570 1866 ei
600 1827 665 1865 ea
693 1827 814 1882 qum
843 1811 896 1864 in
923 1826 1088 1865 manu
1112 1810 1240 1865 data
1257 1819 1378 1864 sunt
1400 1811 1661 1865 doceatur
1677 1810 1978 1877 attendere,

379 1900 479 1956 sed
509 1908 696 1954 tenens
726 1899 932 1966 datum,
965 1898 1034 1953 ad
1064 1897 1379 1970 largitorem
1410 1913 1692 1953 munerum
1728 1913 1821 1953 cor
1848 1898 1987 1953 leva-

380 2005 466 2042 re.
497 1987 657 2042 Aliud
683 1987 826 2041 enim
858 1995 1001 2041 tenet
1029 1987 1301 2054 manibus,
1337 1986 1485 2041 aliud
1516 1986 1687 2043 oculis
1732 1987 1896 2051 videt,
1930 1995 1988 2043 ut

381 2076 644 2146 triumphi
679 2075 915 2146 palmam
938 2076 1148 2130 fortiter
1179 2083 1376 2140 teneat,
1407 2075 1502 2130 sed
1522 2074 1792 2130 videntem
1814 2075 1984 2130 Deum

379 2171 594 2219 retenta
623 2163 808 2233 palma
843 2163 1081 2218 victoriae
1110 2179 1217 2219 non
1245 2163 1493 2218 extollat.
1518 2164 1645 2219 Haec
1662 2167 1840 2218 autem
1863 2163 1989 2234 quia

383 2251 737 2319 conﬁdendo,
770 2266 876 2308 non
907 2251 1242 2322 possidendo
1267 2253 1522 2323 loquitur,
1557 2251 1784 2322 qualiter
1810 2251 1879 2307 ad
1901 2269 1988 2309 ea-

386 2341 511 2396 dem
545 2340 883 2411 possidenda
911 2341 1115 2408 veniat,
1146 2341 1449 2396 audiamus.
1485 2341 1738 2412 Sequitur
1769 2356 1780 2396 :

456 2439 644 2504 (Vers.
685 2437 804 2509 13.)
832 2438 1097 2494 Ascendit
1127 2437 1410 2494 Jonathas
1432 2442 1675 2510 reptans
1705 2439 1986 2506 manibus,

377 2532 436 2583 et
459 2529 709 2598 armiger
730 2529 853 2599 ejus
871 2532 994 2599 post
1017 2544 1168 2583 eum.

461 2620 548 2671 16.
584 2615 721 2685 Quid
755 2623 836 2670 est
867 2623 1081 2686 reptare
1112 2613 1381 2682 manibus,
1415 2615 1516 2669 nisi
1575 2631 1772 2686 corpus
1830 2631 1990 2672 omne

381 2721 636 2772 curvare,
672 2704 808 2759 nihil
842 2706 897 2758 in
929 2721 986 2759 se
1035 2704 1267 2759 sublime
1323 2703 1650 2776 relinquere,
1710 2705 1990 2774 superiora

381 2794 635 2850 membra
663 2793 731 2847 ad
763 2793 1020 2848 inferiora
1060 2791 1235 2848 officia
1293 2793 1610 2864 peragenda
1666 2793 1934 2849 inclinare
1960 2796 1989 2848 ?

383 2882 529 2952 Quid
561 2891 736 2938 autem
771 2883 822 2936 in
845 2882 948 2937 hoc
980 2882 1124 2938 facto
1155 2881 1313 2936 nobis
1343 2880 1672 2948 insinuatur,
1706 2881 1808 2936 nisi
1868 2883 1988 2952 quia

383 2973 561 3026 multa
592 2971 1009 3041 praedicatorum
1041 2969 1423 3041 compassione
1456 2969 1666 3042 indiget
1707 2971 1989 3027 conversio

2089 1791 2234 1845 cerit
2247 1795 2596 1862 peccatorem
2617 1791 2682 1846 ab
2703 1806 2892 1846 errore
2910 1792 3013 1844 via:
3025 1807 3158 1856 sum,
3175 1789 3412 1844 salvabit
3425 1791 3684 1844 animam

2092 1878 2212 1943 eius
2227 1895 2261 1935 a
2277 1883 2480 1946 morte,
2495 1862 2661 1931 308
2682 1885 2740 1933 et
2753 1881 2966 1950 aperiet
2981 1877 3417 1934 multitudinem
3432 1882 3684 1947 peccato-

2093 1982 2219 2021 rum
2244 1967 2383 2032 (Jac.
2404 1984 2458 2034 v,
2477 1968 2588 2039 20).
2622 1967 2876 2038 Sequitur
2908 1985 2920 2021 :

2167 2081 2340 2150 (Vers.
2367 2083 2476 2152 14.)
2498 2085 2563 2139 Et
2589 2086 2750 2155 facta
2769 2088 2854 2139 est
2883 2084 3054 2156 plaga
3073 2083 3280 2154 prima,
3312 2098 3422 2155 qua
3451 2096 3685 2154 percus-

2095 2173 2170 2226 sit
2189 2171 2465 2227 Jonathas
2485 2175 2542 2228 et
2555 2174 2802 2242 armiger
2830 2174 2972 2242 eius,
2992 2172 3154 2244 quasi
3175 2171 3379 2242 viginti
3412 2171 3684 2234 virorum,

2096 2261 2159 2314 in
2180 2260 2370 2316 media
2385 2265 2550 2332 parte
2567 2262 2788 2334 jugeri,
2809 2277 2978 2333 quam
2991 2276 3099 2332 par
3121 2261 3289 2316 boum
3313 2261 3376 2316 in
3407 2261 3496 2316 die
3522 2273 3690 2315 arare

2096 2350 2405 2406 consuevit.

2173 2456 2265 2509 18.
2303 2456 2471 2528 Plaga
2498 2455 2672 2526 prima
2700 2456 2819 2512 haec
2848 2456 3064 2522 dicitur,
3117 2455 3242 2525 quia
3291 2453 3462 2510 sancti
3492 2467 3696 2524 percu-

2098 2550 2208 2598 tere
2237 2545 2430 2601 noxios
2458 2546 2625 2600 etiam
2651 2554 2794 2616 post,
2823 2545 2876 2600 in
2905 2544 3095 2600 ultimo
3121 2543 3331 2614 judicio
3374 2541 3698 2598 describun—

2099 2641 2206 2687 tur.
2237 2635 2391 2690 Unde
2420 2643 2473 2689 et
2501 2634 2704 2689 Paulus
2732 2633 3037 2689 Corinthios
3069 2632 3288 2699 excitat,
3346 2631 3530 2686 dicens
3565 2645 3576 2684 :
3613 2631 3699 2686 An

2096 2725 2335 2779 nescitis
2347 2726 2477 2795 quia
2491 2724 2719 2793 angelos
2731 2723 3105 2788 iudicabimus
3128 2721 3156 2774 .9
3168 2719 3220 2790 (1
3236 2720 3353 2783 σον,
3381 2736 3455 2788 vl,
3470 2719 3550 2790 8.)
3562 2719 3700 2775 Hine

2099 2812 2376 2867 Psalmista
2390 2811 2810 2876 vaticinans,ait:
2829 2813 3214 2867 Exsultabunt
3225 2811 3412 2866 sancti
3427 2811 3486 2864 in
3499 2810 3698 2880 gloria,

2101 2901 2448 2956 laetabuntur
2459 2901 2521 2956 in
2533 2901 2812 2956 cubilibus
2823 2903 2965 2968 suis,
2986 2901 3375 2956 exultationes
3389 2897 3488 2953 Dei
3499 2898 3562 2952 in
3574 2900 3700 2966 fau-

2097 2988 2251 3043 cibus
2267 3004 2480 3054 eorum,
2501 2989 2575 3044 ad
2595 2989 2921 3060 faciendam
2938 2991 3031 3044 vin
3039 2989 3254 3043 dictam
3271 2988 3334 3042 in
3350 2985 3700 3051 nationibus,

384 3067 730 3130 peccatorum
756 3060 784 3110 ‘?
818 3058 961 3127 Quid
993 3058 1133 3113 enim
1152 3057 1294 3114 aliud
1321 3074 1488 3129 quam
1511 3067 1723 3128 reptare
1744 3059 1994 3114 manibus

2103 3078 2520 3149 increpationes
2541 3057 2602 3133 in
2625 3078 3036 3150 populis(Psal.
3069 3091 3253 3141 cxux,
3301 3077 3354 3141 5,
3411 3077 3485 3144 6).
3534 3073 3705 3143 Plaga

382 3149 668 3202 videbatur
724 3147 1060 3217 Redemptor
1133 3154 1318 3202 noster
1343 3191 1356 3213 ,
1415 3163 1540 3202 cum
1601 3147 1992 3218 publicatorum

383 3237 597 3292 amicus
625 3235 801 3302 ﬁeret,
833 3244 887 3291 et
914 3243 1236 3305 peccatores
1266 3236 1554 3307 reciperet,
1588 3245 1641 3292 et
1683 3253 1804 3290 cum
1869 3236 2000 3307 ipsis

381 3326 740 3380 manducaret
760 3326 789 3376 εἰ
820 3325 1071 3379 Manibus
1094 3324 1312 3396 quidem
1337 3325 1585 3396 reptabat
1604 3341 1725 3380 cum
1744 3325 1958 3380 dicebat
1983 3345 1994 3380 :

380 3414 519 3468 Non
542 3414 750 3470 habent
770 3430 907 3485 opus
954 3415 1084 3468 sani
1130 3414 1368 3480 medico,
1411 3415 1506 3468 sed
1545 3414 1694 3469 male
1733 3413 1998 3469 habentes

381 3503 609 3571 (Matth.
634 3518 711 3566 1x,
736 3503 848 3569 1‘2).
874 3501 1010 3556 Hinc
1043 3501 1237 3556 iterum
1268 3501 1398 3557 dicit
1435 3519 1446 3554 :
1480 3502 1600 3557 Non
1627 3503 1757 3557 veni
1803 3517 1997 3558 vocare

375 3594 587 3663 justas,
611 3591 709 3646 sed
721 3595 1073 3662 peccatores.
1090 3590 1241 3645 Hanc
1266 3589 1427 3645 etiam
1450 3589 1878 3646 incurvationem
1899 3605 1994 3646 re-

383 3679 587 3750 ptandi,
624 3678 678 3733 in
712 3694 865 3734 sacro
896 3677 1114 3748 eloquio
1169 3678 1363 3734 cameli
1413 3677 1680 3749 appelalio
1727 3677 1992 3749 designat.

385 3768 524 3836 Quia
553 3767 625 3822 ad
655 3769 763 3823 hoc
793 3767 1052 3823 Salvator
1078 3782 1249 3837 usque
1278 3767 1349 3822 ad
1389 3767 1498 3822 ima
1528 3774 1710 3822 nostra
1740 3782 1800 3822 se
1827 3765 1999 3822 voluit

384 3856 686 3926 humiliare,
718 3864 776 3910 ut
813 3871 916 3910 nos
945 3854 1013 3909 ad
1045 3854 1154 3910 alta
1199 3872 1311 3910 suae
1361 3855 1656 3910 divinitatis
1685 3855 1990 3910 extolleret.

384 3946 537 3998 Hunc
565 3959 802 4015 namque
831 3949 1130 4013 reptantem
1162 3942 1412 3998 manibus
1467 3943 1670 3997 Paulus
1731 3941 1881 4012 sequi
1935 3957 1995 3998 se

385 4033 684 4099 insinuans,
701 4032 811 4085 ait:
832 4031 1097 4088 Omnibus
1116 4031 1309 4087 omnia
1329 4033 1521 4101 factus
1541 4047 1688 4099 sum,
1713 4034 1779 4086 ut
1800 4046 1994 4086 omnes

384 4126 632 4189 facerem
656 4122 839 4177 salvos
867 4119 917 4187 (ι
937 4120 1059 4175 Cor.
1081 4135 1159 4187 ix,
1179 4119 1290 4191 22).
1315 4118 1422 4174 Sed
1441 4126 1495 4174 et
1515 4118 1638 4189 quia
1662 4118 1715 4172 in
1743 4119 1993 4174 manibus

385 4225 553 4279 opera
601 4207 782 4263 solent
838 4205 1162 4278 signiﬁcari,
1225 4214 1402 4277 reptat
1474 4206 1727 4261 manibus
1780 4213 1988 4278 pastor,

387 4295 603 4366 quando
634 4295 1014 4366 peccatoribus
1046 4294 1188 4349 viam
1223 4311 1385 4365 quam
1416 4303 1599 4350 tenere
1629 4295 1878 4351 conversi
1899 4296 1993 4350 de-

2112 3165 2283 3235 prima
2297 3166 2396 3220 ista
2413 3166 2781 3221 conversionis
2795 3175 2894 3231 est,
2925 3166 3159 3220 secunda
3171 3163 3556 3230 damnationis,
3577 3161 3710 3234 quia

2108 3254 2275 3310 modo
2305 3254 2476 3309 sancti
2508 3255 2747 3310 converti
2777 3269 2878 3309 nos
2910 3254 2976 3309 ad
3004 3253 3294 3308 Dominum
3340 3259 3554 3322 rogant,
3610 3249 3708 3305 sed

2107 3358 2214 3398 non
2244 3358 2506 3399 converso
2538 3352 2664 3398 tunc
2703 3344 2888 3398 durius
2919 3343 3194 3397 damnant.
3240 3341 3298 3393 In
3357 3355 3462 3408 qua
3513 3337 3706 3409 viginti

2107 3431 2207 3487 viri
2237 3433 2435 3488 mortui
2457 3433 2781 3500 referuntur,
2813 3439 2872 3487 ut
2892 3429 3122 3503 quinarii
3152 3428 3364 3483 numeri
3383 3425 3702 3497 mysterium

2105 3521 2531 3576 commendetur.
2566 3521 2864 3593 Quinquies
2892 3519 3038 3576 enim
3070 3527 3301 3589 quatuor
3334 3514 3562 3586 repetiti,
3613 3520 3704 3568 aut

2106 3617 2299 3681 quater
2325 3610 2562 3679 quinque
2590 3609 2781 3682 viginti
2811 3608 2969 3663 ﬁunt.
3008 3608 3073 3662 Et
3089 3607 3214 3678 quia
3244 3606 3432 3678 vigore
3461 3604 3705 3676 quinque

2105 3713 2360 3754 sensuum
2391 3714 2552 3755 omne
2575 3705 2787 3769 tempus
2815 3696 3026 3767 peccati
3047 3695 3339 3768 perﬁcitur,
3363 3701 3414 3749 et
3445 3693 3498 3747 in
3557 3705 3697 3762 qua-

2105 3795 2228 3844 tuor
2257 3786 2704 3860 evangelistarum
2731 3786 2882 3840 libris
2909 3785 3150 3842 remedia
3179 3791 3375 3840 nostrae
3403 3780 3592 3836 salutis
3605 3781 3698 3835 in-

2105 3877 2366 3943 venimus,
2399 3876 2590 3948 viginti
2620 3876 2858 3931 virorum
2876 3882 3004 3946 typo
3022 3889 3210 3929 omnes
3233 3870 3480 3928 salvandi
3497 3885 3697 3941 pecca-

2102 3967 2248 4020 tores
2282 3964 2685 4034 exprimuntur.
2723 3963 2827 4032 Qui
2858 3963 2911 4017 in
2939 3962 3120 4018 media
3140 3970 3292 4031 parte
3317 3959 3499 4031 jugeri
3528 3960 3696 4012 inter-

2103 4053 2227 4108 fecti
2257 4053 2629 4122 perhibentur,
2663 4067 2821 4122 quam
2848 4065 2950 4121 par
2977 4051 3141 4105 boum
3172 4051 3228 4102 in
3258 4047 3346 4103 die
3375 4061 3530 4101 arare
3558 4060 3696 4101 con-

2101 4141 2294 4195 suevit.
2327 4141 2497 4195 Boves
2523 4146 2645 4194 sunt
2671 4137 3058 4209 praedicatores
3086 4135 3370 4200 Ecclesiae,
3417 4132 3509 4201 qui
3563 4133 3695 4186 dum

2099 4228 2419 4300 praedicant,
2453 4235 2622 4295 arant,
2655 4228 2745 4298 qui
2777 4227 2907 4282 dum
2937 4225 3120 4280 verbis
3157 4221 3470 4278 caelestibus
3525 4221 3693 4275 corda

2101 4318 2415 4372 auditorum
2440 4316 2702 4384 aperiunt,
2735 4315 2888 4385 quasi
2918 4314 2972 4368 in
3001 4313 3146 4368 bona
3176 4320 3320 4365 terra
3342 4323 3525 4364 semen
3545 4323 3692 4378 spar-

386 4385 567 4450 beam,
601 4398 713 4438 ηοη
743 4381 956 4452 profert
987 4383 1246 4453 sapientia
1274 4383 1446 4450 verbis
1479 4372 1570 4438 sed
1593 4383 1846 4453 exemplo
1861 4397 1989 4468 “’9'.
2009 4433 2062 4495 D
2098 4409 2252 4473 gunt.
2272 4402 2377 4457 Sed
2406 4372 2577 4455 in‘die
2603 4372 2770 4455 arant.
2789 4401 2973 4467 boves,
3007 4397 3131 4468 quia
3161 4395 3425 4451 Dominus
3454 4372 3692 4449 comini-

386 4471 710 4495 _-__-l.2.._:-
765 4471 997 4495 D-_|-_-
1035 4470 1244 4495 ...2.1ιη..
1304 4471 1552 4495 ...η-ει---
1607 4471 1986 4495 ......Δε--.-..-.ι
2278 4489 2314 4495 -.
2499 4491 2537 4495 _-
2621 4490 2631 4495 -
2681 4493 2687 4495 _
3029 4487 3043 4495 .
3344 4489 3354 4495 .
3432 4489 3443 4495 -
3680 4483 3691 4493 ι

386 4471 732 4527 versationis.
765 4471 1000 4541 Reptare
1031 4470 1247 4541 quidem
1304 4471 1555 4526 manibus
1607 4471 1987 4541 praedicatores

392 4576 492 4616 suo
520 4559 750 4615 docebat
771 4557 1039 4613 Dominus
1067 4574 1188 4614 eum
1239 4558 1488 4614 dicebat:
1526 4560 1614 4616 Sic
1655 4561 1841 4616 luceat
1883 4561 1988 4615 tua:

393 4656 579 4706 vestra
593 4663 783 4704 coram
798 4647 1140 4712 hominibus,
1157 4651 1222 4703 ut
1232 4647 1460 4704 videant
1472 4651 1657 4703 vestra
1669 4647 1811 4704 bona
1822 4663 1988 4720 opera

397 4743 451 4794 et
466 4737 786 4808 gloriﬁcent
801 4738 1035 4792 Patrem
1046 4736 1414 4808 vestrum,gui
1432 4737 1495 4791 in
1505 4736 1659 4792 crelis
1671 4739 1753 4792 est
1763 4735 1986 4805 (Matth.

392 4845 444 4880 τ.
483 4826 593 4894 16).
619 4827 760 4880 Bene
790 4831 969 4880 autem
1001 4832 1216 4895 reptans
1244 4824 1534 4880 ascendere
1579 4823 1647 4879 ad
1698 4823 1988 4880 stationem

394 4913 795 4969 Philistinorum
828 4912 1044 4976 dicitur,
1073 4913 1194 4982 quia
1220 4913 1290 4966 ad
1343 4911 1669 4967 destruenda
1729 4917 1985 4982 peccato-

403 5019 526 5059 rum
555 5003 680 5056 vitia
711 5001 1005 5072 pervenire
1033 5001 1124 5056 ille
1151 5000 1343 5056 doctor
1372 5007 1568 5071 potest,
1591 5000 1682 5070 qui
1701 5000 1848 5071 ipsos
1867 5013 1994 5068 pec-

394 5101 608 5149 catores
637 5105 842 5161 magna
871 5088 1182 5144 humilitatis
1209 5088 1540 5154 ostensione,
1572 5097 1625 5144 et
1653 5103 1852 5160 magna
1869 5087 1990 5142 cha-

394 5181 572 5237 ritatis
601 5178 889 5234 aﬂ‘ectione
937 5177 1224 5234 demulcet.
1283 5177 1422 5232 Nam
1471 5177 1598 5231 dum
1657 5175 1991 5233 convenien-

395 5278 520 5333 tiam
551 5275 742 5349 gratiaa
773 5273 904 5329 foris
930 5272 1179 5344 porrigit,
1212 5287 1433 5328 manum
1465 5273 1607 5327 intus
1637 5272 1705 5327 ad
1745 5270 1992 5328 inciden-
2023 5259 2032 5272 ’

397 5377 527 5432 dum
558 5372 756 5430 mentis
781 5371 1104 5443 languorem
1138 5369 1317 5425 mittit.
1350 5370 1509 5426 Unde
1537 5377 1591 5426 et
1605 5369 1746 5426 bene
1761 5368 1993 5439 subjun-

396 5475 548 5548 gitur
579 5492 590 5525 :

2095 4498 2253 4545 natur
2263 4489 2474 4546 dicens:
2499 4490 2689 4546 Veniet
2703 4504 2839 4555 nox,
2855 4487 3074 4560 quando
3087 4501 3252 4542 nemo
3261 4489 3446 4557 potest
3459 4483 3691 4554 operari

2095 4579 2278 4648 (Joan.
2310 4594 2384 4645 IX,
2416 4577 2494 4646 4).
2525 4579 2658 4632 Item
2690 4576 2797 4631 duo
2825 4575 2994 4631 boves
3012 4572 3460 4640 arant,Jonathas
3487 4568 3690 4624 videli-

2095 4674 2180 4722 cet
2205 4673 2261 4721 et
2287 4664 2530 4736 armiger
2553 4663 2698 4734 ejus.
2739 4663 2948 4732 Quibus
2977 4661 3226 4716 nimirum
3259 4659 3454 4726 bobus,
3485 4666 3684 4713 autsa-

2094 4754 2304 4825 pientes
2327 4761 2381 4808 et
2405 4753 2679 4822 simplices
2702 4751 3045 4824 intelligendi
3072 4757 3216 4818 sunt,
3243 4756 3334 4804 aut
3352 4749 3616 4811 minores,
3635 4753 3688 4801 et

2097 4842 2304 4898 altioris
2333 4841 2537 4896 ordinis
2566 4841 2895 4897 sacerdotes.
2913 4842 3140 4895 Possunt
3159 4845 3338 4893 autem
3363 4833 3690 4907 generaliter

2095 4931 2152 4986 in
2183 4931 2390 4986 duobus
2417 4930 2594 4986 bobus
2608 4945 2798 4986 omnes
2815 4936 3016 4984 sanctae
3059 4925 3314 4982 Ecclesia:
3359 4922 3691 4993 praedicato-

2098 5036 2186 5076 res
2216 5018 2470 5092 intelligi,
2504 5019 2632 5091 quia
2661 5025 2716 5075 et
2742 5018 2976 5089 geminae
3017 5012 3292 5071 charitatis
3321 5009 3500 5081 gratia
3545 5007 3694 5078 pleni

2099 5117 2238 5178 sunt,
2273 5116 2324 5164 et
2342 5125 2399 5164 se
2427 5107 2638 5178 privato
2667 5122 2852 5163 amore
2881 5120 2991 5161 non
3019 5103 3272 5173 diligunt.
3329 5096 3503 5152 Media
3557 5109 3691 5164 ergo

2100 5214 2227 5270 pars
2242 5199 2422 5270 iugeri
2449 5198 2554 5252 ista
2584 5205 2666 5253 est
2692 5196 2805 5251 vita
2833 5207 3099 5265 praesens.
3128 5192 3233 5245 Ista
3252 5185 3467 5258 quidem
3486 5191 3690 5253 tempe-

2103 5291 2219 5343 rata
2247 5287 2316 5342 ad
2346 5286 2550 5342 cultum
2588 5284 2852 5340 imbribus
2873 5277 3135 5336 mollescit
3191 5273 3410 5341 hiemis,
3470 5271 3566 5326 illa
3619 5271 3688 5325 ad

2045 5421 2052 5428 .
2100 5374 2434 5431 sterilitatem
2446 5375 2726 5446 pigrorum
2748 5371 3020 5428 caloribus
3035 5372 3274 5423 torretur
3288 5360 3508 5419 aestatis.
3525 5361 3694 5416 Istam

2105 5471 2307 5540 partem
2335 5463 2519 5536 jugeri
2551 5463 2717 5517 boves
2745 5473 2902 5514 arare
2919 5461 3164 5530 possunt,
3194 5453 3341 5510 illam
3394 5465 3524 5540 vero
3581 5463 3691 5540 non

469 5571 646 5634 (Veis.
682 5569 794 5637 13.)
824 5569 896 5624 Et
925 5583 1055 5624 cum
1075 5567 1348 5623 vidissent
1370 5566 1579 5636 faciem
1599 5565 1876 5632 lonathw,
1895 5562 2000 5620 alii
2079 5536 2350 5631 .possunt,
2381 5552 2508 5624 quia
2525 5551 2578 5606 in
2627 5552 2729 5605 hac
2784 5547 2895 5607 vita
2947 5546 3100 5605 bona
3153 5557 3322 5616 opera
3376 5536 3693 5597 seminanda
