3996 6164
358 241 462 295 373

1193 237 1267 292 IN
1304 236 1572 295 PRIMUM
1611 234 1855 294 REGUM
1894 229 2434 290 EXPOSITIONES.
2467 261 2538 273 -
2574 231 2701 290 LIB.
2745 231 2810 288 V.

3536 226 3635 295 37$

353 366 460 435 29).
495 363 603 433 Qui
633 378 762 420 vero
810 363 1050 420 omnium
1104 362 1474 418 Ecclesiarum
1529 359 1952 417 sollicitudinem
1979 356 2036 419 A
2063 355 2336 430 cognovit.
2359 357 2444 412 Ab
2464 357 2779 430 irreligiosis
2800 357 3016 432 quidem
3037 359 3314 433 religionis
3333 363 3643 433 consilium,

347 454 596 526 gerebat,
620 469 728 510 non
758 453 934 508 solum
966 451 1333 524 parvulorum,
1356 451 1453 516 sed
1483 450 1642 506 etiam
1672 449 1740 506 ad
1773 449 1947 504 discu-

355 543 537 598 tienda
563 543 838 613 majorum
866 541 1006 597 facta
1034 539 1316 613 vigilabat.
1339 540 1494 597 Unde
1524 547 1576 594 et
1605 538 1692 594 hic
1721 537 1944 608 subjun-

347 631 496 704 gitur
528 647 541 685 :

429 734 608 800 (Vers.
644 736 730 801 16,
757 732 870 801 17.)
893 733 960 788 Et
982 737 1358 803 respexerunt
1385 732 1760 803 speculatores
1785 732 1944 798 Saul,

359 822 457 895 qui
485 827 653 878 erant
687 822 748 876 in
773 821 957 877 Gabaa
1003 821 1322 892 Beujamin,
1369 823 1425 875 et
1471 834 1596 876 ecce
1639 818 1947 876 multitudo

350 915 648 982 prostrata
678 909 786 966 huc
811 910 1056 981 illucque
1083 909 1406 980 diﬁ’ugiem.
1463 908 1533 962 Et
1562 908 1646 964 ait
1679 908 1816 963 Saul
1847 923 1947 978 po-

347 1001 484 1071 pulo
530 1001 628 1070 qui
674 1001 800 1053 erat
845 1013 975 1053 cum
1018 1013 1077 1053 eo
1107 1015 1125 1052 :
1165 997 1468 1066 Requirite,
1499 998 1558 1050 et
1596 995 1779 1051 videte
1823 997 1948 1067 quis

344 1088 554 1144 abierit
583 1102 658 1144 ex
678 1085 859 1142 nobis.
885 1087 955 1140 Et
976 1088 1261 1156 repertum
1289 1087 1375 1139 est
1403 1100 1518 1140 non
1547 1085 1948 1142 Messalam-

351 1175 514 1232 thum
543 1179 599 1231 et
630 1175 981 1245 armigerum
1011 1172 1154 1242 ejus.

425 1267 510 1318 23.
543 1263 790 1334 Pugnam
817 1261 1063 1317 Jonathae
1093 1260 1222 1316 Saul
1249 1259 1622 1331 speculatores
1663 1259 1945 1332 aspiciunt,

353 1351 482 1420 quia
517 1350 712 1405 summi
741 1347 1044 1419 pontiﬁces,
1077 1364 1178 1404 son
1204 1349 1382 1404 solum
1423 1348 1764 1404 subditorum
1809 1349 1951 1404 facta

351 1439 671 1506 discutiunt,
700 1437 797 1493 sed
826 1437 1126 1493 doctrinam
1152 1437 1527 1506 praelatorum.
1560 1438 1700 1492 latos
1728 1437 1948 1506 quidem

346 1527 664 1597 explorant,
696 1525 742 1579 si
771 1526 912 1580 bene
941 1528 1138 1597 agant;
1183 1513 1310 1580 illos
1349 1533 1528 1579 autem
1558 1539 1628 1580 an
1670 1533 1813 1580 recte
1843 1524 1948 1580 do-

350 1625 531 1671 ceant.
556 1614 717 1682 Saepe
739 1613 1210 1668 conversationem
1232 1612 1460 1668 aliorum
1481 1612 1727 1678 audiunt,
1752 1613 1851 1667 sed
1880 1629 1946 1667 ne

2057 453 2148 500 aut
2177 445 2458 516 sapientiae
2487 463 2518 502 a
2547 447 2726 501 stultis
2755 455 2956 518 petere,
2989 465 3097 504 non
3127 460 3206 506 est
3235 451 3515 508 consilium
3547 469 3642 510 ac-

2055 533 2255 604 cipere,
2274 533 2372 589 sed
2391 534 2750 606 praecipitare.
2767 537 2905 591 Bene
2925 552 3060 607 ergo
3079 536 3271 593 dicitur
3294 557 3304 592 :
3330 541 3464 597 Erat
3489 545 3644 599 enim

2055 623 2131 677 ibi
2157 639 2292 679 arca
2311 625 2427 692 Dei,
2443 623 2567 695 quia
2596 624 2650 677 in
2678 623 2840 679 rebus
2870 623 3044 678 dubiis
3073 625 3194 681 illos
3223 628 3485 686 debemus
3514 647 3650 687 con-

2055 710 2246 779 sulere,
2275 710 2470 782 quibus
2513 719 2697 782 aperte
2745 711 2945 766 scimus
2989 712 3292 784 spiritualia
3337 717 3481 773 dona
3530 736 3644 776 non

2055 799 2265 854 deesse.
2285 799 2394 854 Sed
2417 800 2660 870 quadam
2679 808 2799 854 sunt
2821 816 2941 870 quae
2956 816 3053 870 per
3070 802 3372 872 consilium,
3396 808 3646 876 quaedam

2055 903 2188 945 vero
2214 904 2338 960 quae
2367 903 2466 958 per
2493 886 2754 942 auxilium
2775 887 3137 944 meliorantur.
3162 890 3265 946 Ubi
3294 893 3437 947 enim
3463 881 3646 965 aperta

2055 983 2108 1031 et
2136 975 2440 1030 indubitata
2468 975 2762 1032 necessitas
2786 985 2887 1044 est,
2911 976 3020 1032 illic
3041 992 3148 1034 non
3171 988 3249 1033 est
3271 979 3466 1036 idonea
3493 1000 3646 1038 mora

2055 1059 2287 1128 consilii,
2321 1057 2417 1114 sed
2443 1057 2692 1114 celeritas
2711 1059 3097 1115 subventionis.
3118 1061 3388 1135 Ambigua
3405 1065 3618 1135 quidem
3632 1108 3645 1132 ,

2057 1155 2105 1204 et
2136 1149 2364 1204 obscura
2392 1147 2590 1203 melius
2621 1147 2953 1203 consulendo
2983 1150 3314 1221 peregimus,
3337 1153 3431 1208 sed
3461 1159 3650 1224 aperta

2056 1244 2108 1292 et
2137 1237 2351 1305 cognita
2397 1235 2766 1292 subveniendo
2812 1244 2865 1292 et
2911 1235 3217 1294 festinando
3265 1240 3638 1298 sublevamus.

2059 1325 2211 1382 Unde
2241 1333 2294 1381 et
2321 1324 2570 1379 subditur
2603 1343 2616 1378 :

2127 1431 2300 1502 (Vers.
2331 1434 2417 1499 19,
2449 1433 2563 1502 20.)
2587 1432 2830 1504 Cumque
2847 1433 3171 1506 loqueretur
3193 1435 3345 1492 Saul
3371 1435 3445 1491 ad
3472 1453 3653 1494 sacer-

2056 1518 2263 1589 dotem,
2280 1522 2562 1578 tumultur
2584 1538 2824 1592 magna:
2845 1527 3080 1580 exortu:
3101 1527 3186 1580 est
3209 1525 3278 1580 in,
3292 1526 3501 1580 castris
3519 1525 3655 1580 Phi-

2058 1608 2281 1677 listiim,
2297 1610 2685 1682 crescebatque
2700 1608 3009 1681 paulatim,
3026 1615 3083 1667 et
3095 1612 3312 1672 clarius
3325 1613 3649 1669 resonabat.

348 1705 462 1756 sint
487 1703 628 1758 bene
656 1701 871 1766 eruditi,
902 1701 1305 1770 pertimescunt.
1351 1700 1495 1762 Quid
1524 1701 1666 1754 enim
1697 1709 1777 1755 est
1803 1701 1950 1756 aliud
1976 1703 2031 1765 Β
2060 1695 2128 1749 Et
2149 1697 2234 1752 ait
2262 1697 2400 1753 Saul
2415 1697 2490 1753 ad
2509 1697 2854 1755 sacerdotem
2875 1699 3192 1755 :Contrahe
3208 1716 3444 1757 manum
3469 1706 3651 1758 tuam.

346 1790 496 1862 quod
526 1790 648 1860 quis
675 1789 892 1858 abierit,
924 1789 1196 1859 quaeritur,
1228 1788 1333 1842 nisi
1363 1789 1491 1859 quia
1520 1788 1612 1859 qui
1641 1788 1713 1864 ad.
1738 1789 1950 1859 prandi-

349 1878 596 1934 cundum
628 1877 856 1931 mittitur
883 1877 1002 1931 talis
1047 1892 1167 1932 esse
1213 1877 1482 1947 debet,but
1512 1891 1645 1931 onus
1674 1864 1951 1932 ministerii

351 1969 400 2021 ei
433 1981 625 2022 secure
672 1965 1016 2034 imponatur;
1048 1973 1106 2019 ut
1133 1980 1289 2019 mens
1318 1963 1578 2019 mittentis
1604 1964 1752 2018 nulla
1785 1965 1950 2020 dubi-

344 2057 559 2110 tatione
616 2052 836 2108 ﬂuctuet
891 2053 1035 2122 quod
1091 2059 1235 2107 recte
1296 2053 1521 2120 doceat,
1581 2060 1634 2107 et
1689 2054 1951 2108 doctrinae

346 2143 515 2199 verba
545 2141 805 2212 operibus
834 2139 1101 2196 ostendat.
1132 2140 1204 2194 Et
1225 2139 1351 2212 quia
1379 2139 1648 2196 innumeri
1691 2150 1811 2196 sunt
1849 2142 1953 2196 Ec-

346 2231 635 2288 clesiarum
664 2227 955 2301 praesules,
986 2244 1019 2284 a
1046 2228 1480 2299 speculatoribus
1505 2230 1767 2284 Jonatbas
1796 2229 1946 2300 aspi-

345 2321 508 2386 citur,
554 2319 680 2389 quia
715 2333 986 2373 summum
1033 2315 1248 2372 culmen
1299 2317 1620 2372 universalis
1667 2317 1944 2385 Ecclesiae,

348 2409 430 2464 sic
461 2425 560 2479 per
586 2407 774 2462 orbem
814 2403 1204 2476 praedicatores
1234 2403 1465 2472 ordinat,
1497 2411 1554 2459 ut
1582 2406 1722 2460 circa
1749 2422 1808 2461 se
1837 2407 1947 2460 mi-

345 2496 541 2551 nistros
569 2495 788 2561 habeat,
810 2508 910 2564 per
936 2507 1073 2564 quos
1101 2491 1315 2547 illorum
1345 2492 1647 2548 doctrinam
1677 2493 1944 2562 discutiat,

341 2594 399 2640 et
429 2599 602 2654 Opera
631 2583 924 2654 diligenter
942 2581 1194 2650 inquirat.
1220 2579 1330 2637 Sed
1359 2579 1451 2652 qui
1480 2579 1677 2635 summi
1695 2581 1946 2636 culminis

345 2671 648 2727 ministerio
694 2679 750 2726 et
797 2669 1067 2741 legatione
1098 2669 1417 2739 funguntur,
1467 2667 1526 2722 in
1567 2667 1675 2722 alta
1719 2668 1847 2723 vitae
1892 2677 1946 2724 et

344 2760 590 2816 scientiae
620 2759 750 2813 sede
777 2757 1155 2812 sublimantur.
1188 2755 1344 2812 Unde
1371 2764 1425 2811 et
1450 2755 1590 2812 bene
1619 2755 1784 2812 iidem
1813 2772 1942 2826 spe-

323 2850 595 2903 culatores
648 2848 707 2900 in
766 2845 957 2901 Gabaa
1012 2843 1295 2914 Benjamin
1351 2859 1469 2898 esse
1524 2852 1929 2900 memorantur.

325 2935 522 2991 Gahaa
550 2934 775 3007 quidem
796 2933 1083 3002 Benjamin
1112 2931 1269 2988 collis
1299 2930 1407 2986 ﬁlii
1439 2932 1642 2986 dextra:
1664 2947 1943 3004 nuncupa-

2062 1783 2447 1841 Conclamavit
2475 1786 2632 1852 Saul,
2666 1791 2720 1842 et
2750 1785 2939 1842 omnis
2981 1789 3224 1859 papula:
3273 1791 3368 1860 qui
3414 1805 3545 1845 cum
3587 1807 3649 1847 eo

2057 1877 2206 1944 erat,
2235 1878 2291 1928 et
2323 1878 2600 1930 venerunt
2631 1890 2808 1946 usque
2839 1875 2910 1930 ad
2942 1875 3122 1931 locum
3153 1877 3506 1932 certaminis.

2129 1973 2217 2024 26.
2250 1969 2392 2038 Quid
2422 1970 2564 2025 enim
2596 1971 2740 2026 aliud
2769 1971 2948 2041 signat
2976 1972 3124 2040 quod
3147 1972 3298 2041 prius
3323 1971 3452 2028 Saul
3482 1973 3652 2042 appli-

2059 2073 2184 2113 care
2230 2074 2414 2114 aroam
2460 2058 2631 2128 petiit,
2691 2057 2889 2114 deinde
2941 2058 3284 2116 sacerdotem
3337 2061 3653 2118 contrahere

2060 2161 2279 2204 manum
2301 2147 2494 2218 jussit,
2525 2146 2627 2201 nisi
2658 2146 2787 2217 quia
2815 2154 2867 2201 et
2896 2146 3126 2202 obscura
3163 2147 3423 2204 debemus
3451 2165 3653 2205 consu-

2055 2237 2222 2292 lendo
2262 2235 2569 2307 disponere,
2617 2242 2669 2290 et
2713 2250 2833 2304 qua:
2881 2233 3079 2290 clarius
3122 2234 3484 2304 innotescunt,
3531 2253 3654 2292 cum

2056 2323 2408 2381 festinatione
2455 2323 2768 2394 complere?
2826 2322 2935 2378 Sed
2983 2323 3324 2392 pradicatori
3365 2325 3653 2380 tumultum

2053 2420 2384 2470 crescentem
2425 2412 2688 2483 paulatim
2731 2411 2938 2479 audire,
2973 2419 3056 2466 est
3084 2427 3469 2468 conversorum
3509 2427 3651 2482 pec-

2053 2511 2304 2560 catorum
2359 2489 2705 2557 devotionern
2764 2514 3131 2572 cognoscere.
3179 2499 3336 2569 Quod
3391 2501 3650 2570 paulatim

2052 2605 2300 2647 crescere
2327 2589 2541 2656 dicitur,
2565 2589 2694 2661 quia
2723 2589 2853 2644 dum
2879 2591 3117 2646 mentem
3137 2596 3380 2644 nostram
3409 2587 3480 2643 ad
3509 2588 3654 2645 bona

2051 2694 2220 2749 opera
2247 2678 2469 2748 spiritus
2494 2677 2700 2749 dirigit,
2728 2679 2868 2733 hanc
2896 2677 2966 2732 ad
2995 2677 3223 2733 meliora
3250 2692 3351 2747 per
3377 2677 3650 2748 quotidia-

2050 2783 2150 2823 nos
2190 2767 2469 2836 profectus
2515 2766 2705 2822 leniter
2749 2765 2924 2821 ducit.
2969 2765 3114 2833 Quid
3161 2780 3296 2821 vero
3340 2773 3455 2831 est,
3503 2766 3647 2836 quod

2051 2854 2183 2912 Saul
2211 2856 2467 2914 etomnis
2495 2854 2587 2925 qui
2617 2870 2740 2910 cum
2769 2869 2838 2910 eo
2879 2862 2963 2908 est
3001 2853 3242 2922 populus
3265 2853 3488 2922 clamat,
3519 2854 3642 2920 nisi,

2049 2944 2176 3014 quia
2220 2959 2278 2998 se
2323 2941 2722 3014 praeliatoribus
2761 2941 3008 2998 sociant?
3035 2941 3147 2996 Sed
3175 2949 3228 2996 et
3257 2957 3426 3012 usque
3455 2941 3526 2995 ad
3555 2943 3644 2996 lo-

279 3071 282 3074 .
321 3032 430 3079 tur.
481 3022 543 3077 In
572 3023 709 3078 00118
740 3021 960 3092 quidem
1003 3020 1119 3110 ﬁlii,
1147 3021 1350 3110 dextra?
1400 3028 1544 3110 simi,
1578 3019 1668 3110 qui
1692 3021 1806 3090 iam
1836 3036 1938 3090 Per
1967 3045 2018 3110 ο
2047 3048 2169 3088 cum
2217 3029 2523 3087 certaminis
2551 3030 2798 3086 veniunt.
2838 3030 3017 3085 Locus
3055 3029 3368 3086 certaminis
3415 3045 3510 3085 cor
3557 3032 3642 3085 est

322 3112 622 3166 ευδῙίωθῐη
652 3111 838 3178 Vitam,
870 3117 925 3164 ει
953 3125 1050 3180 Per
1075 3109 1241 3162 aliam
1269 3107 1572 3174 scientiam.
1605 3108 1674 3162 ad
1701 3110 1926 3164 CODfOF-
1981 3107 2260 3177 —verbum
2289 3119 2389 3174 Dei
2421 3117 2702 3174 audientis.
2727 3117 3048 3172 Certaminis
3073 3134 3202 3174 vero
3233 3118 3386 3174 locus
3417 3116 3634 3184 dicitur,

319 3199 618 3254 ηιδιίοοεω
649 3199 901 3253 "idem"?
946 3196 1260 3269 Ρετίίοὲθτθ
1307 3195 1709 3266 Βθάθῐηρίοπίει
1742 3198 1808 3251 Hi
1841 3197 1927 3251 ηί-
2028 3208 2154 3277 quia
2182 3207 2406 3264 verbum
2437 3206 2584 3278 quod
2610 3206 2889 3276 recipitur,
2920 3221 3045 3260 cum
3076 3205 3344 3276 praeterita
3391 3221 3628 3263 conver-

317 3288 524 3342 mirum
555 3288 824 3341 victorum
876 3293 992 3339 acta
1023 3286 1092 3339 de
1122 3283 1342 3338 sublimi
1388 3284 1747 3354 conspiciunt,
1799 3285 1927 3354 quia

2050 3296 2238 3351 .atione
2265 3295 2562 3365 praeliatur.
2595 3294 2812 3349 Placent
2841 3295 2987 3350 enim
3018 3295 3066 3350 ei
3086 3294 3202 3363 jam
3237 3295 3477 3349 caelestia
3514 3311 3634 3364 quae

319 3376 590 3431 bonorum
620 3375 786 3431 vitam
818 3373 1072 3444 Ρτοῧθΐθι
1105 3380 1158 3427 ει
1187 3371 1361 3426 malos
1389 3373 1677 3436 discutere.
1703 3388 1771 3427 ex
1799 3373 1924 3428 Vlla?
2026 3385 2195 3452 audit,
2235 3383 2330 3438 sed
2360 3392 2510 3440 vetus
2552 3383 2887 3438 consuetudo
2934 3381 3189 3455 insurgit,
3241 3391 3295 3458 et
3339 3390 3398 3437 ut
3451 3384 3634 3438 audita

317 3471 593 3519 merentur
638 3461 978 3529 celsitudine,
1027 3467 1080 3515 et
1126 3476 1356 3515 summa:
1403 3459 1640 3536 scientiae
1680 3461 1926 3532 perfecta
2025 3479 2354 3540 contemnat,
2385 3470 2650 3543 suggerit.
2701 3471 2781 3527 Fit
2810 3486 2998 3542 pugna
3042 3470 3174 3528 item
3219 3473 3466 3544 gravior,
3500 3471 3628 3542 quia

323 3551 652 3607 eruditione.
676 3549 783 3618 Qui
807 3549 1095 3605 Ionatham
1124 3563 1233 3604 non
1261 3548 1454 3604 adesse
1475 3546 1772 3618 reperiunt.
1797 3549 1925 3620 quia
2024 3561 2171 3632 quod
2199 3559 2527 3630 praedicator
2567 3559 2773 3627 laudat,
2819 3559 2928 3615 hoc
2968 3559 3200 3633 maligni
3247 3560 3467 3631 spiritus
3511 3561 3626 3615 dis-

315 3640 472 3694 1⁸³61⁵³
512 3639 918 3710 Pi'iﬁdiCmiOﬂis
967 3646 1093 3706 ωηο
1139 3636 1346 3708 Optima
1385 3651 1505 3692 ⁸⁸⁸⁸
1551 3636 1920 3710 considerant.
1979 3703 1984 3707 ,
2023 3648 2303 3704 suadendo
2330 3648 2666 3718 vituperant,
2698 3655 2753 3704 et
2790 3647 2940 3718 quasi
2978 3649 3282 3718 praeliando
3329 3664 3390 3704 se
3433 3655 3626 3704 contra

313 3744 438 3782 cum
496 3726 873 3797 prmdicatoris
926 3725 1252 3782 laudabilem
1309 3739 1605 3796 personam
1647 3725 1916 3796 probant.

2050 3745 2242 3792 nanctos
2269 3736 2512 3806 erigunt,
2533 3734 2665 3790 dum
2693 3735 2826 3792 illud
2853 3735 3110 3791 bellando
3140 3736 3437 3803 destruunt,
3469 3735 3616 3805 quod

281 3815 613 3886 -Sequitur:
2019 3824 2250 3880 istorum
2304 3838 2438 3880 voce
2493 3822 2846 3893 praedicatur.
2906 3823 3051 3892 Quid
3105 3831 3192 3878 est
3246 3839 3382 3895 ergo
3434 3823 3622 3878 venire

384 3914 562 3979 (Veis.
594 3914 706 3981 18.)
761 3911 832 3968 Et
875 3912 968 3968 ait
1021 3909 1170 3966 Saul
1217 3910 1290 3966 ad
1331 3910 1566 3967 Achiam
1617 3929 1636 3963 :
1677 3911 1916 3983 Applica
2018 3927 2193 3983 usque
2219 3912 2289 3967 ad
2318 3911 2861 3970 locumcertaminis
2887 3951 2903 3979 ,
2950 3912 3057 3966 nisi
3105 3927 3206 3981 per
3244 3910 3620 3983 exquisitionis

307 4015 506 4057 arcam
533 4001 653 4057 Dei.
2021 4000 2227 4056 aditum
2283 4000 2570 4070 pervenire
2605 3999 2677 4053 ad
2714 4008 2924 4056 secreta
2961 4000 3148 4055 cordis
3185 3999 3468 4065 auditoris,
3527 3998 3618 4052 ubi

2018 4089 2206 4144 hostes
2233 4087 2481 4144 celeriter
2496 4087 2756 4154 inveniat,
2775 4096 2829 4142 et
2848 4095 3102 4158 potenter
3131 4087 3346 4142 czedat‘t
3367 4089 3505 4141 Nam
3529 4088 3619 4156 qui

2019 4177 2289 4232 discutere
2344 4175 2552 4231 interna
2610 4175 2894 4241 nesciunt,
2951 4175 3020 4229 ad
3075 4175 3258 4230 locum
3311 4173 3619 4231 certaminis

386 4091 475 4142 24.
525 4089 632 4142 Cur
655 4088 882 4144 Aeniam
911 4086 1247 4142 sacerdotem
1278 4085 1410 4142 Saul
1437 4085 1709 4158 applicare
1733 4101 1918 4142 arcam

308 4176 586 4246 praecipit,
615 4176 722 4230 nisi
753 4176 881 4246 quia
909 4175 1134 4232 modum
1161 4174 1471 4232 certaminis
1498 4189 1533 4229 a
1559 4175 1917 4244 Speculatori-

310 4265 416 4319 bus
447 4264 714 4319 audiunt?
745 4263 902 4332 Quod
934 4262 1154 4332 quidem,
1195 4279 1225 4316 a
1273 4263 1497 4317 summis
1540 4263 1917 4318 sacerdotibus
2017 4263 2304 4333 pervenire
2355 4279 2465 4318 non
2521 4271 2763 4334 possunt.
2806 4263 2904 4320 Vel
2959 4262 3110 4317 locus
3162 4261 3474 4318 certaminis
3508 4270 3613 4330 est,

311 4353 462 4406 bene
493 4352 850 4422 spiritualiter
876 4351 1072 4423 agitur,
1105 4366 1228 4407 cum
1258 4367 1323 4406 ea
1351 4367 1472 4422 qua:
1521 4365 1554 4405 a
1599 4349 1918 4406 relatoribus
1943 4405 1995 4424 η
2019 4351 2113 4406 ubi
2141 4352 2329 4408 crebra
2359 4353 2504 4407 fama
2530 4366 2746 4424 magna:
2776 4350 3062 4423 religionis
3099 4357 3198 4406 est.
3246 4349 3385 4406 [llud
3413 4350 3614 4422 quippe

313 4439 550 4494 audiunt
576 4456 684 4496 non
715 4448 839 4495 ante
868 4438 1185 4510 dijudicant,
1220 4454 1382 4510 quam
1426 4453 1610 4494 eorum
1650 4436 1912 4494 rationem
1943 4405 1997 4465 D
2019 4439 2147 4494 dum
2189 4440 2256 4494 ab
2302 4440 2598 4496 innumeris
2641 4440 2890 4507 curritur,
2922 4439 3014 4508 qui
3044 4446 3098 4494 et
3124 4440 3292 4495 vitam
3339 4438 3615 4509 deponere

308 4527 371 4584 in
402 4527 626 4584 consilio
653 4528 876 4584 internae
920 4526 1288 4582 meditationis
1318 4530 1420 4596 31
1439 4531 1476 4595 1
1515 4536 1784 4598 quaerant.
1825 4527 1908 4595 Et,
2020 4515 2282 4595 veterem,
2306 4537 2359 4584 et
2388 4529 2612 4584 induere
2643 4543 2848 4586 novam.
2871 4527 3282 4604 concupiscunt,
3306 4528 3615 4583 certaminis

309 4616 441 4686 quia
471 4633 615 4688 saepe
645 4617 841 4673 alienae
871 4617 1029 4673 etiam
1073 4616 1266 4672 mentis
1314 4615 1540 4671 consilia
1587 4624 1906 4688 sequuntur,
2019 4615 2171 4672 locus
2199 4624 2343 4672 recte
2372 4624 2730 4687 nuncupatur,
2760 4609 2887 4688 quia
2917 4616 3165 4687 quotidie
3212 4616 3323 4672 illic
3351 4617 3613 4688 spiritua-

2019 4703 2152 4758 lium
2200 4704 2452 4761 virtutum
2496 4705 2761 4760 exercitus
2805 4695 3012 4777 pugnat
3058 4721 3178 4759 cum
3230 4705 3615 4762 numerositate

2017 4793 2296 4848 vitiorum.
2329 4794 2448 4848 Illic
2477 4793 2697 4865 quidem
2729 4801 2931 4863 quanto
2967 4809 3166 4864 graves
3211 4809 3430 4864 pugnae,
3466 4802 3615 4849 tanto

2017 4881 2267 4951 gloriosa
2299 4881 2560 4938 victoriae.
2603 4881 2718 4937 Illic
2747 4898 2852 4952 quo
2884 4880 3217 4952 frequentius
3246 4870 3493 4936 accessus
3522 4882 3615 4936 bo-

2017 4969 2196 5040 stium,
2229 4986 2294 5026 eo
2324 4978 2377 5026 et
2406 4970 2731 5026 laudabilior
2757 4986 3012 5025 numerus
3042 4967 3438 5038 triumphorum
3472 4985 3484 5021 :
3519 4967 3612 5021 ubi

2016 5074 2123 5113 non
2156 5060 2333 5115 solum
2364 5051 2688 5130 magnorum
2716 5059 2823 5112 alta
2846 5058 3013 5113 virtus
3032 5055 3325 5122 extollitur,
3348 5055 3441 5110 sed
3462 5069 3614 5112 com-

2016 5147 2194 5203 munis
2223 5147 2463 5204 omnium
2496 5147 2782 5202 strenuitas
2803 5146 2936 5201 mira
2960 5141 3287 5200 fortitudinis
3303 5144 3614 5199 ostensione

307 4705 515 4759 Achias
569 4721 752 4760 arcam
807 4704 1082 4777 applicare
1132 4705 1379 4777 jubetur.
1460 4706 1657 4760 Arcam
1711 4705 1910 4778 quippe

306 4793 569 4850 sacerdos
629 4794 826 4862 habet,
886 4793 980 4865 qui
1055 4793 1281 4848 scientia
1335 4791 1598 4864 spirituali
1673 4802 1909 4849 mentem

305 4897 540 4936 vacuam
558 4898 665 4938 non
681 4883 862 4937 habet.
890 4881 1018 4938 Saul
1038 4897 1172 4954 ergo
1188 4897 1370 4938 arcam
1391 4881 1667 4952 applicare
1681 4882 1908 4938 Acbiam

295 4969 482 5040 jubet,
509 4972 726 5042 quando
754 4987 995 5025 summus
1022 4971 1212 5027 doctor
1230 4969 1518 5027 consilium
1548 4985 1580 5025 a
1611 4970 1910 5026 minoribus

302 5058 420 5111 suis
449 5064 504 5112 et
534 5045 756 5114 eruditis
789 5058 1004 5132 quaerit.
1024 5059 1104 5114 Ibi
1125 5059 1271 5115 enim
1294 5067 1417 5115 sunt
1437 5059 1760 5130 postulanda
1781 5075 1909 5115 con-

303 5145 448 5212 silia,
483 5146 572 5201 ubi
603 5146 899 5218 spiritualis
940 5145 1178 5203 scientiae
1223 5148 1400 5220 gratia
1445 5156 1714 5204 coruscat.
1754 5149 1907 5204 Unde

303 5243 358 5288 et
389 5233 636 5289 subditur
666 5253 678 5288 :
2019 5243 2376 5292 monstratur.
2415 5236 2569 5293 Unde
2598 5244 2649 5290 et
2680 5235 2925 5307 sequitur
2953 5251 2963 5287 :

384 5333 558 5400 (Vers.
593 5331 704 5403 18.)
761 5333 906 5388 Erat
939 5330 1097 5388 enim
1143 5349 1280 5389 arca
1306 5333 1408 5390 Dei
1429 5334 1492 5388 in
1522 5333 1614 5390 die
1643 5333 1748 5390 illa
1775 5350 1906 5392 cum
2089 5335 2267 5402 (Vers.
2293 5337 2408 5405 20.)
2429 5337 2498 5392 Et
2521 5349 2646 5392 ecce
2660 5347 2857 5390 versus
2877 5335 3080 5403 [uerat
3106 5329 3332 5404 gladius
3353 5330 3606 5388 uniuscu

306 5419 452 5486 βιέὶε
489 5419 692 5476 Ῐεναει-
2013 5426 2217 5501 jusque
2245 5424 2318 5481 ad
2345 5424 2672 5497 proximum
2691 5435 2884 5487 suum,
2919 5422 2968 5488 3
2989 5422 3088 5488 12
3120 5422 3175 5476 et
3204 5418 3382 5476 cades
3402 5435 3614 5490 magna

388 5511 476 5562 25.
493 5505 654 5576 Quasi
682 5507 835 5580 dicat
857 5524 870 5564 :
891 5508 1007 5564 Hoc
1032 5510 1613 5584 applicarepraecepit,
1633 5511 1776 5584 quod
1798 5528 1917 5567 esse
2024 5512 2225 5569 nimis.
