3996 6164
489 281 590 337 3Ἲὸ
1664 280 1917 338 SANCTI
1960 275 2307 335 GREGORII
2349 276 2605 334 MAGNI.
3651 284 3740 338 376

560 409 647 461 2'1.
675 404 807 474 Quis
829 413 913 462 est
933 405 1026 463 hic
1047 406 1284 479 gladius,
1312 407 1415 462 nisi
1436 406 1655 479 gladius
1676 405 1914 476 spiritus,
1937 402 2086 474 quod
2115 403 2174 464 Α
2202 403 2462 458 extollunt
2493 403 2689 476 iniquae
2719 402 3059 474 operationis.
3107 401 3201 458 Vel
3229 417 3348 458 cum
3377 402 3452 458 eis
3478 413 3606 472 sunt,
3637 422 3746 460 cum

487 502 563 550 est
599 494 822 549 verbum
853 495 990 550 Dei?
1020 495 1123 564 Qui
1153 496 1297 550 enim
1327 493 1810 550 innumerabilibus
1840 492 1974 546 locis
2017 489 2085 543 ad
2193 503 2415 564 peccata
2445 511 2538 549 sua
2567 492 2844 564 operando
2865 491 3147 561 perﬁciunt
3170 506 3183 560 ;
3207 507 3324 545 cum
3349 491 3422 546 eis
3445 508 3564 546 νει-ο
3584 509 3748 548 ascen-

487 582 876 653 omnipotentis
898 585 1000 640 Dei
1023 585 1303 641 servitium
1333 584 1586 639 conversi
1609 591 1748 651 sunt,
1769 582 1895 652 quia
1918 579 2084 634 verbo
2193 584 2344 651 dunt,
2369 599 2488 638 cum
2519 581 2799 652 pravitatis
2821 597 2932 636 sua:
2954 579 3206 649 exempla
3229 579 3346 633 aliis
3366 580 3614 634 imitanda
3642 597 3749 651 pro-

489 672 588 726 Dei
621 672 1054 741 inseparabiliter
1082 673 1368 737 inhaerent,
1394 673 1546 744 quasi
1572 673 1727 739 juxta
1757 687 1813 724 se
1842 667 2086 740 quisquis
2195 672 2333 727 ferre
2359 687 2464 726 non
2494 679 2756 726 metuunt.
2795 669 2937 732 Quid
2985 677 3066 724 est
3110 683 3241 738 ergo
3288 668 3430 737 quod
3474 671 3663 723 reverti
3705 678 3754 725 et

490 760 732 830 gladium
764 767 929 815 tenet.
965 761 1189 816 Gladius
1209 776 1343 832 ergo
1365 761 1784 829 uniuscujusque
1805 758 1872 811 ad
1905 757 2085 826 proxi—
2193 775 2315 814 esse
2344 776 2470 814 cum
2502 759 2704 815 Israele
2732 758 3000 826 dicuntur,
3034 758 3136 811 nisi
3168 757 3291 826 quia
3323 756 3448 811 tales
3474 757 3622 811 etiam
3651 759 3750 826 ple-

493 864 643 902 mum
676 849 919 916 vertitur,
943 850 1159 921 quando
1189 851 1241 904 hi
1271 850 1362 921 qui
1394 850 1446 902 in
1478 847 1816 903 monasteriis
1841 843 2084 901 conversi
2192 865 2420 920 rumque
2449 847 2810 917 resipiscunt?
2839 846 3053 903 Reverti
3084 846 3226 900 enim
3255 859 3488 899 amorem
3508 845 3754 917 religiosae

493 945 638 1004 sunt,
670 944 724 992 et
753 935 990 992 vicissim
1022 954 1081 992 se
1123 939 1292 993 verbo
1320 938 1418 994 Dei
1445 938 1741 1008 perforant,
1773 943 1826 990 et
1852 933 2086 990 carnali-
2193 939 2318 993 vitae
2347 955 2618 994 resumere
2665 945 2764 993 est.
2816 939 2880 992 Et
2927 952 3049 993 cum
3098 936 3292 991 Israele
3339 951 3476 1001 esse,
3517 943 3590 990 est
3629 936 3754 989 intra

495 1032 657 1079 tatem
716 1024 768 1078 in
812 1041 869 1081 se
917 1027 1136 1095 penitus
1192 1035 1405 1081 necant.
1466 1025 1622 1081 Velut
1660 1025 1804 1078 enim
1833 1023 2088 1077 alterutro
2195 1035 2435 1083 sanctam
2479 1027 2772 1083 Ecclesium
2803 1027 2856 1080 in
2885 1025 3158 1080 charitatis
3205 1025 3412 1078 unitate
3458 1025 3752 1092 persistere.

494 1113 720 1168 vulnere
776 1113 1186 1183 interﬁciuntur,
1219 1116 1346 1169 dum
1376 1115 1509 1169 alter
1537 1113 1761 1168 alterum
1791 1111 1958 1168 verbo
1987 1111 2099 1176 Dei
2195 1116 2283 1171 Ad
2326 1119 2428 1171 hoc
2475 1117 2677 1187 quippe
2721 1115 3120 1182 revertendum,
3155 1115 3318 1181 313
3352 1120 3407 1167 ut
3435 1128 3549 1168 cum
3580 1111 3762 1166 lsraele

493 1203 751 1269 percutit,
785 1209 835 1255 et
864 1201 1126 1272 quidquid
1158 1203 1214 1256 in
1243 1219 1306 1258 se
1335 1201 1623 1258 carnaliter
1669 1201 1830 1266 vivit,
1877 1200 2087 1255 exstin-
2198 1219 2314 1258 esse
2342 1208 2694 1273 proponatur,
2720 1199 2845 1271 quia
2875 1199 3016 1254 nulla
3047 1209 3131 1255 est
3157 1201 3438 1257 conversio
3458 1200 3761 1270 peccatoris,

498 1289 635 1358 guit.
669 1287 792 1357 Qui,
826 1289 950 1360 quia
980 1306 1152 1359 nuper
1179 1290 1449 1357 conversi,
1483 1307 1514 1345 a
1543 1289 1768 1345 seculari
1801 1288 1908 1344 vita
1938 1289 2088 1344 ceci-
2198 1292 2240 1344 si
2289 1305 2580 1346 conversus
2624 1287 3028 1360 perseverantia
3077 1297 3254 1344 careat
3298 1289 3428 1344 boni
3473 1289 3667 1358 operis,
3712 1296 3763 1342 et

498 1375 706 1442 derant,
731 1377 1134 1432 Philistinorum
1165 1386 1294 1449 typo
1323 1378 1520 1450 signati
1550 1385 1692 1432 sunt.
1725 1377 1842 1443 Vel,
1875 1375 2092 1447 gladius
2203 1380 2404 1435 unitate
2433 1377 2726 1433 charitatis.
2759 1377 3011 1446 Sequitur
3037 1395 3048 1430 :

501 1463 716 1519 alterius
745 1466 813 1518 ad
846 1465 1151 1535 proximum
1181 1466 1422 1532 vertitur,
1455 1465 1669 1535 quando
1713 1480 1812 1534 per
1856 1479 2090 1519 conver-
2271 1464 2806 1536 (Vers.22.)0mnes
2823 1482 3032 1538 quoque
3055 1467 3350 1534 Israelitor,
3375 1465 3545 1538 quise
3561 1464 3770 1520 abscon-

500 1567 682 1608 sorum
733 1553 1183 1620 exhortationem,
1219 1556 1457 1610 nondum
1499 1553 1745 1610 conversi
1781 1559 2094 1622 peccatores
2199 1557 2486 1613 derantin
2515 1559 2706 1611 monte
2727 1555 3011 1626 Ephraim,
3033 1553 3333 1610 audientes
3355 1553 3495 1626 quod
3511 1555 3772 1624 fugissent

502 1640 570 1694 ad
603 1641 894 1696 Dominum
939 1651 1348 1705 convertuntur;
1395 1642 1616 1714 quando
1661 1657 1770 1696 non
1815 1639 1989 1696 solum
2033 1638 2094 1695 hi

501 1729 591 1799 qui
635 1737 872 1800 presunt
901 1733 1066 1787 verbo
1106 1731 1505 1801 praedicationis
1546 1731 1683 1786 alios
1731 1729 2088 1796 lucrifaciunt,
2119 1749 2172 1808 Β

498 1817 597 1874 sed
625 1816 914 1874 multitudo
951 1819 1288 1876 subditorum
1337 1827 1597 1890 quotquot
1641 1826 1865 1888 possunt
1907 1817 2091 1873 verbis

498 1914 552 1961 et
580 1905 848 1977 exemplis
877 1907 1168 1974 instruere,
1205 1915 1256 1962 et
1303 1908 1584 1979 praesentis
1629 1907 1754 1963 vitae
1801 1905 2090 1962 desideriis

500 2001 762 2049 conantur
789 1993 933 2050 velut
961 1996 1270 2051 interfectos
1300 1995 1620 2064 subducere,
1644 2003 1698 2050 et
1725 2004 1940 2050 aeterna:
1966 1995 2091 2050 vitae

499 2083 663 2139 vivos
692 2084 974 2139 exhibere.
999 2085 1128 2140 Hac
1147 2084 1363 2153 quidem
1385 2085 1531 2140 lucra
1550 2093 1958 2154 peremptorum
1975 2084 2090 2153 jam

499 2171 554 2224 in
583 2173 696 2226 tota
726 2170 970 2227 Ecclesia
1001 2187 1102 2244 per
1129 2172 1319 2229 orbem
1366 2172 1676 2229 universum
1717 2172 1912 2227 diffusa
1953 2186 2092 2228 con-

500 2258 783 2330 spicimus,
813 2261 940 2330 quia
976 2260 1282 2332 quicunque
1311 2278 1412 2332 per
1439 2261 1678 2316 divinam
1723 2260 1951 2332 gratiam
1977 2261 2094 2328 jam

499 2348 616 2403 Deo
646 2347 852 2416 vivunt,
881 2348 1102 2405 alternae
1133 2349 1406 2405 charitatis
1452 2365 1714 2406 mucrone
1745 2349 1865 2405 huic
1893 2348 2095 2403 mundo

503 2435 698 2492 mortui
729 2436 1005 2492 videntur.
1055 2437 1282 2492 Gladius
1326 2438 1526 2509 quippe
1573 2438 1989 2507 uniuscujusque
2027 2437 2097 2491 ad

503 2523 811 2593 proximum
842 2524 1090 2591 vertitur,
1124 2524 1248 2594 quia
1275 2541 1464 2581 omnes
1512 2525 1667 2581 electi
1711 2543 1769 2580 se
1813 2526 1869 2580 in
1913 2532 2101 2581 sancta

507 2610 747 2666 Ecclesia
787 2611 1030 2667 vicissim
1076 2613 1351 2682 roborant,
1383 2622 1435 2668 et
1464 2614 1533 2668 ad
1561 2612 1840 2669 caelestem
1870 2614 2101 2685 patriam

2200 1645 2535 1710 Philisliim,
2568 1641 2929 1699 sociaverant
2957 1659 3014 1698 se
3044 1659 3176 1699 cum
3205 1644 3325 1698 suis
3351 1642 3412 1697 in
3441 1643 3650 1713 praelia.

2273 1737 2359 1788 29.
2407 1733 2522 1789 Hoc
2570 1731 2789 1801 quidem
2819 1731 2974 1786 toties
3023 1729 3079 1785 ﬁt
3123 1731 3335 1800 quoties
3365 1729 3630 1786 remotiori
3659 1729 3772 1784 vita

2197 1825 2386 1893 dediti,
2418 1824 2486 1879 ad
2517 1821 2808 1892 querenda
2837 1819 3134 1874 animarum
3161 1819 3312 1874 lucra
3342 1818 3645 1889 intorquere
3675 1824 3776 1870 stu-

2197 1918 2344 1973 dium
2375 1913 2683 1984 dignantur.
2726 1909 2857 1963 Cum
2889 1909 3002 1962 suis
3030 1922 3264 1978 namque
3292 1923 3353 1963 se
3381 1906 3435 1960 in
3466 1905 3643 1976 praelia
3688 1921 3775 1960 so-

2197 2006 2357 2071 ciant,
2389 2017 2509 2057 cum
2541 2014 2668 2054 vera
2696 2005 2914 2052 aeternae
2944 1995 3068 2051 vitae
3099 1995 3303 2067 gaudia
3323 2009 3445 2050 cum
3471 2003 3663 2049 sancta
3685 1993 3778 2047 Ec-

2199 2091 2379 2149 clesia:
2398 2087 2710 2144 doctoribus
2731 2085 3052 2155 praedicant,
3072 2083 3384 2154 pariterque
3403 2099 3435 2138 a
3454 2089 3778 2153 peccatorum

2199 2180 2458 2238 cordibus
2487 2175 2760 2246 malignos
2791 2173 3011 2242 spiritus
3042 2173 3250 2244 fugant.
3294 2171 3408 2226 Sed
3447 2168 3782 2241 quaerendum

2202 2267 2362 2324 valde
2379 2274 2461 2321 est
2477 2261 2752 2334 quomodo
2773 2261 2985 2315 dicatur
3007 2278 3018 2313 :
3039 2262 3072 2315 Α
3084 2261 3348 2316 udientes
3365 2259 3509 2329 quod
3521 2258 3782 2329 fugissent

2203 2355 2538 2412 Philistiim.
2565 2350 2828 2406 Praeclara
2851 2349 3069 2420 quidem
3094 2348 3323 2404 victoria
3356 2363 3464 2403 non
3485 2355 3563 2402 est
3581 2344 3787 2416 fugien-

2207 2453 2285 2500 tes
2313 2441 2547 2512 lnsequi,
2579 2440 2672 2494 sed
2702 2439 3014 2492 resistentes
3043 2436 3309 2507 effugere.
3359 2435 3504 2504 Quid
3548 2441 3626 2488 est
3667 2444 3789 2501 ergo

2208 2533 2353 2604 quod
2382 2531 2616 2584 dicitur:
2642 2525 2948 2582 Audientes
2987 2525 3129 2595 quod
3164 2525 3450 2594 fugissent
3471 2519 3788 2583 Philistiim,

2208 2620 2565 2676 sociaverunt
2578 2631 2635 2671 se
2651 2631 2782 2672 cum
2798 2615 2918 2669 suis
2931 2614 2988 2668 in
3001 2613 3223 2683 praelia,
3248 2611 3354 2665 nisi
3375 2611 3503 2680 quia
3522 2609 3607 2663 his
3625 2608 3794 2663 verbis

507 2698 684 2754 studio
733 2698 954 2756 alterum
997 2701 1400 2771 praedicationis
1458 2702 1821 2757 inflammant.
1868 2704 1935 2757 Et
1979 2700 2104 2772 quia

508 2787 915 2843 innumerabilis
941 2790 1176 2860 p0pulus
1213 2790 1455 2862 quotidie
1479 2791 1594 2846 Deo
1622 2791 1934 2863 acquiritur,
1966 2790 2105 2845 bene

511 2875 627 2930 illic
656 2875 931 2931 subditum
959 2885 1039 2931 est
1063 2897 1075 2932 :
1099 2880 1168 2934 Et
1200 2879 1374 2935 credes
1394 2895 1602 2950 magna
1630 2881 1823 2935 nimis.
1848 2879 2106 2950 Magnum

514 2962 697 3033 utique
726 2963 886 3018 nimis
913 2973 1014 3034 est,
1045 2968 1192 3036 quod
1237 2968 1291 3020 in
1340 2968 1713 3038 magnitudine
1750 2974 1928 3037 potest
1965 2981 2106 3036 quo-

514 3052 891 3122 modocunque
947 3054 1214 3126 dignosci,
1275 3057 1372 3111 sed
1427 3056 1750 3111 excellentia
1804 3071 1912 3110 non
1965 3055 2110 3109 valet

515 3140 924 3208 comprehendi.
956 3143 1036 3196 Ad
1057 3143 1198 3199 hanc
1213 3145 1430 3213 quidem
1449 3159 1701 3216 magnam
1724 3143 1884 3198 nimis
1903 3144 2110 3197 caedem

519 3229 710 3284 oculos
739 3229 1027 3297 extulerat,
1061 3231 1154 3302 qui
1181 3231 1396 3287 dicebat
1439 3247 1451 3286 :
1492 3230 1650 3287 Mihi
1695 3235 1890 3287 autem
1939 3232 2112 3286 nimis

525 3317 886 3385 honori/irati
915 3322 1049 3374 sunt
1071 3321 1243 3374 amici
1261 3321 1368 3387 tui,
1390 3322 1554 3389 Deus,
1574 3321 1749 3375 nimis
1761 3323 2113 3390 confortatus

520 3408 610 3459 est
644 3406 1006 3477 principatus
1027 3421 1251 3473 eorum;
1300 3405 1666 3464 dinumerabo
1715 3424 1820 3478 eos,
1859 3412 1915 3463 et
1948 3424 2116 3480 super

523 3508 760 3548 arenam
793 3494 1340 3565 multiplicabuntur
1368 3497 1542 3566 (Psal.
1576 3512 1844 3563 cxxxvm,
1870 3498 1978 3565 l7).
2008 3497 2115 3550 Po-

522 3587 632 3635 test
662 3580 826 3634 etiam
854 3595 1056 3653 magna
1098 3581 1258 3637 nimis
1299 3584 1481 3639 caedes
1527 3583 1774 3656 intelligi,
1808 3599 1914 3638 non
1944 3583 2119 3638 solum

527 3675 584 3721 ut
613 3667 786 3735 multi,
845 3669 947 3723 sed
1003 3670 1167 3724 etiam
1225 3677 1284 3725 ut
1338 3671 1478 3726 bene
1508 3670 1774 3727 interfecti
1816 3671 2116 3727 videantur.

526 3753 685 3822 Quod
714 3755 933 3826 quidem
963 3757 1019 3810 in
1048 3758 1404 3814 conversione
1422 3767 1768 3828 peccatorum
1798 3758 1913 3814 ﬁeri
1939 3759 2120 3814 cemi-

529 3851 635 3911 tur,
650 3857 773 3898 cum
804 3843 882 3898 sic
908 3845 1177 3914 praeterita
1198 3846 1474 3912 deserunt,
1496 3855 1552 3901 ut
1578 3848 1648 3902 ad
1677 3847 1868 3902 eadem
1887 3847 2122 3901 delecta-

531 3939 710 3986 menta
739 3949 1010 4004 nunquam
1038 3933 1380 3990 reviviscent.
1432 3935 1578 3991 Caedi
1609 3935 1790 4006 utique
1820 3934 2128 4005 peccatori-

532 4019 654 4085 bus,
679 4029 757 4075 est
784 4020 851 4074 ad
883 4024 1098 4092 tempus
1127 4037 1160 4077 a
1189 4024 1327 4094 turpi
1354 4023 1462 4078 vita
1482 4023 1744 4094 separari.
1768 4023 2129 4078 Vehementer

535 4123 688 4179 ergo,
720 4108 834 4164 sive
863 4109 1024 4164 nimis
1053 4110 1210 4178 caedi,
1237 4121 1320 4166 est
1348 4111 1660 4182 temporalis
1686 4112 1816 4167 vitae
1845 4111 2129 4167 illecebras

535 4195 778 4267 perfecte
805 4197 1078 4268 deserere,
1102 4207 1160 4252 ut
1186 4199 1378 4254 tutum
1397 4199 1607 4270 gaudiis
1636 4199 1862 4254 inhiare.
1888 4200 2130 4270 Ipsorum

542 4300 700 4350 vero,
747 4284 834 4354 qui
869 4294 1276 4354 convertuntur,
1323 4286 1452 4358 quia
1493 4286 1662 4341 multa
1705 4287 1992 4341 diversitas
2030 4293 2128 4353 est,

545 4373 786 4444 sequitur
817 4390 830 4425 :

613 4485 862 4553 (Ver-5.21
882 4492 918 4553 .)
936 4485 1051 4542 Sed
1071 4491 1126 4542 et
1150 4487 1389 4555 Hebrwi,
1415 4490 1510 4558 qui
1537 4491 1773 4559 fuerant
1803 4505 1933 4544 cum
1955 4489 2137 4545 Phili-

548 4573 706 4628 stiim
728 4574 850 4629 heri
870 4579 924 4630 et
947 4574 1382 4641 nudiustertius,
1405 4577 1889 4649 ascenderantque
1909 4595 2037 4634 cum
2057 4578 2136 4633 eis

551 4663 613 4715 in
636 4662 861 4726 castris,
885 4663 1092 4718 reversi
1120 4669 1277 4733 sunt,
1300 4668 1365 4720 ut
1394 4670 1580 4720 essent
1601 4681 1731 4721 cum
1749 4667 1939 4732 Israel,
1964 4669 2018 4722 et
2052 4667 2138 4722 his

557 4750 652 4821 qui
681 4754 848 4805 erant
881 4767 1010 4806 cum
1045 4752 1181 4808 Saul
1211 4756 1266 4807 et
1298 4752 1568 4809 Jonatha.

624 4843 712 4894 28.
746 4837 849 4906 Qui
879 4847 1000 4893 sunt
1030 4839 1270 4907 Hebraei,
1303 4841 1393 4912 qui
1424 4842 1640 4896 fuerant
1679 4859 1802 4897 cum
1833 4842 2136 4909 Philistteis,

553 4927 657 4983 nisi
685 4935 999 5000 peccatores
1029 4943 1060 4982 a
1088 4927 1344 5000 religiosa
1390 4931 1796 4986 conversatione
1851 4931 2034 5000 lapsi?
2064 4931 2142 4984 De

555 5016 751 5088 quibus
775 5031 882 5070 non
912 5016 1069 5071 valde
1099 5033 1261 5086 supra
1291 5018 1494 5072 dictum
1521 5027 1633 5073 est:
1661 5020 1872 5074 Hebraei
1895 5020 2140 5074 transie-

552 5109 694 5161 runt
710 5104 1032 5160 Iordanem.
1047 5104 1259 5160 llebraai
1275 5104 1488 5175 quidem
1503 5107 1824 5162 suntordine
1842 5106 2141 5178 religionis,

551 5194 648 5249 sed
678 5210 798 5249 cum
832 5192 1101 5248 Philisteis
1128 5201 1266 5261 sunt,
1292 5202 1345 5250 et
1374 5209 1498 5249 cum
1527 5195 1604 5249 eis
1632 5195 1944 5259 ascendunt,
1979 5210 2147 5265 quan-

552 5282 648 5336 diu
679 5299 777 5352 per
805 5281 1191 5354 suggestiones
1228 5283 1420 5338 noxias
1468 5282 1779 5349 illuduntur,
1813 5287 1867 5337 et
1894 5283 1946 5336 in
1980 5297 2147 5353 prava

553 5371 861 5438 operatione
889 5370 1197 5440 proﬁciunt.
1248 5371 1378 5425 Cum
1411 5371 1660 5443 malignis
1691 5371 1908 5440 quidem
1941 5371 2145 5442 spiriti-

553 5457 654 5509 bus
681 5466 804 5510 sunt
830 5459 1113 5528 proposito
1143 5467 1198 5514 et
1227 5460 1503 5514 voluntate
1533 5458 1759 5530 peccati,
1788 5460 1885 5514 sed
1915 5475 2036 5516 cum
2068 5460 2146 5516 eis

552 5543 865 5612 ascendunt,
898 5548 1026 5616 quia
1056 5547 1186 5618 ipsis
1216 5547 1639 5620 impellentibus,
1672 5547 1727 5604 in
1757 5547 2042 5604 audaciam
2086 5565 2145 5606 se

2140 3099 2189 3164 C

2164 4450 2222 4512 D

2210 2707 2453 2778 ejusdem
2484 2708 2708 2760 remotae
2737 2702 2863 2756 vitae
2891 2700 3267 2756 convenientia
3297 2699 3450 2754 lucra
3480 2695 3793 2769 signantur?

2212 2797 2328 2851 Mos
2349 2808 2588 2864 namque
2618 2791 2830 2846 illorum
2859 2789 3096 2844 virorum
3140 2803 3257 2843 esse
3303 2788 3464 2855 solet,
3498 2794 3555 2840 ut
3583 2783 3796 2839 verbum

2213 2884 2391 2954 potius
2417 2879 2819 2937 consulentibus
2849 2893 2906 2932 se
2931 2893 3093 2947 quam
3120 2875 3226 2930 sibi
3256 2874 3646 2930 obsistentibus
3675 2885 3798 2940 pro-

2217 2973 2410 3036 ferant,
2443 2969 2567 3040 quia
2598 2967 2699 3022 nisi
2728 2968 2988 3022 devotum
3040 2979 3134 3020 cor
3180 2963 3444 3019 auditoris
3488 2963 3796 3033 agnoscunt,

2216 3058 2658 3131 praedicationem
2678 3071 2825 3110 suam
2845 3053 2993 3126 quasi
3015 3053 3068 3108 in
3091 3069 3318 3108 vacuum
3344 3051 3640 3123 perituram
3657 3046 3802 3101 emit-

2221 3155 2332 3203 tere
2361 3147 2737 3216 dedignantur.
2762 3141 2912 3196 Prius
2943 3157 3074 3213 ergo
3105 3155 3271 3212 quam
3303 3156 3364 3194 se
3395 3139 3511 3194 suis
3541 3137 3594 3190 in
3621 3133 3806 3204 praelia

2223 3235 2446 3298 socient,
2491 3233 2789 3287 Philistaeos
2839 3229 3041 3300 fugisse
3083 3229 3355 3283 audiunt:
3392 3228 3520 3297 quia
3559 3239 3664 3279 non
3708 3231 3806 3276 tam

2223 3323 2464 3380 scelestis
2492 3319 2876 3376 convertendis
2914 3316 3218 3389 invigilant,
3253 3331 3422 3388 quam
3447 3312 3722 3371 conversis
3748 3308 3812 3364 ad

2224 3409 2556 3483 perfectioris
2584 3409 2708 3464 vita:
2740 3407 2961 3478 fastigia
2990 3403 3366 3461 sublevandis.
3394 3405 3516 3474 Ipsa
3545 3411 3718 3456 autem
3735 3415 3810 3452 su-

2226 3499 2465 3554 blimitas
2495 3499 2622 3553 vitae
2653 3494 3005 3567 perfectioris,
3039 3494 3166 3564 quia
3195 3493 3425 3547 suaderi
3468 3505 3681 3562 magna
3721 3502 3813 3541 ex-

2228 3585 2546 3643 hortationis
2595 3584 2867 3640 laboribus
2909 3583 3063 3648 solet,
3116 3582 3209 3652 qui
3262 3580 3476 3652 fugisse
3520 3577 3815 3633 Philistteos

2231 3675 2470 3741 audiunt,
2517 3672 2752 3743 praeliari
2782 3671 2979 3726 merito
3003 3671 3272 3724 dicuntur.
3303 3669 3508 3724 Hostes
3530 3667 3707 3735 itaque
3733 3662 3813 3716 fu-

2231 3765 2407 3833 giunt,
2431 3763 2528 3817 sed
2559 3777 2730 3832 nuper
2757 3757 3054 3814 absconditi
3084 3757 3424 3828 praeliantur,
3450 3755 3582 3827 quia
3610 3758 3820 3808 remota:

2231 3852 2355 3907 vita:
2384 3851 2489 3905 viri
2519 3865 2628 3905 non
2655 3849 2944 3920 dignantur
2972 3846 3138 3917 loqui,
3188 3845 3292 3899 nisi
3341 3844 3563 3900 devotis
3608 3841 3819 3896 audito-

2233 3939 2404 4006 ribus,
2420 3939 2517 3994 sed
2534 3939 2812 4008 loquentes
2828 3935 2951 3990 vitae
2969 3951 3131 4005 quam
3145 3933 3251 4003 ipsi
3267 3940 3478 4002 tenent,
3494 3929 3823 3987 altitudinem

2236 4043 2434 4098 magna
2461 4026 2744 4081 verborum
2774 4033 2933 4094 atque
2965 4020 3340 4091 exemplorum
3385 4035 3579 4092 pugna
3607 4017 3826 4073 suadere

2238 4115 2326 4169 vix
2357 4120 2593 4185 possunt.
2637 4113 2702 4166 Et
2731 4111 2856 4182 quia
2885 4126 3084 4181 magna
3112 4109 3260 4164 lucra
3289 4106 3705 4178 praedicationis
3747 4105 3829 4157 in-

2239 4202 2399 4270 firmi,
2424 4210 2476 4257 et
2511 4199 2812 4271 imperfecti
2841 4199 3098 4270 colligere
3128 4214 3234 4254 non
3269 4205 3526 4268 possunt,
3560 4195 3827 4266 sequitur:

2312 4317 2484 4385 (Vers,
2517 4313 2633 4382 22.)
2673 4315 2855 4369 Erant
2894 4329 3023 4370 cum
3055 4313 3203 4368 Saul
3246 4315 3411 4385 quasi
3442 4313 3641 4368 decem
3680 4306 3834 4363 milia

2243 4405 2513 4460 virorum.

2314 4493 2435 4545 Non
2474 4492 2548 4545 ait
2591 4491 2781 4546 decem
2829 4489 3017 4556 millia,
3067 4489 3162 4545 sed
3210 4489 3361 4560 quasi
3405 4491 3606 4544 decem
3655 4482 3834 4540 millia.

2244 4580 2417 4648 Hujus
2447 4580 2680 4651 denique
2710 4579 2919 4633 numeri
2943 4577 3172 4649 perfecta
3193 4577 3459 4648 perfectio
3491 4577 3547 4630 in
3575 4583 3717 4630 terra
3737 4584 3837 4624 non

2245 4667 2536 4737 invenitur,
2566 4667 2660 4722 sed
2686 4667 2737 4720 in
2771 4667 2928 4722 caelo.
2959 4666 3098 4735 Quia
3127 4667 3269 4723 enim
3301 4682 3502 4720 novem
3536 4672 3663 4720 sunt
3691 4658 3839 4717 ordi-

2245 4771 2344 4809 nes
2373 4756 2709 4827 angelorum,
2743 4763 2797 4810 et
2825 4755 2891 4809 ad
2925 4755 3140 4809 illorum
3186 4755 3507 4810 societatem
3553 4753 3840 4806 electorum

2247 4843 2341 4898 illa
2386 4845 2667 4899 hominum
2711 4844 2997 4899 multitudo
3044 4843 3362 4910 sustollitur,
3413 4843 3616 4897 decem
3676 4833 3846 4892 millia

2248 4933 2485 4987 virorum
2516 4933 2607 4986 illa
2637 4937 2788 5000 sunt,
2820 4949 2941 5001 quae
2985 4932 3041 4984 in
3080 4932 3278 4986 sanctis
3306 4931 3545 5002 angelis,
3581 4934 3638 4984 et
3667 4923 3848 4981 electis

2251 5021 2558 5076 hominibus
2587 5020 2641 5073 in
2672 5019 2766 5073 illa
2794 5028 3010 5075 aeternae
3059 5019 3249 5092 gloriae
3295 5019 3427 5073 sede
3483 5014 3846 5090 gratulantur.

2252 5107 2421 5175 Quasi
2467 5122 2600 5178 ergo
2637 5106 2824 5161 decem
2869 5105 3037 5160 millia
3065 5106 3303 5161 virorum
3337 5104 3430 5160 illa
3461 5114 3618 5170 sunt,
3652 5116 3772 5171 quae
3801 5098 3854 5151 in

2253 5196 2405 5250 istius
2434 5195 2609 5250 adhuc
2633 5194 2813 5250 surculi
2843 5195 3036 5249 exsilio
3064 5194 3260 5263 posita,
3292 5193 3435 5246 illius
3467 5193 3650 5246 beatae
3679 5186 3853 5242 socie-

2253 5283 2375 5338 tatis
2404 5285 2634 5339 formam
2694 5283 2748 5337 in
2798 5283 3036 5338 moribus
3089 5288 3464 5352 susceperunt.
3530 5279 3679 5348 Quia
3734 5276 3856 5330 item

2251 5372 2394 5428 illius
2453 5388 2704 5444 supernae
2757 5372 2888 5426 vitae
2945 5386 3127 5425 amore
3201 5376 3553 5441 peccatorum
3625 5365 3857 5422 tenebrae

2251 5462 2645 5532 relinquuntur,
2675 5461 2915 5532 sequitur
2946 5478 2957 5514 :

2321 5549 2500 5621 (Vers.
2525 5551 2636 5620 23.)
2661 5550 2729 5605 Et
2759 5551 2996 5606 saluauit
3020 5549 3292 5606 Dominus
3317 5549 3377 5602 in
3407 5545 3506 5603 die
3532 5547 3645 5602 illa
3661 5542 3852 5601 Israel.
