3996 6164
289 313 393 368 377

1108 308 1184 367 ΙΝ
1223 308 1489 370 PRIMUM
1526 312 1771 370 REGUM
1811 312 2342 371 EXPOSITIONES.
2386 345 2453 356 —
2493 315 2622 372 LIB.
2662 313 2733 371 V.

3502 311 3608 366 3'78

367 434 768 507 Contemplatio
786 435 1002 507 quidem
1019 435 1403 492 internzelucis
1421 435 1710 507 splendida
1736 435 1896 493 valde
1921 437 1981 500 A
2008 452 2168 493 omne
2197 437 2340 507 quod
2369 436 2733 506 blandiuntur,
2766 454 2860 493 eas
2886 436 3099 494 animas
3129 437 3333 510 quibus
3360 435 3604 493 delecta-

292 531 460 594 ntque
481 524 782 580 clarissima
811 525 928 580 dies
974 533 1072 593 est,
1104 526 1162 579 in
1190 541 1296 595 qua
1324 524 1586 580 Dominus
1639 526 1900 581 lsraelem

290 612 492 680 salvat,
550 613 676 683 quia
733 630 966 686 quorum
1023 614 1192 670 corda
1220 613 1340 669 luce
1384 612 1563 668 intimi
1593 613 1901 683 splendoris

293 700 537 768 irradiat,
570 700 626 754 in
657 701 1033 757 celsitudinem
1064 708 1336 773 perpetua:
1357 702 1547 756 salutis
1575 701 1740 757 levat.
1765 698 1893 758 Sal-

291 803 424 843 vare
449 788 653 860 quippe
697 789 754 843 in
787 790 876 845 die
932 790 1026 845 illa
1063 791 1327 846 Dominus
1382 789 1595 859 dicitur,
1652 790 1777 861 quia
1832 790 1902 845 ad

293 883 517 931 eterna:
530 877 662 933 vita;
676 892 918 933 amorem
959 893 1123 934 nemo
1151 878 1520 947 succenditur,
1573 878 1661 935 cui
1699 878 1902 934 intimae

295 964 435 1021 lucis
461 966 725 1035 splendor
749 966 1081 1023 occultatur.
1113 966 1193 1022 Ad
1222 969 1362 1024 hanc
1418 966 1608 1023 salutis
1663 968 1901 1038 gratiam

296 1068 406 1107 non
436 1052 617 1108 solum
646 1055 841 1124 electa,
875 1056 972 1110 sed
1001 1054 1164 1111 etiam
1187 1055 1447 1127 despecta
1475 1071 1597 1125 quae
1651 1055 1905 1112 videntur

293 1141 489 1196 mundi
517 1143 1028 1213 perveniunt.Unde
1055 1152 1109 1199 et
1136 1144 1384 1199 subditur
1411 1163 1422 1198 :

368 1230 543 1298 (Vers.
566 1231 680 1302 23.)
693 1234 890 1303 Pugna
904 1236 1098 1288 autem
1119 1233 1379 1302 pervenit
1395 1248 1572 1305 usque
1595 1230 1898 1288 Bethaven.

370 1320 455 1372 30.
474 1319 745 1375 Bethaven
774 1320 974 1375 dicitur
1001 1320 1194 1376 domus
1223 1320 1449 1375 inutilis.
1512 1320 1666 1376 Hanc
1696 1320 1903 1392 quippe

292 1404 542 1461 inutilem
586 1408 852 1463 Dominus
906 1408 962 1462 in
1008 1408 1286 1478 parabolis
1341 1408 1652 1477 ostendens,
1712 1423 1902 1479 regem

290 1509 452 1550 servo
482 1493 539 1548 in
554 1496 755 1565 nuptiis
785 1496 862 1566 (a)
885 1496 1292 1567 praecipientem
1325 1496 1620 1553 introducit
1663 1496 1851 1552 dicens
1883 1514 1895 1550 :

289 1583 409 1638 Exi
420 1584 535 1638 cito
549 1584 614 1639 in
625 1585 848 1655 plateas
866 1590 923 1641 et
936 1585 999 1640 in
1016 1586 1164 1642 vicos
1177 1587 1517 1654 civitatis,et
1532 1601 1813 1657 pauperes
1833 1602 1898 1641 ac

291 1670 521 1738 debiles,
543 1686 794 1729 cacosac
825 1674 1057 1730 claudos
1076 1674 1340 1730 introduc
1360 1674 1638 1741 huc(Luc.
1657 1689 1767 1742 xlv,
1785 1677 1897 1744 21).

292 1758 570 1828 Pauperes
598 1758 819 1830 quidem
846 1768 987 1827 sunt,
1020 1762 1111 1832 qui
1164 1762 1318 1817 verbi
1347 1762 1448 1817 Dei
1500 1763 1789 1817 thesauros
1844 1761 1899 1817 in

292 1845 463 1900 corde
519 1862 619 1902 suo
653 1851 817 1915 314
852 1848 1075 1905 minime
1101 1849 1427 1905 recondunt.
1494 1849 1717 1905 Debiles
1782 1865 1903 1905 vero

292 1938 442 1999 sunt,
471 1934 563 2005 qui
594 1934 843 1992 laborare
858 1938 991 1992 satis
1013 1953 1112 2007 pro
1126 1945 1329 1993 aeterna
1355 1938 1469 1993 vita
1497 1953 1606 1992 non
1660 1944 1901 2009 possunt.

296 2021 442 2076 Caci
464 2037 598 2078 vero
626 2023 810 2080 idiotas
827 2039 892 2080 ac
921 2025 1202 2095 simplices
1233 2026 1609 2098 designantur,
1632 2024 1761 2096 quia
1774 2025 1904 2080 dum

296 2109 540 2165 caelestia
582 2127 924 2184 nequaquam
954 2114 1158 2182 vident,
1191 2114 1394 2169 lumine
1444 2113 1640 2168 mentis
1694 2121 1899 2169 carent.

297 2196 492 2252 Claudi
522 2214 653 2254 vero
678 2208 824 2268 sunt,
857 2201 947 2271 qui
976 2217 1225 2273 gressum
1252 2201 1381 2257 boni
1399 2201 1583 2272 cperis
1639 2200 1904 2271 perdide-

296 2293 445 2339 runt.
459 2285 590 2351 Sed,
608 2289 807 2359 Pugna
824 2290 1084 2360 pervenit
1101 2305 1274 2362 usque
1295 2288 1736 2359 Bethaven,quia
1755 2303 1899 2359 saepe

297 2374 519 2429 inutiles
544 2390 795 2444 personae
822 2377 951 2431 dum
980 2379 1248 2433 sermonis
1290 2377 1390 2432 Dei
1418 2377 1564 2433 bello
1595 2376 1904 2447 capiuntur,

296 2461 351 2515 in
381 2462 507 2531 ejus
536 2463 770 2520 redactae
784 2464 1061 2519 servitium
1089 2465 1254 2521 utiles
1274 2464 1426 2519 fiunt.
1462 2465 1744 2536 Pugnatur
1791 2464 1907 2536 qui-

298 2550 431 2605 dem
457 2564 584 2606 cum
611 2552 773 2607 caecis
786 2560 846 2607 ut
870 2553 1107 2619 videant,
1126 2568 1249 2609 cum
1275 2552 1485 2607 claudis
1500 2561 1560 2607 ut
1587 2552 1907 2621 subsistant,

298 2654 427 2692 cum
456 2640 801 2710 pauperibus
832 2649 890 2695 ut
917 2657 1132 2697 morum
1152 2643 1436 2697 thesauros
1452 2641 1744 2711 accipiant,
1783 2656 1907 2696 cum

301 2725 582 2782 debilibus
608 2732 666 2782 ut
696 2728 767 2783 ad
789 2729 960 2784 robur
985 2730 1112 2784 boni
1141 2728 1321 2799 operis
1350 2730 1757 2784 convalescant.
1796 2730 1905 2784 Us—

304 2830 413 2883 que
463 2830 593 2886 ergo
646 2816 922 2872 Betbaven
963 2832 1147 2889 pugna
1201 2817 1526 2887 perducitur,
1562 2816 1774 2887 quando
1833 2815 1909 2870 illi

304 2911 618 2957 sanctorum
634 2904 1022 2974 praedicatione
1050 2905 1353 2974 capiuntur,
1378 2904 1469 2974 qui
1488 2904 1772 2959 utilitatem
1805 2904 1912 2959 ali-

307 2990 397 3044 cui
428 2992 788 3046 necessariam
818 2992 1017 3048 habere
1059 2992 1263 3047 nullam
1293 2991 1643 3049 videbantur.
1674 2993 1832 3050 Unde
1864 2998 1918 3046 et

315 3077 572 3132 subditur
600 3098 612 3132 :

382 3166 562 3233 (Vers.
595 3168 710 3238 24.)
731 3169 799 3223 Et
830 3169 1017 3225 omnis
1038 3168 1574 3225 virlsraelsociatus
1599 3172 1687 3225 est
1714 3170 1819 3225 sibi
1848 3170 1910 3224 in

307 3253 399 3308 die
430 3254 555 3308 illa.

381 3345 482 3395 3t.
520 3341 709 3398 Omnis
758 3344 979 3414 quidem
1009 3345 1091 3399 vir
1142 3344 1483 3417 praedicatori
1537 3345 1912 3417 conjungitur,

319 3429 540 3499 quando
587 3432 825 3487 conditio
854 3434 1131 3488 hominum
1160 3434 1311 3488 nulla
1340 3433 1681 3503 relinquitur,
1714 3449 1783 3489 ex
1812 3449 1917 3506 qua

318 3518 578 3573 conversi
608 3520 675 3574 ad
706 3520 906 3575 bonam
924 3522 1396 3577 conversationem
1427 3522 1650 3576 minime
1707 3522 1915 3592 perdu-

314 3614 521 3661 cantur.
583 3607 689 3662 Sed
739 3609 830 3678 qui
857 3608 985 3664 Saul
1015 3609 1287 3665 sociantur
1320 3610 1421 3664 viri
1451 3609 1581 3665 dicti
1610 3616 1751 3675 sunt,
1793 3608 1920 3678 quia

318 3697 722 3766 qualescunque
752 3696 806 3749 in
837 3696 1040 3753 saeculo
1068 3714 1274 3765 sumus,
1321 3698 1375 3751 in
1406 3697 1503 3752 Dei
1536 3696 1920 3767 omnipotentis

316 3785 541 3840 servitio
561 3799 679 3840 esse
704 3785 876 3841 fortes
890 3786 1264 3842 admonemur.
1282 3786 1402 3841 Nisi
1421 3784 1520 3840 viri
1538 3784 1739 3842 etenim
1770 3800 1916 3855 prae-

318 3873 657 3929 dicatoribus
684 3888 1031 3945 nequaquam
1075 3874 1367 3942 sociantur,
1406 3873 1533 3944 quia
1550 3889 1674 3930 cum
1701 3873 1781 3928 eis
1810 3887 1919 3928 non

318 3962 668 4031 conveniunt,
700 3962 803 4015 nisi
858 3961 1019 4017 fortia
1040 3962 1140 4033 ipsi
1170 3969 1355 4034 agant,
1389 3978 1509 4034 quae
1537 3961 1615 4016 illi
1673 3960 1918 4016 docendo

1947 3122 1996 3187 C

320 4050 564 4105 laudant.
597 4049 703 4104 Sed
716 4050 831 4117 jam
852 4048 1079 4106 devictis
1109 4050 1371 4118 hostibus,
1397 4050 1519 4119 jam
1550 4049 1653 4105 sibi
1683 4048 1919 4105 fortibus
1968 4088 1971 4093 η

321 4138 650 4207 conjunctis,
667 4137 797 4208 quid
818 4153 913 4193 rex
929 4147 1077 4210 agat,
1109 4146 1310 4196 attente
1326 4137 1788 4196 considerandum
1814 4144 1914 4191 est.

324 4225 588 4296 Sequitur
615 4244 628 4281 ε

396 4314 577 4381 (Vers.
616 4313 742 4384 2t.)
772 4314 855 4368 Et
869 4315 1156 4383 adiurauit
1179 4314 1640 4386 Saulpopulum,
1673 4313 1867 4369 dicens
1899 4328 1915 4362 .-

323 4402 655 4457 Haledictus
688 4404 776 4458 vir
798 4404 895 4475 qui
928 4402 1231 4459 comederit
1270 4417 1443 4474 usque
1478 4402 1550 4457 ad
1601 4417 1919 4473 vesperum,

328 4489 507 4545 donec
533 4491 782 4546 ulciscar
800 4492 865 4546 de
884 4492 1137 4548 inimicis
1164 4493 1328 4547 meis.

403 4580 494 4633 32.
525 4576 732 4634 Inimici
746 4578 1165 4650 praedicatorum
1197 4579 1273 4633 illi
1302 4586 1444 4646 sunt,
1479 4580 1548 4634 de
1576 4577 1769 4648 quibus
1785 4577 1931 4633 Psal-

329 4666 497 4720 mista
521 4667 786 4730 obsecrat.
823 4667 1240 4740 dicens:Eripe
1277 4683 1369 4722 me
1382 4666 1449 4723 de
1493 4666 1743 4743 inimicis
1763 4665 1923 4730 meis,

330 4756 486 4811 Deus
498 4771 674 4821 meus,
689 4761 747 4812 et
761 4756 830 4811 ab
840 4756 1266 4828 insurgentibus
1278 4756 1342 4811 in
1356 4771 1441 4811 me
1456 4755 1629 4810 libera
1644 4769 1734 4810 me
1749 4755 1904 4825 (Psal
1912 4794 1924 4806 .

332 4859 493 4912 Lvm,
524 4844 598 4913 1).
627 4843 837 4900 Inimici
866 4844 1084 4914 quidem
1103 4850 1406 4899 sanctorum
1461 4849 1604 4921 recte
1660 4840 1929 4897 immundi

332 4931 562 5002 spiritus
591 4933 863 5001 dicuntur,
893 4932 1021 5004 quia
1048 4932 1236 4989 mundi
1282 4930 1649 4987 blandimenta
1678 4946 1799 5000 quae
1850 4929 1928 4983 illi

332 5028 656 5092 suggerunt,
686 5021 940 5091 amplecti
981 5021 1067 5075 isti
1097 5036 1298 5093 magno
1344 5019 1525 5075 studio
1571 5019 1925 5074 detestantur.

332 5109 477 5162 Nam
507 5108 700 5179 quibus
728 5109 908 5164 adhuc
936 5108 1144 5180 aliquid
1160 5108 1229 5165 de
1257 5107 1480 5181 maligni
1510 5107 1727 5179 spiritus
1756 5104 1931 5162 consi-

334 5196 425 5251 liis
452 5196 649 5267 placet,
688 5197 812 5267 ejus
840 5197 1024 5267 utique
1051 5197 1300 5253 inimicus
1325 5212 1433 5253 non
1464 5203 1563 5262 est,
1595 5194 1722 5267 quia
1750 5194 1932 5249 odisse

332 5284 575 5342 nondum
600 5287 770 5354 novit,
801 5288 958 5358 cujus
1000 5286 1372 5342 blandimenta
1399 5301 1508 5340 non
1562 5283 1785 5355 respuit.
1820 5281 1931 5337 lni-

338 5374 464 5431 mici
495 5375 657 5431 etiam
714 5382 1028 5432 sanctorum
1058 5376 1331 5443 dicuntur,
1361 5381 1420 5430 ut
1446 5389 1513 5429 ex
1540 5387 1693 5428 sacro
1722 5369 1935 5442 eloquio

338 5463 685 5536 detegantur.
740 5465 882 5522 Nam
932 5479 1032 5536 per
1076 5478 1240 5521 omne
1283 5462 1427 5536 quod
1458 5464 1782 5535 suggerunt,
1840 5474 1939 5531 per

391 5621 472 5691 (α)
494 5619 765 5678 Gussanv.
783 5637 909 5677 cum
923 5619 1123 5689 Vatic.,
1138 5618 1586 5693 praecipiendum
1599 5616 1938 5676 introducit.

2008 526 2189 581 biliter
2211 526 2407 592 favent,
2442 528 2670 597 perdere
2697 534 2974 583 conantur.
3025 526 3168 595 Quid
3198 534 3279 582 est
3307 541 3438 597 ergo
3461 523 3606 595 quod

2008 615 2272 686 populum
2300 615 2534 684 adjurat,
2568 631 2640 671 ne
2688 631 2858 687 usque
2888 616 2958 669 ad
2988 631 3278 686 vesperum
3332 612 3603 676 comedat,

2010 703 2184 758 donec
2212 703 2284 758 de
2314 702 2553 757 inimicis
2583 703 2692 757 suis
2724 702 2983 757 ultionem
3009 712 3188 759 sumat
3217 704 3244 755 εὶ
3275 703 3383 758 Sed
3414 709 3608 755 notan-

2009 791 2138 847 dum
2170 791 2296 861 quia
2321 791 2432 859 jam
2453 791 2681 846 devictis
2702 792 2950 846 hostibus
2979 791 3447 863 istaloquebatur.
3465 787 3606 856 Quid
3676 860 3677 873 χ

2010 894 2139 936 vero
2158 887 2240 935 est
2268 879 2558 935 comedere
2575 879 2892 949 victoribus,
2915 880 3017 935 nisi
3037 880 3104 934 de
3150 885 3366 950 peracto
3396 874 3610 931 virtutis

2009 983 2175 1038 opere
2206 967 2359 1023 cibos
2405 983 2560 1023 vanae
2591 966 2768 1022 laudis
2785 968 3120 1024 delectanter
3136 966 3390 1037 excipere
3406 965 3434 1016 ‘l
3451 962 3611 1019 Male-

2011 1056 2220 1124 dictus,
2244 1055 2438 1128 inquit,
2460 1058 2665 1122 omnis,
2709 1056 2805 1129 qui
2820 1059 2958 1112 ante
2980 1071 3269 1127 vesperum
3286 1050 3608 1116 comederit,

2011 1145 2139 1216 quia
2168 1145 2258 1214 qui
2287 1143 2448 1200 modo
2478 1159 2648 1201 vanas
2676 1144 2861 1199 laudes
2877 1152 3153 1216 gratanter
3206 1140 3425 1213 excipit,
3485 1144 3613 1194 tunc

2011 1241 2241 1289 aeternas
2266 1233 2535 1289 Creatoris
2562 1234 2754 1288 laudes
2780 1234 2999 1290 amittit.
3019 1232 3317 1303 Adjuratur
3352 1244 3483 1301 ergo
3503 1242 3609 1299 po-

2010 1321 2171 1390 pulus
2198 1337 2266 1376 ne
2295 1320 2566 1381 comedat.
2597 1320 2722 1391 quia
2738 1321 3022 1377 doctorum
3039 1324 3314 1392 praecepto
3330 1315 3609 1375 constrin-

2011 1410 2182 1480 gitur,
2214 1418 2272 1467 ut
2303 1411 2373 1465 de
2400 1410 2547 1465 bono
2573 1425 2738 1479 opere
2756 1409 2985 1465 inaniter
3013 1424 3289 1481 nunquam
3319 1405 3603 1479 glorietur.

2012 1497 2193 1552 Fortia
2223 1498 2363 1552 bene
2392 1498 2625 1554 vivendo
2654 1506 2800 1570 agat,
2832 1498 2926 1553 sed
2956 1497 3193 1570 quandiu
3218 1494 3614 1563 vixerit,appe-

2013 1593 2124 1641 tere
2178 1585 2249 1641 de
2307 1586 2624 1641 fortitudine
2681 1585 2872 1641 laudes
2898 1594 3107 1648 caveat,
3144 1593 3201 1639 ut
3229 1582 3433 1639 laudari
3488 1584 3615 1652 post

2011 1681 2239 1729 mortem
2262 1674 2587 1730 aaternaliter
2604 1690 2712 1730 non
2742 1675 3026 1730 ammittat.
3053 1673 3154 1742 Qui
3178 1673 3320 1728 enim
3338 1679 3462 1726 ante
3491 1685 3611 1727 ves-

1934 1786 1988 1848 B
2017 1777 2208 1831 perum
2238 1761 2505 1833 papulum
2538 1762 2864 1818 manducare
2892 1762 3186 1832 prohibuit,
3221 1761 3289 1815 ad
3326 1772 3613 1830 vesperum

2016 1848 2198 1921 utique
2214 1865 2333 1905 esse
2348 1850 2744 1905 comedendum
2761 1851 3044 1907 concessit.
3068 1852 3135 1906 Et
3148 1850 3273 1920 quia
3300 1848 3354 1903 in
3382 1860 3617 1915 vespere

2019 1936 2139 1992 finis
2167 1936 2274 1993 diei
2299 1944 2400 2002 est,
2431 1938 2487 1991 in
2515 1953 2805 2007 vesperum
2861 1939 3154 1993 comedunt
3209 1937 3298 2007 qui
3346 1933 3613 1991 abstinere

2016 2033 2142 2080 ante
2186 2040 2473 2095 vesperum
2531 2035 2774 2095 possunt,
2807 2026 2938 2098 quia
2992 2027 3082 2095 qui
3112 2025 3318 2081 laudari
3354 2023 3519 2078 modo
3547 2021 3615 2077 de

2017 2129 2219 2185 magna
2246 2112 2463 2169 actione
2492 2113 2738 2183 despicit,
2769 2131 2892 2169 cum
2921 2115 2990 2169 ad
3022 2114 3143 2170 vim
3172 2113 3333 2168 finem
3376 2111 3611 2172 ducitur,

2019 2202 2242 2257 aeternis
2270 2202 3038 2273 dignuslaudibusinvenitur.
3066 2203 3182 2258 Hoc
3210 2210 3308 2267 est,
3343 2200 3486 2270 quod
3501 2200 3619 2254 Do-

2018 2289 2198 2345 minus
2253 2306 2314 2345 se
2344 2289 2593 2345 daturum
2643 2291 2832 2346 electis
2857 2290 2911 2344 in
2940 2290 3238 2362 Evangelio
3272 2286 3614 2358 repromittit,

2018 2379 2210 2435 dicens
2230 2396 2242 2431 :
2266 2379 2432 2450 Euge,
2452 2394 2606 2435 serve
2631 2380 2767 2435 bone
2784 2383 2840 2435 et
2864 2379 3203 2451 fidelis,quia
3223 2380 3283 2433 in
3295 2392 3475 2449 pauca
3489 2375 3613 2446 fui-

2019 2468 2096 2523 sti
2108 2466 2316 2536 ﬁdelis,
2354 2483 2528 2538 supra
2543 2468 2731 2523 multa
2751 2473 2803 2524 te
2813 2470 3181 2533 constituam,
3214 2468 3373 2522 intra
3386 2464 3448 2519 in
3465 2479 3608 2533 gau-

2020 2554 2180 2611 dium
2220 2556 2447 2613 Domini
2491 2558 2581 2611 tui
2617 2558 2840 2618 (Matth.
2877 2570 3015 2623 xxv,
3053 2553 3524 2625 23).Hinciterum
3543 2551 3613 2604 ad

2018 2643 2286 2713 judicium
2303 2643 2713 2710 veniens,dicit:
2747 2645 2953 2711 Venite,
2969 2643 3249 2700 benedicti
3277 2642 3463 2697 Patris
3482 2639 3614 2704 mei,

2020 2732 2301 2803 percipite
2316 2747 2576 2803 regnum,
2596 2735 2759 2800 315
2798 2734 2940 2803 quod
2974 2733 3121 2788 vobis
3150 2735 3418 2803 paratum
3464 2732 3547 2784 est
3584 2743 3620 2781 a

2022 2820 2435 2875 constitutione
2450 2820 2652 2875 mundi
2670 2819 2831 2888 (Ibid.
2844 2860 2857 2885 ,
2875 2821 2976 2889 34).
3015 2821 3169 2873 Tunc
3186 2818 3401 2888 quidem
3421 2816 3488 2870 de
3506 2815 3618 2867 ini-

2026 2907 2182 2962 micis
2196 2906 2390 2961 nostris
2406 2907 2859 2976 ulciscimur,quia
2871 2923 3060 2962 omnes
3073 2914 3197 2961 tunc
3209 2902 3495 2960 diabolica:
3507 2910 3618 2956 ten-

2026 2994 2254 3049 tationes
2272 3003 2621 3050 evanescunt.
2644 2994 2780 3062 Quia
2815 2994 2959 3050 enim
2977 2995 3114 3048 ultra
3129 2993 3438 3048 daemonum
3481 2989 3617 3043 insi-

2029 3083 2133 3137 diae
2153 3082 2407 3137 tentando
2425 3083 2557 3137 nihil
2592 3083 2808 3151 obsunt,
2826 3099 2948 3138 cum
2966 3098 3067 3152 per
3082 3096 3297 3138 carnem
3337 3078 3615 3141 morimur,

2025 3170 2095 3224 de
2118 3168 2349 3223 inimicis
2379 3169 2572 3224 nostris
2586 3170 2912 3233 ulciscimur,
2934 3169 3190 3238 quosjam
3208 3166 3356 3221 velut
3372 3164 3621 3219 interfec-

2030 3264 2113 3311 tos
2130 3256 2342 3326 penitus
2362 3271 2467 3311 non
2500 3273 2778 3327 pavemus.
2793 3258 2891 3311 Vel
2904 3271 3038 3328 ergo
3052 3271 3227 3327 usque
3246 3256 3317 3309 ad
3330 3267 3618 3323 vesperum

2025 3344 2413 3400 comestionem
2442 3344 2758 3412 diﬂ‘erimus,
2778 3346 2822 3398 si
2852 3345 3028 3399 laudis
3045 3352 3245 3399 nostrae
3276 3337 3619 3411 praeconiain

2027 3431 2132 3487 line
2161 3439 2385 3487 venturo
2400 3432 2569 3500 judici
2601 3448 2956 3487 reservemus.
2982 3433 3132 3487 Tunc
3147 3430 3363 3502 quidem
3387 3428 3621 3481 mandu—

2026 3519 2262 3575 candum
2290 3529 2389 3585 est,
2425 3520 2550 3590 quia
2605 3521 2694 3592 qui
2720 3520 2890 3590 judex
2919 3528 3047 3575 tunc
3093 3518 3259 3581 venit,
3290 3517 3454 3571 modo
3510 3514 3621 3567 dux

2026 3608 2192 3662 nostri
2222 3608 2487 3663 exercitus
2533 3608 2998 3664 commilitonibus
3011 3605 3357 3677 repromittit,
3389 3604 3575 3659 dicens
3606 3616 3620 3657 :

2027 3696 2218 3751 Faciet
2230 3694 2357 3751 illos
2373 3694 2740 3763 discumbere,
2755 3700 2811 3752 et
2826 3696 3116 3752 transiens
3132 3691 3487 3751 ministrabit
3500 3691 3621 3745 illis

2030 3782 2183 3851 (Luc.
2234 3798 2332 3850 ιιι,
2385 3784 2501 3852 37).
2541 3784 2692 3838 Tunc
2720 3788 2921 3853 quippe
2972 3783 3200 3838 victores
3253 3778 3619 3843 discumbunt,

2029 3871 2155 3941 quia
2187 3869 2418 3925 internae
2445 3870 2640 3940 quietis
2668 3870 2776 3925 alta
2804 3872 2935 3926 sede
2963 3870 3187 3939 recepti,
3220 3867 3471 3939 perennis
3500 3865 3625 3920 vitae

2029 3957 2280 4011 laudibus
2293 3958 2645 4027 delectantur,
2671 3959 2890 4027 quando
2906 3958 3043 4027 ipsis
3066 3956 3363 4011 tacentibus
3381 3954 3622 4010 omnium

2032 4044 2293 4099 bonorum
2325 4061 2552 4115 operum
2583 4046 2856 4116 praeconia
2885 4044 3190 4111 concinunt,
3224 4052 3277 4098 et
3301 4042 3459 4096 simul
3489 4055 3620 4110 pro-

2030 4132 2275 4187 feruntur
2294 4134 2365 4187 ad
2394 4133 2625 4205 gloriam
2648 4149 2771 4204 qum
2796 4133 2883 4186 hic
2922 4146 3124 4203 magna
3151 4130 3347 4185 virtute
3365 4128 3619 4183 fereban-

2030 4227 2116 4273 tur
2143 4220 2213 4275 ad
2241 4237 2506 4294 pugnam.
2539 4220 2794 4291 Sequitur
2826 4238 2838 4274 :

2103 4309 2276 4377 (Vers.
2296 4313 2384 4376 25,
2402 4309 2519 4379 26.)
2546 4310 2823 4381 Omneque
2841 4313 3009 4364 terrae
3025 4308 3220 4379 vulgus
3236 4306 3389 4363 venit
3427 4304 3490 4358 in
3501 4303 3623 4358 sal-

2035 4398 2247 4464 tum,in
2268 4414 2374 4471 quo
2393 4402 2516 4455 erat
2533 4399 2648 4452 mel
2664 4413 2836 4470 super
2849 4396 3058 4467 faciem
3075 4396 3219 4466 agri.
3235 4394 3527 4464 Ingressus
3539 4394 3624 4447 est

1946 4471 1999 4531 D
2029 4484 2218 4558 itaque
2227 4488 2467 4559 populus
2481 4485 3059 4557 saltum,etapparuit
3069 4484 3253 4553 ﬂuens
3269 4480 3627 4547 mel,nullus-

2037 4590 2140 4646 que
2168 4576 2450 4646 applicuit
2468 4590 2706 4629 manum
2735 4590 2897 4629 suam
2916 4573 2988 4628 ad
3003 4589 3062 4629 os
3082 4588 3268 4629 suum.

2110 4665 2197 4717 33.
2230 4663 2427 4727 Saltus,
2460 4662 2689 4719 silvosus
2707 4670 2867 4731 atque
2911 4660 3150 4716 clivosus
3194 4659 3345 4715 locus
3373 4666 3472 4713 est.
3506 4656 3627 4722 Quo

2038 4751 2289 4806 nimirum
2307 4750 2523 4806 nomine
2552 4753 2678 4821 apte
2698 4750 2863 4805 corda
2892 4748 3235 4805 saecularium
3255 4747 3627 4820 designantur,

2037 4839 2165 4909 quia
2193 4839 2323 4893 dum
2352 4846 2463 4894 tota
2491 4838 2790 4894 intentione
2817 4837 2959 4893 curis
2980 4836 3341 4893 exterioribus
3371 4833 3627 4899 serviunt,

2039 4927 2185 4983 velut
2214 4927 2568 4995 silvosaloca,
2596 4927 2741 4982 culta
2769 4925 2839 4981 ad
2870 4926 3100 4982 fructum
3152 4923 3280 4979 boni
3298 4921 3626 4990 operisprze-

2040 5014 2323 5071 dicationis
2352 5029 2574 5070 vomere
2631 5029 2739 5069 non
2769 5016 2912 5068 sunt.
2948 5011 3050 5079 Qui
3082 5026 3208 5066 vero
3237 5007 3431 5080 vulgus
3459 5005 3629 5077 [forte

2044 5105 2149 5175 leg.
2174 5102 2343 5175 vulgi]
2374 5102 2593 5158 nomine
2616 5101 2723 5156 hoc
2750 5101 2871 5156 loco
2902 5099 3199 5171 signantur,
3258 5093 3362 5149 nisi
3389 5092 3630 5165 religiosi

2042 5192 2143 5247 viri
2175 5200 2229 5247 et
2255 5191 2531 5261 simplices
2548 5191 2576 5243 ‘I
2594 5191 2777 5247 Terra:
2794 5188 3017 5260 quidem
3028 5185 3226 5255 vulgus
3254 5182 3484 5237 dicitur:
3505 5180 3633 5251 quia

2043 5281 2098 5335 in
2117 5280 2265 5337 bono
2294 5295 2459 5351 opere
2487 5278 2672 5351 magni
2703 5285 2846 5345 sunt,
2866 5276 2965 5330 sed
2986 5283 3162 5328 tamen
3191 5269 3454 5324 altissima
3499 5282 3635 5323 con-

2044 5369 2395 5440 templatione
2425 5365 2610 5439 magni
2637 5381 2744 5422 non
2764 5373 2916 5421 sunt.
2934 5360 3156 5417 Nobiles
3167 5356 3381 5429 quidem
3402 5356 3635 5427 actione,

2046 5460 2144 5516 sed
2172 5459 2370 5530 vulgus
2400 5470 2734 5515 summorum
2765 5453 3004 5514 virorum
3033 5446 3455 5520 comparatione.
3496 5443 3639 5515 Quid
