3996 6164
530 307 631 361 379

1729 286 1971 344 SANCTI
2012 277 2352 338 GREGORll
2393 273 2615 331 MAGNI

3686 280 3786 334 380

528 443 663 500 ergo
695 433 773 484 est
803 426 948 499 quod
976 426 1175 500 vulgus
1211 430 1378 482 tet-rce
1413 423 1564 480 venit
1608 424 1672 478 in
1719 421 1951 482 saltum,
2012 414 2118 469 nisi
2148 417 2201 479 Α
2234 406 2412 500 operis
2441 404 2562 460 vani
2595 403 2795 460 favoris
2823 410 3042 500 gustum
3065 399 3308 500 recipere
3338 400 3372 500 ‘l
3392 398 3639 498 Sedquia
3653 419 3788 500 more

527 518 651 589 quia
669 517 916 588 religiosi
937 523 988 570 et
1005 515 1284 585 simplices
1325 513 1423 567 viri
1445 510 1803 584 perexempla
1852 507 2121 562 bonorum

524 620 769 675 operum,
789 621 934 674 saepe
958 604 1026 658 ad
1047 605 1287 658 notitiam
1333 600 1676 658 saecularium
1715 598 2062 653 deducuntur
2089 594 2118 645 ἶ)

524 695 626 750 Ubi
658 694 763 747 mel
781 694 834 746 in
856 708 987 764 agro
1017 700 1260 762 apparet,
1282 691 1407 763 quia
1425 692 1494 744 de
1515 686 1768 757 exemplo
1799 685 1928 740 boui
1946 681 2123 753 operis

525 783 670 852 apud
691 783 980 836 saeculares
1015 781 1311 848 inveniunt,
1345 787 1396 834 et
1427 776 1731 832 devotionis
1761 772 2122 838 latitudinem,

528 879 580 926 et
614 871 852 925 fructum
882 869 1266 926 venerationis.
1307 867 1446 935 Quid
1476 867 1621 920 enim
1638 873 1717 919 est
1745 878 1877 934 ager
1897 861 1950 914 in
1963 859 2122 924 saltu,

527 960 629 1012 nisi
659 958 875 1012 devotio
905 957 959 1011 in
989 957 1186 1011 inculto
1229 965 1281 1011 et
1308 957 1667 1025 inexpurgato
1709 950 1874 1008 corde
1903 947 2120 1004 secula-

525 1046 662 1100 rium
696 1049 723 1098 ‘l
754 1047 817 1100 Et
845 1045 972 1116 quid
1002 1045 1109 1099 mel
1156 1061 1317 1114 super
1346 1042 1539 1098 faciem
1561 1041 1699 1112 agri,
1734 1037 1839 1093 nisi
1893 1034 2123 1092 dulcedo

524 1132 723 1189 favoris
752 1134 778 1187 ‘l
803 1133 906 1201 Qui
938 1134 1126 1188 merito
1157 1141 1280 1202 pOst
1309 1133 1612 1202 ingressum
1657 1127 1806 1198 vulgi
1862 1138 2125 1194 apparere

525 1222 742 1287 dicitur,
776 1222 903 1292 quia
931 1221 1186 1276 videlicet
1213 1236 1405 1290 aspera
1461 1217 1798 1274 saecularium
1859 1213 2044 1278 corda,
2078 1209 2124 1264 si

525 1310 670 1380 prius
699 1309 1082 1382 religiosorum
1113 1309 1362 1380 exempla
1399 1323 1507 1363 non
1538 1306 1740 1374 vident,
1792 1318 1892 1358 nec
1948 1301 2122 1356 latitu-

530 1398 656 1452 dine
687 1397 992 1452 devotionis
1023 1413 1081 1452 se
1109 1399 1290 1453 valent
1319 1396 1650 1460 distendere,
1682 1408 1781 1449 nec
1799 1392 1989 1446 aliena
2001 1404 2122 1444 san-

526 1486 722 1540 ctitatis
750 1486 978 1556 gloriam
1001 1486 1316 1555 praedicare.
1353 1489 1488 1539 Ante
1518 1484 1820 1555 ingressum
1879 1479 2118 1550 quidem,

530 1582 731 1628 tantum
761 1575 930 1628 saltus
952 1583 1050 1639 est,
1074 1591 1174 1628 nec
1211 1590 1400 1646 agrum
1432 1573 1612 1638 habet,
1663 1587 1763 1626 nec
1791 1569 1963 1624 ﬂuens
1992 1567 2118 1622 mel.

531 1663 657 1716 Post
675 1662 985 1733 ingressum
1042 1679 1195 1737 vero,
1230 1671 1281 1718 et
1311 1661 1647 1716 latitudinem
1678 1659 1796 1731 agri
1855 1658 2038 1723 habet,
2069 1664 2123 1710 et

2235 498 2528 552 electorum
2552 500 2758 564 peccat,
2813 508 2924 548 non
2950 492 3128 562 virga,
3162 487 3259 543 sed
3289 488 3613 544 extremitate
3637 492 3787 564 virgae

2231 585 2338 639 mel
2362 585 2545 639 levare
2574 581 2784 637 dicitur.
2822 581 3043 649 Virgam
3095 577 3298 648 quippe
3317 583 3368 630 et
3389 592 3592 631 manum
3645 579 3788 635 melle

2233 673 2447 744 planam
2471 672 2540 726 ad
2561 688 2622 726 os
2649 673 2988 733 convertunt,
3019 667 3114 738 qui
3141 668 3298 735 juxta
3325 663 3554 720 veritatis
3575 682 3748 722 vocem
3780 687 3792 722 :

2239 761 2436 818 Omnia
2457 775 2624 831 opera
2639 775 2741 814 sua
2753 758 3003 828 faciunt,
3022 760 3087 810 ut
3103 755 3169 810 ab
3187 752 3499 810 hominibus
3518 753 3794 811 videantur

2235 850 2453 918 (Matth.
2486 864 2644 914 mu,
2661 848 2737 913 5).
2770 847 2913 900 Dum
2933 843 3077 900 enim
3089 841 3205 897 suis
3223 840 3472 896 laudibus
3495 843 3797 910 saturantur,

2232 937 2340 992 mel
2368 952 2475 993 non
2521 936 2590 990 ad
2639 943 2854 990 tenuem
2884 937 3105 1005 gustum
3161 929 3360 984 habent
3413 929 3468 982 in
3521 931 3801 986 summitate

2231 1042 2420 1097 virgae,
2453 1024 2552 1080 sed
2581 1024 2667 1078 vel
2693 1024 2750 1076 in
2780 1031 2892 1078 tota
2921 1022 3066 1092 virg,
3094 1019 3180 1074 vel
3209 1020 3263 1072 in
3301 1033 3464 1073 manu
3495 1017 3563 1072 ad
3600 1019 3798 1088 plenam

2231 1113 2598 1169 refectionem.
2620 1111 2784 1166 Tales
2813 1110 2996 1180 utique
3027 1110 3200 1173 erant,
3233 1105 3428 1177 quibus
3462 1105 3709 1160 Dominus
3751 1106 3800 1160 in

2233 1201 2534 1272 Evangelio
2566 1198 3108 1269 exprobrat,dicens:
3143 1195 3418 1265 Quomodo
3442 1195 3668 1264 potestis
3687 1209 3798 1249 cre-

2232 1291 2625 1361 dere,gloriam
2646 1287 2966 1343 abinm‘cem
2984 1284 3321 1356 recipientes
3349 1282 3377 1334 ?
3399 1281 3580 1349 (Joan.
3622 1296 3672 1348 v,
3703 1282 3803 1348 tt.)

2232 1377 2380 1442 Quid
2410 1391 2540 1448 ergo
2569 1384 2652 1430 est
2679 1377 2796 1431 haec
2814 1375 2986 1446 virga
3024 1370 3358 1434 extremitas,
3395 1369 3495 1424 nisi
3551 1368 3670 1439 quia
3696 1367 3802 1438 ple-

2230 1481 2457 1535 rumque
2485 1474 2537 1520 et
2564 1465 2858 1521 Dominum
2888 1460 3196 1534 gloriﬁcare
3226 1459 3280 1513 in
3309 1473 3412 1513 suo
3431 1473 3590 1527 opere
3609 1457 3807 1526 quidem

2228 1554 2434 1615 volunt,
2477 1561 2528 1609 et
2584 1567 2844 1623 apparere
2867 1551 2971 1620 ipsi
3011 1548 3315 1604 laudabiles
3348 1561 3460 1601 non
3498 1544 3807 1614 refugiunt?

2229 1642 2424 1696 Merito
2449 1641 2617 1712 igitur
2645 1655 2830 1695 vocem
2875 1636 3062 1707 patris,
3113 1651 3219 1707 qua
3269 1633 3532 1705 populum
3568 1630 3811 1700 adjuravit

528 1719 874 1805 dulcedinem
904 1750 1101 1818 mellis,
1137 1719 1262 1822 quia
1283 1766 1425 1820 saepe
1451 1749 1539 1820 qui
1572 1719 1829 1802 mundum
1857 1719 2116 1816 diligunt,

2233 1732 2487 1786 Jonathas
2515 1745 2620 1784 non
2651 1728 2862 1783 audisse
2890 1724 3250 1794 dicitur,quia
3273 1722 3519 1786 Dei,sive
3539 1719 3648 1788 ejus
3675 1733 3806 1787 prae-

2248 1817 2284 1828 ..
2360 1826 2366 1828 Α
2440 1817 2451 1828 ο
2606 1816 2620 1828 1
2957 1813 3014 1828 ιο.
3163 1812 3173 1823 ο
3250 1827 3261 1828 γ
3322 1809 3542 1828 ⁸η--1-ᾼ-
3577 1805 3786 1828 ---μυ-ιι

525 1847 836 1892 sanctorum
886 1839 1131 1908 exempla
1152 1839 1375 1893 ferventi
1405 1852 1589 1892 amore
1612 1835 1892 1905 recipiunt,
1923 1841 1982 1888 ut
2011 1833 2119 1888 bo-

529 1942 654 1979 num
686 1926 828 1995 quod
858 1927 1063 1993 vident,
1096 1927 1196 1980 sibi
1226 1941 1333 1981 non
1363 1925 1537 1980 solum
1569 1923 1798 1994 placeat,
1831 1922 1930 1977 sed
1961 1922 2124 1976 etiam

526 2014 821 2084 praedicare
841 2015 1090 2070 attentius
1118 2016 1523 2086 concupiscant.
1551 2017 1674 2084 Ipsa
1706 2021 1884 2067 tamen
1901 2018 2123 2066 sancto-

526 2118 642 2156 rum
675 2103 784 2158 vita
813 2103 1074 2156 laudanda
1103 2113 1202 2170 est,
1235 2109 1290 2158 et
1339 2105 1454 2158 laus
1481 2103 1580 2157 ista
1637 2102 1706 2156 ab
1737 2101 1834 2166 eis,
1893 2115 2122 2170 quorum

528 2199 625 2255 est,
657 2207 754 2260 per
773 2207 966 2246 vanam
997 2192 1230 2264 gloriam
1281 2191 1584 2246 nullatenus
1613 2189 1897 2260 capienda.
1931 2189 2123 2244 Videri

529 2287 732 2333 tantum
762 2280 940 2343 debet,
974 2281 1146 2349 excipi
1177 2296 1285 2334 non
1322 2280 1500 2347 debet,
1532 2286 1590 2333 ut
1621 2278 1918 2349 gloriﬁcari
1950 2279 2122 2332 Deum

529 2368 757 2438 quisque
779 2369 832 2422 in
853 2385 950 2422 suo
980 2384 1143 2437 Opere
1172 2370 1427 2438 gaudeat,
1463 2367 1558 2422 sed
1589 2368 1658 2422 de
1689 2367 1786 2420 Dei
1816 2367 1992 2436 gratia
2021 2381 2121 2420 ex-

529 2455 642 2510 tolli
671 2463 996 2510 contemnat.
1032 2457 1185 2511 Unde
1216 2460 1269 2510 et
1297 2464 1458 2510 caute
1489 2471 1802 2524 expressum
1862 2461 1960 2520 est,
1999 2454 2125 2523 quia

530 2543 703 2597 ﬂuens
732 2545 837 2598 mel
870 2559 1032 2612 super
1060 2544 1252 2597 faciem
1285 2543 1399 2613 agri
1421 2541 1687 2613 apparuit,
1722 2550 1773 2596 et
1790 2549 1970 2596 tamen
2000 2557 2122 2595 ma-

530 2646 656 2683 num
688 2646 811 2686 cum
840 2631 1001 2685 melle
1032 2632 1099 2685 ad
1147 2647 1208 2686 os
1229 2647 1389 2686 nemo
1411 2631 1688 2701 applicuit.
1743 2630 1846 2684 Mel
1904 2630 2123 2700 quidem

531 2717 666 2783 ﬂuit,
691 2719 814 2787 quia
831 2718 1002 2773 dulcis
1023 2719 1164 2773 fama
1183 2728 1489 2774 sanctorum
1507 2719 1734 2775 dulciter
1761 2719 2125 2787 velociterque

530 2806 715 2860 currit.
738 2807 844 2861 Sed
863 2822 1056 2862 manus
1086 2807 1154 2862 ad
1184 2823 1245 2862 os
1268 2808 1444 2862 nullus
1473 2807 1637 2876 ducit,
1693 2808 1819 2876 quia
1859 2807 1925 2861 de
1958 2822 2126 2877 opere

529 2894 672 2949 bono
699 2894 1038 2951 dulcedinem
1069 2896 1249 2951 laudis
1279 2912 1386 2952 non
1418 2896 1633 2965 accipit.
1666 2896 1884 2949 Manum
1906 2894 2126 2964 quidem

531 2999 653 3038 cum
711 2985 873 3038 melle
931 2986 999 3038 ad
1057 3001 1116 3040 os
1147 2985 1424 3054 applicare
1468 2992 1550 3038 est
1580 2983 1794 3038 laudem
1821 2984 2006 3053 operis
2044 2983 2125 3036 sui

533 3079 806 3141 gratanter
832 3073 1099 3141 accipere.
1138 3073 1397 3127 Decurrat
1444 3088 1574 3143 ergo
1598 3072 1725 3138 mel,
1759 3079 1808 3124 et
1839 3085 1996 3124 nemo
2055 3071 2125 3124 ad

2231 1817 2483 1873 dicatoris
2509 1816 2676 1873 verba
2735 1829 2843 1871 non
2871 1813 3040 1881 audit,
3089 1812 3178 1883 qui
3209 1827 3275 1867 ea
3320 1809 3549 1880 implere
3577 1805 3806 1878 negligit.

2233 1907 2376 1975 Quid
2407 1921 2535 1962 vero
2566 1913 2664 1971 est,
2707 1903 2852 1974 quod
2872 1919 2934 1957 ex
2964 1909 3124 1974 gustu
3153 1898 3332 1956 mellis
3375 1895 3652 1952 illuminati
3702 1900 3810 1948 sunt

2232 1995 2371 2049 oculi
2401 1994 2664 2059 Jonathae,
2695 1991 2798 2046 nisi
2819 1991 2949 2064 quia
2976 1990 3067 2060 qui
3096 1988 3219 2043 vani
3245 1986 3452 2042 favoris
3480 1998 3660 2039 auram
3686 1980 3810 2036 reci-

2232 2083 2402 2153 piunt,
2435 2097 2505 2136 ex
2535 2081 2696 2136 edem
2727 2079 2795 2134 ad
2842 2078 3056 2150 agenda
3088 2075 3245 2131 fortia
3300 2075 3622 2130 roborantur
3656 2072 3682 2122 ‘l
3709 2070 3810 2123 Hoc

2233 2169 2450 2240 quidem
2481 2169 2600 2224 loco
2620 2184 2731 2224 non
2761 2163 3194 2235 dicunturaperti
3218 2163 3383 2227 oculi,
3407 2159 3646 2216 utclausi
3663 2158 3813 2212 fuisse

2230 2259 2547 2323 sentiantur,
2606 2257 2702 2312 sed
2751 2265 2809 2310 ut
2837 2262 3084 2326 reparato
3131 2251 3324 2324 vigore
3355 2249 3601 2320 corporis
3627 2247 3696 2301 ad
3745 2244 3816 2300 vi-

2233 2345 2438 2400 dendos
2467 2345 2856 2416 intelligantur,
2893 2351 2949 2398 et
2967 2341 3037 2398 ad
3057 2338 3487 2410 exstinguendos
3527 2337 3704 2392 hostes
3731 2349 3816 2386 re-

2233 2435 2422 2506 parati.
2453 2434 2610 2498 Quod
2641 2431 2895 2486 nimirum
2925 2429 3082 2486 elatis
3111 2429 3335 2484 omnino
3350 2424 3624 2488 convenit,
3653 2422 3738 2494 qui
3758 2436 3817 2476 ex

2232 2538 2298 2577 eo
2320 2521 2528 2593 majora
2555 2529 2609 2575 et
2639 2520 2798 2575 fortia
2835 2525 3022 2590 agunt,
3055 2531 3162 2587 quo
3192 2514 3492 2570 laudabilia
3523 2526 3685 2582 opera
3727 2521 3816 2562 sua

2233 2610 2411 2665 efferri
2439 2608 2804 2678 conspiciunt.
2845 2607 2956 2662 Sed
2977 2621 3124 2675 saepe
3154 2605 3335 2660 minor
3383 2603 3504 2657 zelo
3560 2596 3818 2656 cbaritatis

2233 2698 2542 2763 accendiur,
2575 2696 2664 2768 qui
2695 2695 3072 2767 delinquentes
3101 2708 3330 2764 magnos
3356 2692 3504 2747 viros
3559 2689 3627 2743 ad
3681 2683 3817 2740 Scri-

2233 2794 2506 2858 pturarum
2529 2785 2851 2839 memoriam
2883 2782 3137 2838 reducere
3161 2788 3408 2837 conatur.
3453 2777 3611 2835 Unde
3655 2782 3708 2830 et
3735 2787 3818 2826 se—

2235 2884 2416 2933 συιῐιιι*
2443 2889 2454 2926 ἶ

2305 2982 2482 3051 (Vers.
2529 2981 2644 3048 28.)
2678 2978 3144 3050 Respondensque
3173 2991 3326 3030 unus
3355 2975 3426 3030 de
3444 2972 3670 3046 populo,
3701 2969 3779 3024 ait
3811 2985 3826 3018 :

2234 3069 2613 3137 Jurejurando
2627 3067 2980 3124 constrinxit
2993 3069 3160 3136 pater
3177 3069 3310 3119 tuus
3320 3059 3827 3135 populum,dicem:

533 3127 592 3212 Ss
622 3176 840 3213 manum
871 3127 1123 3229 applicet,
1157 3168 1211 3213 ut
1241 3127 1957 3215 sanctorumlamaldulciter
1971 3158 2119 3224 ﬂuat,
2155 3127 2205 3189 Ο
2238 3127 2562 3216 Μαιέᾱὶσιαε
2582 3159 2669 3211 vir
2687 3127 3101 3226 quicomederit
3121 3127 3330 3224 panem
3349 3127 3536 3207 hodie.

532 3253 584 3299 et
615 3247 761 3315 ipsos
791 3248 1038 3317 aquibus
1069 3247 1252 3301 defluit
1281 3263 1386 3300 non
1431 3246 1676 3301 extollat.
1699 3247 1870 3310 Fluat,
1901 3254 1956 3298 ut
1983 3246 2121 3300 alios

530 3334 707 3400 saliet,
741 3335 835 3389 sed
864 3351 972 3390 non
1000 3343 1259 3404 sumatur,
1290 3351 1359 3390 ne
1390 3342 1617 3390 mortem
1659 3334 1928 3404 propinet.
1969 3335 2124 3389 Unde

529 3431 582 3476 et
609 3424 860 3478 subditur
888 3441 901 3476 :

601 3512 778 3580 (Vers.
811 3516 922 3571 26.)
964 3511 1211 3567 Timebat
1225 3512 1376 3567 enim
1393 3511 1630 3582 populus
1651 3514 2070 3583 juramentum.

599 3601 648 3665 3
667 3606 698 3666 ι
715 3602 763 3668 6
784 3601 1154 3655 Juramentum
1174 3600 1322 3671 regis
1340 3608 1446 3654 est:
1470 3600 1660 3655 Omnis
1692 3599 1856 3671 quise
1873 3600 2119 3668 exultat,

536 3686 935 3743 humiliabitur
957 3689 1109 3758 (Luc.
1126 3704 1282 3742 xvm.
1308 3689 1415 3754 14).
1450 3690 1582 3741 Item
1595 3688 1958 3757 juramentum
1975 3687 2123 3759 regis

531 3783 634 3842 est,
669 3777 811 3845 quod
843 3785 1030 3831 contra
1050 3776 1360 3847 hypocritas
1387 3774 1646 3845 proferet,
1679 3775 1864 3830 dicens
1897 3791 1910 3830 :
1945 3776 2122 3830 Amen

529 3863 652 3919 dico
667 3865 1170 3936 vobis,receperunt
1183 3863 1499 3920 mercedem
1511 3879 1675 3918 suam
1689 3863 1902 3927 (Matth.
1924 3866 2118 3932 vr,16).

531 3953 902 4006 Juramentum
931 3969 1064 4023 ergo
1094 3952 1324 4024 populus
1355 3953 1524 4018 timet,
1586 3953 1712 4022 quia
1765 3967 1834 4007 ne
1888 3959 2124 4007 aeternas

536 4041 764 4107 amittat,
785 4042 1111 4112 temporales
1139 4040 1381 4111 recipere
1413 4041 1605 4096 laudes
1619 4049 1796 4096 cavet.
1823 4039 2080 4110 Sequitur
2105 4054 2118 4092 :

601 4129 776 4199 (Vers.
793 4131 905 4198 27.)
929 4133 1097 4187 Porro
1108 4129 1386 4186 Jonathas
1396 4145 1512 4184 non
1529 4130 1947 4196 audierat,cum
1963 4129 2122 4197 adiu-

530 4223 686 4274 raret
703 4221 869 4290 pater
881 4218 1000 4288 ejus
1010 4220 1303 4289 pupulum,
1325 4219 1700 4288 extenditque
1733 4217 2122 4271 summitatem

533 4308 703 4377 virga?
724 4323 890 4376 quam
923 4306 1156 4362 habebat
1193 4307 1255 4360 in
1289 4323 1487 4373 manu,
1511 4310 1566 4360 et
1601 4305 1854 4358 intinxit
1894 4305 1956 4358 in
1991 4307 2120 4374 favo

529 4395 735 4459 mellis,
783 4398 840 4447 et
880 4395 1411 4449 convertitmanum
1427 4393 1499 4448 ad
1527 4395 1866 4460 ossuum,et
1904 4391 2121 4447 illumi-

525 4481 655 4535 nati
674 4485 811 4536 sunt
840 4481 988 4535 oculi
1004 4481 1142 4550 ejus.

601 4570 694 4621 34.
735 4568 882 4635 Quos
914 4568 968 4620 in
997 4569 1100 4623 hoc
1130 4569 1248 4623 loco
1273 4569 1550 4636 Jonatbas,
1583 4568 1686 4623 nisi
1708 4568 1831 4622 illos
1864 4568 2118 4633 insinuat,

530 4655 621 4725 qui
676 4655 844 4710 verbo
901 4662 953 4710 et
981 4670 1146 4725 opere
1212 4656 1396 4726 magni
1428 4663 1568 4724 sunt,
1601 4657 1699 4712 sed
1731 4663 1912 4711 tamen
1940 4655 2119 4710 studio

530 4743 1022 4813 circumspectionis
1049 4745 1230 4816 magni
1252 4760 1360 4800 non
1376 4752 1498 4800 sunt
1527 4745 1555 4797 ‘2
1576 4744 1695 4802 Alta
1734 4744 1953 4816 quidem
1975 4759 2120 4814 prm-

529 4832 732 4898 dicant,
767 4832 920 4887 fortia
941 4842 1208 4901 exercent,
1231 4834 1328 4887 sed
1349 4834 1404 4888 in
1432 4833 1748 4888 humilitatis
1777 4833 2119 4903 circumspe-

527 4921 704 4976 ctione
725 4937 784 4976 se
815 4937 920 4976 non
951 4921 1174 4977 viriliter
1197 4930 1398 4977 tenent.
1445 4921 1586 4990 Quid
1616 4930 1696 4977 est
1751 4923 1915 4990 enim,
1974 4921 2121 4993 quod

528 5009 736 5081 virgam
768 5018 907 5064 tenet
925 5009 977 5062 in
1009 5027 1190 5078 manu,
1214 5010 1318 5063 nisi
1348 5011 1476 5080 quia
1506 5011 1810 5080 disciplina,
1845 5026 1951 5080 qua
1987 5025 2119 5079 pec-

524 5115 651 5154 care
677 5099 814 5154 alios
843 5097 1112 5168 prohibet,
1143 5098 1487 5168 semetipsum
1510 5115 1622 5154 non
1647 5107 1858 5154 coercet
1885 5099 1911 5150 ‘l
1943 5098 2112 5169 Virga

524 5188 740 5260 quidem
771 5203 878 5258 qua
907 5188 1119 5256 parvuli
1143 5188 1317 5243 solent
1347 5187 1563 5256 corripi,
1590 5201 1771 5242 sermo
1813 5186 2108 5241 correctio—

526 5275 608 5329 nis
647 5285 825 5346 potest
857 5285 982 5345 apte
1013 5275 1304 5347 designari.
1367 5275 1685 5330 Praedicatio
1715 5290 1849 5345 ergo
1883 5283 1934 5328 et
1983 5291 2119 5344 opus

527 5361 748 5431 bonum,
782 5365 940 5435 virga
969 5373 1021 5420 et
1052 5379 1242 5418 manus
1272 5368 1374 5418 est.
1401 5362 1544 5432 Quid
1574 5370 1655 5418 est
1685 5362 1852 5434 igitur
1910 5362 2116 5433 virgam

523 5451 829 5517 extendere,
863 5461 916 5506 et
945 5468 1158 5506 manum
1181 5452 1249 5506 ad
1265 5467 1327 5507 os
1358 5468 1480 5506 cum
1511 5451 1674 5506 melle
1705 5467 1984 5517 revocare,
2012 5451 2116 5506 nisi

527 5544 634 5590 tam
687 5538 756 5592 de
812 5539 1212 5610 praedicationis
1233 5540 1422 5608 verbo,
1483 5555 1644 5611 quam
1674 5540 1744 5595 de
1774 5539 1953 5595 studio
1985 5539 2114 5594 boni

2303 3267 2368 3316 35
2400 3264 2605 3316 Patrem
2645 3260 2843 3332 quippe
2898 3259 3179 3327 adjurasse
3235 3255 3528 3327 populum,
3573 3261 3627 3309 et
3674 3251 3824 3306 male-

2230 3350 2427 3404 dictum
2463 3348 2751 3420 protulisse
2803 3347 2999 3413 retulit,
3034 3344 3160 3415 quia
3189 3360 3313 3397 cum
3365 3342 3547 3397 minor
3577 3346 3829 3396 errantem

2229 3439 2344 3494 vult
2373 3437 2652 3506 praelatum
2671 3435 2927 3505 dirigere,
2958 3449 3070 3488 non.
3098 3433 3264 3486 debet
3287 3446 3488 3501 aspere
3520 3429 3826 3497 objurgare,

2229 3525 2322 3580 sed
2337 3524 2566 3578 dulciter
2581 3531 2739 3592 atque
2753 3522 3031 3576 humiliter
3047 3521 3114 3574 ad
3129 3520 3403 3589 majorum
3423 3525 3623 3573 statuta
3637 3508 3828 3570 memo-

2229 3612 2397 3666 randa
2415 3613 2697 3667 reducere.
2717 3609 2870 3666 Unde
2892 3608 3021 3663 dicit
3050 3623 3062 3662 :
3080 3608 3466 3679 Jurejurando
3484 3602 3829 3663 constrinxit

2227 3705 2392 3772 pater
2414 3704 2546 3756 tuus
2567 3699 2858 3770 populum.
2888 3697 2958 3752 Ut
2977 3697 3120 3750 enim
3150 3711 3273 3750 eum
3304 3694 3542 3750 dulciter
3555 3691 3831 3748 admoneat

2230 3803 2361 3842 eum
2393 3786 2485 3858 qui
2511 3786 2870 3855 jurejurando
2903 3783 3166 3855 p0pulum
3223 3781 3575 3846 constrinxit,
3637 3785 3832 3849 patrem

2231 3876 2352 3944 ejus
2400 3890 2521 3928 esse
2562 3873 2808 3927 asseruit.
2869 3871 3038 3940 Quasi
3066 3870 3211 3925 enim
3270 3869 3397 3924 aliis
3437 3867 3624 3924 verbis
3655 3864 3832 3919 dicat:

2230 3963 2403 4016 Tanto
2437 3961 2688 4016 dilectius
2709 3960 2878 4013 debes
2906 3959 3175 4027 majorem
3206 3957 3458 4012 instituta
3488 3965 3832 4016 conservare,

2231 4057 2431 4117 quanto
2461 4063 2645 4103 eorum
2677 4049 2854 4102 locum
2885 4046 3040 4101 altius
3068 4044 3274 4100 videris
3333 4060 3440 4116 per
3493 4038 3838 4099 successionis

2231 4136 2550 4208 dignitatem
2579 4136 2833 4191 retinere.
2866 4134 3196 4190 Constrictus
3225 4133 3396 4188 etiam
3432 4131 3672 4202 populus
3693 4129 3838 4199 jure-

2225 4225 2462 4294 jurando
2511 4223 2680 4293 patris
2710 4223 2988 4289 asseritur,
3022 4229 3217 4276 utnon
3273 4219 3557 4290 loquentis
3604 4228 3840 4288 personat

2231 4312 2526 4377 humilitas,
2546 4311 2643 4366 sed
2658 4318 2894 4365 ostensaa
2925 4309 3216 4364 auctoritas
3237 4307 3563 4363 attendatur
3622 4323 3634 4359 :
3694 4311 3750 4359 ut
3799 4300 3839 4355 si

2235 4400 2580 4472 suggerentis
2605 4399 2738 4454 ordo
2771 4397 3082 4468 despicitur,
3116 4397 3283 4464 illius,
3320 4398 3496 4466 317
3547 4394 3639 4464 qui
3686 4406 3836 4445 mon-

2148 4473 2209 4536 D
2237 4495 2456 4554 stratur,
2488 4485 2752 4542 celsitudo
2770 4486 3034 4541 timeatur.
3067 4483 3238 4554 Quem
3271 4492 3459 4538 tamen
3507 4488 3722 4554 patrem
3751 4493 3837 4533 as-

2227 4575 2373 4640 serit,
2396 4582 2451 4628 ut
2472 4582 2746 4644 praecepta
2774 4574 3041 4643 majorum
3072 4580 3124 4627 et
3154 4571 3334 4626 timori
3377 4587 3503 4626 esse
3526 4569 3759 4625 debeant
3787 4574 3836 4621 et

2229 4661 2422 4717 amori.
2466 4661 2598 4716 Dica
2624 4677 2754 4732 ergo
2808 4677 2820 4714 :
2861 4660 3241 4732 Jurejurando
3280 4658 3655 4715 constrinxit
3680 4659 3835 4730 pater

2233 4755 2365 4806 tuus
2382 4751 2670 4820 populum,
2688 4749 2878 4805 dicens
2895 4749 3248 4804 :lllaledictus
3277 4749 3377 4819 qui
3396 4748 3716 4802 comederit
3734 4760 3834 4815 pu-

2229 4854 2358 4893 nem
2380 4837 2558 4893 hodie.
2575 4835 2732 4904 Quod
2753 4837 2858 4891 tale
2879 4843 2958 4891 est
2975 4851 3040 4891 ac
3070 4836 3114 4889 si
3136 4836 3277 4890 dicat
3299 4852 3310 4888 :
3339 4835 3554 4890 Eorum
3575 4843 3625 4889 te
3641 4844 3828 4886 memo-

2230 4941 2344 4980 rem
2363 4940 2479 4980 esse
2501 4925 2647 4991 volo,
2674 4941 2796 4996 quae
2818 4933 2926 4991 tua,
2951 4939 3062 4978 non
3083 4940 3203 4978 mea
3246 4923 3544 4994 sunt,quia
3582 4923 3714 4976 dum
3726 4919 3838 4974 cul-

2231 5027 2354 5067 men
2375 5012 2644 5080 majorum
2658 5009 3264 5082 obtines,eorum‘leges
3285 5009 3448 5080 quasi
3493 5005 3840 5064 hereditario

2213 5101 2333 5171 jure
2353 5115 2575 5156 servare
2589 5099 2942 5153 debes.Panis
2963 5114 3091 5153 vero
3123 5097 3343 5153 nomine
3398 5097 3568 5153 favor
3613 5094 3841 5151 adulan-

2227 5190 2356 5243 tium
2375 5195 2519 5242 recte
2531 5187 2870 5258 exprimitur,
2891 5187 3014 5258 quia
3037 5195 3271 5241 mentem
3297 5186 3536 5241 vanitati
3583 5186 3839 5239 intentam

2230 5285 2280 5332 et
2297 5276 2453 5331 satiat
2475 5283 2527 5330 et
2542 5275 2967 5344 confortat,dum
2983 5275 3124 5332 hanc
3153 5274 3218 5328 ad
3237 5273 3463 5346 agenda
3485 5290 3616 5344 quae
3631 5269 3842 5328 laudari

2228 5365 2480 5430 debeant,
2510 5364 2858 5419 valentiorem
2877 5363 3070 5419 reddit.
3102 5361 3262 5432 Quod
3292 5361 3528 5430 quidem
3580 5373 3841 5431 arrogan-

2227 5453 2370 5508 tibus
2397 5454 2559 5508 valde
2590 5454 2880 5509 convenire
2923 5452 3182 5519 cernitur,
3215 5449 3342 5520 quid
3377 5450 3454 5506 ad
3506 5449 3842 5521 loquendum

2225 5541 2454 5614 prolatis
2473 5541 2726 5598 laudibus
2757 5542 3076 5600 animantur.
3119 5541 3183 5597 Et
3215 5539 3342 5614 quia
3384 5554 3667 5611 arrogans
3705 5552 3840 5610 pra:-
