3996 6164
234 294 313 351 88f

992 281 1067 340 IN
1105 279 1373 339 PRIMUM
1411 275 1656 336 REGUM
1691 271 2241 335 EXPOSITIONES.
2278 304 2349 315 —
2386 272 2616 330 LIB.‘V.

3372 269 3476 327 382

234 420 408 476 dicatur
432 413 587 470 habet
607 409 821 467 similes
864 406 967 464 sibi
1019 404 1283 464 subdidos
1311 403 1493 460 laudis
1523 401 1770 476 cupidos,
1800 409 1857 475 Α
1885 398 2053 470 Quasi
2104 398 2251 454 enim
2298 398 2544 468 praedam
2587 397 2929 454 inimicorum
2971 396 3114 465 facit,
3146 396 3276 453 dum
3307 411 3392 465 ea,
3425 396 3479 451 in

343 506 433 561 itur
459 522 474 559 :

459 544 575 662 ξε.)
600 591 905 662 Defecerat
933 590 1131 644 autem
1159 586 1419 659 populus.

284 686 358 740 36.
386 680 519 750 Quid
542 687 622 735 est
649 679 724 734 ad
750 676 986 733 litteram
1015 674 1264 743 deﬁcere,
1296 673 1400 729 nisi
1431 672 1727 728 lassescere
1748 670 1776 722 ἢ

333 771 462 827 enim
487 768 679 823 laudes
708 765 1043 822 transitorias
1088 764 1156 819 de
1200 762 1357 820 verbi
1389 760 1777 834 praedicatione

224 860 483 933 requirunt,
504 855 758 912 deficiunt
777 869 900 910 cum
926 852 1233 920 laudantur,
1256 851 1383 923 quia
1412 850 1565 906 nullo
1590 849 1777 921 vigore

224 948 362 1006 verba
409 944 703 1018 proferunt,
734 959 855 1013 qua:
908 956 1017 996 non
1069 939 1279 996 laudari
1328 945 1571 994 cernunt.
1622 936 1779 993 Velut

222 1038 339 1093 enim
376 1034 722 1090 lassescentes
766 1028 1021 1086 deﬁciunt
1064 1028 1200 1084 dum
1235 1026 1478 1098 despecti
1527 1025 1780 1081 obmute-

222 1132 369 1183 scunt.
396 1123 497 1179 Sed
526 1129 576 1176 et
607 1121 737 1176 dum
767 1134 876 1175 non
902 1117 1210 1185 comedunt,
1246 1116 1500 1172 videntur
1523 1113 1778 1179 deﬁcere,

224 1214 325 1287 quia
346 1212 387 1267 si
412 1210 610 1266 licitum
640 1208 905 1264 haberent
931 1207 1114 1263 cibum
1160 1203 1380 1270 favoris,
1415 1203 1563 1258 velut
1593 1202 1780 1257 refecti

221 1310 266 1360 et
284 1301 424 1357 fortes
439 1299 851 1370 insequerentur
871 1296 1001 1353 vitia
1021 1293 1411 1366 praedicatione
1430 1291 1603 1347 verbi.
1627 1289 1781 1347 Unde

220 1399 262 1447 et
292 1387 579 1461 arrogantis
626 1384 996 1459 prredicatoris
1043 1382 1217 1440 forma
1246 1380 1564 1445 ostenditur,
1597 1395 1695 1449 per
1723 1377 1780 1434 id

220 1480 338 1552 quod
364 1478 705 1547 subiunctum
735 1480 818 1530 est
848 1491 861 1527 :

274 1591 659 1663 (Ver-539,30.)
678 1591 950 1663 Dixitque
981 1590 1291 1647 Jonathas:
1328 1588 1588 1646 Turbavit
1614 1591 1783 1659 pater

216 1696 347 1738 usus
374 1688 608 1737 imam.
657 1678 880 1735 Vidistis
908 1678 1063 1735 enim
1100 1677 1229 1750 ipsi,
1279 1677 1414 1750 quia
1460 1676 1782 1732 ittuminati

1884 488 2082 561 quibus
2102 486 2326 543 occultis
2346 485 2592 541 hostibus
2613 485 2731 555 quis
2751 484 3055 557 praevaluit,
3074 485 3142 541 ad
3161 485 3480 542 memoriam

1883 576 2057 634 ducit.
2095 576 2177 632 Ea
2204 589 2419 647 quoque
2449 575 2519 629 ad
2548 574 2889 629 saturitatem
2918 574 3176 642 comedit,
3203 575 3291 645 qui
3324 577 3478 644 quasi

1884 681 1981 721 sua
2017 664 2209 720 virtute
2256 665 2375 718 haec
2416 662 2623 730 fecerit,
2654 678 2712 717 se
2759 661 2987 717 inaniter
3033 669 3084 716 et
3131 663 3482 718 vehementer

1885 752 2114 809 extollit.
2141 752 2285 808 Dicit
2313 767 2478 823 ergo:
2517 750 2739 818 Quanto
2771 750 2946 821 magis
2973 750 3021 805 si
3043 751 3365 806 comedisset
3388 768 3478 820 po-

1885 843 2056 914 putus
2097 840 2349 913 praedam
2394 840 2765 895 inimicorum
2807 853 3058 903 suorum,
3086 852 3278 893 nonne
3300 840 3479 908 major

1885 933 2046 1002 facta
2073 931 2277 1003 fuisse!
2297 930 2464 1001 plaga
2493 929 2556 984 in
2588 927 2910 983 Philistiim
2931 926 2960 980 ?
2985 925 3148 994 Quasi
3167 925 3325 981 dicat.
3349 926 3484 980 Cum

1887 1033 1960 1074 ex
1989 1017 2144 1075 brevi
2164 1023 2328 1091 gustu
2358 1015 2561 1071 favoris
2584 1023 2762 1070 tantus
2782 1015 3059 1086 profectus
3074 1015 3160 1084 sit,
3184 1013 3311 1086 quid
3329 1013 3488 1069 electi

1889 1106 2203 1178 praelatores
2226 1104 2485 1168 facerent,
2512 1104 2555 1157 si
2577 1104 2765 1174 plenas
2785 1118 3008 1174 operum
3030 1103 3218 1158 laudes
3238 1101 3407 1157 licitas
3426 1117 3489 1157 ac

1884 1196 2063 1266 justas
2092 1193 2355 1250 baberent
2373 1193 2401 1245 ‘I
2433 1191 2686 1264 Sequitur
2713 1209 2727 1246 :

1960 1325 2141 1393 (νει-ε.
2175 1322 2289 1391 31.)
2331 1323 2742 1378 Percusserunt
2786 1335 2915 1391 ergo
2946 1320 3265 1377 Philistwos
3301 1322 3364 1376 in
3393 1320 3485 1377 die

1887 1412 2044 1470 ittoa
2072 1411 2304 1483 Hagmis
2327 1426 2500 1481 usque
2529 1410 2594 1466 ia
2626 1408 2789 1467 Αἰοη.

1960 1520 2048 1572 38.
2078 1518 2206 1573 Dies
2235 1516 2428 1572 mentis
2474 1523 2556 1571 est
2602 1517 2862 1586 splendor
2888 1516 3226 1573 eruditionis.
3271 1517 3379 1573 Sed
3410 1516 3490 1571 illi

1889 1620 2031 1676 quos
2047 1614 2374 1677 arrogantes
2393 1605 2664 1673 erudiunt,
2688 1606 2810 1676 quia
2848 1606 3144 1662 ambitione
3178 1607 3490 1678 temporalis

1889 1695 2081 1766 glorias
2101 1694 2489 1762 accenduntur,
2505 1694 2903 1750 simulationem
2922 1693 3059 1751 lucis
3075 1695 3369 1765 accipiunt,
3384 1710 3489 1750 non

219 1772 331 1826 suat
366 1768 513 1824 oculi
554 1767 690 1833 mei,
724 1781 786 1823 eo
817 1766 962 1855 quod
997 1766 1345 1836 gustaverim
1381 1765 1688 1855 paululum
1714 1763 1813 1826 de;

1905 1763 2206 1839 veritatem.
2244 1784 2385 1838 Dum
2419 1796 2550 1855 ergo
2578 1783 2697 1839 dies
2725 1782 2819 1838 illa
2847 1783 3061 1848 dicitur,
3093 1763 3218 1854 quid
3248 1783 3392 1837 aliud
3417 1783 3494 1837 si-

218 1858 355 1914 mile
372 1858 500 1919 ista;
514 1859 739 1928 muto
761 1854 942 1926 magis
968 1857 1021 1911 si
1038 1854 1371 1912 comedisset
1383 1853 1628 1925 populus
1642 1867 1787 1924 prce-

218 1946 326 2003 dam
361 1945 735 2002 inimicorum
789 1958 1019 2000 suorum
1082 1959 1255 2015 quam
1308 1942 1544 2013 reperit,
1596 1955 1787 1997 nonne

214 2033 374 2105 major
399 2035 564 2105 facta
596 2034 805 2103 fuisset
830 2033 1001 2103 plaga
1029 2033 1092 2089 in
1121 2031 1435 2088 Philistiim
1458 2029 1488 2082 ?

274 2123 352 2177 37.
377 2120 520 2191 Quid
566 2127 650 2176 est
705 2119 850 2175 enim
903 2120 1051 2191 quod
1080 2119 1328 2174 tm'baase
1358 2126 1553 2173 terram
1583 2123 1788 2187 patrem

217 2207 552 2280 reprehendit,
587 2206 694 2262 nisi
724 2206 855 2279 quia
881 2205 1126 2276 majores
1144 2210 1343 2261 statuta
1366 2220 1467 2261 sua
1492 2219 1592 2275 per
1618 2204 1791 2274 impe-

214 2296 363 2352 ritiam
402 2294 723 2352 oonfudisse
748 2294 1072 2366 redarguit?
1109 2294 1294 2349 Terrae
1323 2292 1542 2364 quidem
1569 2291 1791 2347 nomine

215 2383 519 2441 subditorum
553 2382 834 2439 humilitas
867 2382 1203 2455 designatur,
1234 2398 1356 2453 quae
1394 2380 1649 2435 nimirum
1670 2382 1791 2434 tur-

215 2473 313 2528 bari
361 2474 624 2540 cernitur,
685 2471 903 2542 quando
958 2479 1169 2527 errante
1225 2477 1500 2541 pastorum
1551 2469 1788 2539 judicio,

215 2561 486 2633 tranquillae
526 2560 779 2618 veritatis
835 2560 1082 2617 ordinem
1138 2560 1403 2616 deserere
1436 2558 1678 2613 videtur.
1724 2558 1792 2613 Et

212 2650 320 2719 quia
360 2650 488 2705 dum
539 2649 765 2705 favores
810 2648 1101 2704 hominum
1156 2652 1480 2718 arrogantes
1524 2646 1794 2702 inhianter

213 2737 450 2807 ambiunt,
482 2746 538 2794 et
567 2739 675 2794 hoc
703 2737 908 2793 licitum
942 2752 1059 2794 esse
1080 2752 1325 2793 asserere
1361 2743 1645 2803 conantur,
1667 2750 1791 2804 pro-

210 2825 359 2881 fectus
381 2842 508 2883 suos
536 2827 597 2881 in
620 2826 989 2881 testimonium
1020 2825 1341 2896 perducunt.
1365 2824 1590 2893 Vidistis
1611 2825 1788 2890 enim,

213 2913 272 2967 ait
287 2916 408 2986 quia
420 2915 756 2971 inminuti
768 2914 1276 2979 suntocutimei,eo
1288 2910 1433 2985 quod
1442 2912 1791 2983 gustaverim

210 3003 493 3073 paulatim
510 3001 773 3059 demelte
789 3002 914 3058 isto.
932 3001 1097 3070 Quasi
1118 3002 1293 3057 dicat:
1320 3002 1399 3055 Ex
1420 3001 1583 3056 laude
1600 2999 1790 3070 subje-

1894 1878 2111 1943 gnatur,
2150 1870 2254 1926 nisi
2296 1871 2421 1942 quia
2469 1882 2616 1942 saepe
2656 1873 2937 1942 proposito
2964 1871 3278 1944 temporalis
3305 1870 3494 1943 gloriae

1895 1959 2057 2014 fortia
2111 1957 2224 2013 ﬁeri
2273 1959 2626 2014 viderentur?
2675 1962 2736 2014 In
2765 1960 2857 2015 die
2884 1976 3117 2032 namque
3154 1960 3266 2028 illa,
3312 1960 3369 2014 id
3409 1967 3493 2014 est

1893 2046 2162 2114 doctrina,
2192 2046 2281 2101 vel
2326 2047 2579 2117 exemplo
2608 2048 2967 2117 superborum
2996 2048 3324 2117 percutiunt,
3367 2047 3493 2118 quia

1897 2136 1965 2190 ad
1995 2137 2099 2191 hoc
2126 2134 2427 2190 ministerio
2452 2134 2858 2206 praedicationis
2884 2136 3205 2204 inserviunt,
3229 2145 3287 2191 ut
3305 2137 3493 2206 splen—

1896 2223 2089 2280 dorem
2116 2223 2311 2295 gloriae
2343 2222 2656 2294 temporalis
2684 2223 3077 2295 adipiscantur.
3118 2224 3184 2277 Et
3212 2224 3339 2294 quia
3367 2239 3493 2279 om-

1897 2307 2064 2363 nibus
2090 2308 2433 2362 innotescere
2453 2307 2698 2377 oupiunt,
2721 2306 2847 2363 dicit
2871 2325 2883 2361 :
2908 2310 2949 2363 Α
2972 2308 3204 2378 Magmis
3232 2324 3407 2379 usque
3430 2311 3493 2364 in

1898 2397 2068 2453 Aio».
2110 2397 2370 2467 Magmas,
2402 2401 2461 2449 ut
2505 2396 2622 2465 jam
2661 2395 2789 2450 satis
2816 2396 3019 2451 dictum
3066 2403 3166 2456 est.
3206 2396 3494 2465 humilitas,

1896 2485 2035 2540 Aiou
2060 2499 2194 2542 vero
2221 2483 2387 2539 frater
2429 2499 2587 2539 meus
2617 2500 2854 2540 mmrans
2884 2484 3283 2555 interpretatur.
3305 2485 3499 2538 Humi--

1886 2573 1977 2628 les
2021 2579 2199 2628 autem
2249 2572 2353 2627 hoc
2396 2573 2539 2639 loco,
2574 2571 2753 2643 pusilli
2799 2588 2863 2626 ac
2907 2571 3184 2642 simplices
3233 2572 3289 2625 in
3316 2580 3502 2627 sancta

1898 2660 2145 2717 Ecclesia
2174 2661 2561 2734 designantur.
2587 2662 2826 2716 Maerens
2853 2675 2982 2715 vero
3010 2660 3184 2716 frater
3202 2675 3341 2730 quos
3365 2660 3502 2715 alios

1899 2750 2147 2815 insinuat,
2179 2749 2283 2803 nisi
2312 2763 2407 2804 eos
2436 2765 2573 2819 quos
2596 2749 2865 2803 Dominus
2896 2748 2949 2801 in
2969 2748 3275 2820 Evangelio
3305 2747 3504 2804 collau-

1898 2838 2011 2905 dat,
2042 2837 2436 2893 diccns:Beati
2464 2838 2561 2907 qui
2598 2838 2811 2908 lugent,
2824 2838 3092 2907 quoniam
3110 2838 3221 2908 ipsi
3241 2838 3498 2893 consola-

1900 2925 2148 2982 buntur?
2175 2924 2539 2995 (Matth.v.5.)
2561 2924 2665 2993 Qui
2682 2924 2823 2979 enim
2836 2923 2950 2993 jam
2972 2923 3292 2993 temporalia
3311 2932 3504 2979 cuncta

1896 3013 2052 3069 novit
2081 3012 2383 3084 despicere,
2403 3020 2456 3067 et
2468 3013 2539 3067 ad
2554 3021 2755 3067 aeterna
2770 3012 2982 3083 magnis
2998 3012 3279 3073 desideriis
3292 3012 3502 3066 anhela-

212 3096 400 3178 tztomm
428 3091 606 3158 crevi,
640 3091 771 3145 dum
800 3105 912 3146 non
929 3106 1055 3178 76686
1084 3089 1261 3144 minol‘
1287 3088 1545 3143 laudibus
1574 3087 1782 3178 εέυάυίο
1823 3115 1872 3178 C
1894 3113 1983 3165 're,
2000 3097 2137 3152 dum
2152 3097 2338 3152 horret
2350 3095 2592 3152 teneriin
2607 3094 3502 3166 corpore,etgemitinillatnternm

211 3177 332 3232 Nam
371 3186 426 3235 et
465 3180 770 3234 electorum
808 3177 1213 3248 predicatorum
1252 3193 1373 3232 mos
1393 3192 1512 3232 esse
1540 3176 1697 3242 solet,
1734 3182 1791 3230 ut

210 3266 321 3320 dum
344 3283 401 3322 se
429 3267 651 3323 laudari
670 3266 1035 3335 considerant,
1066 3267 1169 3323 hoc
1195 3265 1343 3337 quod
1372 3265 1440 3321 de
1466 3281 1527 3321 se
1555 3263 1684 3320 foris
1701 3280 1795 3319 au-

210 3352 514 3423 diunt,esse
542 3354 759 3412 viribus
786 3355 1132 3410 contendant.
1159 3356 1229 3410 Et
1266 3354 1470 3411 idcirco
1520 3352 1794 3425 paululum

213 3444 375 3497 mellis
400 3461 462 3500 se
487 3444 761 3501 Jonathas
797 3443 1102 3499 comedisse
1119 3443 1304 3498 retulit
1335 3461 1346 3496 :
1382 3443 1507 3514 quia
1536 3457 1799 3513 arrogans

214 3528 393 3602 linguae
437 3531 666 3588 favores
708 3546 770 3587 se
815 3530 1071 3603 excipere
1116 3530 1345 3587 licenter
1387 3538 1539 3602 putat
1576 3530 1646 3585 ad
1674 3531 1798 3587 vita:

215 3619 522 3687 profectum,
556 3635 673 3675 non
705 3618 1150 3676 adintentionem
1170 3618 1447 3677 vanitatis.
1480 3618 1590 3675 Sed
1608 3617 1797 3675 omni-

217 3720 287 3761 ao-
299 3707 441 3763 aliud
466 3716 557 3763 est
584 3707 765 3763 laudis
794 3708 1069 3778 praeconia
1086 3707 1331 3763 moribus
1361 3706 1658 3778 adaequare
1677 3722 1801 3764 con-

217 3795 433 3865 tendere,
471 3794 635 3851 aliud
677 3794 870 3852 laudes
912 3801 1190 3867 appetere,
1221 3803 1282 3850 ut
1308 3794 1384 3850 ‘in
1430 3795 1627 3851 iisdem
1675 3795 1799 3851 lau-

218 3879 355 3937 dibus
374 3884 691 3953 profectum
722 3882 850 3939 vitae
874 3884 1045 3954 possit
1070 3883 1336 3940 invenire.
1362 3883 1573 3939 Laudes
1603 3883 1803 3953 quippe

213 3984 325 4026 suas
364 3972 622 4028 moribus
667 3986 957 4042 exmquare
1000 3978 1287 4039 conantur,
1320 3972 1411 4041 qui
1438 3970 1584 4042 ipsas
1615 3970 1804 4025 laudes

214 4057 522 4129 despiciunt,
554 4058 653 4129 qui
692 4058 903 4115 laudari
947 4059 1020 4115 ab
1048 4059 1358 4115 hominibus
1394 4074 1671 4130 nunquam
1700 4073 1803 4113 vo-

215 4144 330 4202 lunt.
377 4147 665 4217 Quantum
713 4154 859 4204 certe
904 4147 963 4202 in
1004 4147 1082 4204 eis
1108 4154 1189 4203 est
1215 4147 1423 4203 laudari
1455 4147 1809 4203 vehementer

216 4233 492 4306 refugiunt,
517 4237 628 4293 sed
671 4236 798 4307 quia
820 4249 931 4293 non
962 4243 1193 4307 possunt
1216 4235 1439 4291 omnino
1468 4233 1712 4307 effugere
1741 4251 1808 4289 ne

214 4319 507 4392 laudentur,
540 4331 817 4381 conantur
838 4340 962 4380 esse
990 4324 1138 4395 quod
1165 4323 1411 4379 audiunt:
1427 4323 1538 4380 Sed
1568 4324 1806 4393 quidam,

216 4408 359 4465 bouis
378 4412 618 4468 ostensis
638 4412 916 4482 operibus,
936 4411 1145 4468 idcirco
1162 4412 1367 4468 laudari
1395 4412 1599 4480 volunt,
1615 4419 1670 4466 ut
1691 4412 1805 4467 lau-

216 4496 315 4553 dati
338 4501 526 4571 majus
538 4500 909 4556 conscendant
928 4500 985 4555 in
1012 4515 1151 4570 opus
1168 4500 1399 4557 virtutis.
1419 4500 1539 4569 Quo
1560 4500 1806 4571 profecto

218 4587 656 4659 praesumptionis
690 4603 809 4643 sum
853 4587 1213 4644 aestimatione
1242 4588 1519 4655 falluntur,
1561 4588 1690 4658 quia
1718 4586 1809 4657 qui

216 4671 265 4727 in
289 4676 529 4733 minimis
558 4675 755 4732 laudes
774 4679 998 4748 appetit,
1022 4692 1146 4733 cum
1174 4676 1390 4748 majora
1419 4692 1584 4748 opera
1604 4675 1807 4742 fecerit,

214 4762 478 4820 ardentius
518 4773 577 4820 et
598 4764 777 4834 {valde
802 4765 1013 4821 avidius
1043 4764 1233 4821 laudes
1253 4765 1467 4836 qumrit.
1500 4765 1568 4820 Et
1588 4765 1811 4821 fortasse

218 4847 333 4907 ideo
356 4860 482 4923 post
512 4860 728 4924 patrem
755 4852 1019 4909 Jouathas
1042 4869 1154 4909 non
1182 4854 1356 4924 potuit
1392 4868 1646 4924 regnare,
1689 4852 1816 4922 quia

216 4936 347 4994 illos
376 4941 643 5013 signabat
688 4940 784 5011 qui
829 4942 959 4996 dum
1002 4956 1143 4999 vane
1188 4942 1452 4998 extollunt
1497 4956 1628 4998 vere
1678 4939 1818 4996 deﬁ-

220 5024 375 5083 ciunt.
408 5028 903 5099 Addiditquoque.
919 5029 1308 5097 ratiocinando,
1329 5037 1383 5085 et
1400 5028 1567 5085 dicit:
1595 5029 1818 5096 Quanto

214 5119 457 5188 πισσίυί
466 5116 813 5175 comedisset
817 5119 1061 5189 populus
1069 5118 1321 5190 pandam
1331 5118 1825 5175 inimicorumsuo-

216 5217 361 5273 rum,
374 5220 586 5262 mue
601 5206 787 5276 major
799 5207 960 5274 facta
972 5207 1181 5276 [uisset
1195 5204 1366 5278 plaga
1379 5207 1444 5262 in
1465 5206 1776 5263 Philistiim
1791 5205 1822 5257 ?

222 5289 381 5349 leuis
414 5292 711 5365 paululum
740 5291 806 5347 ‘in
834 5293 1009 5367 virga
1034 5294 1343 5350 summitate
1369 5300 1608 5366 gustare,
1640 5301 1719 5349 est
1749 5294 1817 5348 de

212 5380 380 5449 318
427 5379 701 5437 doctrinm
777 5380 1033 5437 facundia
1082 5382 1528 5453 qualitercunque
1564 5381 1816 5454 gloriari.

224 5464 457 5525 Prodam
498 5483 650 5525 vero
703 5468 1065 5526 inimicorum.
1106 5471 1415 5538 comedere,
1475 5477 1560 5526 est
1611 5471 1822 5527 virtutis

222 5568 383 5625 opera
396 5556 859 5630 pervmemoriam
872 5567 1144 5632 repetere,
1157 5568 1213 5618 et
1240 5558 1532 5619 recolendo
1544 5596 1547 5599 -
1560 5559 1821 5633 gaudere.

1902 3185 2234 3241 vitm‘lmtitia
2262 3184 2498 3239 nondum
2530 3198 2668 3253 esse,
2698 3184 2868 3238 frater
2893 3199 3047 3238 meus
3089 3198 3327 3238 mmrens
3354 3188 3501 3237 recte

1900 3273 2233 3328 nominatur.
2260 3273 2447 3327 Frater
2474 3272 2713 3341 quidem,
2742 3272 2872 3343 quia
2903 3271 3097 3326 Christi
3123 3272 3371 3327 cohaeres
3387 3271 3502 3340 jam

1903 3377 2019 3417 esse
2048 3361 2229 3431 capit,
2271 3361 2338 3415 ad
2382 3360 2537 3429 cujus
2562 3360 2931 3415 beatissimam
2960 3359 3108 3414 illam
3137 3367 3300 3430 atque
3331 3359 3502 3414 laetis-

1904 3450 2099 3504 simam
2128 3448 2500 3504 bmreditatem
2547 3448 2674 3502 totis
2700 3448 2990 3503 desideriis
3016 3447 3338 3519 ingemiscit.
3361 3448 3500 3501 Moe-

1905 3553 2033 3593 rens
2056 3544 2234 3591 autem
2266 3536 2482 3604 dicitur,
2516 3539 2576 3589 ut
2603 3536 2971 3606 perfectorum
3015 3536 3188 3592 luctus
3216 3536 3503 3590 inenarra-

1868 3660 1871 3665 η
1905 3625 2032 3681 bilis
2058 3639 2176 3680 esse
2203 3623 2535 3695 designetur.
2569 3624 2795 3679 Haerere
2835 3630 3016 3679 autem
3042 3639 3156 3679 non
3198 3624 3506 3694 quomodo-

1906 3714 2059 3785 libet,
2080 3712 2177 3768 sed
2197 3710 2636 3768 aﬁ‘eotuosissime
2655 3712 2785 3766 ﬂere
2804 3718 2908 3767 est.
2940 3711 3082 3780 Quia
3101 3712 3253 3768 enim
3273 3711 3506 3782 Spiritus

1906 3802 2077 3858 sancti
2094 3801 2274 3874 gratia
2294 3798 2489 3869 repleti
2516 3806 2659 3867 sunt,
2674 3799 2749 3853 ad
2772 3798 2922 3855 illam
2951 3800 3173 3855 fletuum
3202 3800 3505 3855 ubertatem

1908 3895 2271 3960 pervenerunt
2300 3902 2464 3957 quam
2510 3887 2770 3958 egregius
2811 3887 3004 3943 doctor
3033 3888 3239 3955 asserit,
3270 3888 3456 3943 dicens
3489 3905 3501 3940 :

1910 3980 2033 4049 Ipse
2041 3980 2233 4033 autem
2241 3974 2499 4047 Spiritus
2510 3976 2767 4046 postulat
2777 3991 2877 4047 pro
2887 3976 3043 4032 nobis
3052 3976 3349 4046 gemitibus
3361 3977 3507 4031 iner-

1910 4065 2189 4122 rabilibus
2200 4064 2503 4133 (Rom.vm,
2522 4062 2632 4131 26).
2657 4063 2888 4118 Maerens
2900 4062 3073 4117 etiam
3103 4063 3274 4119 frater
3289 4062 3504 4130 dicitur,

1914 4153 2047 4224 quia
2100 4151 2454 4221 Redemptori
2504 4150 2560 4204 in
2612 4164 2818 4219 magna
2867 4149 3234 4204 familiaritate
3285 4147 3508 4219 perfecti

1892 4241 2115 4313 .quique
2146 4239 2384 4309 conjucti
2431 4245 2580 4292 sunt.
2636 4236 2811 4306 Quem
2840 4238 2988 4293 enim
3016 4236 3367 4310 singulariter
3396 4235 3507 4290 Re-

1917 4330 2170 4398 demptor
2187 4326 2384 4399 diligit,
2404 4341 2565 4397 quem
2585 4324 2842 4397 singulari
2858 4325 3124 4398 dignitate
3144 4325 3213 4379 ad
3235 4331 3512 4394 perpetuas

1918 4412 2249 4470 luereditatis
2276 4410 2677 4483 possessionem
2705 4408 2888 4476 nutrit,
2919 4425 3043 4464 cum
3080 4410 3247 4464 frater
3273 4408 3395 4479 ejus
3418 4423 3513 4463 as-

1916 4501 2124 4570 seritur,
2185 4499 2447 4572 singulari
2503 4513 2730 4554 numero
2777 4497 3106 4554 declaratur.
3157 4497 3313 4555 Unde
3356 4506 3411 4553 et
3446 4495 3514 4552 ad

1913 4590 2139 4659 Moysen
2165 4587 2675 4658 quasisingularem
2705 4586 2943 4643 amicum
2970 4586 3102 4643 dicit
3131 4604 3142 4641 :
3182 4588 3316 4644 Novi
3357 4590 3411 4642 te
3439 4601 3513 4642 ea:

1914 4678 2151 4735 nomine
2168 4675 2384 4745 (Exod.
2405 4687 2611 4741 Xxxru,
2628 4675 2740 4748 12).
2763 4674 2902 4731 Hinc
2930 4682 3013 4730 est
3041 4675 3189 4748 quod
3219 4676 3289 4731 de
3308 4676 3519 4731 Joanne

1922 4765 1977 4820 in
1998 4764 2302 4835 Evangelio
2320 4763 2522 4820 dicitur
2542 4781 2554 4816 :
2572 4763 2680 4819 Hic
2698 4767 2784 4818 est
2799 4764 3115 4835 discipulus
3133 4766 3235 4820 ille
3252 4780 3416 4836 quem
3436 4764 3519 4819 di-

1927 4854 2131 4924 ligebat
2148 4850 2776 4922 Jesus:(Joan.xxr,20).
2808 4850 2913 4920 Qui
2960 4851 3106 4907 enim
3139 4867 3327 4907 omnes
3354 4850 3523 4906 disci—

1925 4941 2085 5011 pulos
2158 4940 2319 4996 valde
2368 4939 2648 5012 diligebat,
2686 4939 2814 4994 dum
2854 4940 2999 4994 hunc
3025 4939 3252 5010 diligere
3306 4938 3520 5004 dicitur,

1929 5031 2092 5085 frater
2132 5029 2398 5100 singulari
2443 5025 3126 5082 numerodemonstratur.
3159 5028 3219 5080 In
3250 5025 3339 5080 die
3367 5023 3459 5078 illa
3490 5038 3524 5077 a

1929 5118 2165 5190 Magmis
2189 5128 2359 5186 usque
2393 5115 2449 5170 in
2494 5115 2632 5171 Δίοη
2665 5113 2959 5169 Philisteos
2986 5120 3305 5184 arrogantes
3323 5126 3523 5180 percu-

1929 5207 2085 5274 tiunt,
2116 5203 2244 5275 quia
2273 5212 2332 5260 ut
2360 5204 2535 5260 lucem
2554 5202 2756 5275 gloriae
2782 5201 3065 5258 saecularis
3093 5199 3382 5268 accipiant,
3414 5213 3524 5252 non

1928 5295 2104 5351 solum
2146 5292 2387 5365 parvulis
2415 5307 2586 5364 parva
2610 5290 2940 5362 praedicant,
2961 5288 3061 5343 sed
3107 5287 3218 5342 alta
3248 5302 3369 5356 quae
3397 5301 3525 5356 per-

1932 5384 2188 5442 fectiores
2216 5388 2538 5455 agnoscant.
2571 5381 2637 5434 Et
2665 5378 2793 5451 quia
2819 5392 2944 5433 cum
2972 5376 3077 5431 sibi
3096 5391 3195 5447 per
3210 5374 3527 5431 intentionis

1931 5469 2572 5543 perversitatemobsunt
2609 5464 2884 5522 nonnullis
2923 5464 2977 5519 in
3006 5463 3224 5521 Christo
3262 5462 3527 5536 parvulis,

1932 5560 2195 5633 pluribus
2243 5559 2401 5616 etiam
2450 5553 2875 5630 perfectioribus
2890 5561 3130 5628 (prosunt
3173 5551 3469 5628 loquendo,
3500 5565 3534 5611 ο,
