3996 6164
592 301 693 357 383

1803 296 2053 356 SANCTI
2092 296 2432 359 GREGORII
2469 292 2696 355 MAGNI

3728 308 3820 365 38‘

583 423 811 497 Magmis
841 440 1009 498 usque
1053 423 1105 479 in
1136 423 1273 482 Aion
1303 440 1416 481 non
1455 440 1720 496 pugnare,
1759 424 1856 479 sed
1892 429 2177 493 percutere
2203 424 2262 488 Α
2292 423 2483 480 tollunt
2518 422 2664 494 quod
2697 420 2892 493 aliquis
2940 429 3137 493 sponte
3184 437 3292 478 non
3322 421 3511 479 tribuit.
3553 425 3820 499 Sequitur:

582 512 852 594 dicuntur.
872 514 1168 570 Philistaaos
1198 514 1417 585 quidem
1440 523 1739 585 percutere,
1761 518 1844 568 est
1869 513 2178 568 daemonum

582 596 919 665 lnsidias,vel
943 599 1195 655 vitiorum
1226 598 1563 670 tyrannidem
1593 599 1661 653 ab
1692 600 1982 654 electorum
2010 599 2175 653 corde

583 686 876 756 perimere.
911 688 1020 743 Sed
1048 704 1194 757 saepe
1223 688 1347 743 elati
1381 688 1631 744 doctores
1661 687 1790 742 aliis
1818 703 1915 759 per
1941 686 2177 742 verbum

581 783 827 844 prosunt,
881 783 938 830 et
992 775 1239 845 ejusdem
1281 776 1428 831 verbi
1476 777 1664 831 laudes
1698 774 1876 830 nullas
1905 775 2176 846 accipiunt

582 878 718 934 quas
764 864 1178 935 concupiscunt.
1225 865 1380 922 Unde
1415 873 1467 921 et
1510 866 1816 936 frequenter
1859 864 2079 930 accidit,
2115 872 2173 919 ut

579 950 708 1005 dum
740 952 945 1008 laudari
966 961 1019 1009 et
1046 954 1222 1009 eﬂ‘erri
1253 970 1313 1009 se
1351 956 1397 1021 3
1418 955 1516 1023 19
1545 968 1656 1008 non
1697 952 2059 1022 considerant,
2091 968 2176 1008 ve-

580 1040 656 1095 lut
689 1042 900 1115 fatigati
930 1042 1141 1115 magnis
1179 1040 1453 1098 laboribus
1481 1043 1880 1099 obmutescant.
1909 1041 2091 1111 Quare
2122 1049 2175 1097 et

580 1130 825 1185 subditur
854 1148 865 1183 :

659 1234 836 1301 (Vera.
869 1240 929 1291 31
948 1237 993 1300 .)
1013 1237 1368 1309 Defatigatus
1397 1240 1481 1293 est
1502 1240 1702 1293 autem
1718 1236 1956 1308 populus
1973 1235 2171 1291 nimis.

654 1338 770 1392 Mos
800 1353 1013 1409 quoque
1037 1355 1155 1394 esse
1192 1340 1451 1395 alatorum
1482 1338 1617 1393 solet
1646 1345 1705 1391 ut
1732 1352 1852 1391 cum
1884 1337 1953 1390 ab
1983 1351 2174 1392 eorum

587 1424 835 1481 laudibus
854 1427 1038 1499 lingua
1059 1427 1237 1483 aliena
1262 1428 1404 1494 silet,
1429 1426 1712 1482 aestimatio
1746 1440 1840 1480 sua
1862 1439 1971 1479 non
1994 1423 2171 1479 sileat.

579 1514 907 1570 Tacentibus
935 1516 1158 1587 quidem
1188 1516 1306 1571 aliis
1333 1516 1590 1582 clamant,
1623 1514 1745 1583 quia
1801 1512 2179 1568 aestimationis

580 1618 691 1657 suae
720 1604 997 1673 praeconia
1025 1604 1082 1658 in
1110 1604 1277 1660 corde
1305 1610 1540 1675 portant.
1565 1604 1707 1657 Bene
1737 1616 1868 1673 ergo
1899 1600 1965 1656 de
1987 1601 2178 1657 eodem

583 1691 786 1760 populo
816 1692 1061 1747 subditur
1093 1710 1105 1747 :

654 1780 837 1847 (Vers.
869 1782 991 1850 32.)
1023 1782 1091 1835 Et
1120 1797 1311 1837 versus
1343 1781 1583 1852 populus
1626 1778 1697 1834 ad
1734 1778 2006 1849 praedam,
2044 1779 2180 1835 tulit

586 1883 729 1936 oves,
770 1872 826 1923 et
875 1868 1049 1934 boves,
1102 1872 1157 1923 et
1195 1869 1419 1935 vitulos,
1452 1872 1511 1923 et
1547 1874 1865 1923 maetavere
1904 1869 1967 1923 in
2005 1870 2178 1934 terra,

583 1956 933 2028 comeditque
978 1957 1221 2028 populus
1250 1971 1382 2012 cum
1410 1958 1715 2027 sanguine.

661 2047 752 2098 39.
784 2044 933 2099 Oves
963 2044 1179 2113 quidem
1211 2044 1366 2104 tollit.
1397 2045 1487 2115 qui
1518 2045 1841 2101 innocentia
1862 2060 1974 2100 sum
1989 2058 2182 2101 causas

586 2131 913 2201 multiplices
940 2133 1009 2186 ad
1039 2133 1327 2188 elationem
1352 2133 1570 2188 recolit.
1630 2133 1806 2188 Boves
1848 2132 1904 2187 in
1935 2134 2182 2204 praedam

586 2219 736 2288 tollit,
773 2222 990 2289 quando
1020 2222 1227 2277 labores
1271 2221 1674 2291 praedicationis
1720 2238 1835 2276 suae
1875 2222 2097 2292 cogitat,
2131 2228 2184 2276 et

587 2308 847 2379 quidquid
866 2309 983 2364 aliis
1014 2309 1303 2380 loquendo,
1326 2311 1472 2365 velut
1497 2319 1696 2366 terram
1725 2310 2027 2365 excolendo
2056 2325 2181 2379 pro-

584 2392 728 2459 fecit,
764 2394 1115 2448 memorando
1161 2402 1471 2449 coacervat.
1514 2394 1721 2447 Vitulos
1750 2393 1910 2462 tollit,
1944 2410 2068 2450 cum
2113 2394 2183 2449 de

583 2495 649 2534 eo
677 2481 955 2535 extollitur
981 2482 1121 2551 quod
1144 2482 1446 2551 compressi
1473 2489 1652 2536 motus
1670 2481 1907 2536 lasciviae
1937 2483 2005 2536 ad
2032 2498 2181 2537 men-

587 2575 690 2621 tem
723 2570 1069 2625 reducuntur.
1102 2570 1244 2638 Quia
1272 2571 1414 2625 enim
1447 2571 1554 2624 duo
1589 2569 1643 2624 in
1678 2585 1881 2641 magna
1903 2572 2182 2640 justorum

586 2654 745 2711 laude
787 2664 1058 2725 praecepta
1104 2666 1246 2722 sunt,
1279 2657 1529 2713 videlicet
1572 2658 1835 2727 splendor
1882 2659 2178 2727 charitatis,

583 2759 706 2801 cum
738 2743 856 2798 luce
895 2744 1025 2799 boni
1050 2746 1248 2815 operis,
1280 2746 1410 2800 dum
1439 2746 1789 2802 mstimatione
1818 2762 1920 2801 sua
1950 2747 2180 2819 quisque

584 2845 850 2902 arrogans
879 2833 1174 2901 extollitur,
1205 2841 1255 2888 et
1285 2848 1439 2901 oves,
1471 2842 1526 2888 et
1548 2833 1741 2889 vitulos
1774 2834 1969 2889 tollere
2000 2835 2181 2905 perhi-

584 2921 764 2975 betur.
794 2919 942 2976 Oves
962 2920 1185 2992 quidem
1214 2922 1267 2975 in
1299 2921 1609 2977 innocentia
1629 2921 1899 2976 bonorum
1926 2938 2176 2993 Operum,

583 3009 780 3065 vitulos
821 3025 953 3067 vero
992 3010 1047 3063 in
1096 3009 1505 3066 mortiﬁcatione
1546 3012 1917 3081 corporalium
1965 3013 2178 3082 passio-

2358 511 3826 588 (Vers.33,3t.)NuntiavereautemSauldicentesquod

2285 601 2526 673 populus
2558 603 2816 673 peccaret
2842 601 3091 668 Domino,
3106 600 3395 657 comedens
3419 617 3542 658 cum
3565 605 3825 675 sanguine.

2288 690 2391 758 Qui
2419 690 2522 756 ait,
2537 691 2905 760 praevaricati
2924 691 3078 745 estis.
3109 690 3314 745 Votnite
3334 689 3404 745 ad
3424 706 3507 747 me
3525 693 3634 760 iam
3651 708 3830 750 saxum

2279 778 2514 849 grande.
2539 779 2609 833 Et
2630 778 2782 833 dixit
2800 777 2947 833 Saul
2969 794 2987 827 :
3003 777 3399 849 Dispergimini
3417 780 3474 834 in
3496 780 3758 851 vulgus,“
3769 784 3831 838 di-

2279 868 2391 923 cite
2411 868 2493 922 eis
2512 870 2577 922 ut
2597 866 2841 922 adducat
2861 868 3244 938 unusquisque
3260 866 3441 923 bovem
3456 883 3630 937 suum,
3644 873 3694 924 et
3708 871 3836 927 arie-

2283 955 2414 1023 lem,
2437 959 2495 1011 et
2513 954 2748 1011 occidite
2773 970 2943 1025 super
2971 956 3148 1011 istum
3175 954 3437 1024 lapidem,
3462 958 3516 1011 et
3544 956 3825 1024 vescimini,

2280 1047 2336 1101 et
2354 1060 2469 1101 non
2486 1043 2794 1116 peccabitis
2807 1043 3043 1100 Domino
3062 1059 3194 1100 cum
3210 1044 3482 1115 sanguine
3500 1045 3832 1101 eomedentes.

2350 1162 2445 1215 to.
2487 1159 2903 1216 Praedicatorum
2951 1167 3152 1215 sanctae
3191 1159 3447 1216 Ecclesiae
3475 1160 3726 1231 proprium
3745 1167 3829 1229 est,

2281 1257 2335 1305 et
2377 1258 2713 1320 perpetratas
2761 1250 2949 1321 culpas
3000 1248 3419 1320 reprehendere,
3443 1255 3493 1303 et
3520 1247 3728 1318 qualiter
3753 1263 3835 1303 re-

2282 1339 2561 1409 prehensa:
2602 1337 2755 1392 vitari
2804 1337 3063 1405 debeant,
3122 1344 3450 1392 monstrare.
3502 1336 3829 1407 Reprehensis

2283 1426 2502 1495 quidem
2533 1425 2893 1493 innotescunt,
2916 1425 3013 1481 sed
3041 1426 3090 1480 si
3119 1424 3276 1479 vitari
3292 1424 3609 1490 nesciantur,
3626 1426 3832 1479 ostensa

2287 1520 2628 1584 repetuntur.
2660 1512 2801 1582 Quid
2857 1513 2912 1568 in
2944 1514 3049 1569 hac
3078 1512 3359 1584 sanguinis
3390 1511 3718 1576 comestione,
3747 1510 3838 1565 nisi

2288 1601 2457 1657 latens
2477 1601 2727 1657 elationis
2754 1601 2902 1656 virus
2932 1601 3266 1657 ostenditur?
3282 1600 3522 1656 Latentia
3547 1606 3709 1655 autem
3728 1598 3840 1653 vitia

2209 1720 2261 1782 Β
2288 1690 2389 1744 nisi
2439 1690 2687 1759 exposita
2732 1704 2839 1745 non
2880 1697 3153 1745 curantur.
3201 1689 3271 1745 Ut
3307 1704 3437 1761 ergo
3464 1686 3839 1782 praedicatorum

2296 1794 2476 1834 mores
2496 1781 2544 1847 3
2558 1780 2663 1845 20
2693 1778 2947 1845 insinuet,
2962 1778 3090 1833 Saul
3116 1778 3265 1847 prius
3285 1776 3680 1848 praevaricatum
3698 1774 3845 1829 fuisse

2295 1866 2554 1938 p0pulum
2584 1868 2795 1935 asserit,
2828 1866 3025 1920 deinde
3060 1866 3114 1919 in
3142 1866 3330 1936 lapide
3357 1864 3527 1922 occidi
3569 1878 3681 1933 quas
3711 1876 3848 1917 mau-

2293 1955 2492 2011 ducent
2516 1955 2771 2008 animalia
2800 1954 3063 2023 praecipit.
3112 1954 3221 2010 Sed
3258 1969 3467 2021 saxum,
3500 1952 3613 2007 sive
3637 1951 3846 2020 lapidem

2293 2043 2567 2110 novimus,
2599 2044 2727 2114 quia
2756 2043 2900 2097 hunc
2932 2043 3126 2097 Paulus
3153 2042 3411 2106 ostendit,
3453 2041 3631 2107 dicens
3663 2057 3673 2091 :
3705 2040 3850 2094 Petra

2293 2135 2488 2187 autem
2513 2135 2636 2186 erat
2663 2131 2920 2187 Christus
2944 2132 2994 2199 (ι
3008 2130 3134 2187 Cor.
3156 2147 3210 2195 x,
3231 2132 3306 2199 4).
3331 2129 3492 2200 Lapis
3511 2143 3635 2184 vero
3655 2127 3717 2181 ad
3737 2141 3852 2197 pre:-

2293 2219 2586 2274 dicatorem
2645 2218 2905 2286 volvitur,
2960 2235 3082 2274 cum
3142 2233 3327 2275 coram
3386 2233 3451 2273 eo
3515 2212 3853 2285 Redemptoris

2293 2308 2545 2376 exempla
2574 2314 2973 2361 memorantur.
3012 2305 3240 2360 Devolvi
3270 2304 3433 2360 etiam
3466 2303 3672 2368 dicitur,
3712 2309 3763 2354 ut
3795 2315 3852 2353 ex

2293 2395 2439 2449 omni
2488 2403 2639 2465 parte
2685 2394 2946 2449 videatur.
2994 2394 3198 2449 Grandi
3239 2410 3372 2450 vero
3418 2392 3587 2447 dictus
3622 2396 3714 2453 est,
3744 2388 3853 2459 quia

2292 2498 2388 2553 per
2428 2482 2710 2537 Danielem
2757 2498 3000 2538 crescere
3047 2482 3377 2553 perhibetur,
3411 2490 3463 2537 et
3497 2494 3702 2535 omnem
3728 2476 3853 2531 orbis

2292 2571 2484 2626 faciem
2532 2571 2760 2642 implere
2789 2573 2953 2638 (Dan.
2977 2573 3059 2641 ιι).
3103 2572 3223 2626 Non
3267 2585 3405 2642 ergo
3459 2565 3852 2638 quomodolibet,

2291 2660 2389 2715 sed
2418 2659 2489 2714 ab
2518 2667 2746 2729 utroque
2774 2659 2940 2714 latere
2969 2658 3242 2715 revolutus
3260 2658 3538 2729 aspicitur,
3559 2664 3615 2711 ut
3640 2655 3704 2710 ab
3730 2668 3857 2709 arro-

2289 2747 2544 2820 gantibus
2573 2747 2936 2817 conspiciatur
2963 2748 3130 2815 Deus,
3156 2755 3204 2801 et
3234 2762 3427 2801 eorum
3454 2743 3752 2816 arrogantia
3777 2742 3856 2796 de-

2288 2836 2570 2905 primatur.
2600 2835 2789 2891 Videat
2819 2850 2951 2906 ergo
2980 2850 3250 2906 arrogans
3290 2850 3455 2906 quam
3486 2840 3668 2903 potens
3692 2830 3743 2885 in
3768 2827 3860 2883 vir-

2289 2931 2421 2991 tute,
2446 2938 2608 2993 quam
2658 2923 2909 2977 sublimis
2954 2924 3009 2976 in
3056 2923 3368 2992 majestate,
3399 2938 3556 2993 quam
3585 2916 3858 2974 humilisin

2289 3012 2503 3078 virtute,
2532 3012 2870 3083 Redemptor
2896 3019 3083 3067 noster
3110 3012 3382 3082 apparuit.
3405 3012 3545 3065 Nam
3565 3023 3729 3064 oecos
3755 3004 3863 3059 illu-

581 3114 734 3152 num.
774 3098 982 3166 Quibus
1012 3099 1260 3153 nimirum
1296 3100 1465 3154 boves
1495 3074 1741 3165 inseruit,
1775 3099 1896 3169 quia
1928 3074 2167 3170 perfecte
2200 3074 2249 3136 Ο
2278 3074 2511 3169 minans,
2562 3074 2763 3171 aegros.
2786 3115 2983 3154 sanans
3041 3074 3263 3169 (Matth.
3290 3099 3399 3170 rx),
3441 3095 3773 3168 praecipiebat
3813 3100 3863 3148 ut

580 3202 689 3240 non
737 3187 1034 3253 extollitur,
1068 3187 1156 3256 qui
1206 3203 1264 3242 se
1311 3187 1580 3241 inﬁrmum
1624 3196 1677 3242 et
1719 3187 2080 3256 impotentem
2124 3190 2179 3243 in

579 3282 730 3342 parte
768 3274 946 3343 aliqua
973 3274 1390 3343 contemplatur.
1429 3276 1657 3346 Magnus
1693 3275 1910 3347 quidem
1942 3276 2085 3345 apud
2122 3294 2179 3332 se

576 3362 690 3430 jam
721 3370 804 3417 est
832 3362 1192 3416 aestimatione
1223 3362 1492 3431 pudicitiae
1520 3372 1572 3417 et
1609 3363 1738 3417 boni
1768 3364 1966 3434 operis,
2000 3364 2097 3420 sed
2123 3366 2175 3419 in

580 3449 717 3503 fastu
749 3450 1028 3519 amplioris
1046 3450 1295 3505 elationis
1323 3466 1378 3505 se
1403 3451 1598 3517 elevat,
1631 3450 1758 3505 dum
1787 3452 2083 3523 perfectum
2115 3469 2176 3509 se

578 3534 769 3589 recolit
796 3533 851 3587 in
878 3533 1068 3588 labore
1096 3534 1509 3604 praedicationis.

653 3621 764 3676 Sed
797 3623 915 3676 haec
939 3622 1126 3677 omnia
1159 3623 1230 3676 ad
1270 3636 1430 3691 quem
1461 3622 1621 3677 finem
1650 3622 2035 3692 perducantur,
2058 3625 2179 3680 sub-

590 3715 881 3779 sequenter
909 3708 1220 3778 expositum
1248 3716 1323 3764 est
1357 3727 1369 3763 :
1407 3710 1472 3765 Et
1490 3714 1808 3767 mactavere
1832 3713 1896 3767 in
1918 3716 2092 3768 terra.
2117 3715 2179 3767 In

583 3804 727 3850 terra
755 3811 909 3863 oves,
942 3804 995 3851 et
1022 3796 1212 3863 boves,
1244 3803 1299 3852 et
1335 3797 1532 3853 vitulos
1554 3810 1810 3867 mactare,
1860 3808 1938 3855 est
1969 3802 2038 3855 de
2066 3801 2180 3856 vir-

582 3889 754 3938 tutum
786 3884 1131 3950 conscientia,
1164 3884 1274 3939 ima
1320 3892 1374 3940 et
1417 3886 1622 3940 carnali
1652 3886 1839 3943 laetitia
1865 3890 2169 3945 exsultare.

577 3971 732 4027 Unde
753 3979 804 4026 et
833 3987 929 4041 per
956 3971 1155 4027 Oseam
1188 3972 1257 4028 de
1278 3973 1433 4029 elatis
1456 3981 1510 4029 et
1538 3975 1918 4046 arrogantibus
1946 3977 2173 4033 dicitur:

587 4060 849 4116 Victimas
869 4060 1266 4130 demergebant
1291 4063 1355 4117 in
1382 4063 1736 4134 profundum
1751 4064 1900 4135 (Ose.
1925 4082 1981 4129 v,
2006 4067 2085 4135 2).
2119 4064 2178 4120 In

578 4146 909 4217 profundum
958 4149 1177 4220 quidem
1207 4149 1454 4205 victimas
1482 4161 1753 4223 mergunt,
1789 4152 1882 4222 qui
1929 4152 2180 4208 cmlestes

578 4237 832 4292 virtutum
876 4237 1079 4291 hostias
1102 4253 1212 4293 non
1243 4237 1298 4292 in
1327 4238 1526 4294 ctelum
1556 4254 1653 4308 per
1679 4240 1975 4309 gratiarum
2010 4242 2181 4296 actio-

577 4340 704 4379 nem
730 4324 1041 4391 sublevant,
1073 4326 1171 4379 sed
1219 4324 1288 4379 ad
1328 4332 1529 4380 terram
1559 4341 1660 4396 per
1704 4327 1999 4397 appetitum
2024 4344 2179 4384 vanm

2287 3189 2430 3258 quod
2470 3195 2720 3258 potenter
2764 3188 2965 3259 egisset
3013 3188 3213 3242 nemini
3258 3188 3554 3243 diceretur.
3603 3185 3662 3238 In
3704 3188 3863 3237 monte

2286 3275 2638 3346 resplenduit,
2665 3276 2877 3331 Patrem
2908 3275 3269 3330 testimonium
3313 3291 3427 3330 suae
3456 3272 3739 3329 divinitatis
3763 3283 3864 3339 pro-

2286 3363 2461 3429 duxit,
2495 3371 2548 3417 et
2578 3371 2758 3418 tamen
2788 3363 3071 3432 discipulis
3099 3364 3172 3418 ait
3204 3382 3214 3416 :
3250 3364 3481 3420 Nemini
3508 3358 3760 3417 dixeritis
3787 3356 3860 3411 vi-

2283 3453 2500 3506 sionem
2515 3452 3043 3519 hanc,donecFilius
3063 3451 3311 3508 hominis
3328 3450 3614 3508 amortuis
3625 3448 3861 3517 resurgat

2284 3539 2502 3608 (Matth.
2527 3554 2666 3608 xvn,
2700 3542 2775 3609 9).
2824 3540 2889 3594 Et
2917 3540 3148 3594 fortasse
3193 3540 3401 3594 idcirco
3431 3542 3738 3610 resurgente
3757 3533 3858 3603 jam

2285 3626 2541 3695 Domino,
2573 3626 2641 3681 ad
2673 3637 3082 3683 monumentum
3129 3628 3360 3699 angelus
3390 3625 3663 3698 apparuit,
3692 3622 3777 3693 qui
3799 3619 3859 3675 ab

2285 3716 2400 3785 ejus
2429 3715 2565 3770 ostio
2596 3715 2832 3786 lapidem
2862 3716 3108 3771 revolvit.
3133 3716 3282 3772 Tunc
3305 3716 3510 3788 quippe
3530 3708 3859 3769 revolvendus

2285 3812 2399 3858 erat
2430 3803 2587 3874 lapis,
2630 3804 2756 3873 quia
2787 3804 3031 3859 Christus
3067 3820 3227 3860 verus
3255 3806 3422 3860 homo
3450 3812 3504 3859 et
3531 3811 3716 3875 potens
3738 3801 3862 3855 Deus

2286 3900 2409 3961 post
2429 3892 2836 3947 resurrectionis
2857 3893 3091 3963 gloriam
3119 3900 3234 3948 erat
3252 3892 3656 3963 agnoscendus.
3677 3888 3730 3945 Si
3748 3899 3861 3954 ergo

2287 3996 2449 4034 unam
2478 3988 2692 4050 partem
2723 3979 2920 4051 lapidis
2949 3981 3160 4051 aspexit
3184 3980 3378 4052 elatus,
3416 3981 3602 4037 volvat
3627 3975 3862 4048 lapidem,

2287 4076 2340 4123 et
2369 4068 2532 4123 aliam
2560 4067 2758 4124 videat.
2790 4069 2913 4123 Non
2956 4069 3404 4140 qualitercunque
3423 4068 3665 4139 lapidem
3685 4064 3863 4125 videat.

2287 4157 2412 4227 quia
2440 4171 2550 4212 non
2578 4163 2665 4211 est
2693 4156 2918 4212 mortuis
2946 4157 3209 4225 Christus,
3240 4157 3337 4211 sed
3366 4157 3672 4213 revolutum
3698 4152 3764 4208 ab
3780 4166 3869 4206 an-

2288 4244 2413 4315 gelo
2443 4246 2569 4314 quia
2600 4260 2631 4298 a
2661 4243 2887 4299 mortuis
2916 4245 3228 4300 resurrexit.
3267 4245 3521 4316 Aspiciat
3546 4257 3678 4315 ergo
3704 4240 3869 4294 facun-

2288 4332 2435 4387 diam
2465 4332 2863 4402 praedicationis
2894 4332 3040 4401 hinc,
3072 4340 3127 4387 et
3153 4331 3356 4400 volvat,
3387 4341 3443 4388 et
3480 4332 3704 4387 miretur
3741 4324 3870 4383 illinc

575 4410 755 4465 laudis
785 4410 1063 4465 inclinant.
1089 4413 1245 4467 Unde
1272 4420 1326 4466 et
1346 4413 1485 4469 bene
1500 4413 1783 4468 subditur:
1814 4414 2178 4489 Comeditque
2206 4429 2259 4489 D
2289 4421 2639 4491 splendorem
2674 4420 3008 4475 humilitatis.
3042 4419 3240 4476 Videat
3280 4421 3567 4493 signorum
3596 4415 3869 4489 potentiam

573 4498 817 4569 populus
836 4513 967 4552 eum
983 4501 1282 4569 sanguine.
1304 4500 1500 4554 Mentis
1519 4500 1673 4555 cibus
1698 4501 1914 4558 interna
1943 4505 2063 4574 ejus
2084 4505 2171 4561 lae-
2279 4509 2423 4577 hinc,
2460 4517 2514 4564 et
2541 4508 2668 4564 inde
2696 4508 2880 4565 videat
2903 4508 3031 4578 quia
3053 4508 3147 4579 qui
3170 4507 3379 4563 virtutis
3407 4506 3655 4579 potentia
3672 4502 3865 4566 claruit,

574 4584 688 4639 titia
716 4592 818 4639 est.
846 4584 986 4652 Quid
1016 4593 1100 4640 est
1118 4601 1251 4656 ergo
1278 4588 1570 4643 comedere
1589 4604 1715 4644 cum
1734 4593 2028 4662 sanguine,
2061 4593 2167 4648 nisi
2276 4598 2525 4652 eamdem
2574 4597 2825 4652 virtutem
2864 4605 3138 4668 praecepto
3180 4596 3380 4652 silentii
3429 4593 3740 4652 occultavit.
3767 4587 3862 4645 Sed

576 4671 645 4726 ab
672 4671 886 4727 interno
915 4673 1156 4743 appetitu
1189 4676 1386 4729 mentis
1421 4676 1781 4734 intentionem
1810 4680 1937 4736 vani
1968 4680 2169 4737 favoris
2276 4685 2405 4739 dum
2461 4686 2609 4740 videt
2664 4688 2873 4756 partem
2930 4685 3209 4751 humilem,
3246 4685 3433 4740 videat
3488 4693 3543 4739 et
3573 4681 3866 4740 sublimem.

573 4774 917 4830 nequaquam
947 4764 1270 4817 removere?
1302 4762 1458 4819 Velut
1483 4765 1625 4820 enim
1648 4767 1869 4839 sanguis
1890 4768 2164 4837 abjicitur,
2277 4773 2416 4828 Ecce
2444 4772 2662 4827 humilis
2692 4787 2818 4842 pars
2838 4772 3036 4843 lapidis
3065 4771 3321 4838 cernitur,
3347 4773 3483 4844 quia
3501 4772 3633 4828 dicit
3653 4786 3666 4825 :
3684 4765 3868 4824 Humi-

569 4864 694 4937 cum
723 4863 879 4937 mens
906 4864 938 4904 a
954 4848 1158 4937 gaudio
1180 4850 1309 4905 boni
1328 4854 1510 4921 operis
1547 4853 1899 4911 intentionem
1921 4865 2168 4913 removet
2230 4934 2233 4937 η
2276 4861 2439 4916 tinuit
2468 4863 2851 4931 semetipsum,
2866 4864 3057 4931 factus
3076 4861 3332 4917 obediens
3353 4877 3535 4933 usque
3555 4862 3629 4916 ad
3644 4858 3865 4914 mortem

570 4933 835 4990 vanitatis.
860 4936 1181 5005 Hujusmodi
1211 4938 1357 4993 enim
1382 4956 1540 4996 mens
1572 4940 1741 4997 laetari
1761 4943 1817 4997 in
1839 4943 1982 5000 bono
2002 4959 2167 5015 opere

572 5024 741 5092 novit,
760 5024 885 5094 quia
912 5026 1349 5097 apprOpinquare
1376 5030 1687 5085 caelestibus
1701 5046 1800 5102 per
1826 5047 1994 5101 opera
2021 5033 2167 5088 bona

567 5112 788 5185 gaudet,
819 5129 943 5185 qum
983 5114 1039 5168 in
1085 5115 1291 5171 eisdem
1323 5117 1578 5188 operibus
1618 5119 1789 5175 videri
1837 5121 1906 5174 ad
1952 5127 2167 5191 tempus

568 5201 795 5275 refugit.
832 5201 967 5257 Cum
994 5204 1261 5275 sanguine
1290 5221 1423 5277 ergo
1461 5206 1769 5273 comedere,
1796 5215 1876 5263 est
1898 5209 2162 5278 gaudium

568 5289 696 5343 boni
722 5291 905 5361 operis
932 5307 1145 5348 sumere
1191 5293 1519 5362 permixtum
1559 5295 1812 5351 vanitatis
1839 5296 2163 5353 intentione.

567 5375 727 5442 Quod
756 5378 1009 5435 nimirum
1038 5396 1162 5437 cum
1192 5381 1262 5436 ab
1304 5381 1429 5438 aliis
1459 5381 1697 5453 offertur,
1729 5383 1887 5439 elatis
1929 5385 2160 5457 simplex

567 5461 722 5518 cibus
751 5473 867 5534 est;
897 5483 1018 5522 cum
1060 5485 1190 5526 vero
1237 5470 1402 5525 nullis
1431 5472 1798 5538 laudantibus,
1830 5473 2163 5532 conscientia

565 5550 923 5621 superborum
944 5556 1277 5627 intumescit,
1308 5559 1464 5630 quasi
1490 5576 1593 5631 per
1622 5562 1865 5633 praedam
1897 5562 2164 5622 violenter

2273 4949 2503 5019 (Philip.
2520 4964 2579 5012 ιι,
2595 4948 2670 5017 8).
2687 4948 2795 5004 Sed
2812 4949 2858 5004 si
2878 4949 2982 5003 ista
2996 4964 3121 5018 pars
3136 4948 3388 5015 volvitur,
3404 4949 3583 5004 altera
3597 4945 3868 5005 reveletur,

2274 5036 2401 5106 quia
2415 5037 2787 5108 subjungitur:
2807 5039 3045 5110 Propter
3057 5038 3202 5110 quod
3221 5039 3368 5093 Deus
3385 5035 3679 5093 exultavit
3696 5032 3869 5090 illum.

2273 5128 2329 5179 et
2357 5125 2586 5181 donavit
2615 5124 2707 5181 illi
2735 5140 2942 5181 nomen
2976 5127 3118 5198 quod
3138 5129 3224 5182 est
3251 5139 3425 5195 super
3464 5140 3635 5181 omne
3658 5133 3874 5178 nomen.

2274 5213 2358 5267 Ad
2383 5213 2797 5285 praedicatorem
2817 5229 2951 5285 ergo
2972 5213 3210 5284 lapidem
3235 5213 3532 5282 volvimus,
3556 5226 3683 5268 cum
3701 5218 3873 5264 coram

2273 5299 2396 5370 ipso
2440 5302 2822 5373 Redemptoris
2862 5301 3032 5357 nostri
3082 5300 3403 5373 potentiam,
3441 5308 3499 5355 et
3527 5297 3876 5356 humilitatem

2268 5405 2662 5460 memoramus;
2695 5405 2819 5446 cum
2845 5394 2901 5445 et
2929 5390 2986 5444 in
3005 5389 3266 5460 operibus
3288 5403 3415 5445 eum
3433 5386 3769 5444 attendimus
3786 5383 3875 5436 hu-

2271 5479 2476 5547 milem,
2495 5488 2549 5535 et
2565 5496 2632 5535 ex
2660 5478 2964 5535 humilitate
2989 5478 3045 5533 in
3077 5479 3213 5534 creto
3232 5477 3555 5535 sublimem.
3577 5476 3640 5531 In
3660 5475 3760 5530 hoc
3777 5465 3877 5543 qui-

2278 5569 2403 5622 dem
2432 5568 2613 5639 lapide
2639 5567 2762 5639 bos,
2804 5576 2857 5625 et
2885 5569 3026 5625 aries
3052 5566 3349 5637 occidatur,
3382 5573 3439 5622 ut
3470 5566 3529 5623 in
3553 5563 3705 5623 omni
3723 5555 3876 5617 homi-
