3996 6164
179 342 260 403 385

943 339 1020 398 ΙΝ
1057 333 1336 400 PRIMUM
1373 331 1621 396 REGUM
1659 326 2196 395 EXPOSITIONES.
2236 364 2305 377 -—-
2343 332 2469 393 LIB.
2508 326 2578 395 ν.

3316 328 3415 391 386

177 485 283 525 num
308 483 499 540 genere
532 468 776 523 elationis
805 467 995 524 vitium
1033 467 1234 523 Christi
1276 465 1727 536 contemplatione
1755 463 1811 524 A
1840 461 2112 531 copiosius
2158 461 2350 531 incipit
2388 477 2492 532 pro
2534 460 2789 517 dilatione
2824 461 3108 518 mercedis.
3143 460 3277 530 Quia
3302 475 3434 533 ergo

175 566 428 615 mactetur.
460 556 539 613 lbi
569 556 771 627 quippe
800 557 978 612 omnis
1009 556 1232 629 sanguis
1257 554 1571 623 effunditur,
1603 554 1732 625 quia

175 647 245 719 qui
271 645 513 717 exemplo
561 645 756 700 Christi
802 645 1099 713 instruitur,
1145 659 1343 717 magna
1374 644 1506 715 agit,
1539 642 1633 698 sed
1663 642 1731 697 de

173 735 262 790 illis
285 733 487 805 magnis
515 732 769 803 operibus
788 748 845 787 se
863 747 972 787 non
994 732 1224 788 extollit.
1241 731 1486 787 Pascitur
1512 730 1730 801 quidem

171 821 327 878 laetitia
373 822 502 876 boni
542 820 745 891 operis,
779 820 877 875 sed
918 835 1025 876 non
1074 826 1380 875 cruentatur
1425 819 1578 873 cibus
1616 819 1733 889 ejus

169 910 394 981 sanguine
420 923 571 963 vanae
596 909 794 963 laudis.
820 909 958 963 Nam
981 908 1119 979 lapis
1143 908 1234 962 ille
1264 907 1307 962 si
1342 907 1396 961 in
1426 907 1612 963 verbis
1640 922 1730 961 re-

170 998 381 1062 volvitur,
410 996 539 1051 dicit
559 997 647 1052 :Si
675 1012 850 1067 opera
865 994 979 1053 non
998 998 1260 1066 fecissem
1278 997 1342 1051 in
1360 997 1460 1063 eis,
1484 1012 1607 1067 qua:
1624 1011 1729 1050 ne-

169 1102 239 1142 mo
254 1086 389 1141 alius
408 1087 874 1157 fecit,peccatum
890 1101 1005 1141 non
1026 1085 1297 1141 haberent
1319 1085 1503 1152 (Joan.
1519 1083 1730 1154 xv,24).

169 1173 257 1227 Sed
308 1172 425 1242 quia
464 1172 535 1228 de
592 1172 779 1227 verbis
820 1188 927 1228 non
975 1173 1187 1240 tumuit,
1229 1172 1453 1228 volvens
1480 1188 1560 1237 se,
1611 1171 1729 1226 ait:

169 1262 252 1332 Ego
276 1278 380 1319 non
416 1277 603 1333 quare
627 1261 865 1333 gloriam
900 1276 1090 1317 meam
1127 1262 1311 1329 (Joaa.
1338 1276 1457 1328 vm,
1488 1263 1600 1329 50).
1624 1260 1736 1314 Bos

166 1365 271 1420 ergo
312 1358 359 1404 et
391 1350 530 1405 aries
566 1349 623 1403 in
668 1350 851 1420 lapide
893 1351 1188 1417 occiditur,
1224 1350 1440 1419 quando
1482 1348 1735 1418 exemplo

169 1435 512 1507 Redemptoris
569 1438 748 1491 omnis
787 1441 1017 1493 comula
1072 1437 1233 1492 elatio
1300 1436 1731 1492 condemnatur:

165 1525 346 1594 quando
373 1524 582 1581 electus
612 1524 856 1596 quilibet,
902 1533 953 1580 et
990 1525 1127 1580 bene
1156 1526 1287 1597 agit,
1316 1533 1368 1581 et
1396 1524 1599 1594 optime
1630 1525 1736 1579 do-

161 1620 242 1680 cet,
273 1612 360 1669 sed
408 1629 508 1669 nec
552 1612 664 1669 vita
710 1629 835 1669 eum
882 1613 1039 1685 erigit
1081 1613 1324 1684 propria,
1358 1630 1459 1667 nec
1504 1612 1737 1667 eruditio

168 1700 332 1755 aliena.
361 1703 421 1756 In
469 1700 647 1756 ariete
684 1701 885 1772 quippe
929 1701 1095 1756 robur
1131 1702 1371 1772 propriae
1417 1700 1738 1756 innocentiae

1838 552 2013 622 prima
2071 552 2365 607 electorum
2413 554 2756 623 compunctio
2811 569 2876 607 ex
2935 553 3123 607 timore
3167 552 3430 618 nascitur,

1840 639 1968 693 dum
2023 655 2124 710 per
2179 647 2366 710 typum
2391 641 2537 713 regis
2587 650 2645 697 et
2700 641 2906 711 populi,
2946 640 3327 711 praedicatores
3383 649 3435 697 et

1840 742 2014 798 nuper
2042 728 2286 783 conversi
2326 727 2523 783 subditi
2556 728 2926 801 designantur,
2959 731 3133 785 altare
3162 739 3286 786 tunc
3313 732 3432 801 pri-

1838 832 1987 870 mum
2018 815 2145 870 Saul
2175 816 2481 873 aediﬁcasse
2509 817 2720 873 dicitur.
2755 818 2862 874 Sed
2900 835 2967 875 ex
2997 820 3224 873 aliorum
3247 820 3435 890 profe-

1839 913 1929 960 ctu
1964 919 2112 975 saepe
2137 905 2330 960 doctor
2365 906 2436 959 ad
2467 905 2694 961 aliorum
2724 905 2873 962 lucra
2902 908 3281 977 consequenda
3310 926 3436 964 suc-

1840 992 2104 1047 cenditur.
2139 994 2294 1048 Unde
2315 1001 2368 1048 et
2394 993 2641 1048 subditur
2671 1012 2682 1048 :

1913 1082 2087 1149 (Vers.
2120 1080 2237 1151 36.)
2268 1083 2335 1135 Et
2364 1081 2517 1137 dixit
2539 1083 2674 1138 Saul
2698 1102 2715 1134 .-
2738 1083 3030 1140 Irruamus
3065 1102 3232 1158 super
3251 1087 3434 1142 Phili-

1841 1170 1999 1225 stiim
2047 1173 2230 1236 nocte,
2263 1174 2319 1227 et
2354 1174 2638 1226 vastemus
2671 1188 2799 1227 eum
2833 1189 3113 1244 usquequo
3144 1176 3441 1233 illucescat

1844 1262 2103 1322 mane,et
2129 1273 2244 1312 non
2270 1259 2659 1330 relinquamus
2688 1260 2756 1315 de
2779 1262 2860 1316 eis
2888 1264 3095 1318 virum.

1914 1347 2001 1401 42.
2033 1347 2152 1402 Hoc
2198 1362 2359 1416 supra
2403 1347 2533 1401 satis
2579 1349 2884 1418 expositum
2932 1359 3028 1416 est,
3058 1354 3154 1407 sed
3214 1355 3341 1425 quia
3389 1356 3439 1410 in

1844 1444 2019 1501 nocte,
2051 1450 2328 1506 usquequo
2354 1434 2632 1490 illucescat
2659 1436 2794 1504 dies,
2827 1448 3105 1509 percutere
3136 1443 3438 1500 Philistaeos

1844 1523 2065 1593 appetit,
2096 1523 2202 1578 hoc
2231 1522 2471 1593 profecto
2512 1524 2769 1592 insinuat,
2813 1528 2939 1597 quia
2987 1544 3054 1582 ne
3100 1531 3157 1584 in
3204 1532 3439 1589 futurum

1844 1626 2048 1667 nocere
2105 1612 2383 1667 daemones
2427 1612 2652 1681 possint,
2712 1630 2743 1667 a
2803 1616 3059 1671 cordibus
3095 1628 3441 1688 peccatorum

1844 1700 2009 1754 modo
2040 1699 2344 1769 expellendi
2377 1709 2428 1754 et
2458 1701 2760 1768 perimendi
2789 1712 2932 1758 sunt.
2956 1705 3077 1760 Nox
3098 1709 3316 1779 quidem
3335 1712 3445 1767 vita

171 1788 467 1860 exprimitur,
492 1789 554 1842 in
602 1789 742 1845 bove
786 1797 962 1844 autem
1007 1789 1184 1857 labor,
1217 1797 1271 1843 et
1307 1788 1565 1844 fortitudo
1590 1803 1733 1859 prie-
1763 1809 1818 1868 Β
1846 1787 1965 1842 haec
1992 1787 2206 1855 dicitur,
2237 1803 2361 1843 cum
2387 1795 2585 1843 aeterna
2614 1796 2977 1860 comparatur.
3009 1794 3147 1849 Nam
3181 1798 3273 1869 qui
3294 1799 3443 1854 illam

171 1877 437 1932 dicationis.
472 1876 590 1945 Qui
632 1878 685 1931 in
720 1886 871 1948 petra
907 1877 1264 1939 occiduntur;
1297 1885 1355 1932 ut
1392 1876 1468 1931 sic
1508 1876 1736 1930 electam

170 1973 361 2019 mentem
390 1964 689 2036 gaudendo
721 1963 977 2031 reficiant,
1000 1973 1060 2020 ut
1086 1964 1134 2019 ei
1164 1964 1389 2018 mixtum
1418 1964 1471 2017 in
1496 1979 1553 2019 se
1581 1980 1735 2019 cruo-

1846 1876 2012 1931 vitam
2042 1875 2398 1945 contemplari
2416 1875 2579 1947 digne
2596 1878 2849 1949 potuerit,
2873 1880 3019 1936 illius
3040 1887 3440 1954 comparatione

1842 1963 2098 2035 quicquid
2124 1963 2209 2019 hic
2235 1962 2469 2018 lucidum
2504 1965 2757 2030 cernitur,
2795 1969 2968 2023 noctis
2997 1970 3297 2027 obscuritas
3327 1990 3444 2030 esse

167 2054 257 2106 rem
300 2052 554 2108 carnibus
597 2068 705 2107 non
745 2054 1076 2124 impendant.
1121 2054 1234 2108 Hoc
1277 2052 1496 2123 quidem
1534 2052 1737 2107 electus
1837 2051 2133 2120 judicatur.
2167 2050 2437 2105 lllucescit
2481 2060 2660 2107 autem
2700 2053 2818 2108 dies
2847 2054 2958 2123 illa,
2993 2060 3210 2128 quando
3246 2061 3299 2115 in
3330 2062 3437 2117 fine

166 2139 455 2210 pradicator
484 2156 602 2195 non
632 2141 809 2196 solum
841 2141 1097 2211 loquitur,
1112 2140 1207 2197 sed
1237 2140 1397 2195 etiam
1427 2141 1731 2212 persuadet.

169 2228 292 2283 Unde
317 2237 367 2284 et
406 2228 665 2283 subditur
695 2248 714 2284 :

219 2342 372 2411 (Vers.
387 2345 448 2396 3i
464 2343 505 2414 .)
519 2344 777 2398 Adduxit
794 2345 982 2415 itaque
995 2346 1238 2416 populus
1258 2346 1638 2417 unusquisque
1650 2346 1737 2401 bo-
1778 2412 1785 2417 ,

164 2446 257 2485 rem
275 2431 327 2486 in
341 2447 515 2486 manu
545 2447 851 2503 sua,usque
874 2432 945 2487 ad
961 2436 1203 2501 noctem,
1218 2437 1273 2488 et
1291 2434 1616 2489 occiderunt
1636 2432 1733 2489 ibi.

219 2520 293 2571 41.
333 2519 531 2575 Bovem
580 2519 633 2573 in
673 2535 839 2573 manu
882 2520 1167 2584 adducere,
1200 2530 1279 2576 est
1301 2527 1587 2591 peccatum
1616 2521 1737 2576 ela-

168 2606 298 2661 tionis
323 2607 656 2677 paenitentiae
685 2607 972 2663 afﬂictione
999 2609 1201 2665 delere.
1233 2611 1373 2664 Dum
1423 2611 1567 2664 enim
1597 2626 1735 2680 ope-

166 2694 307 2749 rando
327 2697 372 2762 3
386 2700 481 2763 21
511 2694 684 2765 delet,
727 2696 871 2766 quod
913 2697 1272 2768 superbiendo
1315 2697 1559 2768 deliquit,
1611 2713 1733 2752 ma-

166 2783 381 2837 ctandum
411 2783 615 2839 bovem
647 2784 704 2836 in
735 2784 916 2854 lapide
945 2801 1043 2854 per
1064 2801 1281 2840 manum
1300 2786 1463 2840 ducit.
1494 2786 1636 2854 Quid
1658 2794 1737 2840 est

167 2872 481 2939 autem,quod
494 2872 627 2927 dicit
642 2891 652 2925 :
666 2874 835 2943 Usque
848 2872 919 2927 ad
936 2873 1284 2941 noctem,nisi
1299 2874 1431 2944 quia
1442 2881 1493 2928 et
1505 2889 1737 2943 peccare

168 2972 254 3012 non
282 2959 418 3025 licet,
438 2960 506 3015 ed
540 2960 725 3016 delere
760 2970 981 3031 peccata
1019 2976 1187 3032 usque
1216 2962 1285 3016 ad
1313 2969 1541 3016 mortem
1570 2960 1736 3016 licet?

167 3045 318 3115 Usque
348 3047 417 3101 ad
445 3056 668 3103 noctem
699 3063 836 3120 ergo
864 3048 1032 3105 boves
1058 3049 1348 3106 mactandli
1379 3058 1520 3118 sunt,
1544 3066 1652 3104 non
1681 3049 1737 3103 in

168 3142 316 3206 nocte,
347 3136 466 3207 quia
504 3138 641 3191 dum
677 3137 928 3203 vivimus,
960 3145 1184 3206 peccata
1216 3138 1396 3193 delere
1423 3138 1736 3208 paenitendo
1771 3159 1821 3222 ο

164 3236 438 3295 possumus,
472 3232 604 3295 post
652 3233 881 3280 mortem
919 3223 1249 3282 fructuosam
1283 3242 1444 3299 agere
1472 3226 1741 3298 paeniten-

171 3310 278 3365 tiam
304 3328 404 3367 non
429 3313 702 3370 valemus.
754 3314 897 3369 Bene
939 3321 1117 3369 autem
1146 3313 1200 3369 in
1232 3314 1423 3371 eodem
1456 3315 1574 3371 loco
1611 3314 1743 3369 sub-

171 3398 290 3455 ditur
312 3421 323 3455 :

231 3516 393 3580 (Yers.
417 3518 537 3586 35.)
561 3516 882 3584 tEdiﬁcauit
908 3523 1101 3573 autem
1116 3518 1254 3575 Saul
1282 3519 1466 3575 altare
1489 3520 1743 3575 Domino.

225 3606 300 3657 tl.
330 3605 468 3673 Quia
513 3604 649 3659 dum
693 3612 1007 3675 peccatores
1045 3611 1450 3675 convertuntur,
1482 3606 1633 3676 quasi
1680 3621 1749 3661 ex

176 3688 417 3761 lapidibus
444 3692 678 3748 caeleste
707 3691 996 3747 aedificium
1025 3693 1333 3749 fabricatur.
1362 3695 1427 3749 Et
1461 3694 1588 3765 quia
1623 3694 1747 3765 ple-

166 3777 290 3848 rique
314 3780 535 3835 codices
569 3778 773 3834 habent
804 3794 819 3833 :
855 3781 1098 3852 Tumque
1123 3783 1376 3852 primum
1410 3784 1577 3854 capit
1609 3782 1750 3839 Saul

167 3866 429 3936 ludiﬁcare,
459 3874 643 3937 potest
680 3866 865 3921 altaris
907 3868 1126 3924 nomine
1172 3870 1518 3939 compunctio
1558 3870 1746 3926 cordis

168 3953 386 4026 intelligi.
430 3954 670 4024 Quando
708 3954 853 4010 enim
896 3970 993 4025 per
1039 3955 1266 4013 verbum
1312 3956 1548 4013 doctoris
1592 3974 1749 4014 com-

169 4044 354 4110 punctio
379 4044 577 4099 cordis
603 4042 856 4114 erigitur,
887 4043 1141 4099 nimirum
1163 4045 1335 4100 altare
1353 4046 1592 4111 Domino
1613 4048 1752 4102 aedi-

170 4128 351 4187 ﬁcatur.
378 4132 449 4187 Et
480 4131 729 4204 primum
760 4130 1081 4187 aedificatum
1102 4132 1319 4201 dicitur,
1344 4133 1472 4204 quia
1492 4141 1575 4190 est
1603 4150 1752 4190 com-

172 4220 360 4286 punctio
386 4219 621 4275 amoris.
661 4217 815 4275 Unde
844 4227 895 4274 et
922 4219 977 4273 in
1006 4220 1356 4277 tabernaculo
1395 4222 1618 4277 fmderis
1647 4222 1753 4278 duo

174 4305 335 4361 altaria
360 4306 479 4362 fieri
506 4323 540 4361 a
585 4306 817 4363 Domino
859 4308 1011 4378 jussu
1058 4316 1203 4375 sunt,
1236 4308 1516 4364 adolendis
1551 4311 1758 4366 scilicet

178 4393 603 4463 thymiamatibus
644 4410 831 4462 unum,
879 4396 1106 4451 alterum
1162 4397 1545 4453 comburendae
1582 4399 1760 4455 carnis

175 4481 350 4547 (Exod.
381 4498 568 4551 xxvn,
587 4484 834 4551 xxxvn).
868 4483 1108 4538 Primum
1137 4484 1307 4540 altare
1334 4485 1470 4541 foris
1499 4495 1631 4555 erat,
1662 4503 1753 4542 se-
1784 4508 1838 4567 D

180 4570 388 4625 cundum
410 4572 558 4626 intra
579 4579 768 4626 sancta
792 4579 1120 4628 sanctorum.
1151 4572 1336 4627 Altare
1366 4589 1495 4644 ergo
1523 4574 1756 4645 primum

185 4659 511 4730 compunctio
537 4658 752 4714 timoris
779 4667 879 4726 est,
910 4660 1075 4715 altare
1094 4660 1387 4715 secundum
1416 4664 1759 4733 compunctio

179 4746 380 4801 amoris.
431 4745 580 4801 Illud
627 4746 830 4818 quippe
874 4755 1101 4817 peccata
1146 4747 1444 4820 lugentium
1483 4757 1584 4816 est,
1616 4750 1761 4806 istud

180 4848 294 4888 vero
339 4835 408 4889 ad
459 4842 667 4890 eterna
709 4835 912 4907 gaudia
940 4836 1065 4891 totis
1095 4836 1379 4891 desideriis
1405 4836 1761 4903 inhianlium,’

181 4920 303 4977 illius
345 4923 586 4993 lapides,
617 4922 1039 4995 recogitationes
1086 4932 1450 4994 peccatorum,
1480 4925 1637 4994 hujus
1674 4926 1760 4981 la-

180 5009 347 5078 pides,
378 5010 767 5067 meditationes
810 5011 1127 5083 perennium
1181 5012 1523 5083 gaudiorum.
1579 5012 1765 5069 Altare

185 5111 299 5169 ergo
331 5100 576 5169 primum
604 5099 796 5155 doctor
813 5097 1063 5156 aediﬁcat.
1090 5101 1310 5172 quando
1331 5101 1518 5172 culpas
1546 5100 1768 5172 exponit

187 5199 300 5254 quas
323 5188 455 5242 dum
497 5187 553 5242 in
590 5203 647 5243 se
675 5194 931 5257 peccator
956 5188 1168 5259 aspicit,
1208 5188 1534 5262 ingemiscit.
1579 5188 1767 5244 Merito

190 5274 331 5329 etiam
361 5275 537 5331 altare
574 5275 917 5348 compunctio
958 5276 1178 5344 dicitur,
1228 5278 1318 5347 qui
1350 5277 1608 5332 incensat.
1659 5275 1768 5333 Sed

184 5373 291 5415 cum
322 5362 415 5418 diu
444 5379 547 5435 pro
574 5363 816 5434 peccatis
844 5363 955 5420 suis
983 5364 1348 5436 unusquisque
1366 5363 1764 5435 compungitur,

184 5450 486 5519 penitendo
517 5450 730 5521 proﬁcit
772 5451 843 5506 ad
890 5467 1046 5507 usum
1094 5453 1420 5510 securitatis.
1462 5452 1608 5507 Nam
1648 5458 1770 5525 post

187 5537 487 5595 stilictionis
516 5547 756 5611 tempora
783 5538 980 5596 ardere
999 5540 1189 5613 incipit
1207 5542 1279 5597 ad
1298 5548 1556 5598 aeternam
1577 5542 1765 5611 vitam,

198 5633 245 5684 et
269 5629 359 5703 qui
387 5628 552 5701 prius
576 5627 800 5707 lugebat
816 5643 920 5702 pro
944 5644 1153 5705 pavore
1181 5630 1453 5706 supplicii,
1482 5629 1615 5688 ﬂere
1645 5629 1767 5702 jam

1843 2139 1999 2208 hujus
2037 2138 2161 2194 vitae
2206 2139 2392 2194 electis
2434 2139 2717 2195 animabus
2772 2158 2829 2196 se
2866 2146 3068 2213 aperit.
3109 2149 3167 2201 In
3217 2165 3437 2221 egressu

1845 2228 2048 2298 quippe
2079 2242 2177 2281 suo
2229 2228 2298 2281 de
2338 2242 2567 2297 corpore
2621 2228 2791 2284 electa
2831 2231 3010 2286 anima
3038 2233 3439 2295 illucescentem

1844 2315 1944 2371 sibi
1975 2315 2332 2371 aeternitatem
2360 2316 2530 2383 videt,
2564 2316 2694 2386 quia
2724 2318 2896 2373 lucem
2944 2324 3232 2391 praesentio
3261 2328 3439 2382 saeculi

1845 2405 1996 2476 quasi
2027 2403 2283 2459 tenebras
2320 2418 2429 2458 non
2458 2406 2692 2474 aspexit.

1917 2496 2010 2548 43.
2051 2491 2192 2560 Quid
2225 2507 2351 2547 vero
2382 2499 2463 2546 est
2489 2492 2633 2562 quod
2654 2492 2850 2549 dicitur
2872 2513 2883 2548 :
2903 2496 2986 2551 Et
3013 2515 3128 2554 non
3156 2503 3442 2574 relinqua-

1842 2599 1972 2637 mus
2002 2596 2076 2637 ex
2105 2581 2184 2636 eis
2211 2579 2400 2636 virum
2423 2579 2451 2631 ?
2482 2578 2598 2634 Sed
2627 2583 2804 2636 omnis
2827 2583 3128 2641 Philistceus
3142 2589 3225 2643 vir
3244 2595 3440 2648 vastari

1845 2670 2027 2737 debet,
2078 2668 2338 2740 parvulus
2384 2668 2565 2723 omnis
2617 2684 2957 2742 nequaquam
3004 2676 3194 2732 vastari
3236 2684 3437 2748 potest.

1844 2759 2019 2812 Nemo
2048 2756 2191 2811 enim
2224 2756 2341 2810 sine
2369 2765 2612 2826 peccato,
2642 2757 2743 2810 nisi
2772 2759 2918 2813 solus
2949 2761 3110 2816 Deus.
3159 2765 3268 2819 Viri
3301 2784 3438 2840 ergo

1845 2844 2093 2915 capitalia
2128 2844 2355 2899 crimina
2385 2852 2439 2898 et
2478 2844 2616 2899 viria
2644 2844 2969 2916 principalia
2997 2857 3135 2904 sunt.
3170 2852 3279 2907 Sed
3317 2864 3440 2912 tunc

1844 2933 2100 2998 virorum,
2143 2932 2199 2986 id
2253 2941 2330 2987 est
2379 2932 2576 2987 fortum
2634 2934 2852 2989 nomine
2910 2936 3282 3008 designantur,
3314 2960 3435 2998 cum

1844 3029 2187 3093 peccatorum
2236 3020 2337 3074 sibi
2385 3021 2553 3076 corda
2596 3020 2905 3091 subjiciunt.
2941 3025 3091 3081 Bene
3131 3044 3263 3100 ergo
3294 3032 3434 3088 dici—

1849 3117 1961 3163 tur:
1995 3110 2114 3165 Non
2135 3111 2525 3180 relinquamus
2565 3125 2639 3165 ex
2668 3111 2748 3165 eis
2791 3112 2998 3182 virum,
3036 3116 3159 3184 quia
3191 3122 3437 3175 conversi

1850 3206 2169 3269 peccatores
2208 3205 2515 3253 sanctorum
2563 3198 2980 3267 praedicatorum
3025 3204 3252 3261 consilio
3280 3207 3441 3265 fortia

1853 3301 2081 3358 quaeque
2109 3293 2354 3355 peccata,
2384 3294 2439 3340 et
2466 3285 2591 3341 vitia
2621 3286 2897 3357 deserunt,
2930 3291 3027 3345 sed
3056 3292 3261 3349 nullum
3307 3313 3442 3367 pec-

1852 3381 2036 3430 catum
2065 3382 2156 3428 aut
2177 3373 2365 3431 vitium
2384 3373 2583 3429 habere
2614 3390 2722 3430 non
2747 3386 2993 3446 possunt.
3032 3383 3079 3447 3
3094 3384 3137 3448 2
3152 3386 3195 3448 z
3218 3383 3446 3442 Possunt

1853 3476 2044 3519 cavere
2073 3460 2320 3530 crimina,
2354 3460 2448 3517 sed
2478 3463 2661 3518 omnia
2699 3480 2806 3519 non
2839 3476 3067 3536 possunt
3111 3470 3285 3525 vitare
3310 3489 3444 3543 pec-

1854 3557 1994 3608 cata.
2028 3551 2254 3606 Possunt
2282 3549 2417 3606 vitia
2446 3551 2803 3623 exstinguere,
2826 3554 2920 3608 sed
2950 3571 3020 3611 ne
3048 3556 3235 3627 aliquo
3265 3575 3451 3617 eorum

1855 3638 2345 3710 quomodocunque
2373 3638 2672 3709 pulsentur,
2692 3656 2800 3695 non
2838 3643 3134 3712 praevalent
3173 3662 3445 3706 exercere.

1854 3726 1993 3781 Dicit
2009 3742 2142 3799 ergo
2166 3743 2178 3780 :
2198 3727 2321 3782 Non
2341 3727 2728 3798 relinquamus
2747 3743 2824 3784 ea:
2844 3732 2925 3785 eis
2941 3732 3145 3801 virum,
3165 3735 3290 3805 quia
3309 3752 3445 3807 prae-

1856 3815 2124 3870 dicatores
2152 3821 2339 3869 sancta
2368 3813 2624 3870 Ecclesiae
2652 3821 2705 3869 et
2738 3815 2869 3871 vitia
2895 3833 2997 3873 nos
3016 3821 3289 3877 eradicare
3317 3840 3455 3895 prae-

1857 3902 2096 3971 cipiunt;
2129 3901 2225 3956 sed
2255 3901 2383 3955 dum
2416 3899 2576 3955 fortia
2596 3909 2647 3955 et
2668 3902 2987 3973 principalia
3013 3906 3070 3960 in
3086 3908 3245 3964 nobis
3258 3922 3453 3969 necant

1858 4005 2021 4062 agere
2049 3996 2322 4059 nequeunt
2347 3996 2406 4042 ut
2434 3987 2681 4057 quaedam
2723 4005 2909 4046 eorum
2944 4009 3049 4063 per
3083 4004 3296 4052 tenuem
3329 4016 3454 4058 mo-

1860 4086 1975 4133 tum
2032 4090 2375 4147 nequaquam
2430 4075 2633 4133 vivant.
2685 4077 2755 4132 Et
2795 4078 2864 4134 de
2907 4083 3091 4151 populi
3141 4084 3455 4146 obedientia

1860 4165 2216 4236 subjungens,
2248 4163 2325 4219 ait
2353 4180 2366 4216 :

1932 4280 2101 4347 (Vers.
2123 4277 2234 4348 36.)
2266 4277 2435 4333 Dixit
2460 4278 2703 4350 papulas
2722 4298 2740 4335 :
2767 4279 2962 4353 Omne,
2984 4285 3127 4356 quod
3143 4286 3345 4346 bonum
3367 4298 3455 4351 est

1858 4371 1923 4425 in
1952 4367 2129 4425 oculis
2158 4366 2293 4432 tuis,
2315 4370 2430 4436 fac.

1938 4456 2031 4510 44.
2069 4453 2230 4511 Oculi
2260 4453 2677 4525 praedicatorum
2693 4461 2814 4509 sunt
2842 4456 3060 4515 intuitus
3089 4462 3334 4521 rationis.
3355 4467 3460 4537 Qui

1870 4558 2004 4615 ergo
2050 4542 2274 4597 arbitrio
2317 4539 2556 4596 doctoris
2595 4543 2964 4614 committitur,
3026 4548 3205 4607 dicere
3235 4552 3284 4609 ci
3313 4566 3458 4616 recte

1866 4630 2180 4701 perhibetur
2202 4647 2213 4683 :
2253 4629 2424 4686 Omne
2439 4629 2581 4703 quod
2601 4630 2804 4716 bonum,
2826 4635 2908 4688 est
2922 4634 2984 4689 in
3005 4639 3183 4694 oculis
3203 4644 3337 4709 tuis,
3344 4650 3460 4716 fac.

1867 4718 2033 4788 Quasi
2050 4716 2346 4787 dicat:Qui
2364 4732 2462 4772 nos
2492 4717 2560 4773 de
2589 4714 2812 4773 rationis
2842 4730 3036 4777 nostrae
3065 4714 3459 4791 illuminatione

1869 4806 2186 4872 difﬁdimus,
2244 4804 2468 4861 rationis
2544 4812 2647 4860 tum
2715 4806 2820 4861 luci
2879 4811 3279 4886 committimus,
3314 4823 3463 4892 quod

1869 4893 2026 4950 nobis
2071 4892 2263 4949 deesse
2294 4892 2620 4962 judicamus.
2664 4892 2779 4950 Sed
2818 4896 2920 4951 hoc
2949 4900 3095 4967 quod
3126 4902 3265 4959 dixit
3288 4907 3415 4963 Saul
3449 4923 3466 4968 :

1870 4982 2170 5039 Irruamus
2199 4997 2370 5053 super
2402 4980 2732 5050 Philistiim,
2766 4987 2945 5053 potest
2968 4984 3196 5060 intelligi
3214 4993 3342 5062 quia
3355 5012 3463 5052 non

1872 5069 2169 5125 deliberata
2199 5068 2436 5140 protulit,
2478 5068 2578 5124 sed
2617 5070 2721 5125 hoc
2750 5070 3002 5141 dicendo,
3034 5089 3103 5128 an
3131 5086 3279 5133 esset
3305 5097 3469 5152 super

1872 5155 2156 5212 Philistiim
2187 5157 2496 5212 irruendum
2526 5158 2811 5213 consuluit.
2843 5158 3002 5224 Quod
3030 5170 3207 5218 autem
3237 5170 3470 5238 populus

1872 5245 1979 5301 cito
2025 5259 2311 5329 assensum
2342 5245 2595 5312 praebuit,
2628 5246 2733 5301 hoc
2762 5247 2905 5316 quod
2936 5249 3180 5305 videmus
3208 5253 3468 5329 insinuat,

1874 5332 1998 5407 quia
2056 5328 2300 5388 nonnulli
2360 5333 2497 5387 intra
2552 5339 2796 5388 sanctam
2848 5334 3138 5405 Ecclsiam,
3180 5328 3471 5414 antequam

1873 5420 2042 5479 verba
2072 5420 2345 5493 majorum
2379 5419 2705 5492 intelligant,
2745 5421 3000 5493 probant.
3045 5425 3185 5484 Nam
3227 5433 3477 5502 protinus

1872 5507 2119 5567 subditur
2145 5523 2161 5564 :

1954 5627 2133 5699 (Vere.
2155 5626 2245 5695 36,
2276 5623 2394 5700 3'7.)
2421 5624 2491 5682 Et
2517 5625 2605 5684 ait
2626 5622 2903 5689 Sacerdos
2929 5650 2950 5689 :
2975 5632 3321 5701 decedamus
3359 5643 3472 5715 huc
