3996 6164
520 329 622 391 387

1720 325 1966 390 SANCTI
1995 332 2085 390 GR
2094 328 2339 390 EGORH
2367 326 2595 389 MAGNI
3680 335 3770 395 388

521 461 594 517 ad
614 461 931 516 Dominum.
954 462 1020 516 Et
1047 459 1337 516 consuluit
1359 458 1852 528 SaulDominum,
1874 460 2102 517 dicens:
2131 458 2188 522 A
2218 458 2442 532 quidem
2499 458 2685 515 electis
2740 464 2803 512 ut
2843 455 3078 522 vincant,
3110 454 3207 511 sed
3271 456 3338 512 de
3373 457 3611 515 hostibus
3630 461 3769 530 quasi

519 550 663 605 Num
699 565 1002 622 persequar
1046 548 1359 605 Philistiim
1381 549 1411 601 ?
1453 551 1521 605 Et
1561 565 1676 607 non
1720 549 2009 623 respondit
2066 548 2119 605 ei
2227 549 2475 603 viventes
2501 546 2717 615 deserit,
2749 554 2807 600 ut
2833 560 2956 610 cum
2985 545 3181 617 quibus
3210 561 3417 617 semper
3442 557 3681 620 pugnent,
3703 550 3771 604 in-

516 635 802 695 Dominus
822 639 886 693 in
915 638 1003 694 die
1031 638 1155 693 illa.

2225 635 2461 692 veniant.
2495 632 2653 703 Quod
2694 641 2883 690 tamen
2922 633 2967 688 si
3002 634 3128 690 ideo
3169 632 3379 703 dicitur,
3409 634 3525 706 quia
3554 636 3772 693 Jonathaa

587 729 674 781 45.
709 725 852 794 Quid
887 736 965 782 est
1008 728 1155 799 quod
1193 727 1521 784 consulentis
1567 727 1712 800 regis
1758 726 1942 792 verba,
1992 740 2115 797 quae
2224 723 2381 795 culpa
2419 724 2644 792 celatur,
2682 739 2912 795 magnus
2959 722 3122 777 timor
3149 721 3383 793 prmiatis
3409 722 3663 780 incutitur.
3689 724 3770 779 Fi-

520 814 758 885 populus
789 815 988 884 laudat,
1016 816 1275 872 sacerdos
1293 817 1361 871 ad
1374 816 1662 872 Dominum
1680 832 1799 871 esse
1820 813 2113 869 deferenda
2221 811 2325 867 lius
2356 812 2575 882 quidem
2603 819 2815 882 peccat,
2848 818 2901 866 et
2942 810 3080 880 patri
3109 810 3228 880 ejus
3268 811 3656 880 responsionem
3684 827 3773 867 ne-

519 903 818 972 denuntiat,
856 904 957 957 nisi
987 905 1109 974 quia
1139 904 1370 960 obscura
1402 914 1455 961 et
1484 919 1686 977 magna
1720 903 1955 974 negotia,
1986 917 2110 974 quae

514 991 798 1061 simplices
837 992 1021 1059 latent,
1080 1008 1355 1062 nunquam
1416 993 1554 1047 bene
1626 991 2009 1062 disponuntur,
2061 989 2105 1043 si

517 1092 702 1133 eorum
733 1078 936 1132 exitum
964 1079 1018 1132 in
1046 1079 1286 1135 sacrario
1316 1081 1510 1134 mentis
1549 1078 1729 1133 subtili
1761 1077 2108 1133 meditatione

511 1181 619 1221 non
671 1167 961 1238 quaerimus
1002 1167 1083 1221 Ad
1139 1167 1429 1223 Dominum
1478 1167 1676 1239 quippe
1714 1166 1992 1236 accedere,
2027 1172 2107 1220 est

514 1254 631 1322 ejus
659 1254 992 1309 voluntatem
1021 1264 1225 1311 secreta
1260 1256 1715 1325 contemplatione
1754 1269 2100 1327 cognoscere.

517 1342 584 1396 Et
630 1343 768 1398 bene
807 1358 1056 1399 accessus
1101 1343 1313 1413 dicitur,
1359 1345 1485 1416 quia
1515 1343 1587 1400 ab
1633 1343 1986 1400 exterioribus
2032 1342 2103 1398 ad

516 1431 724 1486 interna
775 1430 1060 1501 tendimus,
1108 1434 1346 1503 quamdo
1385 1434 1562 1505 operis
1603 1433 1770 1488 nostri
1800 1432 2001 1488 exitum
2045 1431 2102 1487 in

511 1520 699 1575 divina
729 1521 998 1575 voluntate
1028 1535 1357 1593 cognoscere
1397 1529 1680 1576 tentamus.
1712 1522 1851 1577 Nam
1882 1520 1973 1590 qui
2001 1535 2098 1575 oc-

508 1608 650 1663 culta
680 1615 733 1663 et
769 1607 956 1662 intima
997 1609 1209 1681 quaerit,
1250 1618 1301 1664 et
1332 1610 1594 1665 exteriora
1640 1624 1750 1664 non
1787 1608 2004 1674 deserit,
2037 1622 2099 1664 ea

512 1712 632 1766 quae
661 1697 839 1751 nescit
865 1696 1018 1752 adire
1046 1712 1156 1752 non
1183 1697 1405 1753 invenit.
1456 1697 1682 1766 Quando
1719 1712 1851 1768 ergo
1882 1713 1914 1752 a
1940 1695 2100 1752 nobis

2219 907 2332 971 gat.
2378 901 2527 956 Unus
2589 900 2753 956 etiam
2806 898 3095 968 deliquisse
3136 898 3492 970 cognoscitur,
3547 900 3639 955 sed
3686 916 3772 970 pro

2217 988 2377 1043 unius
2408 988 2569 1058 culpa
2596 987 2807 1059 insequi
2838 987 3021 1043 hostes
3049 1001 3177 1042 suos
3203 986 3379 1043 cuncti
3397 987 3771 1057 pertimescunt.

2216 1074 2360 1144 Quid
2389 1077 2445 1131 in
2473 1078 2578 1131 hoc
2606 1076 2753 1131 facto
2786 1075 3047 1148 signatur,
3079 1074 3185 1129 nisi
3214 1074 3341 1146 quia
3366 1083 3578 1146 peccata
3604 1076 3776 1132 subdi-

2214 1171 2391 1219 torum
2429 1179 2539 1219 non
2566 1164 2741 1219 solum
2779 1162 2902 1231 sibi,
2934 1163 3030 1218 sed
3059 1163 3225 1218 etiam
3265 1163 3504 1233 praelatis
3537 1171 3587 1218 et
3612 1178 3776 1220 secum

2211 1251 2565 1309 communiter
2616 1250 2926 1308 viventidus
2976 1252 3215 1308 nocent?
3269 1250 3409 1320 Quia
3449 1266 3576 1307 vero
3619 1251 3787 1307 latens

2211 1341 2332 1397 haec
2375 1341 2535 1412 culpa
2563 1356 2596 1396 a
2627 1355 2757 1412 rege
2784 1340 3085 1409 discutitur,
3114 1338 3398 1399 videamus
3420 1340 3530 1409 jam
3562 1356 3664 1410 qua
3684 1357 3770 1395 su-

2210 1429 2475 1485 blimitate
2504 1428 2732 1487 latentia
2760 1443 2992 1501 quaeque
3018 1428 3421 1500 perquirantur.
3449 1428 3583 1483 Nam
3616 1428 3778 1501 sequi-

2212 1525 2298 1573 tur
2330 1531 2344 1572 :

2280 1633 2456 1699 (Vers.
2479 1633 2571 1700 38,
2605 1632 2721 1704 39.)
2764 1631 3053 1705 Applicate
3092 1631 3200 1689 huc
3232 1632 3523 1688 universos
3558 1632 3781 1704 angulos

2203 1722 2417 1799 populi,
2433 1724 2490 1777 et
2510 1722 2733 1788 scitote,
2749 1724 2807 1776 et
2824 1721 3005 1777 videte
3016 1735 3119 1793 per
3129 1736 3294 1792 quem
3311 1720 3577 1776 acciderit
3602 1734 3781 1792 pecca-

504 1784 572 1839 de
601 1783 821 1879 θίξθυιίίδ
874 1784 1035 1879 r91)“
1073 1785 1353 1879 θοΡδίῙίυῐη
1396 1785 1675 1879 (Ιυδῗτίίυτν
1709 1785 1780 1879 ξίά
1807 1783 2095 1840 Dominum
2127 1817 2181 1879 Β
2203 1783 2334 1865 tum
2352 1783 2452 1866 hoc
2469 1810 2647 1865 hodie.
2670 1783 2809 1866 Viuit
2828 1783 3099 1864 Dominus
3115 1783 3386 1863 Salvator
3402 1783 3646 1875 Israelis,
3663 1807 3783 1878 quia

503 1873 843 1939 accedamus,
877 1875 937 1926 ut
967 1880 1088 1928 tunc
1118 1873 1336 1928 demum
1377 1874 1522 1945 quod
1553 1873 1824 1945 agendum
1854 1880 1933 1927 est
1966 1888 2095 1944 pro-

502 1968 753 2032 ponatur,
785 1975 906 2016 cum
939 1960 992 2015 in
1020 1960 1203 2015 divina
1231 1961 1506 2018 voluntate
1540 1962 1903 2031 cognoscitur.
1936 1961 2100 2017 Multa

503 2049 646 2104 enim
677 2048 926 2103 videntur
953 2049 1097 2104 bona
1126 2064 1243 2104 esse
1277 2058 1327 2104 et
1356 2065 1465 2105 non
1494 2056 1633 2105 sunt.
1657 2050 1921 2122 Pleraque
1939 2050 2098 2106 etiam

506 2136 755 2191 facienda
790 2144 929 2202 sunt,
963 2138 1062 2192 sed
1110 2138 1295 2192 utilius
1334 2137 1466 2193 ﬁunt
1499 2137 1541 2192 si
1582 2152 1826 2210 congruo
1872 2139 2100 2210 tempori

517 2232 883 2279 reservuntur.
923 2222 1185 2292 Qumdam
1209 2241 1424 2297 quoque
1451 2225 1540 2281 alii
1570 2225 1744 2281 facere
1764 2226 1983 2292 debent,
2007 2227 2099 2282 alii

501 2329 631 2368 vero
657 2328 765 2367 non
793 2313 1009 2367 debent.
1044 2314 1177 2381 Quae
1213 2314 1465 2369 nimirum
1496 2314 1539 2368 si
1567 2314 1766 2369 electus
1787 2314 2015 2384 quilibet
2043 2315 2098 2369 in

502 2408 710 2455 secreto
738 2401 1105 2455 meditationis
1136 2402 1323 2456 videre
1353 2402 1602 2473 negligit,
1635 2418 1700 2457 ea
1736 2402 1918 2473 utique
1946 2410 2096 2459 recto

499 2489 689 2543 ordine
720 2504 826 2543 non
856 2488 1121 2557 disponit.
1178 2488 1243 2543 Et
1274 2496 1462 2544 contra
1499 2498 1679 2545 autem
1706 2490 1799 2562 qui
1830 2491 2097 2546 discutere

505 2593 588 2645 ea,
623 2576 709 2630 vel
731 2592 893 2647 agere.
924 2576 1236 2632 meditando
1266 2578 1565 2644 consuevit,
1597 2594 1705 2633 non
1734 2579 1906 2634 solum
1936 2595 2097 2652 agen-

500 2664 591 2731 da,
624 2664 720 2719 sed
752 2664 912 2718 etiam
941 2662 1160 2719 vitanda
1185 2666 1484 2737 cognoscit.
1517 2667 1674 2723 Unde
1704 2675 1758 2722 et
1784 2667 1922 2723 bene
1951 2668 2092 2724 dici-

494 2760 575 2807 tur
606 2770 618 2806 :

569 2868 743 2937 (Vers.
768 2865 881 2938 37.)
915 2866 1207 2925 Consuluit
1242 2868 1390 2927 Saul
1418 2869 1740 2942 Dominum,
1759 2874 1816 2928 et
1845 2887 1962 2928 non
1979 2886 2092 2929 res-

443 2982 446 2986 λ
496 2957 694 3028 pandit
725 2957 777 3013 ei
802 2957 1073 3013 Dominus
1101 2958 1165 3012 in
1194 2957 1282 3014 die
1310 2957 1439 3014 illa.

563 3073 654 3124 46.
684 3068 811 3123 Dies
839 3076 917 3124 est
945 3069 1201 3139 cogitatio
1231 3071 1447 3139 mentis,
1487 3088 1610 3143 quae
1636 3071 1776 3129 bona
1802 3079 2024 3142 putatur
2038 3080 2101 3130 et

2207 1897 2257 1953 si
2308 1914 2413 1970 per
2453 1898 2758 1955 Jonatham
2794 1899 3016 1968 factum
3055 1900 3163 1963 est,
3208 1896 3413 1968 absque
3458 1895 3785 1952 retractione

2211 1985 2393 2057 [Forte
2426 1985 2718 2058 legendum
2740 1984 3115 2039 retractatione
3132 1984 3221 2040 hic
3249 1987 3308 2039 et
3338 1981 3469 2055 iri/2]
3505 1982 3781 2038 morietur.

2276 2099 2366 2154 48.
2397 2097 2607 2167 Quibus
2634 2098 2887 2152 nimirum
2924 2096 3104 2152 verbis
3131 2095 3444 2157 ordinatum
3472 2095 3625 2152 valde
3646 2094 3782 2165 judi-

2205 2186 2275 2242 cii
2294 2186 2543 2242 ordinem
2560 2186 2971 2252 demonstravit,
2999 2185 3124 2256 quia
3141 2184 3299 2256 culpa
3322 2183 3469 2255 prius
3483 2183 3787 2239 invenienda

2205 2281 2286 2330 est
2314 2274 2512 2330 deinde
2541 2288 2702 2346 poena
2730 2273 3050 2345 irroganda.
3088 2273 3225 2327 Nam
3266 2271 3464 2341 judicii
3492 2271 3624 2327 ordo
3658 2286 3785 2327 con-

2204 2362 2465 2430 funditur,
2498 2362 2545 2416 si
2590 2370 2713 2417 ante
2742 2362 2974 2418 inventae
3004 2361 3161 2431 culpa
3189 2360 3583 2416 discussionem
3610 2357 3787 2430 profe-

2202 2458 2365 2506 ratur.
2416 2451 2503 2505 Ne
2559 2451 2702 2505 enim
2758 2456 2881 2505 ante
2943 2448 3337 2505 discussionem
3392 2448 3565 2515 feriat,
3622 2448 3784 2504 dicit:

2200 2539 2496 2611 Applicate
2510 2537 2617 2595 huc
2634 2540 2928 2595 universos
2946 2539 3174 2609 angelos
3188 2538 3407 2611 populi,
3440 2541 3498 2593 et
3528 2536 3721 2603 uidete,
3738 2540 3790 2592 et

2200 2629 2402 2684 scitote
2414 2643 2516 2698 per
2531 2642 2693 2699 quem
2703 2626 2975 2684 acciderit
2986 2627 3084 2682 hoc
3093 2631 3397 2698 peccatum
3408 2624 3666 2683 hodie.Et
3677 2624 3793 2693 quia

2200 2715 2423 2788 cognita
2470 2715 2626 2785 culpa
2671 2715 2938 2770 austerius
2973 2714 3213 2769 ferienda
3254 2714 3536 2784 est,jurat,
3568 2713 3746 2768 dicens
3775 2704 3799 2765 :‘

2213 2802 2362 2859 Vivit
2388 2803 2678 2872 Dominus,
2710 2803 2848 2876 quia
2866 2803 2921 2871 si
2941 2818 3045 2874 per
3067 2803 3387 2865 Ionatham,
3406 2802 3594 2871 ﬁlium
3612 2816 3792 2857 meum

2195 2894 2418 2963 factum
2448 2895 2554 2960 est,
2606 2890 2807 2964 absque
2837 2892 3193 2946 retractione
3221 2893 3528 2947 morietur.
3562 2887 3790 2957 Tractari

2201 2980 2422 3052 quidem
2450 2980 2648 3035 diutius
2671 2979 2852 3048 debet,
2883 2987 2942 3033 ut
2962 2977 3271 3034 inveniatur
3297 2978 3482 3048 culpa,
3522 2976 3619 3033 sed
3646 2982 3792 3046 post-

2199 3084 2363 3140 quam
2392 3068 2613 3123 inventa
2640 3075 2739 3135 est,
2772 3067 2828 3121 in
2871 3080 2937 3121 ea
2982 3064 3135 3121 vivus
3179 3066 3379 3136 aliquis
3414 3064 3646 3135 relinqui
3688 3078 3792 3119 non

494 3171 604 3217 non
630 3152 999 3226 cOguOScitur.
1048 3157 1192 3214 Nam
1220 3158 1350 3213 dum
1379 3159 1581 3216 bonam
1609 3176 1669 3217 se
1695 3176 1821 3217 esse
1847 3160 2087 3229 simulat,
2117 3175 2169 3240 ρ
2199 3156 2379 3212 debet.
2419 3155 2634 3227 Absque
2672 3154 2997 3211 retractione
3027 3152 3329 3225 perimitur,
3378 3154 3473 3225 qui
3515 3153 3700 3210 vivere
3742 3150 3794 3240 in

491 3243 650 3314 quasi
678 3245 855 3300 lucem
884 3252 1088 3315 portat,
1126 3246 1187 3301 In
1216 3245 1305 3301 die
1330 3262 1465 3319 ergo
1494 3246 1590 3303 illa
1606 3247 1869 3315 Dominus
1898 3263 2087 3306 consu—

488 3331 620 3393 lenti
655 3347 715 3388 se
753 3347 860 3387 non
892 3331 1187 3402 respondit,
1220 3333 1348 3404 quia
1388 3334 1617 3392 verbum
1642 3335 1743 3391 Dei
1790 3350 1914 3395 cum
1944 3336 2088 3397 mala

488 3419 879 3481 deliberatione
905 3419 1201 3479 convenire
1246 3435 1357 3475 non
1402 3428 1597 3491 potest.
1635 3422 1738 3487 Per
1763 3438 2087 3492 responsum

487 3507 708 3578 quidem
738 3508 886 3563 verbi
916 3506 1224 3577 patefacere
1252 3508 1489 3565 solemus
1515 3524 1733 3567 sensum
1762 3510 1964 3569 intimae
1994 3527 2085 3569 vo-

484 3595 723 3659 luntatis.
757 3595 819 3648 In
863 3594 959 3649 illa
990 3594 1157 3665 igitur
1192 3595 1282 3653 die
1308 3596 1573 3651 Dominus
1598 3612 1710 3653 non
1743 3599 2035 3667 respondet
2065 3618 2078 3654 :

487 3684 619 3753 quia
650 3683 994 3752 omnipotens
1021 3683 1170 3741 Deus
1195 3685 1254 3739 in
1295 3683 1545 3739 simulata
1586 3684 1931 3756 cogitationis
1957 3686 2083 3741 lucc

484 3788 594 3826 non
620 3771 877 3840 cernitur,
910 3771 1001 3843 qui
1031 3786 1249 3841 semper
1272 3772 1332 3826 in
1369 3772 1610 3829 claritate
1656 3772 1896 3831 veritatis
1922 3773 2080 3829 inve-

480 3860 642 3916 nitur.
665 3859 735 3915 Et
755 3859 1075 3925 notandum,
1108 3859 1235 3931 quia
1264 3860 1354 3932 qui
1385 3860 1674 3917 accedendi
1702 3860 1775 3919 ad
1787 3860 2079 3918 Dominum

479 3947 762 4005 consilium
790 3947 992 4015 tribuit,
1032 3948 1288 4006 sacerdos
1321 3947 1441 4003 fuit.
1457 3948 1600 4016 Quid
1630 3948 1772 4008 enim
1813 3950 2075 4021 sanctius,

2194 3250 2439 3315 peccato,
2472 3244 2656 3305 statim
2697 3250 2757 3298 ut
2795 3242 3103 3311 innotuerit,
3136 3242 3485 3312 prohibetur.
3519 3241 3630 3297 Sed
3658 3239 3792 3295 istud

2193 3331 2397 3404 absque
2425 3331 2769 3400 retractione,
2799 3328 3026 3386 scillicet
3055 3328 3344 3401 perimere,
3384 3330 3597 3402 absque
3629 3337 3796 3384 retra-

2192 3420 2371 3476 ctione
2428 3434 2537 3475 non
2589 3426 2688 3486 est,
2739 3418 2867 3489 quia
2916 3418 3086 3473 multa
3141 3417 3588 3475 consideratione
3626 3423 3799 3489 pastor

2191 3508 2377 3572 utitur,
2419 3515 2479 3563 ut
2518 3506 2701 3579 culpa,
2750 3521 2913 3577 quam
2968 3505 3314 3562 retractando
3378 3506 3610 3575 invenit,
3650 3504 3795 3561 feriri

2192 3596 2402 3667 absque
2429 3596 2785 3663 retractione,
2817 3602 2871 3649 et
2898 3593 3173 3667 exstingui
3197 3594 3472 3651 velociter
3498 3594 3697 3665 possit.

2259 3687 2349 3739 L9.
2382 3682 2542 3752 Quod
2570 3683 2616 3737 si
2647 3682 2807 3753 juxta
2852 3682 3131 3738 historiam
3177 3681 3345 3752 hujus
3383 3683 3617 3754 paterni
3642 3682 3793 3751 jura;-

2188 3771 2355 3828 menti
2372 3772 2582 3843 pondus
2600 3770 2944 3836 attendimus,
2967 3777 3021 3825 et
3039 3768 3184 3824 illius
3207 3770 3482 3841 temporis
3504 3770 3793 3837 fervorem,

2186 3869 2241 3917 et
2268 3861 2428 3930 hujus
2452 3864 2696 3931 teporem
2723 3859 2925 3929 pariter
2951 3866 3286 3914 contuemur.
3320 3858 3557 3930 Antiqui
3603 3858 3796 3914 etenim

2185 3956 2383 4021 patres,
2415 3956 2472 4003 ut
2502 3948 2617 4003 Deo
2643 3947 2942 4017 placerent,
2973 3945 3042 4001 ad
3071 3952 3298 4001 mortem
3332 3945 3471 4003 ﬁliis
3501 3946 3670 4006 etiam
3693 3960 3799 4001 non

478 4051 641 4107 quam
670 4034 959 4097 consilium
972 4034 1277 4095 accedendi
1293 4036 1367 4095 ad
1382 4036 1594 4099 Deum?
1610 4036 1931 4094 Sacerdotes
1943 4053 2083 4110 ergo,
2182 4036 2500 4107 parcebant.
2538 4035 2655 4091 Nos
2697 4042 2879 4090 autem
2927 4049 3021 4090 eos
3056 4048 3194 4106 quos
3238 4035 3557 4091 secundum
3576 4048 3796 4090 carnem

480 4123 636 4179 toties
683 4139 888 4189 sumus,
920 4124 1130 4193 quoties
1174 4123 1427 4179 fratribus
1470 4124 1614 4185 bona
1642 4125 1869 4187 consilia
1906 4126 2073 4180 mini-
2182 4124 2480 4201 diligimus,
2529 4124 2692 4179 etiam
2725 4122 2873 4179 tenui
2911 4122 3205 4193 asperitate
3246 4123 3561 4187 verborum
3586 4120 3796 4192 insequi

477 4220 737 4267 stramus.
771 4210 993 4267 Sacrius
1022 4212 1169 4268 enim
1194 4212 1327 4273 nihil
1359 4211 1476 4267 dari
1497 4219 1691 4282 potest,
1716 4225 1874 4283 quam
1898 4214 1954 4267 id
1975 4229 2073 4283 per
2179 4227 2287 4267 non
2311 4211 2595 4267 audemus.
2628 4211 2768 4267 Ecce
2793 4211 2885 4282 qui
2914 4211 2984 4266 ad
3012 4226 3248 4283 regnum
3284 4208 3469 4266 ﬁlium
3498 4210 3792 4276 nutriebat,

476 4300 622 4369 quod
651 4301 877 4370 quisque
920 4296 998 4354 ire
1040 4297 1111 4353 ad
1146 4299 1482 4355 conditorem
1512 4299 1697 4363 debet.
1734 4300 1848 4365 Nos
1889 4308 2067 4355 autem
2178 4299 2342 4356 dicit:
2370 4300 2510 4370 Quia
2538 4301 2589 4356 si
2615 4316 2727 4372 per-
2746 4315 2875 4357 eum
2899 4303 3196 4371 peccatum
3218 4300 3796 4372 factumeskabaqu

472 4387 599 4455 quia
643 4386 887 4442 ordinem
931 4386 1222 4455 spiritualis
1263 4402 1461 4467 pugnae
1498 4378 2061 4457 describimus,32,3
2173 4389 2526 4445 retractione
2566 4388 2867 4445 morietur.
2916 4388 3030 4443 Nos
3073 4394 3361 4458 peccantes
3402 4389 3711 4456 cernimus,
3740 4389 3799 4447 et

475 4472 999 4580 continqareLpriora
1027 4474 1369 4580 sequentibus
1396 4472 1689 4580 debemus:
1804 4561 1816 4580 ι
1861 4561 1893 4580 ν
2094 4519 2147 4580 D
2176 4475 2469 4548 objurgare
2498 4484 2786 4547 peccantes
2814 4482 2907 4530 aut
2933 4474 3205 4547 nolumus,
3365 4476 3655 4536 tisnemus.
3690 4476 3795 4531 Cur

543 4562 632 4615 4³7.
669 4558 914 4625 Verbum
958 4560 1177 4629 quidem
1221 4559 1351 4616 Saul
1398 4560 1516 4626 fuit,
1549 4567 1608 4614 ut
1648 4559 1724 4617 sic
1761 4561 2066 4624 Philistmos
2094 4558 2147 4580 υ
2174 4579 2308 4636 ergo
2334 4565 2437 4621 hoc
2467 4563 2715 4631 facimus,
2743 4563 2853 4617 nisi
2893 4562 3022 4634 quia
3056 4563 3231 4619 Deum
3273 4561 3423 4620 sicut
3459 4565 3555 4619 illi
3576 4577 3792 4636 nequa-

476 4647 733 4715 vastaret,
764 4655 819 4701 ut
848 4664 915 4701 ex
946 4646 1010 4701 iis
1042 4647 1218 4702 virum
1265 4663 1372 4703 non
1416 4646 1761 4719 relinqueret.
1802 4649 1959 4719 Quod
1987 4652 2067 4709 sic
2173 4667 2337 4721 quam
2375 4650 2694 4724 diligimus?
2730 4652 2871 4705 Nam
2909 4650 3141 4721 Moyses,
3189 4657 3251 4705 ut
3294 4651 3455 4708 bene.
3493 4659 3793 4723 peccatum

476 4736 638 4789 etiam
672 4733 922 4806 intelligit
950 4743 1158 4805 potest;
1211 4735 1337 4807 quia
1383 4736 1455 4790 ita
1499 4735 1716 4792 volebat
1759 4737 2067 4795 Philistaeos
2170 4739 2493 4794 idololatriae
2509 4738 2823 4808 vindicaret,
2855 4738 3071 4795 Levites
3092 4738 3289 4811 viginti
3308 4739 3423 4796 tria
3448 4741 3793 4797 milliaviro-

465 4823 757 4895 perimere,
789 4830 845 4877 ut
887 4838 1077 4878 eorum
1121 4823 1301 4878 nullus
1344 4823 1481 4878 ultra
1518 4839 1737 4880 movere
1784 4824 1927 4880 bella
1956 4842 2060 4897 po-
2168 4818 2286 4882 rum
2311 4827 2472 4896 jussit
2513 4826 2781 4885 occidere.
2819 4828 2879 4881 In
2912 4827 3068 4897 cujus
3093 4827 3347 4891 nimirum
3379 4828 3790 4885 exercitatione

466 4910 682 4971 tuisset.
720 4910 915 4983 Magna
943 4911 1163 4982 quidem
1196 4910 1315 4967 haec
1345 4911 1461 4967 dies
1495 4910 1689 4979 mentis
1718 4922 1828 4980 est,
1849 4930 1953 4985 qua
1981 4914 2060 4971 sic
2166 4913 2335 4970 credis
2353 4914 2601 4970 dixit:Si
2627 4913 3398 4987 qukcstDmindjungatur
3416 4916 3598 4974 mihi.
3610 4917 3795 4973 Ponat

462 5009 682 5057 aeternae
710 5007 1040 5071 quaeruntur,
1056 5007 1112 5053 ut
1130 4999 1442 5069 temporalis
1462 4998 1633 5057 hostis
1661 5000 1840 5055 nullus
1859 5016 1888 5055 a
1909 5002 2065 5059 caede
2164 5002 2897 5074 uirgladiumsuperfcmur
2916 5017 3104 5059 suum.
3131 5002 3217 5058 Ite
3237 5004 3511 5060 “redite
3528 5005 3603 5061 de
3621 5007 3795 5077 parta

454 5090 805 5161 relinquatur.
848 5086 956 5142 Sed
988 5086 1110 5159 quia
1139 5087 1272 5141 nulli
1309 5087 1624 5149 conceditur
1653 5088 1733 5143 sic
1777 5096 2054 5159 tempora-
2171 5105 2343 5163 usque
2380 5091 2454 5146 ad
2480 5093 2724 5163 portam,
2757 5094 2823 5146 et
2839 5091 3069 5146 occidat»
3093 5091 3501 5163 unusquisque.
3534 5094 3797 5164 fratrem

453 5176 576 5234 liter
602 5179 843 5243 vincere,
876 5183 933 5229 ut
961 5191 1070 5232 non
1102 5174 1299 5231 debeat
1327 5175 1473 5230 omni
1505 5183 1744 5246 tempore
1783 5192 2049 5251 pugnare,
2159 5183 2416 5247 suum,et
2434 5180 2703 5247 amicum,
2718 5178 3542 5250 etproaimumtkwodzxxxu,
3563 5181 3786 5249 38,27).

450 5267 644 5320 merito
674 5265 895 5321 dicitur:
912 5265 1030 5321 Non
1050 5262 1339 5335 respondit
1365 5264 1418 5333 ei
1432 5264 1700 5319 Dominus
1723 5264 1787 5329 in
1817 5263 1905 5328 die
1922 5265 2045 5320 illa.
2160 5263 2326 5332 Quasi
2359 5265 2509 5320 dicat
2535 5283 2546 5318 :
2580 5266 2649 5319 In.
2670 5266 2783 5325 hoc.
2808 5266 3057 5320 ostendet
3097 5265 3402 5337 quisquas
3417 5267 3701 5339 24quia
3722 5266 3794 5322 sit

450 5352 801 5422 Respondere
849 5352 949 5407 Dei
996 5367 1104 5408 non
1162 5351 1336 5415 solum
1392 5350 1569 5417 intimi
1604 5348 1754 5407 verbi
1791 5348 1910 5419 ejus
1947 5359 2047 5421 est,
2155 5351 2392 5423 Domini,
2427 5353 2477 5411 si
2508 5369 2611 5424 pro
2639 5353 2759 5423 ejus
2780 5367 2966 5413 arnore
2982 5352 3452 5424 fratri,pnoxirno,
3484 5354 3799 5411 velamina

450 5438 548 5493 sed
576 5438 774 5510 gratiae
803 5447 857 5494 et
884 5441 1148 5494 muneris.
1167 5437 1398 5507 Quando
1423 5438 1567 5494 enim
1597 5438 1830 5509 benigne
1858 5453 2049 5509 conce-
2154 5454 2263 5495 non
2291 5442 2483 5512 parcit.
2518 5440 2661 5497 Dicit
2678 5456 2816 5515 ergo
2841 5441 2975 5497 Saul
2999 5441 3066 5497 de
3097 5440 3211 5497 ﬁlio
3236 5459 3259 5496 ε»
3289 5442 3438 5511 Quia
3458 5443 3687 5515 absque
3709 5457 3793 5499 re“.

444 5525 525 5580 dit
580 5525 727 5597 quod
772 5526 862 5596 pie
909 5527 1128 5597 petitur,
1184 5526 1521 5600 respondere
1555 5524 1887 5597 perhibetur.
1927 5526 2049 5581 Non
2156 5530 2443 5586 tractione
2466 5530 2764 5600 morietur,
2786 5529 2915 5600 quia
2936 5528 3096 5585 nobis
3116 5527 3797 5603 jamsuhﬂedemptcris

445 5626 585 5687 ergo
625 5612 921 5685 respondet
961 5613 1229 5672 Dominus
1270 5614 1328 5673 in
1355 5613 1447 5673 die
1486 5612 1603 5684 illa,
1632 5610 1760 5688 quia
1778 5613 2049 5686 permittit
2153 5614 2340 5691 gratia
2364 5616 2695 5691 viventibus,
2722 5616 2823 5676 etsi
2848 5631 3003 5681 more
3028 5632 3139 5679 non
3165 5615 3482 5681 (localiter
3494 5618 3785 5693 corporis,
