3996 6164
480 280 575 343 391

1672 264 1915 334 SANCTI
1946 264 2290 336 GREGOR’II
2330 273 2552 337 MAGNI

3662 288 3760 346 392

548 412 612 465 Et
643 408 770 480 quia
797 406 915 478 ipsa
941 404 1101 460 etiam
1130 402 1290 474 culpa
1315 417 1425 458 non
1456 402 1615 459 facile
1643 418 1676 458 a
1705 417 1812 476 quo
1842 403 1912 459 sit
1938 418 2065 474 per-
2092 404 2148 465 Α
2178 408 2309 460 tans
2326 406 2549 475 gustavi
2585 405 2648 460 in
2668 405 2875 462 summi
2897 408 3017 462 tate
3032 406 3221 477 virga,
3245 420 3366 478 qua
3384 409 3583 463 eratin
3594 425 3761 469 manu

475 505 685 570 petrata
714 492 1081 567 cognoscitur,
1115 492 1387 562 sequitur:

547 587 721 653 (Vers.
755 587 866 653 Η.)
890 584 955 640 Et
988 582 1072 636 ait
1101 581 1255 635 Saut
1274 580 1512 637 :lllittite
1542 584 1752 636 sortem
1778 580 1937 637 inter
1974 594 2065 635 me

477 681 532 733 et
568 674 755 744 ﬁlium
781 686 992 727 meum.
1024 669 1092 723 Et
1121 671 1322 739 captus
1340 672 1425 724 est
1454 669 1750 725 Jonathas.

547 767 642 817 53.
680 760 783 829 Qui
813 765 982 814 sortes
1010 757 1246 821 mittunt,
1279 771 1378 827 per
1415 756 1709 811 visibilium
1742 772 1926 811 rerum
1948 770 2076 810 con-

468 854 704 924 jecturas
725 846 941 902 latentia
985 860 1132 914 sirpe
1181 843 1621 914 deprehendunt.
1676 844 1766 900 Sic
1819 844 2077 898 nimirum

473 942 636 996 Jonas
667 936 878 1009 fugiens
906 933 1141 988 noscitur
1159 931 1310 1001 (Jon.
1340 935 1410 1003 1);
1443 933 1521 988 sic
1550 932 1811 987 Matthias
1836 935 2077 1002 Aposto-

474 1030 561 1084 lus
589 1024 896 1097 Apostolica
923 1020 1238 1077 celsitudine
1268 1021 1463 1092 dignus
1508 1020 1778 1076 invenitur
1808 1020 1965 1089 (Act.
1999 1020 2065 1091 ι).

476 1117 661 1172 Sortes
690 1127 822 1183 ergo
843 1108 1151 1180 spirituales
1164 1108 1662 1178 ponimus,quando
1680 1124 1781 1179 per
1800 1107 2069 1163 exteriora

481 1205 639 1275 signa
663 1215 909 1271 operum,
940 1196 1008 1251 ad
1032 1197 1374 1252 occultorum
1413 1197 1651 1251 notitiam
1683 1195 2063 1266 pervenimus.

480 1294 610 1347 Sors
637 1289 782 1345 enim
808 1285 1227 1356 uniuscujusque
1277 1285 1500 1356 propria
1558 1293 1640 1339 est
1697 1299 1798 1340 con
1814 1283 2074 1340 versatio.

484 1380 638 1438 Unde
668 1379 720 1431 in
755 1374 1030 1445 Sapientia
1060 1372 1283 1442 reprobi
1312 1374 1501 1428 dicunt
1530 1391 1544 1427 :
1601 1375 1943 1431 Coronemus
1983 1388 2086 1430 nos

484 1471 626 1527 rosis
646 1470 950 1535 antequam
966 1477 1023 1515 m
1038 1463 1468 1529 arcescant;nul
1481 1463 1597 1517 lum
1609 1466 1844 1532 pratum
1862 1462 1938 1515 sit
1948 1457 2089 1532 quod

488 1575 604 1615 non
615 1555 978 1628 pertranseat
1003 1551 1240 1605 luxuria
1260 1553 1455 1605 nostra
1459 1547 1686 1621 mitique
1702 1550 2089 1621 relinquamus

489 1651 658 1717 signa
682 1640 1191 1710 lcetitice,quoniam
1209 1640 1324 1694 hac
1338 1641 1421 1693 est
1441 1654 1573 1709 pars
1591 1642 1787 1692 nostra
1802 1640 1857 1692 et
1875 1635 1990 1691 hac
2005 1637 2089 1691 est

2178 508 2327 561 mea,
2344 494 2652 565 paululum
2674 494 2889 563 mellis,
2918 496 2976 550 et
3003 509 3129 550 ecce
3147 495 3377 551 morior.

2253 585 2348 635 55.
2387 580 2531 649 Quid
2563 591 2646 637 est
2672 581 2816 653 quod
2846 581 2951 637 ait:
3009 580 3262 638 Gustans
3291 584 3508 655 gustavi
3540 585 3570 637 ?
3595 583 3762 654 Quare

2183 685 2290 725 non
2323 668 2462 724 dixit
2491 670 2738 740 superius
2773 690 2785 725 :
2831 670 3082 726 Gustans
3119 672 3341 741 gustavi
3386 674 3760 743 paululumde
3810 660 3815 665 ’

2184 758 2352 814 melle
2377 758 2485 814 isto
2501 778 2526 822 ;
2547 773 2671 814 cum
2702 757 2838 813 dixit
2861 776 2874 812 :
2907 759 3130 815 Vidistis
3152 759 3285 831 quia
3307 760 3624 817 illuminati
3637 768 3763 819 sunt

2187 847 2337 902 oculi
2346 848 2548 914 mei,eo
2562 847 2704 919 quod
2713 848 3058 918 gustaverim
3071 847 3375 919 paululum
3387 848 3453 903 de
3465 849 3630 905 melle
3640 850 3770 906 isto?

2187 933 2295 990 Sed
2325 933 2551 1006 quidam
2585 936 2713 989 dum
2762 945 2986 1005 peccata
3053 933 3392 1003 conﬁtentur,
3442 952 3505 990 ea
3533 937 3768 993 nimirum

2189 1022 2512 1095 quibusdam
2543 1023 2764 1078 vocibus
2792 1023 3056 1090 minuunt,
3115 1021 3251 1078 dum
3279 1038 3337 1078 se
3387 1039 3495 1079 non
3545 1040 3612 1080 ex
3664 1034 3768 1082 toto

2191 1110 2374 1166 animo
2404 1110 2737 1167 commisisse
2766 1111 3075 1167 ostendunt.
3101 1111 3144 1165 E
3182 1118 3370 1166 contra
3398 1120 3575 1167 autem
3628 1112 3772 1168 electi

2193 1198 2295 1253 viri
2327 1197 2546 1271 quando
2584 1215 2642 1254 se
2673 1200 2743 1255 de
2773 1198 3013 1254 minimis
3040 1207 3327 1261 accusant;
3360 1214 3423 1255 ea
3447 1200 3631 1274 utique
3673 1216 3772 1256 non

2194 1288 2349 1359 quasi
2379 1302 2569 1359 parva,
2596 1286 2692 1343 sed
2725 1288 2880 1357 quasi
2912 1302 3117 1360 magna
3144 1288 3507 1357 pronuntiant.
3537 1287 3674 1356 Quid
3701 1297 3773 1343 est

2194 1375 2377 1431 dicere
2404 1393 2417 1429 :
2454 1375 2708 1433 Gustans
2736 1378 2983 1447 gustavi,
3012 1375 3118 1430 nisi
3149 1374 3294 1445 quod
3343 1375 3473 1431 foris
3510 1385 3774 1447 peccatum

2198 1465 2434 1534 exercui,
2466 1479 2668 1535 magno
2694 1464 3151 1533 concupiscentiae
3181 1462 3376 1519 ardore
3393 1465 3652 1535 complevi
3678 1465 3776 1520 lEt

2196 1552 2329 1623 quid
2367 1557 2448 1606 est
2464 1560 2586 1622 post
2617 1552 2829 1622 peccati
2857 1551 3248 1607 confessionem
3305 1552 3507 1620 dicere,
3564 1552 3771 1619 Moriar,

2199 1640 2301 1694 nisi
2328 1648 2555 1694 mortem
2581 1656 2612 1693 a
2640 1656 2700 1694 se
2730 1640 3041 1711 paenitendo
3071 1647 3121 1693 et
3150 1636 3461 1694 conﬁtendo
3490 1639 3767 1709 expellere,

490 1751 609 1793 sors
655 1736 849 1788 nostra
896 1727 1057 1800 (Sap.
1098 1743 1157 1792 ιι,
1184 1731 1259 1796 8).
1318 1727 1361 1780 Ε
1391 1733 1577 1781 contra
1607 1733 1786 1781 autem
1817 1724 2094 1779 Psalmista
2122 1756 2176 1816 B
2200 1737 2252 1783 et
2280 1728 2558 1799 expulsam
2590 1728 2778 1783 timere
2798 1729 2826 1781 ?
2856 1727 3015 1795 Quod
3044 1726 3259 1798 quidem
3290 1728 3511 1797 proprie
3556 1734 3634 1781 est
3683 1727 3778 1782 etc.

493 1829 764 1897 precatur,
798 1818 982 1872 dicens
1007 1834 1019 1880 ;
1046 1817 1207 1883 826
1228 1815 1417 1870 Portio
1448 1830 1595 1882 mea,
1626 1815 1881 1881 Domine,
1935 1814 2095 1867 sitin
2126 1814 2163 1816 “
2203 1825 2432 1885 ctorum,
2465 1816 2554 1885 qui
2580 1824 2804 1886 peccata
2833 1830 2931 1871 sua
2973 1816 3260 1870 deserunt:
3317 1822 3371 1869 et
3426 1823 3601 1870 tamen
3652 1817 3776 1882 haec,

495 1916 647 1967 terra
671 1907 982 1965 viventium
1003 1905 1176 1966 (Psal.
1207 1918 1353 1968 cxu,
1378 1904 1451 1971 6).
1488 1901 1650 1970 Quod
1702 1901 1861 1956 etiam
1901 1899 2097 1954 Paulus

517 1994 955 2060 denuntians,ait:
972 1994 1173 2048 Nostra
1197 1994 1546 2047 conversatio
1598 1989 1658 2044 in
1678 1991 1829 2045 caelis
1847 1989 2098 2058 est(Phi-

497 2091 689 2159 lip.m,
713 2085 825 2151 20).
852 2083 1053 2136 Doctor
1092 2095 1228 2150 ergo
1268 2080 1417 2149 quasi
1448 2078 1784 2150 singulorum
1807 2085 1980 2132 sortes
2010 2079 2099 2130 te-

498 2184 611 2241 net,
652 2175 780 2227 dum
811 2168 1234 2239 uniuscujusque
1288 2167 1749 2222 conversationem
1806 2165 1979 2222 videt.
2033 2162 2101 2218 Et

495 2265 621 2319 dum
654 2261 809 2329 culpa
840 2258 1101 2323 noscitur,
1134 2264 1186 2310 et
1217 2255 1292 2309 rei
1353 2272 1586 2325 persona
1645 2254 1899 2322 nescitur,
1948 2253 2100 2325 quasi

494 2358 663 2407 sortes
691 2347 871 2417 mittit,
904 2346 1031 2399 dum
1062 2344 1283 2399 modum
1308 2342 1357 2397 fa
1376 2343 1577 2399 cinoris
1608 2350 1887 2411 comparat
1907 2356 2100 2412 perso-

494 2456 579 2495 na:
609 2433 956 2509 negligentis.
982 2433 1089 2487 Sed
1120 2440 1173 2487 et
1228 2432 1373 2486 forte
1453 2431 1670 2499 culpam
1726 2429 2102 2501 deprehendit,

510 2530 639 2581 dum
672 2525 904 2593 quodam
936 2522 1095 2591 signo
1121 2519 1449 2589 conjecturae
1475 2518 1723 2588 pervenit
1760 2519 1828 2573 ad
1875 2518 2103 2574 eviden-

506 2624 612 2669 tem
645 2611 890 2668 criminis
921 2609 1222 2665 veritatem.
1249 2606 1610 2679 Negligenter
1623 2605 1840 2675 quidem
1860 2604 2105 2677 preemi-

507 2711 616 2770 net,
651 2701 742 2772 qui
764 2697 1183 2755 commissorum
1219 2695 1323 2749 sibi
1345 2694 1587 2749 ﬁdelium
1622 2694 1794 2750 nescit
1815 2702 1868 2749 et
1889 2693 2104 2749 fortitu-

502 2792 683 2845 dinem
713 2796 765 2842 et
786 2783 1365 2857 inﬁrmitatem.Nosse
1398 2783 1545 2838 enim
1573 2782 1734 2838 debet
1765 2782 1931 2839 fortes
1972 2781 2106 2836 sub-

516 2880 678 2945 ditos,
714 2874 910 2945 quibus
935 2873 1039 2927 sint
1070 2870 1354 2925 virtutibus
1396 2871 1527 2940 apti,
1562 2871 1758 2940 quibus
1789 2869 1985 2925 inﬁrmi
2007 2870 2111 2924 sint

510 2967 656 3023 vitiis
687 2980 783 3035 per
809 2960 1195 3033 negligentiam
1223 2959 1486 3029 proximi.
1545 2960 1719 3014 Nosse
1775 2959 1931 3014 debet
1989 2973 2111 3029 qum

505 3055 761 3111 virtutum
793 3048 1011 3104 devotio
1040 3047 1169 3102 istos
1195 3046 1409 3115 excitet,
1442 3062 1564 3119 quae
1584 3046 1795 3102 illorum
1828 3046 2109 3118 negligen-

504 3142 631 3197 tiam
664 3138 898 3210 qualitas
925 3135 1173 3192 vitiorum
1204 3135 1397 3189 turbet.
1430 3133 1594 3203 Quasi
1625 3150 1760 3206 ergo
1792 3134 1847 3188 in
1866 3134 2104 3189 exterio-

512 3231 660 3285 ribus
688 3234 861 3282 sortes
890 3223 1226 3295 singulorum
1256 3230 1417 3289 tenet,
1443 3224 1572 3277 dum
1617 3221 1884 3293 praevidet
1915 3221 2109 3292 quibus

510 3319 587 3372 illi
618 3321 850 3387 possunt
869 3312 1013 3369 vitiis
1041 3310 1217 3377 obrui,
1250 3310 1444 3380 quibus
1474 3310 1561 3364 isti
1606 3310 1893 3368 virtutibus
1947 3309 2104 3365 exal-

505 3407 630 3463 tari.
664 3405 836 3459 Causa
867 3400 1035 3474 igitur
1061 3399 1301 3471 cognita,
1333 3398 1486 3469 quasi
1511 3398 1749 3454 sortibus
1796 3399 1959 3471 signa
1999 3399 2107 3453 im-

501 3493 704 3566 primit,
732 3491 861 3545 dum
886 3487 1118 3559 patentis
1145 3486 1321 3556 culpas
1386 3493 1570 3542 notam
1622 3486 1765 3541 illius
1810 3502 2107 3543 conversa-

508 3581 642 3637 tioni
673 3577 1013 3645 ascribimus,
1055 3575 1146 3646 qui
1171 3590 1271 3644 per
1302 3573 1689 3647 negligentiam
1714 3583 1994 3645 pronus,et
2021 3576 2108 3631 vi-

504 3669 655 3725 cinus
683 3666 755 3721 ad
783 3664 916 3719 illud
934 3663 1145 3720 facinus
1187 3662 1611 3734 perpetrandum
1635 3671 1759 3720 ante
1784 3663 1949 3719 fuisse
1962 3663 2111 3721 vide-

516 3755 696 3823 batur.
729 3752 838 3809 Sed
867 3752 1179 3822 conjectura
1208 3752 1323 3808 hazc
1342 3751 1611 3806 habeatur
1637 3751 1705 3806 ad
1742 3752 2113 3824 indagandam

507 3844 813 3909 veritatem,
861 3856 971 3896 non
1004 3838 1074 3895 ad
1122 3838 1200 3895 rei
1244 3840 1481 3896 inventae
1526 3839 1929 3907 certitudinem,
1985 3840 2115 3912 quia

507 3931 621 3987 illic
651 3929 832 3985 statim
862 3927 1138 3982 subditum
1164 3935 1246 3983 est
1273 3944 1286 3981 :

580 4020 755 4088 (Vers.
779 4020 845 4072 t3
861 4018 904 4088 .)
937 4016 1098 4072 Dixit
1109 4019 1302 4073 autem
1323 4015 1472 4072 Saut
1491 4017 1563 4072 ad
1577 4016 2115 4076 Ionathamslndica

523 4108 667 4165 mihi
683 4106 815 4179 quid
830 4105 1052 4178 feceris.

527 4261 539 4268 κ
578 4194 816 4263 5LQuid
844 4202 927 4248 est
954 4193 1098 4249 enim
1135 4193 1281 4264 quod
1337 4199 1529 4263 captus
1583 4192 1968 4264 interrogatur,
2010 4192 2115 4248 nisi

511 4286 639 4357 quia
667 4284 864 4353 culpae,
897 4298 1015 4351 qua:
1045 4281 1220 4352 signis
1275 4287 1367 4335 aut
1394 4281 1720 4349 conjecturis
1766 4280 2116 4351 deprehensa

508 4373 782 4438 videntur,
816 4367 1078 4424 ferienda:
1107 4367 1283 4422 adhuc
1319 4382 1430 4421 non
1458 4368 1625 4421 sunt?
1655 4368 1822 4435 Quasi
1844 4367 2117 4437 enimjatn

2137 3099 2186 3162 C

2206 1905 2367 1976 quasi
2397 1919 2509 1959 non
2538 1904 2769 1972 deserta,
2800 1904 3224 1975 pertimescunt.
3267 1902 3341 1957 Et
3389 1902 3600 1971 quidem
3645 1903 3782 1973 puris

2206 1992 2653 2060 confessionibus,
2710 2000 2762 2046 et
2813 1992 3038 2046 austeris
3084 1991 3417 2062 poenitentia:
3478 1990 3783 2045 cruciatibus

2206 2080 2415 2147 delent,
2447 2081 2544 2135 sed
2575 2079 2732 2151 quasi
2762 2095 2870 2134 non
2901 2079 3081 2134 deleta
3113 2078 3782 2135 vehementertiment.Sed

2208 2169 2341 2240 quid
2371 2176 2473 2237 est,
2506 2167 2649 2237 quod
2674 2168 2749 2222 ait
2773 2185 2785 2221 :
2842 2167 2914 2221 In
2935 2167 3270 2223 summitate
3296 2169 3467 2239 virga:
3490 2168 3520 2219 Ρ
3544 2167 3639 2221 nisi
3668 2164 3783 2235 quia

2208 2258 2336 2312 dum
2367 2271 2466 2312 nos
2493 2255 2802 2312 conﬁtendo
2831 2255 3180 2324 insequimur,
3211 2254 3465 2325 proferre
3490 2263 3671 2310 contra
3695 2266 3785 2309 nos

2209 2344 2549 2402 mendacium
2587 2360 2696 2399 non
2717 2344 3310 2399 debemus.Peccatum
3342 2343 3560 2415 quidem
3586 2343 3639 2397 in
3662 2357 3786 2397 oon-

2211 2435 2451 2491 fessione
2479 2434 2822 2504 prodendum
2874 2440 2972 2498 est,
3008 2432 3106 2487 sed
3137 2432 3595 2504 augmentandum
3640 2445 3786 2485 men-

2212 2523 2367 2579 dacio
2406 2538 2515 2577 non
2556 2530 2653 2576 est.
2704 2521 2836 2575 Tale
2885 2519 3104 2592 quidem
3142 2518 3304 2575 debet
3347 2535 3467 2575 esse
3506 2520 3559 2573 in
3598 2517 3789 2575 contes-

2214 2613 2391 2677 sione,
2442 2611 2598 2681 quale
2647 2608 2743 2664 fuit
2773 2609 2826 2663 in
2847 2624 3032 2678 opere.
3074 2609 3142 2664 Ut
3169 2623 3301 2680 ergo
3332 2608 3499 2664 ardor
3522 2606 3790 2677 concupis-

2214 2700 2402 2757 centiae
2417 2700 2554 2755 bene
2583 2698 2863 2769 prodatur,
2885 2697 3051 2753 dicit:
3086 2697 3334 2753 Gustans
3385 2699 3635 2768 gustavi;
3668 2695 3728 2748 Et
3744 2699 3794 2747 ut

2217 2789 2448 2860 qualitas
2466 2788 2588 2857 ejus
2608 2794 2886 2858 appareat,
2901 2785 3152 2841 subditur
3172 2803 3186 2839 :
3206 2785 3271 2839 In
3290 2790 3341 2854 3
3359 2788 3455 2853 27
3482 2783 3792 2840 summitate

2215 2881 2405 2950 virga,
2438 2876 2591 2949 quasi
2611 2876 2792 2931 dicat:
2826 2874 3106 2929 Audacter
3127 2873 3493 2928 inﬂammatus
3539 2872 3659 2937 feci,
3707 2868 3793 2924 sed

2217 2968 2321 3023 hoc
2356 2965 2486 3022 feci.
2526 2965 2594 3040 Et
2623 2963 2749 3035 quia
2778 2962 2925 3017 ﬁlius
2963 2962 3106 3034 regis
3146 2961 3451 3031 conﬁtetur,
3487 2960 3634 3016 dicit:
3676 2960 3793 3027 Quae

2216 3059 2341 3111 erat
2367 3055 2431 3109 in
2463 3069 2643 3109 manu
2661 3067 2808 3107 mea.
2831 3051 2993 3122 Virga
3030 3051 3271 3105 Jonathae
3297 3048 3670 3121 praedicatoris
3682 3048 3793 3102 doc-

2217 3142 2412 3197 trinam
2442 3149 2600 3211 atque
2640 3138 2983 3209 disciplinam
3012 3138 3209 3211 signat.
3237 3137 3375 3207 Qum
3403 3138 3456 3193 in
3479 3153 3633 3193 manu
3661 3142 3792 3190 tene-

2215 3240 2318 3298 tur,
2349 3230 2564 3300 quando
2592 3244 2702 3285 non
2729 3227 2905 3283 solum
2951 3226 3129 3284 docet.
3158 3226 3256 3281 sed
3285 3226 3435 3298 quod
3464 3227 3636 3294 docet,
3675 3239 3795 3293 ope-

2214 3318 2388 3374 rando
2417 3325 2653 3374 exercet.
2682 3315 2826 3385 Quid
2876 3325 2954 3370 est
2982 3331 3137 3387 ergo,
3170 3315 3316 3385 quod
3345 3316 3422 3371 ait
3452 3330 3464 3370 :
3496 3314 3626 3379 Qua
3654 3315 3791 3377 erat,

2215 3422 2344 3475 non,
2372 3408 2503 3475 Qua:
2518 3410 2601 3463 est
2624 3408 2684 3461 in
2706 3420 2884 3461 manu
2906 3419 3038 3461 mea
3053 3402 3084 3459 ’ἲ
3112 3403 3214 3458 nisi
3244 3403 3374 3472 quia
3397 3402 3789 3459 aestimationem

2218 3495 2511 3551 electorum
2554 3493 2813 3561 insinuat,
2852 3492 2943 3563 qui
2990 3492 3149 3547 etiam
3177 3506 3302 3547 cum
3344 3506 3519 3561 prava
3561 3486 3793 3546 commit-

2220 3592 2359 3651 tunt,
2387 3580 2792 3654 pmdiutionis
2821 3580 3119 3635 ministerio
3146 3595 3208 3634 se
3254 3579 3512 3652 indignos
3538 3577 3793 3633 arbitran-

2221 3681 2329 3729 tur.
2350 3670 2494 3727 Dicit
2505 3685 2659 3742 ergo:
2679 3675 2744 3725 In
2756 3668 3087 3725 summitate
3099 3668 3421 3738 virgw,qu¢z
3430 3671 3553 3724 erat
3562 3667 3621 3722 in
3634 3679 3792 3720 manu

2218 3776 2366 3819 mea.
2400 3758 2566 3827 Quasi
2596 3758 2741 3813 dicat
2778 3774 2791 3810 :
2834 3756 2915 3811 De
2944 3755 3038 3811 illo
3067 3755 3387 3826 superbiens
3430 3754 3665 3828 peccavi,
3694 3766 3792 3821 quo

2220 3847 2497 3921 peccando
2513 3862 2600 3901 me
2620 3844 2907 3916 indignum
2924 3843 3054 3899 feci.
3085 3844 3213 3898 Erat
3234 3858 3371 3914 ergo
3390 3843 3444 3899 in
3474 3858 3633 3898 manu
3660 3852 3791 3905 mea,

2221 3945 2275 3992 et
2312 3952 2421 3991 non
2451 3942 2549 4002 est,
2583 3933 2715 4004 quia
2733 3932 2832 3987 etsi
2864 3931 3157 4002 aliquando
3178 3931 3280 3985 feci
3301 3932 3450 4001 quod
3473 3930 3649 3995 docui,
3675 3925 3794 3983 illud

2224 4024 2369 4097 quod
2398 4021 2668 4094 operando
2699 4020 2844 4076 tenui
2877 4019 3242 4090 superbiendo
3262 4020 3440 4075 amisi.
3470 4020 3623 4074 Nunc
3647 4016 3796 4087 igitur

2227 4109 2417 4163 timore
2443 4104 2757 4176 perterritus
2784 4103 2933 4159 dicit:
2967 4105 3103 4159 Ecce
3138 4104 3368 4159 morior.
3403 4104 3469 4158 Et
3496 4103 3618 4173 quia
3660 4099 3793 4154 idem

2222 4203 2398 4250 metus
2426 4192 2718 4264 aliquando
2757 4191 2940 4249 divina
2967 4190 3316 4261 inspiratione
3346 4191 3510 4246 menti
3540 4187 3793 4255 incutitur,

2223 4279 2514 4351 aliquando
2542 4278 2960 4334 comminatione
2988 4278 3289 4346 doctorum,
3325 4278 3598 4332 subditur:

2296 4371 2475 4438 (Vers.
2508 4368 2599 4438 44)
2636 4367 2707 4422 Et
2732 4369 2816 4422 ait
2842 4367 2981 4422 Saut
3000 4385 3017 4419 :
3048 4367 3175 4421 Ilwc
3193 4368 3377 4436 faciat
3411 4366 3551 4422 mihi
3577 4362 3794 4430 Deus,et

510 4461 705 4516 vulnus
724 4465 953 4524 tenetur,
980 4455 1073 4510 sed
1102 4455 1279 4510 adhuc
1324 4462 1377 4509 te
1393 4462 1538 4510 ctum
1586 4464 1687 4510 est.
1728 4455 2117 4526 Discooperia-
2142 4446 2196 4507 D
2226 4458 2343 4514 luec
2373 4456 2581 4514 addat.-
2613 4457 2747 4527 quia
2775 4456 3054 4525 morietis,
3086 4454 3351 4510 Jonatha.

514 4558 598 4602 tur
625 4561 777 4617 ergo,
809 4552 867 4598 ut
899 4542 1100 4598 mederi
1131 4542 1322 4607 valeat,
1354 4549 1407 4597 et
1435 4542 1631 4597 curari.
1671 4543 1961 4615 Cogendus
2002 4545 2119 4615 qui-

523 4637 648 4689 dem
677 4640 769 4686 aut
788 4630 1160 4686 admonendus
1186 4636 1288 4695 est,
1319 4638 1378 4684 ut
1401 4630 1637 4700 culpam,
1668 4647 1792 4701 quas
1809 4631 1928 4701 jam
1970 4633 2117 4689 velut

519 4722 707 4794 palam.
729 4718 983 4787 cernitur,
1016 4715 1355 4774 conﬁteatur.
1387 4717 1529 4772 Dicit
1557 4734 1719 4790 ergo:
1753 4720 1945 4777 Indica
1966 4720 2112 4776 mihi

519 4811 653 4884 quid
671 4807 1032 4881 feceris,quia
1053 4806 1261 4861 crimen
1290 4806 1438 4876 quod
1460 4807 1667 4877 apertis
1694 4808 2015 4878 quibusdam
2033 4810 2113 4862 in-

531 4898 688 4955 diciis
716 4901 972 4961 noscitur,
1004 4901 1130 4950 ante
1154 4893 1503 4963 judicandum
1531 4910 1641 4951 non
1659 4904 1742 4951 est
1769 4912 1929 4967 quam
1955 4912 2114 4967 aper-

530 4986 731 5043 tissime
751 4985 1165 5039 demonstretur.
1194 4982 1262 5036 Et
1289 4982 1415 5051 quia
1452 4990 1745 5039 etectorum
1777 4992 1864 5040 est
1886 4999 2114 5055 peccare

530 5066 585 5131 et
613 5073 954 5145 resipiscere,
985 5069 1176 5141 culpas
1191 5077 1523 5140 perpetrare,
1554 5079 1608 5126 et
1635 5079 2111 5142 perpetratascon-

520 5163 722 5221 ﬁtendo
753 5162 1029 5232 detegere,
1062 5157 1337 5230 sequitur:

582 5279 759 5349 (Vers.
784 5277 896 5347 43.)
921 5275 990 5332 Et
1009 5273 1287 5330 indicavit
1307 5274 1362 5329 ei
1381 5270 1683 5344 Jonathas,
1716 5277 1771 5330 et
1791 5275 1877 5331 ait
1916 5292 1936 5332 ε
1977 5275 2116 5333 Gus-

2229 4545 2482 4617 Sequitur
2507 4562 2520 4598 :

2296 4660 2453 4730 (Vera
2491 4659 2614 4728 t5.)
2644 4658 2905 4728 Dixitque
2952 4657 3191 4729 populus
3235 4654 3499 4712 ad,Saut
3535 4675 3553 4710 :
3594 4657 3795 4725 Ergone

2229 4747 2510 4805 Jonathas
2522 4747 2819 4812 morietur,
2839 4745 2935 4816 qui
2952 4746 3095 4815 fecit
3114 4746 3359 4800 salutem
3371 4758 3629 4816 magnam
3641 4744 3698 4798 in
3713 4739 3796 4793 Is-

2238 4836 2363 4894 rael
2382 4835 2413 4888 Ρ
2443 4837 2547 4891 Hoc
2574 4836 2739 4905 nefas
2768 4833 3026 4889 est.Vivit
3054 4832 3346 4901 Dominus,
3368 4833 3418 4888 si
3445 4830 3701 4888 ceciderit
3716 4840 3797 4881 ca-

2222 4925 2396 4996 pillus
2412 4924 2479 4979 de
2492 4922 2677 4994 capite
2690 4924 2810 4991 ejus
2822 4922 2883 4976 in
2900 4921 3268 4992 terram;quia
3283 4938 3411 4977 cum
3430 4921 3542 4977 Deo
3553 4918 3798 4992 operatus

2222 5016 2307 5069 est
2331 5006 2508 5068 hodie.
2525 5009 2809 5066 Liberavit
2831 5022 2958 5079 ergo
2968 5010 3206 5080 populus
3216 5008 3538 5075 Ionatham,
3553 5022 3621 5062 ne
3640 5015 3801 5060 more-

2223 5103 2403 5156 retur.

2294 5191 2390 5243 56.
2423 5185 2568 5254 Quid
2611 5192 2690 5242 est
2716 5199 2873 5257 ergo,
2925 5184 3071 5256 quod
3099 5184 3266 5242 dicit:
3299 5187 3515 5258 Ergone
3540 5177 3796 5240 Ionathas

2222 5277 2521 5344 morietur,
2544 5273 2655 5330 nisi
2668 5273 2796 5344 quia
2824 5274 2900 5345 (a)
2924 5273 3065 5330 alius
3095 5274 3165 5331 de
3187 5274 3377 5331 eadem
3397 5272 3552 5345 culpa
3565 5279 3797 5325 morare-

578 5531 686 5629 .(a)
716 5531 781 5586 In
831 5529 949 5587 aliis
973 5530 1187 5588 excusis
1214 5524 1439 5603 legitur,
1468 5532 1603 5604 quia
1620 5531 1781 5591 aliud
1798 5549 1819 5587 ι
1844 5530 2006 5603 Quod
2033 5534 2265 5593 retinere
2294 5550 2404 5592 non
2432 5538 2736 5609 potuimus.
