3996 6164
248 298 345 350 393

242 510 405 564 virtus
436 525 649 581 magna:
680 508 1049 577 discretionis,
1100 509 1227 578 quia
1264 509 1320 563 in
1366 510 1659 565 electorum
1698 526 1831 566 exa-

241 597 379 652 mine
407 613 520 653 non
548 597 723 652 solum
743 597 1020 667 culparum
1046 611 1227 652 causae
1251 597 1547 669 pensanda:
1570 607 1714 668 sunt,
1739 599 1834 655 sed

238 686 395 743 etiam
428 685 625 741 merita
652 700 1026 756 personarum.
1059 685 1215 752 Quod
1238 695 1422 756 aperte
1444 687 1527 741 his
1548 687 1726 744 verbis
1747 704 1831 745 os-

236 775 488 841 tenditur,
522 772 647 843 quia
674 788 782 829 non
811 771 933 828 ideo
959 773 1218 828 Jonathas
1261 789 1371 829 non
1412 774 1704 832 moriturus
1734 793 1826 831 as-

232 863 439 929 seritur,
469 863 597 934 quia
627 870 741 917 erat
780 860 921 916 ﬁlius
941 860 1105 934 regis,
1138 862 1235 917 sed
1276 862 1400 933 quia
1422 862 1475 917 in
1502 865 1673 919 Israel
1704 881 1826 920 ma-

229 967 387 1021 gnam
412 951 648 1005 salutem
678 951 829 1006 fecit.
872 951 1004 1005 Cum
1037 967 1168 1023 ergo
1219 952 1406 1023 magni
1452 952 1557 1051 viri
1600 954 1821 1053 cadunt,

227 1039 501 1095 communi
550 1039 764 1110 judicio
813 1040 1055 1095 tradendi
1104 1055 1212 1094 non
1257 1047 1414 1107 sunt,
1463 1040 1824 1141 quia‘priora

226 1143 385 1198 Opera
413 1136 814 1198 promerentur,
847 1137 904 1181 ut
931 1128 1289 1199 posteriorum
1320 1129 1564 1226 gravitas
1611 1128 1821 1201 levige-

227 1224 327 1271 tur.
367 1215 499 1287 Ipsa
528 1224 712 1272 autem
741 1216 915 1287 culpa:
942 1216 1197 1287 levigatio
1218 1231 1324 1271 non
1348 1216 1662 1317 acceptione
1693 1233 1823 1317 per-

227 1319 371 1360 sonae
399 1303 760 1360 decernenda
788 1312 887 1372 est,
910 1304 1005 1359 sed
1035 1312 1280 1374 respectu
1302 1304 1495 1375 prioris
1517 1304 1668 1374 vitae,
1693 1305 1821 1378 quia

224 1392 286 1446 ad
314 1392 720 1449 absolutionem
752 1393 894 1448 illius
931 1400 1133 1448 sancta:
1181 1392 1439 1449 Ecclesiae
1482 1393 1633 1449 lucra
1679 1410 1819 1466 pen-

221 1482 381 1536 sanda
421 1491 573 1551 sunt,
623 1498 733 1537 non
778 1480 1008 1537 carnalis
1053 1480 1264 1537 aﬂectio
1309 1481 1663 1581 admittenda.
1713 1483 1822 1583 Sed

220 1570 345 1640 quid
374 1570 599 1636 mirum,
628 1570 673 1625 si
700 1571 769 1624 ad
815 1568 1202 1624 absolutionem
1251 1571 1549 1670 peccatoris
1602 1572 1819 1671 propria

219 1660 400 1715 merita
427 1657 820 1731 suffragantur,
854 1659 1069 1730 quando
1099 1659 1156 1712 in
1186 1659 1325 1714 sacri
1354 1659 1551 1729 eloquii
1582 1661 1820 1716 auctori-

1114 297 1187 351 ΙΝ
1225 296 1493 354 PRIMUM
1532 292 1775 350 REGUM
1812 301 2341 369 EXPOSITIONES.
2374 345 2441 354 —
2471 315 2605 370 LIB.
2638 319 2701 373 V.

244 420 365 476 tur?
396 421 605 490 Quibus
631 420 895 475 nimirum
927 419 1107 475 verbis
1134 421 1324 490 populi
1352 422 1509 476 nobis
1538 423 1840 478 ostenditur
1864 428 1921 487 A
1949 429 2200 501 insinuat,
2234 436 2421 493 dicens
2461 455 2473 494 :
2513 442 2600 498 sit

3442 341 3548 399 θυι

2631 461 2814 505 sermo
2833 456 3021 510 vester
3052 471 3072 508 :
3106 459 3224 525 Est,
3256 465 3361 530 est,
3394 479 3533 534 non,

1943 534 2075 576 non.
2118 523 2302 580 Nolite
2327 528 2532 597 jurare
2566 547 2668 603 per
2695 539 2920 609 caelum,
2966 559 3145 616 neque
3175 562 3280 618 per
3318 553 3536 609 terram

1941 605 2163 674 (Matth.
2192 628 2244 680 ν,
2280 616 2387 683 37).
2419 616 2465 671 Ε
2492 626 2679 676 contra
2708 605 3189 703 autem'reprobi;
3231 644 3286 691 et

1938 695 2153 763 quidem
2171 708 2313 768 sunt,
2327 709 2378 757 et
2399 703 2620 762 discreti
2635 724 2742 765 non
2764 721 2907 769 sunt.
2922 695 3060 772 Nam
3083 695 3229 791 saepe
3244 738 3303 778 se
3319 733 3538 783 acturos

1934 782 2080 837 mala
2107 789 2512 861 repromittunt,
2530 801 2581 849 et
2593 812 2849 856 revocare
2863 782 3330 879 promissa,-quasi
3351 815 3535 885 perju-

1933 868 2073 924 rium
2102 877 2385 945 incursari,
2410 896 2517 936 non
2546 888 2820 959 satagunt.
2843 891 2980 948 Hinc
3001 903 3100 961 est,
3121 899 3269 968 quod
3290 901 3534 959 Herodes

1932 957 2142 1016 incaute
2165 963 2384 1033 juravit,
2408 976 2459 1022 et
2481 957 2747 1030 nefarium
2759 977 3140 1049 jusjurandum
3168 988 3312 1055 quod
3337 999 3531 1059 protu-

1928 1043 2009 1114 lit,
2028 1047 2081 1101 in
2093 1055 2448 1119 prmcursoris
2459 1057 2673 1115 Domini
2692 1043 2864 1121 morte
2881 1071 3407 1147 complevit(Marc.
3425 1080 3527 1148 vr).

1932 1133 2083 1190 Cauti
2113 1153 2244 1210 ergo
2273 1141 2327 1195 in
2356 1146 2555 1200 nostris
2584 1147 3028 1220 dispositionibus
3073 1176 3197 1217 esse
3242 1164 3528 1235 debemus,

1928 1222 2024 1275 sed
2073 1224 2117 1278 si
2165 1228 2308 1283 cauti
2355 1247 2473 1286 esse
2510 1234 2857 1309 negligimus,
2908 1250 3371 1314 praetermittenda
3401 1222 3529 1312 sunt

1928 1312 2225 1382 proposita,
2257 1333 2365 1372 non
2395 1320 2686 1409 implenda.
2712 1328 2801 1383 Sic
2831 1312 3029 1405 quippe
3054 1350 3087 1391 a
3113 1342 3397 1409 proposito
3426 1343 3531 1400 de-

1928 1397 2120 1454 sistere
2148 1418 2257 1457 non
2286 1414 2368 1460 est
2394 1407 2587 1464 vitium
2617 1397 2881 1484 levitatis,
2913 1421 3007 1476 sed
3043 1424 3218 1480 virtus
3247 1428 3529 1488 discretio-

1928 1486 2032 1539 nis.
2057 1488 2261 1545 Tamen
2281 1492 2468 1562 jurare
2496 1514 2617 1569 qua:
2637 1507 2946 1562 revocanda
2967 1520 3093 1565 sunt
3111 1520 3164 1568 et
3183 1514 3525 1590 detestanda,

1928 1575 2147 1632 omnino
2190 1574 2493 1638 cavendum
2539 1596 2637 1657 est,
2682 1594 2738 1645 et
2784 1594 3130 1655 vehementer
3173 1604 3524 1679 horrandum,

1927 1662 2053 1731 quia
2078 1680 2201 1721 cum
2234 1669 2333 1725 tale
2357 1671 2736 1743 jusjurandum
2784 1698 2892 1737 non
2939 1684 3209 1758 impletur,
3245 1708 3351 1748 non
3400 1711 3527 1751 om-

220 1758 316 1802 tate
350 1748 653 1815 discamus,
681 1746 807 1817 quia
836 1746 925 1800 alii
957 1762 1053 1816 pro
1084 1746 1206 1800 aliis
1235 1746 1447 1801 liberati
1477 1748 1637 1847 sunt?
1664 1749 1817 1849 Alio:
1844 1766 1899 1826 Β
1929 1750 2058 1806 nino
2086 1754 2248 1825 culpa
2275 1757 2489 1829 vitatur,
2520 1765 2618 1819 sed
2648 1766 2827 1824 minor
2853 1746 3092 1845 eligitur.
3126 1777 3381 1849 Sequitur
3409 1801 3423 1837 :

221 1854 325 1893 rum
372 1836 608 1907 quidem
654 1836 804 1890 bono
851 1850 1016 1905 opere
1063 1834 1154 1888 alii
1201 1835 1546 1906 adjuvantur,
1579 1836 1715 1892 sicut
1753 1837 1821 1893 ad

217 1934 538 1995 peccantem
593 1939 781 1996 regem
821 1923 1167 1978 Salomonem
1206 1940 1239 1978 a
1276 1924 1510 1980 Domino
1559 1924 1761 1982 dicitur
1800 1942 1813 1982 :

225 2014 482 2083 Quianon
502 2013 806 2069 custodisti
819 2016 1101 2083 praecepta
1118 2028 1264 2080 mea,
1284 2012 1649 2086 disrumpens
1670 2015 1820 2071 scin-

218 2102 334 2157 dam
364 2118 616 2173 regnum
649 2105 834 2168 tuum,
858 2104 914 2156 et
937 2100 1073 2156 dabo
1094 2099 1238 2156 illud
1258 2116 1413 2156 servo
1446 2105 1562 2157 tuo.
1586 2103 1818 2157 Verum-

219 2194 397 2247 tamen
410 2191 477 2246 in
487 2189 692 2246 diebus
708 2191 824 2245 tuis
837 2190 1166 2259 nonfaciam
1176 2190 1582 2261 prapterDavid
1593 2195 1817 2261 patrem

220 2287 389 2344 tuum.
402 2279 511 2335 sed
534 2279 603 2335 de
624 2295 804 2334 manu
812 2278 925 2347 ﬁlii
944 2278 1031 2333 tui
1046 2277 1301 2334 scindam
1319 2278 1467 2334 illud
1480 2278 1579 2346 (III
1590 2280 1714 2351 Reg.
1736 2296 1812 2350 x1,

218 2371 314 2440 ll).
339 2369 479 2424 Hinc
512 2375 597 2423 est
625 2367 770 2437 quod
799 2382 906 2422 non
926 2366 1329 2466 solum-patrum
1352 2381 1522 2466 opera
1543 2366 1668 2421 filiis
1689 2382 1815 2466 pro-

214 2465 342 2524 sunt,
365 2458 467 2512 sed
503 2455 675 2511 etiam
706 2455 852 2511 cives
878 2469 980 2525 pro
1009 2453 1217 2510 civibus
1247 2453 1815 2554 liberandos-agnovi-

213 2561 341 2600 mus.
362 2544 700 2600 Evertendae
737 2543 954 2614 quidem
977 2543 1231 2597 Sodomae
1255 2558 1311 2596 se
1330 2541 1596 2641 .promisit
1619 2543 1813 2642 Domi-A-

213 2650 301 2688 nus
326 2647 580 2705 parcere,
613 2631 659 2686 si
688 2632 743 2685 in
772 2647 838 2685 ea
868 2638 1068 2685 tantum
1097 2629 1301 2728 decem.
1320 2629 1500 2729 justas
1542 2631 1814 2730 inveniret

210 2722 358 2791 (Gen.
380 2722 573 2790 xvrn).
596 2718 902 2776 Jerusalem
922 2734 1141 2790 quoque
1161 2717 1357 2787 respici
1371 2718 1810 2818 misericorditer

211 2810 411 2877 dicitur,
460 2808 598 2880 quia
645 2807 920 2877 aliquanta
964 2805 1107 2861 bona
1154 2821 1323 2875 Opera
1369 2805 1423 2859 in
1474 2820 1540 2861 ea
1587 2808 1812 2862 inventa

210 2908 337 2954 sunt.
367 2900 513 2955 Hinc
541 2905 626 2953 est
653 2895 800 2968 quod
824 2894 943 2950 Heli
973 2894 1083 2949 vita
1113 2893 1334 2964 prepria
1357 2894 1553 2992 justus,
1570 2896 1666 2950 sed
1683 2911 1811 2992 auc-

210 2987 409 3043 toritate
436 2984 706 3059 pastorali
735 2982 1009 3052 remissus,
1042 2998 1075 3037 a
1100 2982 1216 3038 viro
1244 2982 1347 3036 Dei
1376 2982 1581 3037 audivit
1615 3002 1634 3038 :
1669 2986 1809 3039 Pars

208 3092 402 3149 magna
425 3076 638 3132 domus
654 3078 769 3130 tua:
782 3074 1076 3138 morietur,
1094 3086 1225 3126 cum
1246 3070 1320 3126 ad
1335 3071 1558 3127 virilem
1578 3075 1807 3127 (etatem

204 3166 564 3235 pervenerit;
608 3165 1000 3218 verumtamen
1028 3175 1147 3215 non
1176 3159 1442 3258 auferam
1467 3161 1702 3258 penitus
1727 3175 1807 3258 ex

211 3256 259 3307 te
284 3253 473 3307 virum
496 3250 570 3305 ab
591 3249 906 3306 altarimeo
922 3247 972 3317 (1
988 3249 1119 3317 Reg.
1142 3262 1204 3315 ιι,
1221 3246 1336 3345 33‘),
1359 3254 1593 3345 ut.sa_.cra
1616 3248 1805 3316 Scrip-

208 3345 314 3394 tura
340 3340 432 3395 hic
460 3346 658 3409 aperte
686 3343 1026 3402 monstraret,
1060 3342 1113 3390 et
1140 3349 1239 3406 pro
1269 3335 1623 3390 dissolutione
1671 3351 1802 3406 per-

205 3445 425 3496 cassum,
458 3435 523 3484 et
551 3440 655 3497 pro
700 3423 975 3495 preterita
1021 3422 1433 3522 conversatione
1466 3430 1797 3522 respectum.

207 3516 301 3572 Sed
324 3515 544 3588 percuti
574 3513 798 3571 fortasse
841 3526 913 3566 ex
961 3519 1113 3582 parte
1160 3509 1355 3579 potuit,
1388 3511 1517 3581 quia
1546 3510 1798 3581 qualem-

205 3620 402 3677 cunque
431 3606 568 3660 vitae
598 3600 993 3657 immunditiam
1020 3599 1233 3703 habuit.
1281 3599 1361 3698 De
1388 3599 1623 3703 lonatha
1666 3614 1800 3703 ergo

204 3693 331 3748 bene
355 3694 564 3749 dicitur
600 3710 613 3746 :
650 3694 863 3763 Ergone
887 3689 1164 3745 Ionathas
1195 3685 1494 3757 morietur,
1526 3689 1625 3759 qui
1657 3690 1803 3759 fecit

204 3783 433 3838 salutem
474 3781 635 3836 hanc
669 3795 936 3850 magnam
973 3777 1037 3831 in
1074 3776 1294 3831 Israel?
1332 3777 1435 3876 Hpc
1470 3779 1633 3876 nelias
1674 3780 1795 3876 est;

209 3870 332 3925 Vivit
357 3869 660 3936 Dominus,
694 3868 743 3922 si
770 3866 1037 3922 ceciderit
1074 3864 1318 3935 capillus
1350 3863 1417 3919 de
1446 3864 1636 3934 capite
1668 3865 1795 3935 ejus

201 3957 256 4010 in
274 3963 511 4026 terram,
545 3958 682 4030 quia
711 3971 841 4012 cum
861 3954 969 4009 Deo
1001 3955 1049 4021 3
1065 3952 1576 4051 28‘operatusies't
1608 3951 1791 4051 hodie.

202 4047 348 4116 Quasi
377 4050 529 4106 dicat
560 4068 572 4102 :
607 4046 715 4114 Qui
744 4059 944 4115 magna
973 4040 1548 4139 opera—iecit,.absolvi
1578 4057 1647 4096 ex
1675 4048 1791 4098 toto

200 4135 348 4207 digne
374 4136 704 4209 promeruit.
725 4133 861 4202 Quia
876 4132 1040 4203 igitur
1060 4131 1113 4184 in
1133 4129 1511 4185 Ecclesiastica
1536 4145 1786 4226 censura,

199 4225 288 4279 etsi
313 4242 426 4282 non
448 4233 539 4280 est
558 4222 808 4293 acceptio
829 4234 1198 4291 personarum,
1225 4225 1512 4315 esttamen
1531 4215 1785 4315 discretio

197 4312 548 4379 meritorum,
608 4318 733 4382 apte
782 4306 1043 4364 conclusit
1100 4305 1457 4373 sententiam,
1516 4306 1704 4361 dicens
1765 4323 1778 4359 :

197 4401 476 4462 Liberavit
504 4416 638 4471 ergo
666 4398 969 4455 Ionatham
1000 4396 1367 4495 populuspne
1398 4400 1734 4501 moreretur.

255 4498 338 4551 57.
368 4495 494 4563 Quo
522 4491 581 4545 in
608 4489 733 4544 loco
762 4485 1059 4588 notandum
1078 4491 1171 4588 Iest
1199 4484 1329 4554 quia
1368 4501 1465 4584 rex
1494 4486 1577 4541 bis
1599 4488 1785 4588 jusju—

192 4585 403 4639 randum
461 4575 854 4635 interfectionis
915 4573 1162 4628 Jonatbae
1228 4574 1478 4670 superius
1531 4578 1777 4675 protulit,

194 4687 339 4742 quem
380 4679 563 4725 tamen
619 4665 792 4721 victus
843 4660 1031 4732 populi
1087 4659 1342 4714 instantia
1395 4677 1503 4717 non
1560 4665 1779 4719 occidit.

194 4758 319 4827 Quid
349 4765 433 4815 est
463 4754 611 4826 quod
633 4751 852 4821 iuravit,
885 4756 939 4804 et
962 4748 1658 4848 juramenti‘asscrtiqnem
1691 4769 1781 4809 ne-

195 4861 451 4917 quaquam
480 4839 758 4899 servavit?
798 4837 907 4895 Sed
937 4852 1009 4892 ex
1032 4837 1137 4937 hac.
1158 4852 1218 4891 re
1247 4836 1356 4892 duo
1403 4838 1561 4937 nubis
1589 4840 1785 4937 Jdocu-

195 4943 362 4989 menta
390 4929 740 5005 proveniunt,
769 4933 826 4981 ut
853 4924 996 4981 cauti
1024 4922 1251 5024 scilicet,
1304 4933 1358 4979 et
1402 4924 1785 5026 discreti-esse

196 5021 497 5077 debeamus.
550 5016 706 5073 Canti
734 5013 972 5084 quidem,
1022 5028 1090 5067 ne
1132 5011 1391 5081 iuremus,
1442 5013 1690 5083 discreti,
1739 5014 1786 5070 si

198 5125 347 5181 agere
374 5120 637 5181 perversa
657 5103 925 5173 juramus.
949 5099 1226 5201 Quiheuim
1251 5100 1438 5169 jurare
1458 5110 1636 5201 cavet,
1660 5118 1785 5201 per-

196 5194 372 5263 iurare
400 5194 627 5251 omnino
656 5206 763 5245 non
790 5191 990 5259 potest.
1042 5187 1151 5244 Sed
1195 5202 1319 5244 cum
1367 5188 1508 5244 male
1549 5189 1783 5259 juratur,

196 5284 378 5353 jmstius
418 5278 802 5353 jusjurandum
848 5275 1131 5332 dimittitur
1186 5291 1351 5347 quam
1409 5278 1789 5349 compleantur

200 5374 410 5427 crimina
438 5388 559 5442 qua:
585 5369 853 5440 jurantur.
908 5365 988 5420 Sit
1033 5380 1169 5437 ergo
1198 5365 1563 5436 unusquisque
1592 5375 1781 5423 cautus

202 5469 478 5530 antequam
500 5459 668 5527 juret,
691 5460 750 5508 ut
767 5461 860 5509 aut
878 5469 946 5508 ne
974 5452 1196 5508 omnino
1212 5452 1379 5522 juret,
1403 5462 1496 5509 aut
1516 5454 1781 5511 facturum

1990 1866 2164 1936 (Vers.
2196 1870 2312 1943 46.)
2340 1876 2688 1952 Recessitque
2722 1883 2889 1956 Saul,
2922 1905 3027 1946 nec
3062 1900 3405 1964 persecutus
3441 1905 3529 1958 est

1919 1953 2237 2014 Philistiim
2248 2001 2260 2012 .

1987 2063 2077 2114 58.
2114 2064 2244 2119 Cum
2272 2068 2518 2126 Jonathae
2562 2075 2726 2145 culpa
2770 2082 3055 2152 reperitur,
3088 2103 3210 2143 cum
3238 2092 3523 2163 jusjuran-

1917 2145 2046 2201 dum
2078 2166 2173 2206 rex
2202 2169 2310 2209 non
2338 2158 2634 2225 perfecisse
2679 2169 3040 2239 cognoscitur,
3074 2145 3288 2234 cessare
3322 2182 3521 2239 Philis-

1917 2238 2051 2292 taaos
2079 2242 2327 2311 persequi
2357 2246 2689 2332 perhibetur,
2724 2255 2850 2323 quia
2879 2256 3006 2313 dum
3034 2264 3259 2332 propria
3286 2238 3525 2327 inﬁrmi-

1920 2331 2031 2380 tate
2062 2335 2304 2396 pastores
2343 2331 2737 2409 deprimuntur,
2768 2341 2918 2399 lucra
2960 2331 3190 2404 aliorum
3237 2356 3523 2425 exquirere

1918 2410 2128 2469 fortiter
2153 2429 2448 2489 nequeunt.
2497 2424 2724 2482 Cessare
2773 2431 2978 2487 etenim
3017 2441 3271 2510 persequi
3319 2410 3521 2500 l’hilis-

1919 2503 2076 2569 imos,
2092 2511 2171 2558 est
2191 2505 2262 2560 ad
2285 2514 2496 2578 tempus
2517 2511 2648 2567 vitia
2667 2514 2899 2573 aliorum
2921 2503 3153 2593 insequi,
3166 2503 3517 2598 praedicando

1917 2586 2198 2647 desistere.
2255 2594 2409 2650 Prius
2434 2599 2583 2654 enim
2612 2618 2735 2659 esse
2764 2604 3152 2667 intendendum
3177 2616 3424 2685 judicant
3455 2620 3525 2675 ad

1912 2676 2340 2746 puriﬁcationem
2383 2700 2557 2755 suam,
2588 2689 2786 2749 deinde
2814 2699 3030 2769 purgati
3058 2676 3399 2773 vigilandum
3446 2708 3518 2764 ad

1911 2764 2137 2822 salutem
2169 2770 2424 2840 alienam,
2447 2776 2575 2846 quia
2606 2779 2735 2835 dum
2764 2764 3280 2860 silent-semetipsos
3298 2811 3515 2866 praepa-

1910 2861 2052 2922 rant,
2085 2863 2141 2910 ul
2168 2859 2318 2928 quasi
2350 2877 2447 2931 per
2475 2867 2849 2935 paenitentiam
2879 2889 3037 2929 suam
3067 2878 3137 2932 ad
3150 2859 3319 2937 lucra
3362 2859 3509 2941 alio-

1910 2955 2025 2994 rum
2053 2941 2259 3000 fortiter
2285 2958 2530 3020 surgant.
2583 2953 2649 3008 Et
2686 2958 2814 3025 quia
2843 2975 2992 3031 saepe
3021 2962 3153 3019 dum
3184 2966 3377 3026 doctor
3404 2972 3510 3028 sibi

1908 3029 2157 3085 conscius
2184 3033 2324 3103 silet,
2351 3036 2676 3107 quibusdam
2706 3043 2824 3113 ejus
2844 3029 3077 3105 subditis
3100 3053 3334 3127 maligni
3355 3059 3516 3130 spiri-

1838 3110 1889 3173 C
1920 3123 2021 3183 tus,
2055 3117 2223 3190 impia
2250 3125 2598 3196 suggerendo
2628 3110 2944 3189 nonvsilent.
2978 3110 3277 3209 Sequitur”:

1978 3238 2162 3312 .(Vers.
2192 3246 2305 3315 46.)
2337 3248 2508 3307 Porro
2535 3251 2845 3313 Philistiim
2866 3259 3057 3319 abiere
3076 3263 3141 3320 in
3164 3265 3287 3324 loca
3318 3286 3447 3328 sua.

1983 3348 2121 3417 (59).
2151 3349 2478 3410 Tacentibus
2507 3357 2727 3428 quidem
2771 3362 3101 3438 doctoribus,
3152 3370 3210 3426 in
3256 3373 3377 3432 loca
3419 3394 3518 3434 sua

1911 3433 2191 3492 daemones
2217 3438 2447 3506 abeunt;
2492 3445 2615 3514 quia
2643 3464 2744 3518 per
2769 3460 3046 3521 pastorum
3090 3457 3360 3518 silentium
3404 3481 3515 3522 non

1906 3532 2155 3593 pereunt,
2187 3526 2291 3581 nisi
2321 3529 2451 3599 quia
2498 3533 2569 3588 ad
2612 3536 2778 3592 vitam
2824 3549 3083 3599 aeternam
3134 3550 3511 3619 praedestinati

1908 3625 2014 3664 non
2044 3621 2185 3667 sunt.
2234 3615 2374 3671 Loca
2402 3621 2602 3675 ctenim
2632 3623 2939 3684 daemonum
2982 3615 3285 3706 suun-quia
3316 3638 3504 3698 divina

1904 3699 2253 3766 praescientia
2276 3703 2330 3757 in
2352 3705 2719 3766 habitaculum
2744 3714 2842 3771 Dei
2862 3720 3208 3786 praeordinati
3231 3741 3340 3782 non
3365 3738 3507 3786 sunt.

1904 3784 2042 3842 Hinc
2070 3796 2149 3842 est
2178 3792 2326 3859 quod
2356 3796 2772 3862 praedicantibus
2800 3784 2990 3873 primis
3016 3808 3329 3869 doctoribus
3359 3784 3507 3874 dici-

1905 3880 2013 3927 tur:
2032 3875 2341 3934 Credebant
2359 3887 2626 3956 quolquot
2643 3890 3220 3960 prwdestinatierant
3232 3903 3310 3959 ad
3326 3905 3506 3962 vitam

1901 3964 2179 4017 aeternam
2193 3965 2351 4034 (Act.
2381 3975 2626 4043 xru,48).
2647 3975 2785 4032 Hinc
2804 3979 3002 4037 Paulus
3032 3984 3145 4040 ait:
3175 3986 3318 4055 Quos
3353 4010 3503 4064 prce-

1897 4049 2081 4117 scivit,
2105 4055 2161 4106 et
2196 4055 2649 4129 prtedestinavit,
2672 4068 2730 4117 et
2758 4082 2894 4137 quos
2922 4049 3378 4143 prcedestinavit:
3404 4097 3501 4137 vo-

1896 4135 2050 4191 cavit
2070 4139 2246 4208 (Rom.
2273 4158 2387 4209 vni,
2412 4145 2524 4215 30).
2560 4148 2697 4204 Hinc
2717 4135 2795 4206 est
2824 4135 2973 4224 quod
2993 4158 3241 4216 volentes
3263 4135 3500 4233 apostoli

1896 4227 2122 4281 transire
2148 4226 2204 4282 in
2233 4230 2452 4300 Asiam,
2501 4251 2533 4288 a
2579 4236 2791 4306 Spiritu
2834 4251 3020 4299 sancto
3064 4226 3328 4315 prohibiti
3371 4263 3497 4310 sunt

1892 4312 2037 4383 (Act.
2070 4317 2203 4385 xvr).
2237 4316 2340 4386 Qui
2371 4336 2502 4393 ergo
2534 4339 2641 4378 non
2670 4327 3040 4396 prmdestinati
3062 4312 3206 4403 sunt,
3240 4337 3356 4394 sive
3382 4355 3492 4396 au-

1897 4401 2050 4456 diant
2075 4404 2354 4461 doctorum
2384 4409 2571 4478 verba,
2607 4412 2725 4469 sive
2771 4431 2880 4471 non
2926 4420 3168 4493 audiant,
3202 4428 3386 4482 vocari
3437 4430 3498 4487 in

1897 4489 1995 4544 Dei
2027 4492 2390 4549 habitaculum
2433 4509 2729 4572 nequeunt,
2772 4505 2899 4576 quia
2940 4524 3041 4577 per
3085 4489 3405 4585 nequitiam,
3438 4518 3497 4575 in

1886 4592 1994 4648 qua
2046 4587 2169 4633 sunt
2218 4591 2340 4637 ante
2393 4587 2832 4647 constitutionem
2889 4598 3080 4653 mundi
3137 4606 3489 4678 praecogniti,

1886 4662 2065 4719 locum
2096 4666 2151 4720 in
2181 4685 2238 4723 se
2270 4671 2520 4744 malignis
2550 4677 2832 4746 spiritibus
2851 4697 3199 4753 paraverunt.
3222 4690 3500 4767 Beneigi-

1891 4763 1996 4822 tur,
2047 4753 2175 4808 dum
2224 4756 2435 4829 insequi
2484 4763 2788 4823 Philistzeos
2836 4772 3003 4842 329
3052 4790 3267 4834 cessare
3298 4753 3496 4851 [Fo;te

1891 4841 2119 4910 cessari]
2149 4843 2361 4914 dicitur,
2385 4846 2440 4901 in
2469 4848 2587 4904 loca
2607 4868 2705 4908 sua
2727 4841 3005 4915 daemones
3025 4862 3227 4920 abiisse
3246 4866 3494 4923 referun-

1892 4934 1997 4995 tur,
2031 4929 2157 5000 quia
2197 4931 2490 5004 aliquando
2519 4938 2621 4993 Dei
2649 4941 3062 5013 dispensatione
3111 4951 3363 5009 doctores
3408 4962 3498 5010 ta-

1891 5023 2031 5086 cent,
2064 5022 2125 5071 ut
2153 5018 2263 5074 illis
2312 5023 2612 5080 tacentibus
2643 5028 2696 5083 hi
2727 5031 2818 5099 qui
2848 5031 3070 5089 Domini
3119 5052 3229 5093 non
3278 5048 3427 5110 sunt,
3462 5057 3498 5098 a

1890 5104 2051 5159 malis
2077 5104 2352 5175 spiritibus
2381 5111 2729 5182 recipiantur.
2761 5117 2885 5185 Sed,
2915 5128 2972 5175 ut
2999 5121 3131 5191 dixi,
3186 5140 3309 5179 cum
3357 5104 3497 5197 post

1891 5191 2106 5262 culpam
2154 5202 2400 5265 pastores
2457 5206 2653 5268 tacent,
2713 5206 3035 5276 semetipsos
3091 5191 3405 5281 humiliant,
3440 5222 3500 5271 ut

1890 5279 2108 5352 purgati
2142 5281 2193 5336 in
2225 5283 2583 5343 ministerium
2628 5292 3032 5359 praedicationis
3077 5305 3330 5367 potenter
3368 5317 3497 5357 sur-

1891 5375 2042 5438 gant.
2075 5370 2214 5424 Dum
2246 5378 2445 5443 tacent,
2478 5375 2843 5434 infirmitatem
2889 5398 3046 5436 suam
3092 5396 3344 5457 pensant,
3397 5391 3496 5447 sed

1890 5456 2289 5513 considerando
2318 5462 2658 5533 semetipsos,
2691 5474 2880 5521 contra
2905 5471 3146 5529 occultos
3200 5474 3390 5535 hostes
3440 5496 3501 5536 se

199 5563 249 5602 se
274 5548 420 5605 mala
446 5562 554 5602 non
570 5540 744 5615 ’juret.
767 5542 971 5597 Cautos
1000 5540 1221 5611 quidem
1250 5556 1352 5598 nos
1380 5556 1502 5598 esse
1521 5542 1784 5599 Dominus
1887 5542 2125 5603 validius
2152 5545 2431 5607 roborant.
2467 5550 2620 5609 Unde
2649 5561 2703 5611 et
2730 5553 2873 5612 bene
2900 5556 3255 5636 subiungitur
3286 5582 3301 5618 ε

408 5672 650 5728 ΡΑῐιιοι..
693 5664 939 5723 LXXIX.

3255 5689 3325 5745 13
