3996 6164
541 309 645 378 395'

1736 304 1991 375 SANCTI
2031 301 2371 375 GREGORII
2407 303 2630 374 uacui

3682 333 3773 391 396

611 446 784 525 (Vers.
805 444 1189 526 t7.)AtSaul,
1209 442 1542 522 conﬁrmato
1555 457 1725 517 regno
1746 442 2124 518 superlnaet,
2155 443 2212 505 A
2240 442 2407 507 noxia
2434 442 2747 524 reprobant,
2777 443 2830 498 et
2859 443 3202 521 reprobando
3238 444 3560 528 triumphant.
3589 452 3781 518 Cunctis

532 535 824 615 pugnabat
851 549 954 606 per
982 534 1292 590 circuitum
1321 536 1521 598 contra
1548 532 1812 595 inimicos
1840 533 1979 600 eius,

2235 530 3077 623 ergosensibusvictores‘sunt,
3109 534 3206 609 qui
3233 550 3327 615 per
3352 551 3529 597 eorum
3572 541 3780 623 allquem

605 623 694 678 60.
728 622 1055 677 Debilitatur
1098 620 1316 691 quidem
1360 635 1609 699 regnum,
1641 618 1856 701 quando
1886 625 2127 699 pastores
2234 620 2392 684 subdi
2436 620 2690 700 malignis
2736 620 3015 697 spiritibus
3060 623 3269 678 nolunt.
3300 623 3403 681 Sed
3427 633 3477 687 et
3503 627 3625 683 dum
3649 618 3779 692 cordi

533 711 592 771 in
621 711 894 785 aliquibus
935 710 1108 781 culpis
1154 708 1371 764 cadunt.
1414 707 1522 773 Sed
1561 705 1740 771 debile
1778 706 2127 769 conﬁrmatur
2232 709 2415 780 inepta
2441 709 2695 791 cogitatio
2725 708 2964 788 offertur,
2994 711 3167 776 hostis
3215 712 3305 784 qui
3348 714 3648 791 reprobatur
3690 718 3778 772 eli-

531 816 654 861 cum
686 815 787 870 per
813 798 1231 858 satisfactionem
1254 795 1587 875 poenitentia;
1624 795 1693 885 ad
1734 811 1874 873 opus
1901 811 2122 885 magnae
2231 796 2400 863 ditur,
2431 796 2539 871 Qui
2580 797 2727 861 enim
2770 797 2937 859 noxia
2983 815 3215 879 quaeque
3241 799 3439 877 abjicit,
3469 802 3661 863 hostem
3686 820 3777 885 po-

526 889 739 951 virtutis
765 887 1063 960 eriguntur.
1085 887 1151 941 Et
1179 901 1340 963 super
1359 885 1527 947 Israel
1555 882 1865 945 conﬁrmari
1905 884 2119 949 dicitur,

528 977 655 1055 quia
682 977 809 1039 dum
840 977 911 1039 ad
941 976 1063 1033 vitae
1109 975 1444 1039 altitudinem
1490 972 1730 1053 proﬁcit,
1779 989 1875 1029 eos
1923 973 2118 1045 quibus

524 1065 838 1145 praeeminet
879 1064 1087 1135 ordine,
1118 1064 1287 1127 vincit
1331 1062 1759 1129 conversatione.
1797 1061 2118 1124 Videntibus

524 1156 702 1217 Deum
729 1154 985 1233 praelatus
1012 1161 1116 1226 est,
1147 1153 1240 1207 sed
1269 1169 1434 1231 supra
1461 1154 1633 1218 Deum
1658 1152 1907 1217 videntes
1935 1150 2117 1214 extol-

517 1243 665 1317 litur,
696 1259 820 1299 cum
848 1258 962 1315 prae
990 1241 1200 1298 caeteris
1227 1241 1283 1296 in
1310 1241 1497 1305 divina
1533 1241 1821 1303 assumitur
1866 1247 2115 1301 contem-

520 1332 780 1412 platione.
804 1330 992 1387 Merito
1006 1344 1140 1404 ergo
1152 1328 1346 1392 dicitur
1361 1347 1372 1383 :
1390 1328 1693 1405 Pugnabat
1704 1331 1907 1392 contra
1922 1343 2116 1389 omnes

520 1421 600 1498 (α)
615 1420 881 1483 inimicos
894 1420 1035 1491 ejus,
1052 1421 1106 1475 et
1118 1433 1444 1497 quocunque
1455 1432 1513 1474 se
1524 1418 1774 1481 vertebat
1785 1416 2113 1493 superabat:

521 1508 651 1587 quia
670 1506 761 1579 qui
782 1514 989 1572 aeterna
1022 1506 1182 1569 altius
1220 1505 1506 1576 conSpicit,
1529 1503 1692 1569 facile
1711 1503 1939 1569 conterit
1959 1502 2110 1579 quid-

518 1597 650 1678 quid
681 1596 749 1651 de
780 1596 976 1657 intimis
999 1594 1103 1650 sibi
1125 1594 1193 1649 ad
1214 1610 1449 1671 pugnam
1465 1592 1628 1651 venit.
1644 1591 1783 1663 Quia
1801 1592 1945 1655 enim
1962 1591 2109 1653 nulla

511 1693 735 1749 terrena,
765 1685 865 1739 sibi
889 1685 1001 1756 jam
1024 1684 1260 1757 placent,
1284 1682 1374 1757 qui
1397 1698 1497 1754 per
1518 1697 1772 1761 magnam
1788 1681 2107 1744 Charitatem
2173 1703 2187 1713 ν

2229 892 2403 950 tenter
2425 886 2641 965 premit.
2685 887 2754 951 Et
2783 887 2910 967 quia
2955 887 3084 942 item
3127 888 3248 951 laeta
3295 889 3592 955 contemnit,
3621 899 3670 948 et
3692 894 3781 949 ad-

2225 990 2386 1041 versa
2414 990 2521 1038 non
2560 975 2770 1043 metuit,
2801 992 2924 1055 quae
2968 975 3186 1055 reliquit
3226 976 3505 1057 aliquando
3549 995 3780 1059 perversa

2225 1078 2334 1127 non
2357 1064 2575 1137 repetit,
2606 1072 2660 1125 et
2703 1064 2773 1128 ad
2820 1063 3056 1129 ccclesiis
3084 1064 3355 1131 ferventer
3391 1067 3569 1145 currit,
3597 1069 3778 1137 hostes,

2225 1168 2361 1232 quos
2391 1152 2445 1216 in
2473 1152 2699 1217 circuitu
2727 1152 2951 1228 patitur,
2974 1170 3236 1233 superare
3266 1154 3579 1210 declaratur.
3598 1157 3655 1219 lu
3682 1157 3781 1236 qni-

2223 1240 2323 1305 bus
2352 1241 2595 1310 profecto
2626 1241 2973 1313 adversariis,
3004 1242 3132 1321 quia
3153 1242 3362 1305 insidias
3378 1243 3630 1323 oppositae
3647 1244 3783 1323 quin-

2221 1344 2327 1403 que
2356 1329 2733 1400 corporalibus
2762 1331 3017 1395 sensibus
3036 1330 3407 1413 designantur,
3433 1339 3552 1410 apte
3566 1347 3657 1412 per
3672 1333 3782 1405 qui-

2218 1417 2433 1481 narium
2457 1435 2742 1482 numerum
2772 1419 3169 1495 exprimuntur.

2289 1507 2465 1577 (vers.
2498 1507 2612 1578 47.)
2642 1506 2853 1569 Contra
2875 1507 3044 1581 Moab,
3065 1506 3258 1587 inquit,
3283 1512 3339 1565 et
3354 1508 3780 1586 ﬁlios,Amm0n,

2216 1600 2274 1658 et
2301 1595 2492 1663 Edam,
2524 1599 2584 1660 et
2609 1611 2795 1668 regem
2823 1595 3003 1667 Saba,
3031 1599 3089 1652 et
3123 1595 3453 1654 Philistceos.

2286 1686 2373 1747 62.
2425 1682 2528 1759 Qui
2575 1685 2721 1747 enim
2765 1683 3001 1759 quinque
3044 1684 3289 1765 gentium
3339 1685 3554 1741 nomina
3602 1687 3782 1765 posuit,

515 1790 680 1844 super
706 1773 895 1840 Israel,
924 1772 980 1826 id
1008 1780 1086 1827 est
1114 1772 1169 1826 in
1197 1770 1512 1827 coelestibus
1538 1778 1747 1842 regnat,
1781 1783 2102 1849 quocunque
2130 1789 2184 1849 Β
2214 1770 2504 1845 oppositas
2534 1771 2779 1847 quinque
2808 1772 3058 1831 sensibus
3087 1773 3337 1845 corporis
3368 1774 3579 1835 fraudes
3605 1775 3786 1831 daemo-

512 1878 574 1918 ae
603 1862 783 1929 vertit,
816 1870 1055 1932 superat.
1087 1860 1230 1928 Quid
1260 1860 1404 1915 enim
1430 1859 1553 1913 huic
1580 1857 1852 1929 malignus
1881 1857 2104 1928 spiritus

515 1957 793 2023 suggerat,
827 1950 917 2020 qui
947 1957 1161 2004 terrena
1188 1949 1335 2002 nulla
1362 1947 1690 2014 considerat,
1724 1946 1816 2018 qui
1842 1946 1966 2000 laeta
1994 1961 2101 2001 sae-

511 2040 619 2094 culi
647 2037 797 2101 nulla
825 2038 934 2103 iam
959 2034 1149 2101 amat?
1179 2037 1391 2108 Pugnat
1418 2035 1625 2099 doctor,
1658 2035 1785 2089 dum
1817 2034 2098 2106 praedicat,

507 2128 605 2183 sed
626 2134 864 2198 superat,
885 2127 1014 2196 quia
1028 2125 1172 2196 quod
1190 2123 1533 2196 pradicando
1559 2122 1817 2193 prohibet
1833 2123 1902 2178 de
1913 2122 2101 2177 mundi

502 2215 858 2272 delectatione
886 2213 1220 2286 contingere,
1251 2211 1676 2269 conversationis
1723 2211 1918 2266 virtute
1966 2226 2098 2282 per-

503 2305 719 2359 suadet.
771 2304 837 2357 Et
866 2303 993 2374 quis
1019 2317 1266 2374 pugnare
1294 2301 1349 2355 in
1378 2300 1601 2361 circuitu
1629 2308 1819 2355 contra
1848 2299 2099 2356 inimicos

504 2392 721 2461 dicitur,
754 2407 971 2462 magna:
999 2390 1179 2445 laudis
1207 2390 1331 2460 ejus
1367 2389 1590 2443 victoria
1620 2403 1737 2442 esse
1760 2388 2098 2443 demonstra-

501 2489 604 2537 tur.
636 2481 717 2535 Es
742 2479 888 2537 omni
919 2478 1140 2548 quidem
1169 2485 1321 2543 parte
1339 2476 1646 2546 perfectum
1667 2492 1789 2531 esse
1819 2476 2097 2532 doctorem

502 2568 678 2634 docet,
703 2568 794 2638 qui
823 2583 891 2625 ex
920 2570 1070 2621 omni
1102 2574 1254 2636 parte
1283 2565 1605 2620 fortissimos
1632 2564 1794 2619 habet
1821 2563 2093 2619 inimicos.

497 2657 641 2712 Dum
671 2670 805 2727 ergo
833 2654 1036 2724 ubique
1063 2655 1201 2715 verti
1248 2661 1302 2708 et
1345 2669 1607 2723 superare
1654 2652 1867 2723 dicitur,
1899 2662 2097 2722 quanta

497 2746 615 2815 ejus
658 2744 834 2816 gloria
878 2743 1251 2813 pradicstur‘l
1281 2742 1425 2810 Quid
1453 2751 1534 2798 est
1563 2757 1694 2815 ergo
1722 2743 1868 2813 quod
1899 2741 1954 2795 in
1981 2742 2093 2796 cir-

499 2834 645 2891 cuitu
674 2834 854 2889 hostes
884 2832 1084 2887 habere
1113 2831 1327 2897 dicitur,
1348 2830 1448 2885 nisi
1470 2830 1596 2901 quia
1617 2829 1844 2901 maligni
1873 2828 2091 2899 spiritus

498 2922 755 2979 omnibus
781 2920 1034 2976 sensibus
1052 2921 1252 2974 nostris
1272 2919 1596 2973 insidiantur
1610 2919 1639 2971 ‘l
1659 2919 1798 2973 Nam
1820 2918 2094 2988 loquendo

497 3010 650 3078 alios,
684 3009 821 3065 alios
857 3008 1093 3064 videndo
1142 3007 1439 3078 decipiunt.
1488 3006 1637 3068 Alios
1680 3022 1783 3076 per
1824 3005 2088 3073 auditum,

495 3099 635 3153 alios
666 3113 761 3168 per
777 3103 999 3169 gustum
1019 3096 1106 3151 vel
1125 3095 1379 3151 olfactum
1398 3095 1609 3151 fallunt.
1631 3094 1779 3155 Alios
1799 3096 1961 3152 etiam
1994 3110 2093 3164 per

495 3186 725 3249 insidias
775 3185 1109 3248 illecebrosis
1181 3183 1557 3246 delectationis
1605 3182 1692 3245 vel
1746 3182 2090 3259 cegitationis

492 3274 805 3353 pertrahere
835 3273 905 3330 ad
932 3271 1297 3333 immunditias
1325 3276 1599 3347 satagunt.
1637 3270 1769 3327 Aliis
1812 3270 1943 3333 foris
1985 3270 2087 3333 ob-

492 3378 675 3418 scaena
703 3361 954 3431 oﬂ’erunt,
987 3376 1107 3434 quae
1136 3359 1330 3414 mentis
1357 3358 1748 3422 deliberatione
1775 3366 2083 3435 sequantur.

497 3452 608 3507 Sed
636 3459 694 3506 ut
720 3452 919 3507 rectius
960 3451 1103 3505 hunc
1149 3446 1436 3503 circuitum
1465 3447 1914 3514 demonstremus,
1948 3446 2089 3500 hunc

496 3541 626 3595 dum
658 3538 727 3593 ad
756 3539 878 3593 laeta
906 3539 1239 3608 pertrahunt,
1264 3535 1342 3593 eis
1371 3535 1523 3613 quasi
1553 3535 1621 3590 ad
1652 3535 1931 3598 dexteram
1962 3534 2088 3588 insi-

497 3626 612 3695 dias
640 3633 869 3696 ponunt.
908 3625 1063 3687 Illum
1096 3625 1224 3687 dum
1251 3640 1349 3694 per
1376 3624 1605 3687 adversa
1635 3622 1914 3700 dejiciunt,
1935 3621 2092 3694 quasi

491 3730 525 3770 a
552 3715 692 3770 laeva
735 3721 891 3793 parte
939 3713 1336 3791 constringunt.
1382 3713 1495 3768 Nos
1539 3711 1668 3766 dum
1705 3709 1772 3775 ad
1806 3710 2091 3785 praeterita

494 3802 892 3865 obiectamenta
920 3801 1167 3869 invitant,
1184 3800 1341 3871 quasi
1363 3816 1395 3864 a
1416 3808 1556 3863 retro
1586 3798 1945 3877 praecipitant.
1976 3797 2090 3859 Illis

499 3890 653 3971 quasi
682 3890 752 3945 ab
781 3888 1041 3953 anteriori
1069 3896 1223 3967 parte
1246 3888 1482 3958 obviant,
1507 3888 1665 3967 quasi
1683 3903 1831 3958 saepe
1851 3885 2092 3951 inﬁrmo-

494 3994 616 4035 rum
644 3977 919 4039 mentibus
944 3974 1203 4032 districtaa
1233 3977 1654 4039 conversationis
1697 3985 1750 4031 et
1795 3975 1920 4039 vitae
1962 3975 2090 4039 lon-

493 4068 799 4143 gitudinem
830 4065 980 4145 quasi
999 4064 1328 4127 consulendo
1345 4073 1668 4129 monstrant.
1687 4063 1769 4128 Ab
1790 4072 1916 4127 ante
1943 4063 2087 4121 enim

487 4157 733 4227 veniunt,
763 4155 891 4231 quia
917 4153 1183 4225 proﬁcisci
1213 4154 1282 4213 ad
1311 4154 1508 4212 coelum
1544 4154 1756 4217 animus
1802 4169 1911 4217 non
1953 4168 2086 4226 per—

488 4246 733 4300 mittunt.
782 4245 843 4298 In
890 4243 1113 4298 circuitu
1169 4257 1301 4314 ergo
1348 4241 1598 4303 inimicos
1640 4242 1926 4308 habemus,
1960 4240 2088 4312 quia

487 4341 635 4405 ante,
660 4341 822 4399 retro,
873 4332 927 4385 in
976 4332 1252 4387 dexteram
1302 4337 1355 4393 et
1394 4329 1667 4391 sinistram
1717 4328 2084 4400 malignorum

2117 3148 2168 3214 Ο

2213 1876 2345 1923 num
2376 1858 2699 1939 designavit.
2723 1860 2831 1923 Sed
2861 1861 2988 1933 quia
3014 1861 3207 1921 doctor
3224 1878 3337 1918 non
3354 1862 3527 1918 solum
3555 1863 3783 1930 vivendo,

2210 1948 2305 2011 sed
2336 1948 2495 2013 etiam
2522 1948 2770 2012 docendo
2799 1950 3041 2023 dimicat,
3073 1967 3195 2005 cum
3236 1959 3422 2013 contra
3462 1951 3636 2007 omnia
3670 1950 3787 2016 ritis

2210 2034 2465 2115 disputat,
2498 2054 2622 2102 cum
2652 2053 2719 2101 ea
2747 2036 2899 2101 verbi
2930 2037 3112 2117 gladio
3155 2039 3209 2094 in
3253 2039 3559 2103 auditorum
3586 2055 3786 2101 suorum

2208 2124 2480 2188 mentibus
2506 2133 2685 2193 necat,
2706 2125 2959 2187 nimirum
2988 2127 3045 2187 in
3072 2126 3305 2191 circuitu
3335 2136 3389 2183 et
3415 2143 3653 2205 pugnare
3678 2142 3787 2183 cer-

2208 2212 2371 2287 nitur,
2401 2220 2454 2277 et
2483 2229 2804 2292 quocunque
2832 2230 2895 2271 se
2919 2215 3079 2275 vertit
3109 2230 3389 2293 superare.
3422 2216 3528 2279 Sed
3557 2216 3789 2295 quaedam

2205 2300 2515 2374 specialiter
2536 2303 2903 2369 nominantur,
2917 2318 3037 2381 quae
3051 2302 3156 2358 sibi
3176 2304 3460 2383 principali
3468 2306 3755 2366 terobstant
3772 2321 3783 2358 :

2212 2388 2419 2453 Contra
2440 2391 2605 2459 Moab.
2623 2391 2815 2463 inquit,
2849 2396 2905 2452 et
2923 2391 3071 2462 ﬁlios
3097 2392 3372 2467 Ammon,
3393 2392 3582 2458 Edam,
3621 2396 3672 2447 et
3707 2408 3788 2451 re-

2203 2493 2327 2554 gem,
2344 2478 2511 2547 Saba,
2527 2487 2579 2541 et
2591 2480 2771 2542 Philis
2780 2483 2933 2546 trees.
2950 2479 3126 2553 Moab,
3142 2496 3209 2543 ex
3228 2489 3387 2557 patre
3402 2479 3783 2552 interpretatur,

2203 2568 2452 2636 Ammon,
2484 2567 2717 2643 populus
2744 2567 3010 2639 muneris,
3052 2568 3249 2635 Edom,
3300 2567 3475 2643 rufus,
3525 2569 3688 2638 Saba,
3716 2568 3789 2623 in-

2204 2669 2389 2729 censa,
2418 2657 2535 2715 sive
2563 2664 2902 2729 convertens,
2953 2655 3284 2727 Philistaeus,
3336 2657 3533 2734 poculo
3578 2657 3784 2721 cadens.

2203 2741 2345 2816 Quid
2374 2742 2519 2807 enim
2548 2743 2633 2806 his
2647 2743 2956 2808 nominibus
2978 2742 3079 2805 nisi
3098 2744 3307 2821 gradus.
3324 2746 3395 2816 (ὁ)
3411 2745 3659 2815 pessime
3675 2747 3788 2809 vita

2203 2831 2564 2907 exprimitur?
2611 2832 2670 2891 In
2700 2830 2861 2886 Moab
2891 2831 3110 2903 quippe,
3143 2833 3233 2911 qui
3265 2849 3337 2889 ex
3378 2841 3538 2910 patre
3582 2834 3787 2901 dicitur,

2200 2918 2631 2989 coneupiscentia
2661 2917 2993 2999 designatur.
3018 2920 3079 2973 In
3097 2926 3279 2978 mente
3303 2921 3523 2999 quidem
3543 2920 3788 3001 reproba,

2201 3006 2328 3085 quia
2357 3023 2389 3067 a
2418 3006 2634 3071 diabolo
2665 3007 2909 3077 ponitur,
2925 3007 3078 3083 quasi
3096 3015 3303 3085 apatre
3323 3018 3637 3089 generatur.
3660 3009 3793 3078 Quid

2198 3110 2327 3159 vero
2356 3111 2453 3169 per
2479 3097 2741 3171 Ammon,
2773 3094 2865 3173 qui
2901 3096 3136 3171 populus
3176 3098 3435 3153 maeroris
3479 3098 3791 3168 interpreta-

2197 3190 2305 3253 tur,
2336 3182 2663 3250 ostenditur,
2708 3183 2819 3244 nisi
2865 3182 3169 3254 frequentia
3209 3185 3488 3249 malorum
3533 3174 3791 3256 operuml

2197 3268 2336 3344 Quia
2377 3268 2521 3333 enim
2568 3269 2736 3333 multa
2783 3277 2929 3340 sunt,
2958 3271 3188 3345 populus
3217 3272 3445 3342 dicitur,
3479 3283 3533 3328 et
3561 3261 3688 3353 quia
3726 3272 3792 3327 ad

2196 3359 2388 3423 aeterni
2408 3358 2580 3419 luctus
2604 3357 3019 3421 amaritudinem
3038 3359 3334 3438 reprobum
3352 3375 3796 3433 unumquemque

2196 3445 2525 3521 perducunt,
2558 3445 2805 3510 maeroris
2834 3447 3067 3517 populus
3098 3455 3245 3504 recte
3274 3450 3613 3512 nominatur.
3639 3450 3800 3511 Edom

2198 3549 2347 3602 vero,
2382 3534 2475 3613 qui
2514 3533 2667 3597 rufus
2696 3532 2918 3600 dicitur,
2951 3534 3078 3605 quid
3124 3534 3228 3593 nisi
3277 3537 3561 3611 peccandi
3587 3537 3802 3593 nimium

2199 3621 2469 3685 fervorem
2499 3620 2778 3683 insinuat?
2809 3621 2960 3685 Prius
2989 3622 3129 3683 enim
3160 3636 3399 3702 peccare
3422 3627 3661 3708 quisque
3686 3640 3805 3681 con-

2198 3710 2389 3775 ﬁuevit,
2413 3709 2609 3771 deinde
2638 3725 2739 3789 per
2767 3725 2922 3772 usum
2953 3709 3213 3791 peccandi
3236 3712 3458 3791 proficit
3476 3714 3533 3777 in
3555 3727 3805 3788 augmen-

2198 3803 2311 3862 tum
2345 3797 2601 3873 fervoris,
2626 3804 2687 3851 ut
2715 3813 2945 3873 peccare
2975 3797 3177 3868 saepius
3197 3801 3424 3869 audeat,
3446 3809 3501 3856 et
3519 3801 3646 3869 hoc,
3669 3799 3807 3875 quod

2198 3884 2449 3950 audendo
2479 3884 2796 3961 ingeminat,
2822 3900 3037 3963 semper
3065 3885 3265 3947 iterare
3296 3889 3586 3944 ardentius
3609 3904 3805 3946 concu-

2195 3967 2388 4053 piscat.
2422 3971 2540 4046 Quo
2571 3972 2825 4034 nimirum
2874 3964 3136 4052 peccandi
3174 3974 3387 4039 ardore
3438 3977 3646 4058 agitur,
3674 3975 3809 4032 utin

2196 4069 2378 4125 mente
2407 4060 2640 4137 reproba
2671 4060 2937 4141 quidquid
2966 4060 3183 4125 virtutis
3213 4071 3308 4124 aut
3334 4064 3474 4121 boni
3506 4066 3692 4136 operis
3720 4063 3806 4118 vi-

2196 4151 2329 4228 ruit,
2358 4147 2719 4213 comburatur.
2771 4150 2995 4204 incensa
3022 4165 3156 4231 ergo
3185 4159 3312 4231 post
3342 4153 3529 4209 Edom
3560 4153 3619 4208 in
3650 4152 3809 4225 spiri-

2195 4239 2328 4303 tuali
2375 4236 2518 4299 bello
2552 4237 2891 4313 describitur,
2922 4237 3047 4317 quia
3095 4240 3171 4294 ita
3215 4248 3299 4295 est
3347 4240 3587 4312 perdita
3621 4240 3809 4297 mentis

2193 4341 2366 4397 casus,
2413 4334 2471 4391 ut
2516 4341 2641 4382 cum
2691 4324 2964 4386 ferventer
3006 4327 3151 4390 male
3193 4342 3557 4403 congregare
3607 4329 3808 4396 nititur,

487 4420 771 4490 spirituum
803 4427 1079 4475 certamen
1109 4418 1370 4489 patimur.
1416 4417 1570 4473 Unde
1601 4425 1651 4479 et
1680 4416 1870 4479 beatus
1901 4416 2086 4475 Petrus
2191 4414 2351 4470 bonis
2394 4414 2647 4473 omnibus
2675 4415 2827 4491 quasi
2857 4430 2957 4487 per
2982 4414 3431 4478 combustionem
3480 4418 3717 4488 perditis
3761 4423 3809 4471 et

484 4508 761 4586 apostolus
782 4523 881 4562 nos
900 4508 1234 4575 cohortatur,
1259 4504 1445 4567 dicens
1464 4521 1477 4558 :
1496 4504 1877 4569 Adversarius
1898 4510 2083 4569 vester
2111 4497 2163 4558 D
2194 4502 2430 4565 redactis
2459 4502 2526 4556 ad
2556 4502 2781 4559 nihilum
2813 4502 3093 4575 spoliatur.
3115 4502 3264 4567 Suba
3284 4504 3463 4560 etiam
3488 4513 3810 4561 convertens

488 4590 1045 4667 diabolus,tanquam
1059 4592 1141 4646 leo
1156 4592 1403 4663 rugiens,
1418 4590 1908 4665 circuit,quwrem
1921 4604 2087 4665 quem
2193 4589 2407 4669 dicitur,
2436 4588 2560 4659 quia
2607 4596 2661 4644 et
2703 4589 2933 4648 formam
2962 4589 3061 4653 Dei
3092 4590 3159 4645 de
3191 4591 3437 4667 reproba
3478 4600 3666 4648 mente
3695 4592 3809 4647 ibr-

486 4677 713 4735 devoret
731 4697 749 4734 ς
777 4680 873 4745 cui
901 4680 1154 4741 resistite
1182 4682 1359 4749 forte:
1389 4680 1453 4739 in
1480 4676 1594 4756 ﬁde
1623 4676 1675 4755 (Ι
1705 4680 1856 4742 Petr.
1880 4693 1936 4753 v,
1969 4680 2044 4748 8).

559 4769 646 4820 6t.
682 4766 792 4821 Sed
819 4767 931 4836 jam
960 4766 1090 4820 belli
1119 4766 1398 4825 circuitum
1428 4767 1695 4835 novimus,
1727 4764 1961 4839 qualiter
1990 4780 2087 4837 per

487 4854 767 4919 circuitum
800 4871 959 4927 reges
997 4853 1237 4929 vincant,
1268 4854 1567 4919 videamus.
1600 4854 1661 4917 In
1692 4854 1919 4918 circuitu
1957 4853 2081 4922 qui-

420 5005 429 5013 .
483 4944 609 5005 dem
636 4944 878 5011 vincunt,
910 4941 1002 5021 qui
1030 4941 1295 5021 linguam,
1327 4950 1379 5007 et
1407 4959 1488 5010 os,
1523 4950 1577 4998 et
1604 4942 1807 5008 oculos,
1831 4949 1884 4995 et
1903 4940 2083 5004 omnia

484 5032 728 5105 corporis
755 5031 1001 5091 membra
1029 5031 1097 5086 ab
1127 5030 1314 5087 illicita
1343 5030 1552 5096 actione
1582 5031 1906 5093 custodiunt.
1939 5028 2081 5082 Dum

481 5122 628 5183 enim
663 5120 902 5193 linguam
933 5117 1173 5191 perfecte
1204 5134 1301 5190 per
1329 5118 1606 5181 silentium
1637 5116 1903 5187 muniunt,
1925 5115 2079 5188 quasi

480 5209 533 5262 iu
565 5226 671 5265 una
700 5218 852 5282 parte
873 5196 1112 5273 victores
1136 5214 1283 5275 sunt,
1305 5214 1355 5267 et
1386 5206 1515 5269 dum
1544 5205 1731 5267 vident
1757 5204 1928 5269 oculis
1958 5220 2079 5276 qum

476 5299 862 5368 concupiscere
879 5297 1270 5373 dedignantur,
1289 5311 1358 5358 ex
1378 5293 1485 5351 alia
1499 5301 1651 5364 parte
1668 5293 1903 5357 victores
1922 5291 2076 5356 fiunt.

479 5381 638 5453 Saepe
667 5385 830 5447 etiam
861 5386 1005 5449 male
1033 5384 1259 5450 audiunt
1289 5383 1456 5461 330
1487 5390 1541 5447 et
1560 5381 1920 5465 repellunt.“
1948 5381 2075 5455 quia

540 5592 625 5667 (α)
651 5594 816 5656 Deest
838 5592 1176 5671 superabat,
1202 5598 1260 5656 in
1288 5597 1457 5657 Gilot.
1485 5604 1538 5657 et
1569 5594 1743 5658 Vatia.

2188 4692 2325 4735 vens
2356 4684 2637 4755 peccatum
2668 4676 2823 4749 tollit,
2852 4684 2905 4731 et
2933 4679 3074 4737 hanc
3092 4677 3161 4732 ad
3190 4687 3473 4748 apostatse
3495 4680 3686 4754 angeli
3707 4680 3816 4736 for-

2190 4781 2340 4821 mam
2368 4764 2587 4845 redigit.
2618 4765 2699 4820 De
2728 4781 2831 4836 qua
2852 4765 2960 4845 iam
2985 4782 3086 4845 per
3103 4766 3347 4822 divinam
3367 4770 3713 4825 sententiam
3744 4766 3818 4822 di-

2190 4853 2330 4920 citur
2352 4870 2367 4909 :
2391 4855 2529 4909 Cum.
2549 4856 2767 4917 venerit
2794 4854 3002 4922 impius
3017 4854 3081 4909 in
3103 4855 3477 4937 pro/uadum
3501 4859 3811 4921 malorum.

2189 4944 2505 5005 contemnit
2525 4943 2708 5007 (Prov.
2732 4958 2889 5009 xvm,
2915 4944 2989 5014 3).
3006 4943 3249 5020 Superba
3267 4945 3506 5021 quidem
3530 4947 3815 5016 mensium

2190 5029 2377 5095 divina,
2421 5029 2676 5084 mandata
2718 5030 2967 5109 despicit,
3000 5030 3052 5093 ei
3089 5032 3451 5103 semetipsum
3497 5033 3817 5090 carnalibus

2190 5118 2476 5183 desideriis
2505 5118 2700 5179 subdit.
2726 5117 2858 5195 Quis
2878 5134 3012 5188 ergo
3034 5126 3116 5174 est
3136 5134 3230 5175 rex
3254 5119 3438 5191 Saba,
3460 5123 3575 5177 nisi
3605 5122 3722 5190 ille,
3746 5122 3818 5178 de

2186 5222 2294 5280 quo
2323 5206 2393 5267 ad
2421 5206 2637 5263 beatum
2673 5207 2776 5262 Job
2807 5223 2838 5261 a
2866 5207 3099 5269 Domino
3127 5207 3326 5273 dicitur
3361 5226 3377 5263 :
3413 5209 3550 5284 Ipse
3589 5214 3681 5267 est
3706 5225 3814 5266 rex

2185 5312 2353 5377 super
2369 5295 2659 5363 universes
2671 5296 2819 5367 ﬁlios
2835 5297 3108 5377 superbire
3125 5298 3262 5363 (Job.
3286 5308 3416 5361 xm,
3440 5303 3498 5370 ι)
3509 5341 3523 5354 .
3549 5298 3818 5355 Philistai

2183 5399 2333 5454 vero,
2365 5383 2455 5464 qui
2483 5384 2678 5457 poculo
2722 5385 2940 5459 cadunt,
2971 5385 3063 5466 qui
3093 5392 3239 5463 sunt,
3267 5385 3385 5440 nisi
3415 5386 3521 5457 qui
3549 5386 3816 5444 omnibus

2246 5599 2321 5675 ib)
2353 5598 2522 5657 Gilot.
2549 5607 2605 5659 et
2631 5601 2832 5671 Vatic.,
2852 5600 3117 5676 passim
3140 5594 3543 5679 mﬁmttu‘rt
