3996 6164
229 368 313 435 397

1050 368 1124 428 IN
1163 366 1433 429 PRIMUM
1470 364 1719 429 REGUM
1756 371 2295 430 EXPOSITIONES.
2328 403 2394 416 —
2432 374 2559 431 LIB.
2594 370 2656 430 Υ.

3387 382 3490 436 398

227 496 516 571 supradictis
534 495 690 552 malis
714 494 848 551 ebrii
878 497 1049 551 sunt?
1075 494 1181 565 Qui
1210 495 1291 553 sic
1335 495 1578 552 coelestia
1631 494 1779 552 obli-
1808 497 1867 559 Α
1894 502 1980 553 tus
2009 495 2230 577 quidem
2258 495 2435 553 cordis
2462 496 2655 553 intenti
2686 496 3016 565 coelestibus,
3065 504 3258 556 contra
3308 501 3488 558 carnis

226 591 481 661 viscantur,
510 594 569 640 ut
596 584 665 640 ad
696 585 813 641 haec
842 582 1102 661 evigilare
1130 588 1221 640 aut
1248 584 1362 652 vix,
1391 593 1483 641 aut
1501 599 1780 655 nunquam

224 678 492 733 videantur.
526 675 634 729 Per
658 672 815 731 Moab
840 687 971 748 ergo
998 672 1437 744 concupiscentia
1466 672 1647 728 carnis
1678 688 1782 728 ex-

222 761 458 833 primitur,
491 775 591 830 per
615 760 871 824 Ammon,
902 756 1162 829 frequens
1189 772 1320 813 usus
1374 755 1532 811 malae
1579 770 1780 826 opera-

220 849 391 917 tionis;
417 862 519 917 per
542 846 741 913 Edom,
771 845 1036 915 peccandi
1067 843 1265 900 ardens
1297 844 1661 907 desiderium;
1686 860 1784 915 per

221 937 362 1004 Saba,
382 934 608 991 vastatio
632 942 685 989 et
702 932 1003 989 combustio
1026 932 1309 1000 virtutum;
1327 948 1430 1003 per
1455 932 1778 1001 Philistseos,

219 1024 391 1082 oblivio
412 1023 735 1079 caelestium.
767 1021 901 1077 Cum
930 1035 1062 1092 ergo
1092 1020 1295 1076 electus
1324 1021 1515 1077 doctor
1543 1019 1781 1092 aliquem

216 1115 418 1170 educere
427 1112 497 1167 de
513 1120 783 1167 tantorum
798 1110 1115 1180 laqueorum
1131 1108 1314 1164 medio
1326 1108 1548 1181 appetit,
1564 1117 1782 1179 quantae

216 1202 395 1257 virtutis
417 1208 696 1257 certamen
722 1201 884 1268 331
921 1198 1085 1253 sumit
1113 1198 1142 1250 ‘i
1170 1197 1240 1251 Et
1271 1196 1395 1268 quia
1418 1196 1488 1252 de
1508 1197 1655 1252 omni
1676 1198 1784 1253 hoc

214 1290 504 1365 perditionis
541 1288 717 1367 gradu
733 1302 836 1358 per
849 1286 1131 1342 doctorum
1153 1285 1394 1341 laborem
1417 1284 1487 1341 ad
1507 1285 1783 1355 poeniten-

216 1382 321 1435 tiam
344 1378 587 1443 redeunt,
621 1389 948 1447 quocunque
975 1390 1034 1430 se
1062 1373 1224 1430 vertit
1250 1388 1507 1444 superare
1535 1373 1785 1443 perhibe-

215 1478 299 1525 tur.
328 1465 677 1524 Pmdicando
706 1464 905 1520 etenim
937 1462 1232 1532 aliquando
1288 1461 1784 1532 concupiscentiam

216 1557 260 1611 in
283 1558 501 1626 alicujus
530 1554 700 1611 corde
727 1551 996 1620 interﬁcit,
1039 1550 1333 1623 aliquando
1388 1566 1542 1606 usum
1597 1564 1784 1626 pravae

214 1643 539 1722 operationis.
575 1641 735 1697 Modo
764 1640 890 1695 illos
915 1639 1095 1708 trahit,
1128 1639 1222 1710 qui
1250 1639 1305 1693 in
1335 1654 1491 1693 usum
1521 1637 1785 1711 peccandi

215 1734 527 1799 tr-ansierant,
562 1730 729 1786 modo
759 1729 880 1785 illos
900 1728 994 1802 qui
1026 1726 1326 1784 combustis
1350 1730 1405 1782 et
1432 1726 1501 1783 ad
1557 1725 1784 1782 nihilum

1886 583 2087 640 bellum
2118 585 2287 640 fortes
2312 584 2509 649 milites
2535 591 2679 641 sunt.
2710 585 2829 641 1am
2859 599 2995 658 ergo
3024 585 3080 641 in
3108 586 3382 661 frequenti
3399 603 3484 645 as-

1886 672 2139 729 siduitatc
2156 688 2382 743 precum
2399 672 2572 729 aciem
2592 672 2775 739 habet,
2792 672 2889 729 sed
2908 673 3175 730 exercitus
3192 691 3300 731 non
3316 691 3481 733 unam

1887 767 2094 817 tantum
2124 761 2316 830 aciem,
2346 761 2443 816 sed
2472 760 2653 831 plures
2680 760 2864 816 habet.
2901 761 3089 817 Adhuc
3118 761 3301 833 itaque
3316 780 3482 821 exer-

1888 848 2053 904 citum
2083 849 2378 921 perfectum
2408 864 2517 904 non
2546 849 2729 917 habet,
2787 855 2842 904 et
2892 849 3150 905 Amalech
3204 860 3485 924 percutere

1888 952 2225 1007 nequaquam
2256 936 2416 992 valet.
2434 936 2690 1007 Nunquid
2712 936 2760 992 ei
2783 937 3005 1008 prodest
3021 937 3163 1007 quod
3183 938 3486 1009 jejunando

1891 1040 1949 1079 se
1978 1025 2179 1091 atterit,
2211 1023 2354 1095 quod
2382 1025 2452 1079 ad
2481 1033 2692 1095 tempus
2720 1023 2926 1079 orando
2971 1027 3378 1105 compungitur,
3438 1028 3488 1084 si

1891 1127 2043 1167 mens
2070 1111 2284 1168 lubrica
2312 1112 2534 1184 cogitet,
2563 1121 2615 1167 et
2642 1114 3017 1183 phantasmata
3044 1113 3287 1170 lascivia:
3316 1115 3373 1170 in
3394 1133 3486 1172 se-

1891 1200 2181 1272 metipsum
2210 1208 2391 1271 portet
2418 1202 2449 1253 ‘?
2481 1200 2593 1255 Sed
2622 1200 2797 1256 vitare
2827 1208 3011 1272 turpes
3040 1201 3402 1273 cogitationes
3417 1220 3488 1261 on

1892 1288 2168 1360 praevalet,
2202 1288 2290 1358 qui
2322 1291 2572 1344 honestas
2600 1287 2654 1342 in
2684 1303 2741 1355 se
2769 1303 2879 1344 non
2907 1288 3088 1344 habet.
3146 1288 3287 1359 Quia
3342 1292 3491 1348 enim

1891 1392 2111 1447 semper
2137 1377 2459 1448 cogitamus,
2490 1376 2825 1447 exquirenda
2854 1384 2978 1432 sunt
3005 1377 3162 1433 nobis
3198 1379 3361 1451 bona,
3419 1398 3490 1437 ne

1891 1465 2037 1521 mala
2067 1465 2387 1537 cogitemus.
2420 1465 2562 1533 Quid
2591 1480 2720 1521 vero
2748 1472 2872 1521 sunt
2899 1480 3087 1521 omnes
3115 1466 3285 1523 turbae
3313 1467 3492 1533 bena-

1892 1568 2010 1608 rum
2032 1553 2444 1626 cogitationum,
2476 1553 2577 1608 nisi
2608 1552 3031 1610 innumerabiles
3069 1552 3266 1610 mentis
3288 1556 3433 1621 acies
3462 1559 3491 1612 εν

1892 1643 2033 1697 Nam
2064 1642 2192 1697 dum
2223 1648 2460 1697 mentem
2492 1641 2741 1697 ambiunt
2761 1648 2812 1696 et
2826 1642 3092 1711 minuunt,
3112 1642 3181 1698 ad
3199 1659 3320 1699 eam
3337 1660 3488 1702 acce-

1895 1730 2023 1785 dere
2054 1729 2393 1801 turpissimos
2421 1728 2670 1785 inimicos
2697 1744 2805 1784 non
2831 1729 3171 1800 permittunt.
3211 1732 3281 1787 Et
3320 1735 3487 1802 332

213 1821 415 1877 redactis
438 1818 755 1891 virtutibus,
784 1817 903 1890 regi
939 1832 1035 1872 suo
1091 1815 1313 1872 diabolo
1365 1814 1521 1886 quasi
1576 1813 1785 1871 incensi
1817 1838 1873 1902 B
1904 1817 2330 1890 quiacogitaudo
2344 1818 2413 1872 ad
2426 1817 3493 1895 desideriummagnaspuritatisaccendi-

213 1909 515 1966 serviebant.
548 1908 621 1963 Et
637 1908 767 1979 quia
778 1904 1134 1982 prmdicaudo
1146 1919 1379 1975 superna
1393 1909 1677 1971 memorat,
1692 1917 1790 1956 ca-

215 2000 379 2054 dentes
393 1997 622 2069 poculo,
647 2003 699 2050 et
714 1993 1013 2051 caelestium
1041 1992 1242 2048 oblitos
1259 1991 1329 2047 ad
1346 1989 1647 2063 spiritualis
1666 1988 1792 2044 vitae

211 2087 423 2142 studium
451 2084 661 2141 excitat
689 2089 741 2138 et
769 2098 867 2154 per
903 2095 1145 2137 amorem
1193 2080 1445 2136 ardenter
1470 2078 1790 2134 inﬂammat.

213 2174 332 2230 Bene
357 2189 487 2248 ergo
516 2172 758 2228 dicitur:

270 2281 435 2353 (Vers.
472 2278 597 2348 ιτ.)
624 2279 1035 2355 Quocunquesc
1064 2275 1337 2350 vertebat,
1360 2272 1686 2347 superabat.

270 2371 347 2427 63.
378 2368 518 2443 Quia
549 2369 685 2431 dum
713 2367 782 2423 de
810 2364 957 2422 omni
986 2381 1190 2443 genere
1203 2372 1516 2442 peccatores
1537 2362 1607 2417 ad
1622 2362 1795 2417 vitam

212 2457 370 2524 trahit,
400 2455 747 2526 triumphare
775 2452 973 2523 ubique
1002 2451 1370 2529 cognoscitur.
1401 2449 1513 2505 Hos
1539 2448 1795 2507 nimirum

213 2544 495 2615 triumphos
527 2559 699 2616 agere
729 2557 854 2597 suos
880 2540 1099 2608 milites,
1128 2555 1255 2595 suos
1298 2538 1571 2613 principes
1615 2537 1795 2607 impe-

209 2633 340 2687 rahat
350 2632 641 2695 Dominus,
654 2644 778 2687 cum
794 2628 1008 2685 dicebat
1024 2645 1036 2681 :
1052 2628 1209 2684 [tein
1238 2627 1427 2682 orbem
1440 2626 1792 2692 universum,

209 2722 566 2793 etprwdicatc
580 2718 956 2789 Evangetium
980 2718 1139 2773 omni
1166 2719 1451 2775 creatum
1477 2712 1794 2787 (Marctxvn,

209 2813 304 2879 15).
325 2808 768 2865 Omnicreaturte
799 2804 1160 2881 Evangelium
1194 2801 1495 2877 praedicare
1524 2798 1796 2877 praecipit,

207 2899 285 2968 qui
296 2897 471 2953 omnia
484 2911 695 2969 genam
706 2895 985 2953 hominum
1000 2893 1123 2953 duci
1138 2893 1204 2948 ad
1218 2891 1382 2948 ﬁdem
1396 2889 1583 2955 voluit,
1598 2898 1656 2945 ut
1668 2889 1799 2945 dum

204 2986 396 3042 nobiles
423 3000 625 3057 regum
657 2998 881 3041 suorum
910 2982 1213 3053 triumphos
1242 2980 1572 3047 ostenderet,
1591 2994 1687 3040 eos
1702 2994 1798 3032 su-

205 3090 375 3145 perare
385 3074 600 3144 ubique
613 3078 951 3127 monstraret.
971 3070 1127 3126 Unde
1143 3071 1403 3146 scriptum
1423 3076 1503 3123 est
1521 3083 1534 3122 :
1558 3065 1669 3132 Qui
1679 3068 1804 3127 vult

205 3178 381 3220 omnes
399 3162 665 3254 homines
679 3158 1027 3254 satvasﬁerj,
1061 3162 1117 3219 et
1152 3158 1226 3219 ad
1249 3157 1617 3254 agnitionem
1647 3157 1797 3254 veri“.
1830 3182 1881 3254 Ο

205 3253 325 3307 tati:
340 3253 543 3307 venire
556 3249 609 3325 (I
623 3249 763 3305 Tim.
779 3262 839 3316 η,
862 3247 934 3326 ι).
953 3245 1153 3307 Omnes
1173 3246 1373 3321 quippe
1413 3244 1661 3301 homines
1687 3243 1802 3298 vult

205 3340 368 3395 salvos
413 3338 564 3405 ﬂeri,
607 3337 735 3408 quia
775 3334 842 3391 de
882 3334 1029 3391 omni
1066 3333 1344 3389 hominum
1386 3348 1586 3406 genere
1623 3331 1798 3409 eligit,

204 3444 324 3498 quos
351 3429 419 3483 ad
448 3410 730 3505 gaudium
755 3433 968 3481 mternae
985 3422 1172 3485 salutis
1190 3422 1370 3483 trahit.
1396 3421 1505 3479 Sed
1529 3419 1657 3497 quid
1679 3435 1802 3494 spe-

207 3515 312 3571 oiaii
340 3513 669 3579 fortitudine
700 3520 846 3589 agat,
879 3511 1122 3587 esponit,
1150 3512 1277 3586 quia
1303 3509 1434 3565 dicit
1467 3528 1480 3564 :

264 3617 437 3691 (τετε.
494 3615 626 3684 48.)
687 3614 1138 3687 Congregatoque
1200 3611 1483 3676 exercitu,
1523 3610 1806 3687 percussit

206 3704 477 3772 Amalech,
516 3707 581 3759 ct
612 3703 763 3767 emit
792 3701 972 3759 Israel
1001 3701 1066 3761 de
1094 3715 1273 3762 manu
1296 3699 1800 3768 vastatorumeim-

260 3794 340 3848 6L
370 3791 654 3855 Amale¢h
684 3788 918 3865 populus
946 3787 1190 3843 lambens
1220 3787 1617 3858 interpretatur,
1659 3784 1803 3857 Quid

200 3895 315 3960 ergo
342 3897 441 3953 per
468 3878 758 3943 Amalech,
792 3876 895 3931 nisi
944 3874 1325 3937 fornicationis
1382 3874 1600 3949 spiritus
1654 3873 1803 3935 desi-

200 3969 465 4039 gnantur?
496 3966 775 4023 Lambere
805 3964 951 4020 enim
981 3979 1167 4023 eorum
1198 3971 1301 4035 est,
1348 3964 1416 4024 ad
1471 3964 1806 4034 peccandum

200 4067 419 4113 mentem
450 4054 642 4111 carnis
668 4053 1041 4108 blandimento
1071 4051 1322 4107 delinire.
1354 4051 1515 4106 Velut
1543 4050 1689 4106 enim
1714 4050 1809 4104 lin-

197 4159 305 4219 gua!
332 4153 481 4201 tactu
514 4140 764 4197 lambere
789 4139 1058 4209 ambiunt,
1089 4155 1213 4195 cum
1244 4138 1466 4201 levibus
1498 4139 1808 4217 suggestio-

197 4233 343 4289 nibus
366 4241 624 4289 mentem
645 4238 899 4301 tangunt.
921 4226 1067 4296 Quid
1089 4236 1170 4283 est
1191 4226 1337 4301 quod
1362 4234 1548 4282 contra
1570 4227 1730 4287 Moab
1754 4235 1808 4282 et

194 4321 443 4389 Ammon,
479 4318 633 4392 quod
662 4329 846 4383 contra
870 4317 1046 4371 Edom
1067 4324 1119 4371 et
1140 4331 1327 4388 regem
1350 4314 1501 4371 Suba
1532 4330 1808 4395 pugnasse

200 4418 248 4464 ct
272 4412 472 4466 vicisse
507 4405 735 4475 dicitur,
754 4421 862 4461 non
885 4413 1064 4461 tamen
1085 4405 1390 4460 exercitum
1415 4419 1804 4477 congregasse,

1840 1907 1859 1913 “
1901 1921 2040 1974 mur,
2073 1905 2237 1961 armis
2259 1904 2569 1975 potentibus
2596 1903 2793 1960 milites
2821 1905 2987 1961 nostri
3007 1904 3176 1962 induti
3208 1916 3352 1977 sunt,
3376 1909 3491 1989 qui-

1900 1994 2004 2055 bus
2022 1991 2395 2049 fbrnicationis
2409 1991 2639 2064 impetus
2652 1999 2703 2048 et
2723 1992 3067 2064 depcllendo,
3091 1995 3148 2059 in
3170 1995 3357 2069 fugam
3374 2014 3493 2057 ver-

1901 2089 2037 2153 tunt,
2070 2088 2123 2137 et
2151 2080 2221 2136 ad
2249 2081 2481 2136 nihilum
2511 2080 2830 2136 deducendo
2860 2081 3151 2152 perimunt.
3183 2085 3323 2141 Nam
3353 2088 3497 2144 unde

1904 2171 1974 2225 ad
2004 2168 2237 2225 animam
2268 2169 2472 2224 intrare
2502 2167 2859 2247 cogitationes
2884 2170 3108 2249 possint,
3139 2188 3246 2229 non
3275 2174 3496 2246 habent,

1905 2273 2025 2330 quae
2054 2257 2210 2329 quasi
2240 2256 2537 2313 fortissimo
2564 2255 2761 2324 milite,
2793 2256 3077 2314 honestate
3105 2260 3499 2337 cogitationum
3554 2330 3559 2333 η

1904 2347 2172 2403 bonarum
2200 2345 2440 2416 undique
2468 2352 2659 2401 ornata
2687 2352 2785 2401 est.
2816 2345 2973 2402 Nunc
3019 2361 3149 2420 ergo
3198 2350 3500 2413 exercitum

1906 2436 2088 2492 anima
2116 2441 2427 2506 congregat,
2463 2449 2586 2505 qua:
2612 2433 2874 2489 Amalech
2905 2434 3020 2491 vult
3043 2435 3331 2508 perimere,
3355 2446 3407 2501 et
3428 2441 3498 2496 de

1905 2539 2068 2580 manu
2096 2525 2428 2579 vastatorum
2454 2522 2571 2593 ejus
2592 2521 2863 2577 videntem
2884 2521 3128 2594 spiritum
3153 2524 3415 2587 liberare.
3439 2530 3502 2583 In

1905 2612 2104 2667 horum
2133 2610 2317 2666 medio
2346 2610 2599 2677 resideat,
2630 2617 2689 2664 ut
2716 2619 2907 2667 cuncta
2935 2612 3505 2684 exempliselectorum

1906 2700 2147 2769 fortium,
2180 2697 2511 2754 circumdata
2541 2698 2799 2754 doctrinis
2823 2698 3245 2776 Scripturarum,
3294 2704 3503 2763 nullam

1904 2796 2113 2859 partem
2136 2787 2215 2843 sui
2234 2802 2460 2844 vacuam
2482 2785 2682 2843 habeat
2703 2787 2848 2842 unde
2869 2788 3041 2842 hostis
3060 2789 3338 2869 irrumpat.
3363 2791 3504 2863 Quia

1907 2892 2040 2950 ergo
2069 2874 2477 2931 innumerabilia
2506 2881 2631 2928 sunt
2660 2873 2905 2945 exempla
2921 2872 3320 2955 ﬁdelium,quia
3337 2882 3507 2941 multa

1907 2965 2235 3021 documenta
2266 2963 2687 3034 Scripturarum,
2718 2961 2983 3017 exercitus
3020 2979 3246 3039 magnus
3273 2974 3326 3025 et
3352 2966 3509 3025 fortis

1909 3062 2011 3122 est,
2040 3052 2135 3107 sed
2166 3051 2233 3107 ad
2256 3049 2703 3121 congregandum
2722 3046 2936 3105 difﬁcile
2957 3065 3065 3105 non
3086 3059 3188 3107 est.
3212 3055 3354 3110 Bene
3375 3069 3509 3128 ergo

1909 3141 1978 3196 de
1994 3139 2210 3196 lsraelis
2223 3154 2352 3211 rege
2369 3138 2593 3193 dicitur:
2615 3136 2956 3210 Congregato
2972 3142 3259 3210 exercitu,
3281 3157 3509 3219 percus-

1910 3231 1988 3285 sit
2011 3228 2294 3296 Amalech,
2328 3226 2454 3297 quia
2486 3225 2858 3282 fornicationis
2872 3226 3093 3296 spiritus
3117 3243 3223 3285 non
3239 3234 3366 3286 ante
3385 3232 3511 3288 vin-

1909 3318 2046 3374 citur
2074 3333 2235 3388 quam
2265 3331 2365 3387 per
2390 3315 2769 3371 abstinentiam
2801 3330 3001 3385 corpus
3023 3324 3299 3387 atteratur,
3323 3326 3375 3375 et
3394 3336 3509 3376 om-

1911 3407 1997 3461 nis
2030 3405 2313 3475 turpitudo
2341 3403 2622 3460 obscoena:
2649 3403 3048 3476 cognitationis,
3081 3405 3237 3461 bonis
3276 3419 3517 3465 mentem

1911 3494 2267 3565 replentibus,
2310 3491 2594 3564 effugatur.
2640 3491 2789 3548 Tunc
2845 3493 3051 3563 quippe
3090 3510 3213 3549 eum
3256 3495 3515 3567 lambere,

1916 3583 1972 3638 id
2003 3591 2084 3638 est
2113 3582 2342 3637 delinire
2371 3579 2602 3652 pepulus
2623 3580 2866 3636 lambens
2895 3581 3215 3640 delectando
3245 3601 3353 3640 non
3411 3603 3518 3659 po—

1914 3679 2033 3736 test,
2054 3670 2180 3742 quia
2200 3668 2410 3724 domita
2430 3667 2841 3737 carnejejuniis,
2858 3669 3173 3726 humilitatis
3203 3687 3327 3727 arce
3369 3690 3521 3744 pra-

1913 3760 2026 3816 dita
2057 3765 2256 3827 mente,
2288 3756 2552 3812 orationis
2582 3759 2748 3811 armis
2777 3757 3038 3822 accincta,
3085 3760 3285 3816 intenta
3308 3761 3517 3819 doctri-

1911 3848 1998 3902 nis
2026 3846 2354 3913 cmlestibus,
2388 3843 2654 3913 exemplis
2685 3846 2910 3913 munita,
2946 3845 3131 3917 impim
3184 3851 3519 3922 suggestioni

1918 3936 2123 3989 aditum
2155 3934 2402 4004 praebere
2427 3932 2817 3987 consentiendo
2847 3948 2953 3988 non
2983 3936 3262 4004 praevalet.
3288 3937 3423 4006 Quae
3441 3940 3524 3996 ni-

1919 4023 2114 4076 mirum
2146 4021 2412 4076 exercitus
2442 4020 2798 4095 congregatio
2828 4020 2964 4075 bene
2982 4021 3220 4101 regibus,
3240 4024 3295 4079 id
3313 4034 3396 4081 est
3416 4028 3522 4084 Ec-

1918 4111 2101 4167 clesiae
2132 4107 2448 4164 doctoribus
2478 4107 2745 4175 convenit,
2780 4108 2906 4178 quia
2937 4110 3179 4180 quisquis
3207 4111 3277 4166 ad
3303 4115 3516 4170 exstin-

1917 4198 2190 4272 guendam
2223 4196 2592 4252 fornicationis
2620 4195 2828 4251 rabiem
2868 4197 3070 4252 eiectos
3125 4200 3367 4256 subditos
3422 4202 3514 4258 in-

1917 4295 2123 4342 struere
2148 4286 2353 4353 nititur,
2369 4286 2487 4340 haec
2504 4283 2659 4355 plura
2674 4284 2996 4340 auxiliorum
3024 4287 3249 4358 agmina
3279 4289 3329 4346 ei
3344 4292 3512 4348 verbo

1915 4374 2307 4448 congreganda
2332 4381 2473 4428 sunt.

196 4498 279 4555 sed
304 4507 363 4553 ut
388 4496 669 4553 Amalech
699 4496 962 4559 vinceret,
1023 4494 1324 4549 exercitum
1383 4492 1748 4565 congregavit
1778 4499 1809 4557 tt
1835 4524 1891 4586 Β
1991 4492 2078 4545 65.
2112 4489 2254 4545 Bene
2285 4497 2337 4545 et
2364 4487 2535 4545 Israel
2563 4496 2749 4551 erutus
2778 4488 2845 4545 de.
2868 4507 3026 4549 manu
3044 4499 3376 4557 vastatomm
3396 4498 3518 4575 eius

192 4584 321 4654 Quid
339 4594 421 4643 est
450 4585 606 4656 quod
636 4583 933 4645 exercitum
963 4580 1345 4659 congregavit,
1403 4581 1507 4641 nisi
1564 4580 1692 4653 quia
1736 4580 1804 4635 ad

194 4675 651 4747 exstinguendum
678 4670 1053 4729 fornicationis
1085 4670 1352 4739 spiritum,
1377 4669 1545 4725 virtus
1564 4685 1671 4727 una
1694 4685 1802 4724 non

193 4763 433 4818 δαῆῑεὶιῖ
457 4760 805 4816 Abstinentia
833 4758 1055 4830 quidem
1077 4758 1323 4819 ciborum
1350 4764 1544 4821 contra
1572 4759 1678 4817 hoc
1714 4758 1799 4817 vi-

195 4850 314 4905 tium
346 4849 651 4907 fortissima
678 4854 777 4916 est,
809 4847 906 4905 sed
951 4847 1067 4909 sola
1124 4862 1233 4902 non
1286 4846 1591 4923 praevalet;
1652 4846 1801 4911 velut

191 4938 326 4994 enim
357 4939 527 5001 miles
556 4944 659 5007 est,
688 4944 745 5001 et
769 4951 1018 5011 pugnare
1048 4940 1247 5010 potest,
1280 4950 1536 5013 superare
1565 4951 1674 4991 non
1703 4950 1803 5009 po-

193 5035 301 5096 test,
325 5030 464 5100 quia
493 5024 760 5090 Amalech
788 5039 897 5080 non
926 5023 1176 5091 vincitur,
1210 5023 1310 5085 nisi
1342 5024 1612 5082 exercitus
1659 5039 1800 5081 con-

192 5124 466 5188 gregatur.
505 5113 613 5183 Qui
644 5128 774 5185 ergo
804 5110 1222 5175 fornicationem
1260 5120 1541 5189 percutere
1570 5111 1796 5184 appetit,

194 5202 346 5258 addat
367 5201 725 5267 abstinenth
754 5200 1002 5277 corporis
1021 5200 1276 5255 virtutem
1298 5200 1633 5263 humilitatis.
1656 5200 1797 5254 Nam

191 5289 233 5344 si
258 5307 411 5348 mens
443 5292 568 5346 Deo
597 5288 753 5344 subdi
783 5288 1057 5351 humiliter
1083 5287 1332 5358 despicit,
1369 5287 1547 5343 carnis
1579 5305 1690 5344 suae
1706 5289 1799 5344 de-

193 5376 386 5434 sideria
416 5378 763 5439 dominando
790 5392 854 5435 ac
881 5377 1291 5455 praeeminendo
1321 5392 1427 5432 non
1448 5376 1667 5451 premit.
1689 5377 1797 5432 Sed

193 5466 363 5525 adhuc
393 5482 629 5531 necesse
649 5475 749 5535 est,
779 5474 838 5520 ut
862 5475 1180 5545 congreget,
1199 5466 1323 5543 quia
1344 5465 1635 5525 exercitum
1666 5482 1796 5539 par-

190 5568 312 5610 vum
340 5556 548 5611 habet.
587 5554 779 5610 Virtuti
808 5568 940 5627 ergo
996 5554 1311 5609 humilitatis
1348 5561 1402 5609 et
1458 5552 1796 5610 abstinentia:

195 5651 434 5723 corporis
463 5648 700 5706 addatur
726 5648 976 5720 frequens
1002 5664 1259 5706 numerus
1285 5647 1565 5707 orationis.
1614 5647 1796 5708 Attac—

1917 4578 2191 4634 asseritur.
2224 4578 2350 4639 Erui
2381 4576 2598 4651 quidem
2629 4578 2784 4634 evelli
2815 4578 3028 4635 dicitur.
3061 4582 3130 4643 Et
3158 4585 3305 4657 quod
3322 4587 3517 4650 evelli-

1912 4675 2017 4743 tur,
2048 4667 2183 4725 altas
2212 4667 2425 4722 radices
2455 4668 2507 4721 in
2545 4667 2904 4741 profundiora
2959 4671 3211 4733 memisse
3268 4678 3513 4737 Senum“-

1910 4755 2109 4811 Manus
2138 4770 2265 4812 vero
2295 4763 2622 4813 vastatorum
2654 4763 2897 4827 potestas
2926 4766 3007 4813 est
3035 4761 3307 4825 malorum
3342 4767 3516 4836 cpiti-

1911 4852 2081 4905 tuum.
2113 4844 2268 4900 Unde
2299 4843 2458 4899 etiam
2489 4844 2754 4915 scriptum
2784 4853 2870 4902 est
2899 4847 3095 4923 :Aquo
3116 4853 3241 4923 quis
3258 4855 3516 4917 uincitur

1910 4935 2031 5009 ejus
2047 4949 2239 4995 servus
2268 4933 2521 5007 efﬁcitur
2549 4932 2793 5004 (thetr.
2827 4936 3170 5015 11,19).Quid
3200 4954 3334 5015 ergo
3349 4943 3510 5005 colli-

1906 5021 2074 5097 gitur,
2102 5020 2208 5075 nisi
2239 5021 2365 5093 quia
2391 5020 2521 5084 dum
2570 5019 2935 5081 fornicatores
2987 5022 3274 5088 desideriis
3321 5030 3507 5091 carnis

1906 5110 2222 5179 assentiunt,
2253 5107 2509 5178 potestati
2540 5110 2808 5169 malorum
2854 5111 3137 5183 spirituum
3177 5114 3507 5188 auiguntur?

1907 5196 2044 5273 Quia
2074 5199 2207 5255 item
2236 5197 2403 5252 altum
2433 5198 3508 5275 estfornicationisblandimentum,dum

1903 5285 1960 5341 in
1992 5288 2098 5341 hoc
2127 5284 2307 5343 anima
2333 5300 2432 5357 per
2463 5284 2795 5347 desiderium
2828 5287 3112 5361 mergitur,
3143 5289 3365 5358 quasiin
3383 5309 3508 5365 pro.

1905 5373 2130 5435 fundum
2159 5374 2437 5436 radicibus
2468 5380 2691 5429 tenetur.
2717 5373 2840 5435 Erui
2858 5390 2992 5447 ergo
3014 5375 3082 5431 de
3101 5392 3262 5438 manu
3279 5389 3515 5440 vastato.

1904 5479 2021 5520 rum
2052 5471 2133 5518 est
2163 5478 2196 5523 ιι
2226 5461 2597 5519 fornicationis
2627 5461 2843 5537 abysso,
2877 5463 2965 5535 qui
2997 5463 3050 5518 in
3084 5474 3347 5535 potestate
3389 5470 3512 5533 (ιω-

1904 5566 2129 5606 menum
2155 5556 2255 5613 est,
2289 5547 2529 5609 liberari,
2564 5547 2716 5609 Bene
2744 5549 2907 5610 etiam
2939 5560 3243 5619 vastatores
3268 5558 3513 5623 (amica-

1906 5649 2066 5710 tionis
2093 5648 2329 5723 impetus
2356 5645 2609 5705 dicuntur
2639 5663 2652 5703 :
2686 5646 2814 5719 quia
2842 5647 2912 5709 de
2940 5650 3071 5711 vitio
3112 5646 3355 5714 luxuriae
3409 5675 3514 5732 per
