3996 6164
526 395 627 452 399

1720 382 1968 440 SANCTI
2008 378 2351 437 GREGORII
2393 381 2614 437 MAGNI

3678 396 3767 447 400

525 520 743 574 beatum
772 515 880 572 Job
910 513 1106 570 dicitur
1138 525 1151 566 :
1184 511 1333 584 Ignis
1348 514 1433 567 est
1453 524 1624 581 usque
1646 508 1719 564 ad
1738 506 2117 581 perditionem
2140 505 2197 566 A
2225 521 2407 561 meum
2433 521 2556 562 esse
2583 505 2955 577 perhibentur.
2994 505 3129 575 Quae
3160 506 3373 577 quidem
3397 524 3499 565 vox
3541 517 3774 581 parvulo-

525 606 893 678 germinans:
922 607 977 661 et
990 603 1183 659 omnia
1199 600 1497 658 eradicans
1507 599 1768 670 germina
1807 594 1929 664 (Job
1961 609 2117 663 χχχι,

526 695 614 764 12)
624 736 636 749 .
660 696 909 749 Vastator
919 691 1125 762 quippe
1146 686 1517 745 fornicationis
1530 684 1748 756 spiritus
1762 684 1975 752 dicitur,
1992 682 2123 754 quia

523 799 682 852 quem
714 780 989 848 invaserit,
1020 778 1069 833 ei
1099 777 1352 832 nimirum
1376 775 1526 829 nulla
1552 774 1815 829 virtutum
1844 771 1987 827 dona
2018 770 2122 825 de-

521 870 802 940 relinquit.
835 868 919 923 Ad
948 867 1192 921 laborem
1221 864 1440 934 quidem
1471 860 1776 928 ministerii,
1810 860 1952 914 bona
1995 858 2121 928 qui-

527 959 651 1013 dem
682 957 863 1028 aliqua
890 955 1090 1009 habere
1118 960 1313 1023 potest,
1346 952 1448 1006 sed
1478 950 1549 1004 ad
1579 949 1829 1003 meritum
1849 946 2037 1000 salutis
2055 961 2122 1001 ea

526 1047 727 1100 habere
757 1060 864 1099 non
892 1039 1321 1113 potest.Vastari
1340 1054 1471 1110 ergo
1501 1037 1715 1101 dicitur,
1774 1036 1861 1091 cui
1908 1033 2122 1104 perdita

526 1134 767 1188 castitate
797 1134 869 1186 ad
900 1132 1065 1186 vitam
1092 1130 1235 1184 bona
1271 1127 1378 1181 alia
1403 1126 1556 1180 nulla
1610 1132 1855 1194 prosunt.
1911 1121 2119 1176 Vastari

526 1222 687 1277 etiam
719 1220 860 1276 horti
889 1228 1071 1274 tenera
1096 1218 1366 1273 dicuntur.
1399 1213 1503 1282 Qui
1533 1213 1677 1267 enim
1706 1220 1829 1266 sunt
1856 1210 1996 1265 horti
2021 1226 2119 1264 su-

524 1310 680 1380 perni
710 1307 912 1378 sponsi,
944 1307 1045 1361 nisi
1085 1306 1249 1362 corda
1306 1310 1611 1358 sanctorum
1668 1316 1763 1370 per
1816 1298 2119 1355 custodiam

524 1397 752 1464 munita,
786 1404 840 1451 et
866 1411 966 1465 per
995 1393 1257 1450 castitatis
1284 1392 1511 1447 odorem
1545 1389 1736 1444 ﬂorida
1756 1388 1783 1441 ‘I
1802 1388 1943 1442 Nam
1990 1385 2120 1441 dum

523 1485 703 1540 nullos
731 1488 911 1540 motus
965 1491 1147 1553 turpes
1188 1480 1479 1550 recipiunt,
1535 1477 1661 1533 albo
1707 1475 1931 1547 pudoris
1985 1473 2120 1529 ﬂore

526 1574 876 1629 decorentur.
914 1571 1071 1628 Unde
1100 1577 1151 1625 et
1176 1584 1390 1639 sponsa
1415 1568 1473 1622 in
1526 1564 1746 1621 Cantico
1774 1561 1965 1635 sponsi
1994 1561 2118 1617 lau-

525 1660 687 1716 dibus
714 1659 941 1716 dicitur:
972 1661 1102 1728 Quae
1123 1656 1345 1714 habitas
1365 1658 1428 1712 in
1450 1654 1650 1723 hortis,
1674 1654 1872 1709 audire
1892 1667 1983 1707 me
2022 1653 2117 1721 [ac

520 1765 709 1805 vocem
742 1753 901 1805 tuam
923 1747 1109 1819 (Cant.
1141 1747 1277 1811 ult.,
1302 1746 1412 1814 13).
1434 1744 1498 1797 Et
1515 1757 1701 1797 rursus
1726 1758 1737 1794 :
1765 1742 1966 1797 Hortus
1986 1755 2118 1795 con-

2227 609 2351 648 rum
2380 592 2718 649 subditorum
2747 609 2868 650 esse
2896 593 3254 665 cognoscitur,
3281 595 3445 651 virtus
3495 615 3615 657 vero
3662 605 3776 659 tanti

2227 681 2463 736 nominis
2491 682 2864 751 pralatorum.
2909 680 3015 751 Qui
3074 682 3217 738 enim
3272 684 3472 752 parvuli
3519 694 3570 741 et
3616 689 3777 762 frigidi

2226 769 2411 825 adhuc
2437 770 2492 824 in
2523 770 2718 825 nostris
2747 769 3095 841 negligentiis
3118 771 3381 840 jacemus,
3411 772 3479 827 ad
3531 775 3778 833 calestem

2224 857 2464 927 patriam
2492 858 2811 913 ardentibus
2841 857 3124 913 desideriis
3170 873 3279 912 non
3325 858 3631 932 ﬂagramus.
3687 865 3781 921 Sed

2229 946 2376 1013 quod
2406 961 2505 999 nos
2531 946 2790 1001 ardenter
2808 945 3058 1017 ﬂagitare
3086 961 3195 1000 non
3212 962 3509 1017 possumus,
3528 966 3619 1019 pro
3644 952 3783 1008 nobis

2228 1033 2464 1100 postulat
2477 1034 2553 1099 (α)
2572 1034 2662 1104 qui
2673 1033 2742 1087 ad
2757 1033 2905 1088 illam
2923 1049 3083 1102 quam
3095 1034 3252 1088 nobis
3261 1034 3480 1104 adipisci
3506 1036 3785 1095 desiderant

2227 1120 2456 1189 patriam
2481 1122 2695 1193 magnis
2723 1121 3013 1176 desideriis
3041 1123 3321 1178 anhelant.
3360 1125 3457 1179 Pro
3502 1127 3787 1183 excellentia

2227 1223 2365 1278 ergo
2412 1209 2688 1263 charitatis
2743 1224 2855 1263 non
2896 1209 3283 1279 desiderantes,
3340 1212 3437 1268 sed
3488 1213 3787 1270 desiderium

2226 1296 2373 1366 regis
2402 1294 2542 1351 ﬁlius
2569 1296 2781 1362 dicitur,
2811 1304 2869 1351 ut
2898 1297 2952 1351 in
2982 1297 3222 1354 doctoris
3243 1308 3419 1355 mente
3433 1299 3650 1373 ﬂagrare
3663 1303 3790 1373 ignis

2226 1384 2535 1439 dilectionis
2563 1384 2866 1454 specialiter
2891 1385 3303 1442 demonstretur.
3336 1388 3485 1443 Unde
3510 1398 3560 1459 et
3586 1389 3648 1445 de
3682 1391 3787 1445 Do-

2227 1472 2377 1528 mino
2397 1487 2493 1543 per
2519 1473 2867 1528 Psalmistam
2895 1472 3088 1529 dicitur
3119 1493 3131 1528 :
3164 1475 3270 1542 Qui
3287 1476 3432 1546 facit
3448 1479 3660 1547 angelos
3677 1494 3791 1534 suos

2226 1561 2493 1632 spiritus,
2507 1565 2565 1617 et
2580 1561 2877 1619 ministros
2891 1577 3019 1617 suos
3030 1562 3218 1632 ignem
3230 1570 3490 1619 urentem
3501 1564 3673 1633 (Psal.
3691 1579 3790 1632 cm,

2225 1648 2302 1718 4).
2326 1649 2462 1704 Hinc
2477 1657 2555 1704 est
2574 1649 2705 1704 item
2727 1648 2872 1720 quod
2891 1649 3082 1704 Daniel
3103 1649 3189 1703 vir
3207 1649 3595 1707 desideriorum
3622 1651 3796 1708 dicitur

2224 1735 2393 1806 (Dan.
2414 1738 2516 1806 rx),
2550 1737 2672 1807 quia
2702 1752 2969 1807 prospera
2996 1737 3184 1806 papuli
3213 1738 3294 1793 sui
3324 1740 3535 1810 magnis
3569 1740 3796 1809 precibus

518 1839 712 1893 clusus
740 1852 900 1893 soror
926 1852 1057 1891 mea
1076 1850 1281 1907 sponsa
1309 1833 1498 1890 (Cant.
1528 1846 1603 1897 ιν,
1637 1830 1746 1898 12).
1778 1829 1976 1883 Hortus
1998 1825 2113 1896 qui-
2137 1849 2192 1908 Β
2223 1826 2528 1895 postulasse
2554 1825 2895 1895 perhibetur.
2939 1825 3232 1882 Melchisva
3288 1843 3417 1884 vero
3468 1826 3669 1896 dicitur,
3709 1843 3793 1882 rex

519 1926 670 1991 dem,
702 1925 830 1995 quia
857 1923 1051 1980 virtute
1076 1921 1289 1978 eximia
1318 1919 1577 1975 castitatis
1604 1916 1849 1984 ﬂoridus,
1878 1914 2112 1971 conclu-

516 2030 606 2067 sus
634 2020 836 2077 autem,
888 2011 1015 2082 quia
1051 2026 1148 2082 per
1201 2006 1590 2065 continentiam
1646 2004 1908 2059 munitus.
1973 2001 2113 2058 Hinc

513 2116 715 2172 sponsa
745 2100 1139 2172 quidsponsum
1165 2097 1416 2162 oblectet,
1440 2093 1680 2165 exponit,
1695 2092 1880 2148 dicens
1902 2109 1915 2144 :
1939 2090 2115 2162 Spon-

513 2207 611 2245 sus
631 2205 788 2245 meus
813 2186 977 2256 mihi,
991 2190 1048 2243 et
1060 2201 1157 2257 ego
1178 2186 1394 2257 illi,qui
1418 2182 1676 2254 pascitur
1690 2181 1845 2236 inter
1859 2176 2005 2247 lilia,
2019 2179 2110 2235 do-

509 2294 615 2334 nec
631 2278 845 2348 aspiret
861 2275 998 2344 dies,
1013 2278 1071 2330 et
1088 2274 1449 2330 inclinentur
1467 2270 1680 2327 umbra:
1700 2270 1891 2339 (Cant.
1912 2283 1974 2335 ιι,
1997 2269 2107 2336 16).

508 2365 780 2420 Immundi
812 2380 942 2436 ergo
972 2363 1189 2433 spiritus
1217 2367 1513 2417 vastatores
1543 2366 1685 2427 sunt,
1720 2358 1849 2429 quia
1895 2356 1940 2411 si
1995 2372 2106 2425 pu-

510 2455 632 2510 dica
660 2452 835 2510 corda
862 2451 1155 2521 decipiunt,
1189 2449 1416 2518 decepta
1470 2455 1686 2503 teneros
1728 2445 1891 2500 ﬂores
1945 2451 2111 2499 tanta

507 2541 724 2599 virtutis
752 2541 1009 2611 perdunt.
1049 2538 1154 2607 Qui
1182 2537 1366 2608 itaque
1402 2552 1522 2591 cum
1551 2534 1620 2590 ab
1650 2532 2007 2588 immunditiis
2036 2532 2109 2587 ad

510 2630 807 2684 castitatem
838 2628 1084 2695 redeunt,
1117 2628 1281 2694 333
1312 2625 1440 2697 quia
1467 2624 1615 2679 diras
1645 2622 1958 2677 damonum
2014 2635 2105 2690 po-

507 2724 728 2772 testates
757 2715 1042 2787 etfugiunt,
1073 2722 1127 2770 et
1155 2731 1188 2769 a
1210 2714 1482 2783 profundo
1537 2710 1853 2782 perditionis
1900 2725 2101 2765 ascen-

509 2805 663 2869 dunt,
696 2805 764 2859 de
794 2819 958 2858 manu
992 2810 1324 2859 vastatorum
1373 2801 1486 2857 erui
1541 2808 1668 2871 apte
1698 2806 2095 2854 memorantur.

505 2894 618 2949 Sed
648 2909 762 2961 rex,
795 2892 886 2963 qui
915 2906 1102 2946 eruere
1114 2889 1376 2961 papnlum
1389 2889 1609 2958 dicitur,
1626 2886 2104 2959 qualesadjutores

506 2980 707 3035 habeat
728 2980 1038 3035 videamus.
1075 2980 1217 3033 Nam
1247 2977 1490 3048 sequitur
1521 2994 1535 3030 :

574 3069 746 3137 (Vera.
782 3069 890 3135 £9.)
904 3070 1079 3123 Fuere
1095 3071 1287 3122 autem
1306 3065 1419 3135 ﬁlii
1439 3065 1587 3120 Saul
1605 3066 1902 3133 Jonalhas,
1924 3067 1981 3119 et
2001 3062 2103 3121 Je-

2221 1927 2376 1967 meus
2404 1913 2571 1968 salus.
2616 1914 2733 1968 Rex
2789 1914 2990 1984 quippe
3044 1916 3380 1986 praedicator
3428 1915 3633 1983 dicitur,
3687 1916 3794 1986 quia

2218 2000 2595 2056 celsitudinem
2622 2008 2767 2057 tenet
2794 2001 3016 2069 ordinis,
3032 2011 3085 2056 et
3113 2003 3435 2075 dignitatem
3454 2020 3663 2075 magna
3680 2019 3794 2059 con-

2218 2088 2564 2145 versationis.
2595 2089 2707 2144 Rex
2737 2089 2866 2145 item
2898 2090 3112 2157 dicitur,
3160 2092 3289 2161 quia
3344 2108 3618 2147 summam
3669 2100 3799 2147 tenet

2217 2175 2551 2231 celsitudinis
2580 2185 2634 2231 et
2662 2177 2919 2249 vigorem
2945 2179 3299 2235 auctoritatis.
3332 2179 3489 2234 Salus
3511 2180 3666 2234 etiam
3715 2179 3795 2233 di-

2217 2264 2372 2332 citur,
2404 2272 2463 2319 ut
2485 2264 2609 2335 ejus
2626 2264 2936 2337 integritate
2950 2267 3223 2338 agritudo
3247 2267 3638 2339 p0pulidepelli
3656 2283 3801 2339 posse

2216 2352 2495 2407 sentiatur.
2529 2352 2718 2409 Merito
2749 2353 2892 2407 enim
2920 2353 3050 2410 vita
3080 2362 3131 2409 et
3161 2355 3367 2411 devota
3393 2354 3633 2411 oratione
3650 2358 3797 2411 homo

2215 2454 2383 2510 agere
2411 2440 2652 2512 quotidie
2682 2441 2842 2496 debet
2863 2442 3071 2512 doctor,
3101 2446 3158 2498 ut
3173 2443 3451 2513 subjectus
3471 2442 3575 2498 sibi
3594 2444 3802 2516 quisque

2212 2528 2484 2600 pertigere
2511 2528 2685 2585 valeat
2714 2529 2783 2583 ad
2807 2529 3058 2585 salutem.

2286 2627 2393 2683 Sed
2423 2635 2611 2683 notare
2637 2626 2829 2682 iterum
2849 2627 3039 2683 doctor
3060 2629 3221 2685 debet
3236 2630 3366 2701 quia
3390 2647 3514 2686 cum
3533 2646 3566 2687 a
3588 2630 3800 2686 subditis

2211 2715 2548 2783 nominatur,
2587 2731 2697 2770 non
2723 2731 2824 2771 rex
2851 2724 3057 2785 noster,
3089 2718 3183 2772 sed
3230 2735 3326 2773 rex
3383 2735 3536 2774 meus
3590 2719 3792 2774 dicitur.

2212 2803 2355 2871 Quid
2385 2810 2465 2859 est
2495 2819 2628 2875 ergo
2650 2803 2795 2875 quod
2822 2819 2917 2859 rex
2946 2820 3098 2860 meus
3125 2805 3349 2875 dicitur,
3382 2807 3485 2862 nisi
3534 2807 3659 2878 quia
3705 2814 3801 2861 tam

2210 2890 2498 2946 familiaris
2526 2907 2643 2947 esse
2698 2891 2861 2946 debet
2916 2893 3186 2959 omnibus,
3218 2903 3275 2948 ut
3306 2895 3642 2966 singulorum
3693 2909 3803 2949 esse

2207 2995 2309 3049 per
2337 2994 2577 3035 amorem
2607 2979 2868 3035 sentiatur
2895 2980 2923 3034 ?
2954 2980 3061 3036 Sed
3091 2981 3183 3053 qui
3240 2998 3397 3038 meus
3451 2983 3667 3052 dicitur,
3716 2998 3804 3037 rex

2208 3067 2535 3136 nominatur,
2568 3067 2697 3139 quia
2727 3067 2947 3122 humilis
2974 3076 3026 3123 et
3055 3067 3294 3124 affabilis
3330 3070 3659 3142 pradicator
3710 3072 3805 3124 hoc

511 3155 626 3223 sui,
649 3161 707 3211 et
730 3156 1057 3212 Melchisva:
1078 3154 1317 3212 nomina
1355 3153 1600 3208 duarum
1655 3153 1908 3215 ﬁliarum
1959 3152 2099 3222 ejus,
2132 3182 2181 3246 Ο
2210 3154 2388 3227 ipsum
2419 3155 2566 3227 quod
2594 3154 2918 3225 praeminet
2947 3171 3054 3211 non
3084 3156 3299 3212 videtur
3327 3173 3450 3214 esse
3494 3174 3648 3214 suum
3699 3158 3806 3213 sin-

500 3260 709 3301 nomen
715 3245 1107 3316 primogenita
1120 3242 1317 3310 Merob,
1331 3246 1387 3298 et
1400 3257 1607 3297 nomen
1622 3242 1861 3296 minoris
1877 3239 2099 3296 Michol.

575 3344 663 3397 66.
696 3339 817 3395 Filii
847 3339 996 3408 Saul,
1021 3338 1113 3410 qui
1133 3354 1242 3393 non
1261 3338 1331 3393 ad
1362 3338 1661 3408 quamlibet
1708 3337 2099 3404 hareditatem,

503 3431 603 3486 sed
624 3429 694 3486 ad
724 3444 953 3501 regnum
982 3435 1303 3495 nascuntur,
1337 3427 1460 3482 illos
1487 3426 1741 3492 insinuat,
1783 3426 1851 3481 de
1906 3425 2103 3497 quibus

504 3527 703 3574 sancta
735 3516 997 3572 Ecclesia
1025 3531 1125 3585 per
1152 3514 1491 3569 Psalmistam
1521 3515 1716 3570 dicitur
1747 3532 1758 3567 :
1794 3517 1898 3571 Pro
1917 3515 2104 3587 patri-

501 3608 601 3663 bus
620 3606 707 3661 tui
718 3607 846 3661 nati
862 3609 998 3659 sunt
1016 3604 1118 3659 tibi
1132 3603 1263 3671 ﬁlii,
1277 3604 1592 3659 constitues
1614 3618 1705 3658 eos
1717 3603 2003 3675 principes
2018 3619 2107 3658 su-

490 3710 597 3767 per
624 3709 847 3752 omnem
878 3697 1093 3749 terram
1123 3692 1463 3761 (Psal.xuv,
1497 3693 1607 3760 17).
1639 3690 1792 3759 Quos
1848 3698 1956 3746 tres
1982 3706 2106 3746 esse

502 3782 844 3855 agnovimus,
878 3781 1005 3851 quia
1033 3778 1197 3834 ﬁdem
1228 3787 1431 3835 sancta
1460 3779 1733 3834 Trinitatis
1761 3778 2106 3850 pradicando

499 3872 820 3927 defendunt.
858 3871 968 3925 Sed
998 3868 1125 3939 quia
1151 3884 1421 3939 percusso
1462 3868 1742 3931 Amalech,
1801 3867 1948 3938 regis
2008 3866 2108 3921 ﬁlii

501 3960 873 4026 nominantur,
907 3974 1095 4014 eorum
1136 3972 1420 4012 numerum
1478 3956 1547 4011 ad
1599 3956 1857 4013 virtutum
1914 3956 2108 4011 merita

502 4049 824 4103 referamus.
847 4045 1137 4103 Maceratio
1156 4045 1377 4115 quidem
1399 4044 1660 4115 corporis,
1687 4043 2107 4114 circumspectio

506 4137 722 4203 mentis,
754 4135 1080 4207 simplicitas
1111 4133 1439 4199 intentionis,
1476 4132 1571 4188 tria
1602 4140 1743 4188 sunt.
1778 4131 1919 4200 Quia
1970 4147 2106 4203 ergo

505 4225 755 4282 doctores
780 4233 983 4281 sancta
1011 4223 1272 4279 Ecclesia
1306 4222 1376 4277 ad
1405 4222 1809 4293 reprimendam
1837 4221 2015 4277 carnis
2043 4220 2108 4275 li-

504 4313 747 4369 bidinem
779 4314 946 4368 fortes
976 4320 1118 4381 sunt,
1150 4311 1219 4366 ad
1247 4311 1430 4368 cordis
1459 4311 1761 4365 custodiam
1810 4310 2103 4379 sapientes,

508 4402 868 4457 intentionem
899 4400 1079 4455 cordis
1107 4400 1161 4452 in
1190 4399 1387 4454 coelum
1435 4398 1768 4453 sublevando
1824 4396 2102 4464 sublimes,

506 4497 616 4543 tres
644 4504 765 4543 esse
795 4488 921 4542 Saul
951 4486 1045 4540 ﬁlii
1067 4487 1334 4542 dicuntur.
1363 4484 1454 4539 Tri
1483 4486 1646 4539 etiam
1675 4491 1818 4553 sunt,
1844 4483 2103 4539 fortitudo

511 4576 713 4644 operis,
745 4578 913 4631 virtus
943 4574 1237 4639 charitatis,
1266 4581 1315 4628 et
1338 4572 1749 4628 aﬂluentissima
1768 4573 1945 4643 gratia
1965 4588 2111 4644 pra-

510 4663 828 4717 dicationis.
866 4663 1133 4718 Doctores
1164 4662 1369 4732 quippe
1397 4669 1597 4717 sancta
1646 4660 1926 4730 Ecclesia,
1986 4661 2111 4733 quia

512 4766 716 4822 magna
744 4751 1154 4806 conversatione
1182 4750 1442 4805 sublimes
1462 4757 1606 4819 sunt,
1630 4766 1829 4821 magna
1848 4750 2114 4806 charitate

514 4838 804 4905 ferventes,
835 4855 1034 4911 magna
1062 4839 1212 4893 verbi
1268 4838 1528 4910 sapientia
1583 4837 1822 4906 facundi,
1878 4839 2114 4895 ternario

512 4943 740 4984 numero
771 4935 892 4999 apte
921 4928 1116 4999 signati
1147 4936 1286 4982 sunt.
1334 4927 1575 4996 Quorum
1631 4936 1775 4982 certe
1829 4927 2114 4985 virtutibus

512 5016 735 5072 nomina
765 5016 1113 5082 conveniunt,
1147 5015 1269 5085 quia
1295 5016 1553 5070 Jonathas
1582 5015 1849 5071 columba
1906 5015 2114 5072 donum

510 5104 749 5170 dicitur;
780 5104 947 5173 Jesui,
997 5103 1267 5175 planities,
1322 5103 1437 5159 sive
1489 5102 1825 5159 desiderium
1881 5120 2108 5170 meum;

511 5194 826 5263 Melchisva,
858 5210 951 5250 rex
982 5209 1133 5248 meus
1164 5192 1329 5247 salus.
1364 5192 1504 5255 Quia
1553 5192 1699 5247 enim
1751 5193 2114 5262 praecellentia

510 5283 655 5339 dona
685 5284 921 5355 Spiritus
951 5282 1122 5338 sancti
1155 5281 1406 5337 doctores
1434 5280 1653 5349 habent,
1684 5280 1950 5335 columba
2006 5282 2113 5338 do-

508 5386 639 5425 num
671 5380 811 5428 recte
844 5371 1207 5426 nominantur.
1246 5369 1387 5439 Quia
1416 5369 1545 5424 item
1574 5369 1718 5423 inter
1745 5369 1890 5425 dona
1936 5370 2111 5425 subli-

511 5459 623 5512 mia
654 5460 882 5515 humiles
913 5468 1056 5525 sunt,
1079 5459 1329 5531 planities
1349 5458 1624 5515 dicuntur.
1648 5458 1789 5526 Quia
1804 5474 1903 5528 pro
1933 5459 2113 5514 subdi-

515 5543 583 5598 tis
611 5544 711 5597 sibi
724 5545 970 5602 ﬁdelibus
981 5548 1236 5604 ardenter
1249 5555 1451 5603 aterna
1461 5548 1755 5618 postulant,
1779 5546 2114 5629 desiderium

584 5637 665 5711 (α)
695 5637 871 5696 Gilot.
901 5650 957 5697 et
984 5643 1189 5714 Vatic.,
1216 5642 1354 5716 quia
1380 5644 1455 5701 ad
1483 5645 1667 5705 illam.

2211 3243 2495 3314 gulariter,
2529 3243 2628 3298 sed
2657 3242 2896 3312 speciale
2924 3244 3289 3316 singulorum,
3321 3261 3449 3302 cum
3499 3252 3609 3302 tam
3662 3261 3806 3301 com-

2211 3330 2391 3385 munis
2419 3346 2520 3400 per
2549 3331 2777 3403 gratiam
2800 3347 2919 3387 esse
2931 3331 3139 3400 nititur,
3158 3341 3215 3387 ut
3237 3337 3287 3403 3
3301 3336 3411 3403 34
3425 3336 3549 3405 ejus
3561 3334 3808 3391 celsitudo

2211 3418 2436 3489 propria
2464 3418 2887 3490 uniuscujusque
2933 3420 3050 3476 fore
3096 3421 3376 3479 videatur.
3437 3421 3591 3480 Onus
3644 3430 3811 3479 autem

2211 3506 2363 3564 verbi
2383 3506 2598 3574 dicitur,
2630 3506 2757 3577 quia
2784 3507 3042 3564 videlicet
3087 3509 3234 3564 salus
3290 3526 3416 3566 mea
3460 3512 3674 3581 dicitur,
3724 3524 3813 3581 per

2212 3594 2358 3666 quod
2387 3594 2640 3649 nimirum
2671 3595 2909 3666 diligens
2937 3596 3316 3665 pradicatoris
3347 3599 3590 3655 studium
3627 3608 3681 3655 et
3706 3598 3813 3654 sol-

2213 3682 2438 3738 licitudo
2468 3683 2893 3752 commendetur,
2926 3683 3053 3754 quia
3080 3685 3160 3741 sic
3187 3686 3354 3741 debet
3410 3688 3693 3743 intendam
3737 3686 3811 3741 si-

2211 3770 2325 3824 mul
2351 3770 2621 3839 omnibus,
2651 3775 2710 3825 ut
2739 3775 2949 3843 quaerat
2977 3779 3027 3826 et
3057 3782 3187 3845 agat
3214 3775 3450 3845 propria
3466 3775 3815 3848 singulorum.

2210 3857 2293 3913 Ab
2322 3874 2649 3929 unoquoque
2705 3859 2907 3914 etenim
2963 3860 3109 3914 salus
3162 3876 3287 3916 mea
3320 3862 3541 3931 dicitur,
3574 3863 3618 3917 si
3646 3862 3814 3917 unius-

2218 3945 2484 4018 cujusque
2515 3945 2713 4001 inﬁrmi
2742 3962 2931 4003 curam
2961 3948 3208 4020 suscipit,
3242 3957 3296 4004 et
3326 3952 3476 4008 hunc
3503 3952 3576 4008 ad
3616 3957 3818 4008 aterna

2213 4033 2400 4089 salutis
2428 4033 2574 4089 bona
2592 4034 2858 4104 perducit.

2289 4142 2382 4194 67.
2414 4139 2549 4209 Qua
2579 4156 2710 4197 vero
2753 4149 2877 4196 sunt
2932 4141 3064 4197 Saul
3111 4141 3260 4212 tilia,
3314 4143 3429 4201 nisi
3490 4142 3818 4218 pradicatori

2223 4227 2455 4283 subdita
2477 4226 2773 4284 electorum
2794 4229 3080 4300 qualitates
3096 4233 3124 4285 ?
3139 4230 3243 4285 Alii
3262 4234 3477 4304 quippe
3504 4236 3693 4292 activa
3712 4233 3823 4290 vita

2216 4314 2414 4369 studiis
2442 4317 2703 4386 serviunt,
2737 4318 2830 4373 alii
2858 4334 2987 4373 vero
3016 4320 3464 4389 contemplativa
3522 4322 3823 4379 remotioni-

2216 4402 2315 4457 bus
2346 4403 2765 4459 absconduntur.
2801 4406 2948 4461 Filia
2978 4406 3199 4477 quidem
3231 4407 3497 4465 dicuntur
3533 4427 3635 4480 pro
3660 4410 3826 4465 fecun-

2224 4491 2411 4546 ditate.
2486 4491 2585 4546 111a
2659 4493 2880 4564 quidem
2929 4494 3072 4565 parit
3119 4495 3538 4552 multitudinem
3571 4498 3825 4553 bonon

2226 4596 2470 4649 operum,
2501 4580 2602 4635 ista
2634 4597 2764 4636 vero
2795 4581 3132 4637 internorum
3160 4582 3576 4652 plenitudinem
3611 4584 3829 4657 gaudio-

2219 4684 2358 4723 rum.
2399 4668 2592 4724 Merito
2619 4668 2787 4740 igitur
2812 4668 2960 4739 regis
2988 4668 3098 4725 ﬁlie
3127 4671 3506 4742 nominantur,
3532 4673 3660 4743 quia
3709 4672 3829 4727 dum

2221 4756 2533 4826 concipiunt
2562 4756 2632 4812 de
2661 4756 2827 4813 verbo
2851 4757 2974 4825 Dei,
3006 4757 3254 4814 caelestes
3272 4758 3494 4816 fructus
3522 4760 3832 4833 parturiunt.

2224 4843 2377 4898 Unde
2406 4843 2545 4897 bene
2598 4843 2784 4898 Merob
2841 4843 2909 4898 de
2966 4844 3314 4900 multitudine
3370 4847 3600 4903 dicitur.
3658 4846 3835 4903 Activa

2222 4930 2421 4985 etenim
2449 4930 2578 4999 vita,
2613 4931 2739 5000 quia
2764 4947 2828 4986 ex
2858 4931 3040 4987 multis
3060 4931 3219 4988 bonis
3240 4936 3520 5004 operibus
3544 4935 3833 5009 perﬁcitur,

2221 5018 2290 5072 de
2320 5017 2663 5072 multitudine
2691 5027 2834 5075 recte
2862 5020 3189 5075 nominatur.
3226 5021 3325 5077 Vel
3373 5023 3447 5079 de
3496 5023 3836 5079 multitudine

2226 5105 2442 5175 dicitur,
2473 5106 2605 5176 quia
2649 5107 2741 5178 qui
2800 5109 2914 5163 Deo
2967 5123 3068 5177 per
3122 5106 3361 5164 activam
3399 5110 3578 5168 vitam
3637 5111 3840 5184 placent

2221 5194 2375 5249 multi
2405 5202 2548 5251 sunt.
2583 5193 2724 5263 Quia
2755 5195 2900 5250 enim
2950 5195 3232 5266 pauciores
3285 5213 3530 5255 numero
3583 5208 3707 5255 sunt
3758 5195 3844 5270 qui

2222 5298 2319 5353 per
2348 5283 2829 5354 contemplativam
2876 5284 3188 5340 coelestibus
3221 5286 3451 5356 gaudiis
3509 5287 3739 5356 inhiant,
3794 5285 3846 5340 in

2223 5387 2412 5426 eorum
2444 5370 2851 5441 comparatione
2879 5371 3004 5427 illos
3035 5371 3126 5441 qui
3150 5371 3347 5428 activa
3373 5375 3507 5430 vita
3551 5375 3848 5431 inserviunt

2222 5460 2424 5514 multos
2450 5466 2633 5517 vocat.
2674 5458 2778 5528 Qui
2800 5461 3047 5529 profecto
3075 5460 3230 5514 multi
3258 5469 3393 5517 sunt
3451 5478 3716 5533 numero,
3744 5460 3847 5518 mi-

2220 5546 2443 5610 nisterio
2473 5546 2651 5620 divisi,
2711 5548 2840 5620 quia
2894 5548 2992 5607 etsi
3039 5562 3205 5607 unam
3259 5549 3563 5635 calestem
3620 5551 3844 5623 νεηνίεω
