3996 6164
186 257 266 310 ιοί
981 253 1051 309 ΙΝ
1092 252 1631 324 PRIMUMIREGUM
1664 254 1741 309 EN

1851 256 2203 311 'Sl'l'tONES.
2233 288 2304 341 ‘—
2340 260 2471 315 un.
2510 259 2575 316 v.

3348 257 3449 311 402

185 378 321 434 bonis
347 378 590 449 operibus
618 387 883 449 quaerunt,
906 385 1086 434 tamen
1102 378 1272 433 variis
1292 377 1544 449 operibus
1563 375 1742 447 pieta--
1768 379 1825 438 Α
1852 379 2135 450 amplexus
2165 381 2425 437 accedere
2480 383 2784 454 nequadam
2829 381 3241 453 permittuntur.
3307 376 3449 448 Quia

182 468 243 521 tis
268 467 565 521 inserviunt.
623 467 868 535 Quorum
915 474 1064 523 certe
1117 466 1361 523 nonnulli
1420 467 1477 521 in
1529 472 1737 521 tantum

185 570 393 610 amorem
420 554 712 611 conditoris
738 555 1046 625 proﬁciunt,
1078 564 1138 611 ut
1184 556 1307 625 ipsa
1353 555 1516 610 etiam
1572 569 1740 624 opera

184 643 303 698 bona
328 643 593 713 deserant,
625 652 785 713 atque
814 644 881 699 ad
909 644 1351 714 contemplativa
1380 643 1508 698 vitae
1539 643 1738 698 dulce-

185 732 341 784 dinem
370 732 605 798 transire,
635 740 689 787 et
718 733 773 787 in
800 749 868 788 ea
895 734 1011 788 Deo
1067 748 1265 788 vocare
1321 732 1731 802 concupiscant.

185 819 313 875 Unde
338 827 387 873 et
410 819 544 875 bene
572 821 770 875 Michol
799 822 852 875 in
901 822 1085 893 lingua
1137 829 1322 876 nostra
1368 836 1434 875 ex
1488 820 1741 875 omnibus

182 905 367 961 dicitur.
397 908 474 961 Ex
503 909 759 963 omnibus
789 909 1011 978 quidem
1040 908 1120 976 ﬁt,
1156 909 1282 977 quia
1302 908 1484 963 nullus
1512 915 1592 963 est
1619 924 1738 977 per-

180 995 321 1050 fectus
347 995 399 1049 in
423 997 897 1067 contemplatione,
931 999 1022 1069 qui
1051 1013 1120 1052 ex
1140 998 1328 1053 labore
1382 996 1509 1052 boni
1560 996 1743 1067 operis

180 1098 268 1136 non
307 1084 541 1153 pervenit
594 1084 663 1137 ad
718 1100 897 1140 arcem
953 1086 1201 1155 ejusdem
1249 1084 1739 1155 contemplationis.

180 1170 307 1227 Unde
333 1178 382 1225 et
408 1171 463 1224 in
488 1172 794 1244 Evangelio
823 1174 1088 1228 Dominus
1115 1173 1248 1229 dicit
1278 1188 1290 1226 :
1315 1175 1505 1229 Venite
1538 1173 1612 1227 ad
1631 1188 1742 1239 me,

178 1275 358 1325 manes,
374 1262 465 1330 qui
491 1260 784 1326 laboratis,
804 1266 860 1316 et
874 1262 1269 1327 oneratiestis,
1297 1267 1355 1317 et
1376 1278 1473 1331 ego
1494 1263 1746 1329 reﬁciam

177 1362 252 1402 vos
270 1347 476 1413 (Matth.
501 1362 584 1412 ιι,
611 1349 728 1417 28).
758 1350 905 1403 Tunc
926 1350 1016 1421 qui
1038 1349 1504 1418 laboratvocatur,
1529 1351 1746 1420 quando

178 1436 291 1490 bene
309 1436 503 1506 agendi
536 1437 864 1492 desiderium
893 1438 1208 1493 aeternitatis
1238 1438 1559 1493 infunditur.
1584 1440 1648 1492 Et
1676 1439 1748 1492 ad

177 1531 424 1578 vocantem
469 1540 534 1579 se
572 1526 856 1595 accedunt,
915 1526 1131 1595 quando
1188 1527 1256 1581 ad
1306 1526 1747 1597 contemplativze

177 1612 278 1667 vitze
297 1611 522 1681 quietem
576 1613 818 1670 veniunt.
861 1616 920 1669 in
978 1631 1087 1685 quo
1141 1615 1395 1669 nimirum
1439 1615 1749 1671 laborantes

1844 466 1988 522 enim
2015 470 2274 541 regendis
2300 468 2553 525 ﬁdelibus
2582 469 2841 543 gregibus
2859 471 2993 525 foris
3005 468 3302 526 necessarii
3324 473 3447 523 sunt

1847 572 2096 611 summus
2126 574 2223 613 rex
2252 558 2328 614 sic
2358 559 2586 628 ordinat,
2635 568 2692 613 ut
2722 559 2918 613 Michol
2975 559 3240 613 minorem
3292 557 3445 612 acci-

1847 644 2017 714 piant,
2045 653 2098 701 et
2126 647 2311 702 Merob
2340 647 2605 716 majorem
2646 662 2915 716 nunquam
2946 646 3435 714 comprehendant.

1852 733 2101 803 Plerique
2131 744 2312 791 autem
2344 745 2465 805 post
2512 736 2775 790 minorem
2834 736 3093 801 maiorem
3150 734 3442 803 accipiunt,

1848 821 1970 890 quia
2000 831 2124 891 post
2142 823 2339 877 devota
2367 824 2643 879 cbaritatis
2696 839 2862 893 opera
2917 823 2987 875 ad
3024 822 3198 876 intimi
3256 821 3447 876 secreti

1846 924 2087 963 amorem
2117 911 2449 980 recipiuntur
2479 927 2492 978 ;
2526 910 2667 980 quod
2701 912 2840 965 bene
2868 910 3037 965 Jacob
3059 909 3310 974 insinuat,
3357 908 3448 978 qui

1850 996 2141 1052 Rachelem
2174 999 2394 1065 amavit,
2426 1000 2525 1054 sed
2571 998 2720 1070 prius
2771 998 2920 1052 Liam
2978 998 3203 1067 accepit,
3262 1006 3315 1051 et
3369 998 3453 1049 sic

1852 1085 2050 1140 deinde
2080 1086 2367 1141 Rachelem
2398 1086 2453 1139 in
2474 1087 2787 1157 conjugium
2823 1086 3050 1155 sumpsit
3079 1086 3238 1154 (Gen.
3263 1084 3441 1156 χχιχ).

1854 1172 1995 1240 Quid
2025 1181 2107 1226 est
2133 1175 2256 1242 hoc,
2290 1174 2436 1244 quod
2464 1175 2631 1229 Jacob
2674 1181 2957 1244 utramque
2986 1188 3222 1227 sororem
3253 1173 3453 1227 habere

1853 1260 2023 1327 licuit,
2057 1261 2229 1316 David
2246 1270 2426 1316 autem
2456 1263 2523 1316 ad
2555 1262 2781 1330 majoris
2811 1262 3105 1316 thalamum
3130 1276 3235 1315 non
3253 1276 3455 1330 perve-

1854 1348 1951 1415 nit,
1986 1349 2084 1402 nisi
2116 1349 2241 1419 quia
2258 1350 2430 1403 David
2448 1365 2548 1405 rex
2571 1350 2690 1417 fuit,
2712 1349 2888 1404 Jacob
2906 1365 3032 1403 vero
3055 1365 3151 1402 rex
3184 1364 3293 1402 non
3329 1347 3455 1403 fuit?

1856 1436 1960 1504 Qui
1992 1452 2124 1508 ergo
2154 1438 2399 1508 regimen
2431 1439 2735 1493 animarum
2775 1437 3014 1507 suscipit,
3046 1438 3190 1490 hunc
3226 1451 3459 1492 censura

1855 1525 2234 1580 ecclesiastica
2266 1533 2575 1595 susceptum
2607 1542 2837 1597 gregem
2867 1526 3116 1579 deserere
3145 1533 3196 1579 et
3234 1532 3457 1580 remotae

1860 1612 1981 1667 vitae
2011 1613 2134 1667 otiis
2164 1628 2360 1669 vocare
2390 1628 2497 1668 non
2525 1614 2667 1667 sinit.
2701 1614 2808 1670 Sed
2826 1614 3015 1668 Merob
3028 1612 3200 1667 David
3221 1614 3457 1683 promit-

176 1699 469 1767 reﬁciuntur,
504 1702 638 1771 quia
666 1702 869 1757 amoris
897 1702 1099 1772 gaudia
1125 1704 1193 1758 de
1213 1703 1400 1758 divina
1424 1705 1751 1773 contempla-
1776 1724 1831 1784 Β
1860 1700 2007 1768 titur,
2065 1710 2118 1754 et
2145 1716 2435 1772 nunquam
2467 1702 2624 1756 datur
2655 1720 2670 1766 ;
2728 1700 2927 1757 Micbol
2957 1699 3075 1755 sola
3106 1700 3280 1768 datur,
3333 1699 3461 1769 quia

178 1788 291 1843 tione
316 1789 655 1845 abundanter
698 1798 930 1846 sumunt.
988 1792 1111 1862 Ipse
1167 1792 1389 1863 quidem
1428 1793 1751 1849 accedentes

178 1876 337 1944 reﬁcit,
368 1878 455 1947 qui
496 1879 659 1948 puris
686 1879 957 1935 mentibus
984 1882 1337 1951 semetipsum
1368 1882 1628 1936 ostendit.
1691 1883 1751 1935 ln

178 1966 305 2034 cujus
330 1967 665 2022 revelatione
694 1968 824 2039 quia
849 1968 1324 2037 contemplationis
1353 1969 1556 2040 gaudia
1584 1969 1752 2025 multa

183 2052 441 2121 inveniunt,
475 2055 641 2126 quasi
671 2056 986 2110 omnimoda
1014 2056 1392 2112 delectationis
1437 2058 1747 2127 dulcedine,

182 2155 269 2195 non
292 2142 356 2196 ab
381 2143 506 2210 alio,
547 2144 644 2197 sed
673 2144 741 2197 ab
770 2143 892 2213 ipso
918 2151 1241 2198 saturantur.
1265 2145 1467 2201 Michol
1498 2162 1629 2218 ergo
1677 2165 1749 2203 ex

182 2229 395 2284 omnibus
421 2230 651 2297 dicitur,
686 2231 815 2300 quia
844 2231 1278 2303 contemplativa?
1307 2233 1432 2288 vitae
1484 2244 1747 2290 secretum

180 2316 328 2371 nullus
354 2318 587 2389 expetit,
613 2319 705 2389 qui
737 2319 791 2372 in
821 2319 999 2388 aliqua
1029 2320 1178 2388 prius
1235 2321 1551 2389 operatione
1606 2322 1749 2377 bona

180 2420 267 2459 non
290 2405 398 2459 fuit.
428 2406 617 2460 Minor
642 2421 775 2478 ergo
802 2422 955 2462 soror
981 2408 1197 2475 dicitur,
1229 2424 1343 2463 non
1368 2410 1495 2479 quia
1522 2408 1748 2465 inferior

178 2491 422 2563 dignitate,
453 2494 559 2549 sed
588 2495 714 2564 quia
744 2495 1010 2565 posterior
1036 2503 1298 2567 tempore.
1334 2498 1399 2551 Si
1431 2498 1554 2569 quis
1567 2507 1746 2553 autem

177 2580 277 2634 velit
300 2597 392 2650 per
412 2582 839 2652 primogenitam
863 2583 1029 2638 ﬁliam
1052 2585 1532 2655 contemplativam
1550 2585 1741 2654 vitam,

177 2681 253 2735 per
273 2670 529 2724 minorem
555 2669 790 2723 activam
816 2679 997 2741 potest
1015 2673 1278 2743 accipere.
1300 2674 1365 2727 Et
1383 2678 1505 2727 tunc
1523 2674 1741 2743 quidem

176 2755 327 2810 Πρωὶ)
351 2758 425 2812 de
442 2759 793 2814 multitudine
813 2760 1022 2828 dicitur,
1046 2762 1174 2831 quia
1219 2764 1577 2817 multitudinis
1626 2772 1740 2818 tur-

177 2842 254 2897 bas
273 2846 476 2914 deserit,
509 2857 572 2903 et
599 2849 671 2902 ad
699 2851 959 2904 rariorem
991 2867 1272 2905 numerum
1302 2852 1358 2905 in
1397 2853 1740 2923 contempla-

174 2932 291 2988 tione
306 2935 675 3003 perfectorum
714 2939 877 2994 venit.
927 2940 1047 2994 Non
1097 2956 1228 3012 ergo
1287 2940 1589 3010 multitudo,
1643 2944 1737 2997 sed

173 3019 225 3074 de
249 3021 582 3078 multitudine
611 3040 730 3079 esse
758 3025 975 3093 dicitur,
1004 3035 1062 3081 ut
1089 3043 1195 3083 non
1254 3029 1308 3083 hi
1364 3046 1484 3084 cum
1543 3031 1736 3101 quibus
1765 3064 1813 3127 C

169 3117 245 3175 est,
265 3110 350 3163 sed
378 3111 523 3166 unde
558 3122 784 3168 venerat
828 3124 1169 3186 agnoscatur.
1228 3117 1423 3172 Miehol
1480 3134 1613 3174 vero
1667 3136 1734 3174 ex

167 3196 380 3252 omnibus
406 3199 631 3266 dicitur,
661 3209 721 3255 ut
752 3201 806 3255 in
859 3203 1036 3259 activa
1088 3204 1198 3258 vita
1252 3206 1569 3261 universalis
1626 3208 1735 3261 vita

168 3291 333 3340 unde
357 3287 622 3343 Ecclesiae
650 3290 985 3361 designetur.
1044 3293 1108 3344 In
1138 3291 1313 3346 activa
1367 3295 1566 3348 etenim
1624 3296 1734 3350 vita

169 3372 299 3425 etiam
326 3374 401 3428 illi
433 3383 568 3429 sunt
595 3376 744 3446 prius
771 3378 861 3446 qui
892 3385 1081 3447 postea
1098 3379 1165 3433 ad
1188 3381 1625 3450 contemplativze
1641 3400 1733 3437 se-

169 3466 338 3514 cretum
356 3469 663 3533 transeunt,
695 3464 790 3519 sed
822 3466 876 3519 iu
920 3467 1351 3536 contemplativa:
1406 3472 1729 3539 remotione,

169 3550 413 3607 exterioris
429 3553 568 3607 vitae
582 3552 945 3609 sollicitudine
961 3555 1170 3622 gravati
1191 3571 1299 3609 non
1322 3566 1463 3611 sunt.
1484 3558 1579 3612 Illa
1594 3575 1730 3631 ergo

169 3632 222 3688 de
236 3638 587 3708 multitudine,
620 3641 725 3696 ista
754 3657 883 3696 vero
904 3642 971 3696 de
990 3642 1240 3696 omnibus
1259 3644 1364 3699 dici
1390 3653 1582 3716 potest,
1607 3648 1732 3717 quia

169 3722 309 3780 activa
335 3727 441 3783 vita
460 3744 663 3783 omnes
705 3730 961 3797 continet,
1020 3731 1442 3801 contemplativa
1492 3736 1731 3791 omnium

167 3823 471 3883 conspectum
500 3817 766 3883 declinat,
792 3825 851 3871 ut
878 3834 955 3883 se,
986 3827 1278 3887 conspectu
1309 3821 1521 3889 mentis,
1566 3824 1730 3892 335

167 3898 435 3959 celestibus
457 3906 687 3976 jungat.
726 3903 1014 3973 Quomodo
1040 3906 1206 3977 igitur
1233 3908 1365 3963 Saul
1397 3907 1520 3964 ﬁliae
1550 3911 1736 3965 dicun-

171 3992 250 4051 tur,
274 3990 364 4045 nisi
393 3993 523 4063 quia
552 3994 633 4061 (τι)
663 4001 891 4063 utraque
919 3994 1028 4048 vita
1085 3995 1266 4050 studio
1323 3996 1452 4050 boni
1507 4000 1733 4054 rectoris

169 4076 424 4132 ostenditur
448 4080 479 4132 ‘?
512 4078 625 4147 Qui
649 4081 791 4134 enim
808 4096 910 4136 nos
931 4082 1131 4138 docent
1151 4084 1294 4138 bona
1311 4100 1494 4154 agere,
1513 4093 1734 4141 aeterna

170 4159 266 4215 vita:
290 4166 475 4221 studiis
504 4181 732 4235 vacare,
765 4169 835 4223 ab
864 4169 956 4224 illo
985 4170 1143 4225 nobis
1173 4176 1527 4243 generantur,
1580 4175 1736 4244 cujus

166 4249 443 4321 magisterio
470 4255 529 4309 in
562 4256 726 4310 corde
754 4265 938 4313 nostro
966 4258 1265 4313 discuntur.
1299 4259 1457 4328 Quod
1515 4262 1734 4332 quidem

167 4335 265 4401 quia
287 4339 350 4394 de
376 4343 575 4397 activae
602 4343 728 4398 vitae
748 4345 1004 4415 operibus
1029 4354 1255 4415 constat,
1285 4348 1481 4403 mirum
1514 4349 1582 4403 de
1604 4364 1731 4405 con-

1858 1788 2098 1843 nonnulli
2129 1805 2250 1843 cum
2282 1806 2468 1843 curam
2498 1791 2801 1845 animarum
2830 1789 3147 1859 suscipiunt,
3178 1794 3369 1857 putant
3398 1803 3459 1841 se

1861 1878 1941 1932 sic
1972 1878 2204 1931 aliorum
2218 1877 2636 1934 sollicitudinem
2655 1885 2933 1949 gerere,ut
2958 1876 3061 1930 sibi
3090 1875 3224 1945 ipsis
3246 1875 3463 1930 valeant

1859 1980 1959 2035 per
1984 1965 2402 2020 sollicitudinem
2434 1982 2627 2021 vacare
2660 1985 2674 2029 ;
2708 1974 2761 2020 et
2789 1973 2969 2019 tamen
3028 1964 3260 2033 quietem
3297 1978 3462 2032 quam

1860 2052 1915 2106 in
1943 2053 2262 2122 praelatione
2291 2060 2539 2123 qummnt
2567 2067 2844 2121 nunquam
2870 2051 3149 2106 inveniunt
3179 2067 3191 2103 :
3218 2050 3387 2121 ﬁtque
3403 2056 3461 2103 ut

1860 2140 1990 2195 dum
2022 2141 2307 2211 impetrare
2336 2157 2368 2196 a
2400 2141 2629 2195 Domino
2654 2140 2882 2212 gratiam
2909 2146 3066 2193 tanta:
3088 2138 3335 2207 puritatis
3357 2153 3459 2193 ne-

1860 2236 2080 2299 queunt,
2096 2229 2246 2298 quasi
2262 2230 2395 2283 iram
2412 2228 2758 2284 incurrissent
2781 2227 3023 2295 Domini,
3052 2226 3455 2296 pertimescunt.

1860 2316 2024 2383 Quasi
2054 2332 2189 2388 ergo
2218 2317 2354 2372 irato
2384 2332 2513 2386 rege
2542 2316 2862 2385 promissam
2893 2314 2997 2368 sibi
3038 2314 3457 2385 primogenitam

1855 2400 2109 2471 perdunt,
2142 2401 2264 2470 quia
2295 2416 2420 2455 eum
2448 2415 2609 2471 quem
2641 2415 2699 2453 se
2728 2398 2992 2468 putabant
3032 2399 3088 2451 in
3141 2397 3457 2467 praelatione

1857 2489 2137 2543 habituros
2166 2504 2406 2544 amorem
2436 2488 2631 2558 quietis
2660 2487 2865 2541 intimae
2895 2486 3146 2554 amplecti
3177 2501 3285 2540 non
3321 2500 3455 2554 pos-

1856 2585 1998 2630 sunt.
2014 2578 2143 2632 Haec
2162 2584 2338 2631 autem
2354 2576 2702 2644 breviterper
2725 2589 3006 2629 excessum
3031 2573 3292 2641 diximus,
3316 2590 3458 2627 nunc

1855 2679 1990 2735 ergo
2020 2663 2090 2717 ad
2120 2664 2342 2718 dimissa
2370 2664 2673 2718 redeamus.

1924 2752 2012 2801 68.
2045 2748 2233 2803 Ambae
2261 2764 2396 2819 ergo
2428 2747 2556 2801 Saul
2582 2746 2711 2801 ﬁlim
2759 2747 3030 2813 dicuntur,
3082 2746 3177 2800 sed
3232 2746 3454 2800 nomina

1852 2836 2066 2891 diversa
2094 2836 2404 2903 sortiuntur,
2435 2836 2562 2906 quia
2591 2844 2644 2889 et
2687 2834 2942 2890 differunt
2996 2842 3050 2888 et
3102 2835 3448 2889 conveniunt.

1851 2924 2189 2979 Conveniunt
2211 2924 2449 2993 quidem,
2482 2923 2609 2994 quia
2638 2923 2706 2976 ad
2733 2931 2992 2977 aeternam
3038 2922 3225 2990 vitam,
3286 2938 3447 2992 quam

1846 3012 2098 3083 diligunt,
2130 3027 2230 3080 per
2254 3026 2492 3065 amorem
2524 3011 2764 3065 tendunt.
2796 3012 2928 3066 Item
2951 3010 3299 3079 conveniunt,
3318 3011 3446 3080 quia

1844 3099 1988 3154 bona
2010 3115 2198 3169 opera,
2233 3099 2428 3170 quibus
2457 3101 2573 3153 haec
2602 3098 2967 3154 indesinenter
2993 3099 3329 3166 extenditur,
3349 3099 3444 3153 illa

1843 3186 2251 3257 quomodolibet
2270 3194 2549 3257 .Operatur.
2583 3186 2723 3254 Quia
2749 3186 2914 3259 igitur
2926 3186 3103 3241 ambas
3118 3193 3302 3240 amant
3319 3202 3445 3258 quae

1841 3277 2028 3330 vident
2055 3284 2273 3341 aeterna,
2305 3276 2481 3330 ambae
2511 3275 2579 3330 ad
2608 3275 2701 3329 illa
2729 3291 2827 3344 per
2845 3275 3044 3329 bonam
3071 3273 3442 3343 operationem

1843 3365 2129 3437 pervenire
2156 3364 2481 3428 desiderant,
2539 3364 3028 3433 quomodocunque
3064 3360 3390 3416 conveniunt
3419 3377 3436 3421 ;

1840 3452 2094 3508 diﬂ‘erunt
2121 3460 2325 3519 autem,
2344 3452 2468 3522 quia
2490 3452 2608 3521 plus
2624 3451 2738 3522 agit
2756 3464 2887 3516 una,
2908 3448 3029 3519 plus
3068 3448 3217 3503 videt
3245 3447 3433 3503 altera.

1840 3542 1980 3595 Nam
2012 3550 2065 3595 et
2101 3540 2193 3594 Lia
2221 3556 2327 3594 non
2361 3540 2560 3594 dicitur
2584 3538 2751 3592 fuisse
2785 3551 2953 3605 caeca,
3002 3538 3101 3592 sed
3148 3536 3312 3608 lippa.
3374 3537 3442 3591 Et

1842 3630 2046 3684 Rachel
2073 3629 2116 3682 si
2142 3644 2250 3683 non
2281 3637 2457 3683 tantos
2491 3627 2720 3697 peperit,
2751 3626 2972 3681 omnino
3003 3633 3184 3680 tamen
3236 3624 3439 3681 sterilis

1838 3732 1948 3772 non
1964 3717 2246 3771 remansit.
2278 3717 2415 3770 Nam
2446 3715 2489 3769 si
2531 3715 2700 3768 altera
2752 3714 2862 3769 vita
2912 3714 3133 3769 alteram
3189 3722 3437 3769 contem-

1839 3804 2045 3873 plaudo
2076 3811 2167 3858 aut
2213 3803 2488 3872 operando
2538 3810 2771 3873 superat,
2831 3802 2962 3855 nulli
3016 3810 3196 3857 autem
3248 3817 3437 3857 eorum

1841 3892 2062 3945 visionis
2098 3892 2316 3946 claritas
2366 3890 2615 3958 demitur,
2674 3888 2805 3944 nulli
2863 3889 3208 3943 fecunditatis
3262 3890 3439 3961 gloria

1843 3976 2159 4046 denegatur.
2188 3974 2434 4029 Videndo
2464 3983 2644 4028 tamen
2677 3981 2730 4027 et
2758 3972 2973 4043 agendo
3002 3972 3276 4041 differunt,
3313 3974 3443 4043 quia

1842 4063 2019 4117 activa
2048 4063 2161 4117 vita
2195 4062 2459 4116 visionem
2491 4061 2656 4115 habet
2683 4060 2737 4113 in
2769 4059 3013 4127 transitu,
3055 4075 3194 4130 opus
3221 4076 3351 4116 vero
3380 4062 3442 4117 in

1843 4150 2140 4206 intentione
2173 4148 2632 4219 ;contemplativa
2657 4162 2789 4203 vero
2818 4162 2956 4217 opus
2983 4146 3039 4200 in
3080 4146 3290 4214 itinere,
3348 4148 3440 4201 in-

1844 4238 2137 4294 tentionem
2167 4237 2221 4291 in
2252 4238 2449 4307 quiete.
2487 4235 2646 4292 Unde
2674 4235 2816 4289 bene
2850 4232 3186 4305 evangelista
3203 4235 3441 4304 Marcus,

1844 4343 1964 4381 cum
1980 4326 2080 4380 sub
2095 4325 2304 4379 illarum
2324 4324 2483 4378 trium
2502 4323 2786 4377 mulierum
2817 4320 2995 4391 specie
3013 4320 3446 4391 contemplativa;

170 4425 441 4495 templativa
459 4431 699 4499 videtur,
724 4410 849 4504 quae
868 4449 967 4504 per
981 4435 1207 4490 Mariam
1221 4410 1438 4492 liiarthm
1456 4452 1699 4493 sororem
1712 4478 1725 4504 ,
1756 4410 1809 4470 D
1839 4414 1964 4470 "ita
1997 4430 2241 4470 amorem
2258 4412 2585 4504 ostenderet,
2608 4410 2682 4465 ait
2697 4410 2860 4504 3‘36
2876 4410 3443 4504 Emmntqromata,

169 4525 262 4578 qua:
288 4517 349 4570 ad
375 4521 549 4588 pedes
579 4520 797 4574 Domini
827 4522 1017 4578 sedere
1062 4532 1115 4577 et
1145 4524 1371 4579 verbum
1394 4526 1510 4595 ejus
1540 4527 1734 4581 audire

169 4595 452 4659 describitur
477 4609 637 4671 (Luc.
686 4609 766 4676 χ).
830 4609 942 4665 Sed
1002 4610 1158 4666 facile
1214 4613 1573 4682 respondetur
1616 4614 1742 4683 quia

142 4683 277 4773 tium
295 4693 437 4748 sedet
460 4695 660 4764 Maria,
687 4696 953 4764 perfectos
979 4698 1033 4751 in
1062 4702 1521 4770 contemplatione
1543 4701 1739 4773 signat.

172 4772 281 4829 Filia
306 4786 478 4836 tamen
512 4783 647 4837 Saul
677 4785 861 4839 Merob
892 4794 1032 4840 recte
1049 4786 1267 4849 dicitur,
1294 4789 1413 4857 quia
1434 4790 1531 4843 etsi
1549 4789 1743 4843 sedens

171 4863 224 4915 ad
246 4866 398 4934 pedes
427 4870 643 4925 domini
674 4889 794 4943 quae
823 4872 937 4928 vult
967 4874 1033 4927 ab
1063 4890 1127 4929 eo
1154 4876 1303 4929 audit
1347 4885 1397 4930 et
1426 4876 1605 4943 discit,
1659 4884 1743 4930 la-

173 4962 269 5006 meu
296 4956 437 5025 prius
470 4959 684 5013 discere
712 4959 876 5015 debet
905 4962 1179 5033 quomodo
1208 4963 1395 5017 sedere
1415 4966 1607 5033 possit.
1630 4965 1745 5018 Hoc

174 5037 392 5099 nimirum
422 5048 550 5119 quia
576 5048 839 5120 sapientis
866 5057 918 5104 et
952 5050 1147 5105 eruditi
1179 5052 1416 5107 doctoris
1438 5052 1745 5106 eruditione

174 5134 505 5203 cognoscitur,
533 5136 661 5191 Saul
696 5153 817 5192 esse
848 5136 1009 5192 ﬁliam
1042 5139 1227 5193 ltlerob
1272 5147 1418 5194 recte
1468 5155 1744 5194 memora-

176 5218 242 5269 πυτ
265 5219 317 5287 (Ι
341 5224 464 5295 Reg.
500 5224 872 5296 xvm).Quam
889 5227 1205 5295 profectoin
1227 5228 1539 5299 conjugium
1569 5227 1746 5282 David

176 5301 278 5360 dare
303 5314 565 5381 promisit,
593 5315 691 5368 sed
722 5314 772 5368 ei
804 5315 1066 5369 minorem
1100 5315 1268 5383 dedit,
1315 5316 1445 5387 quia
1499 5316 1746 5370 nonnulli

179 5399 569 5468 contemplativa:
599 5402 727 5456 vita)
746 5402 1205 5472 pulchritudinem
1233 5403 1487 5475 diligunt,
1508 5403 1575 5458 ad
1592 5404 1748 5473 Cujus

235 5516 300 5585 (tt)
325 5514 488 5581 Gilot.
519 5525 570 5580 et
595 5516 794 5593 Vatia,
826 5520 958 5599 quia
988 5522 1227 5600 utraque
1248 5517 1389 5585 imi

1850 4508 1915 4558 ut
1929 4506 2217 4559 venientes
2227 4507 2510 4572 ungerent
2524 4500 2719 4557 Jesum
2735 4499 2928 4571 (Marc.
2946 4512 3066 4562 va,
3082 4498 3157 4569 1).
3171 4498 3339 4566 Quasi
3353 4500 3447 4555 di-

1852 4598 1935 4645 cat
1969 4608 1982 4644 :
2016 4592 2287 4646 Steterunt
2315 4592 2369 4645 in
2398 4606 2583 4661 Opere,
2603 4597 2663 4644 ut
2681 4604 2891 4643 currere
2920 4586 3165 4642 valerent
3192 4588 3258 4642 ad
3307 4603 3449 4644 con-

1853 4672 2261 4747 templationem
2344 4682 2600 4733 Aromata
2655 4678 2876 4749 quidem
2941 4691 3124 4731 emere
3197 4684 3275 4730 est
3354 4693 3454 4748 per

1852 4766 2093 4821 laborem
2123 4766 2251 4821 boni
2281 4766 2484 4835 operis,
2498 4766 2657 4820 bonae
2677 4765 2948 4836 opinionis
2965 4765 3192 4820 odorem
3214 4765 3452 4821 circum-

1853 4870 2065 4925 quaque
2095 4854 2338 4909 dilatare.
2371 4855 2435 4907 Et
2457 4855 2643 4907 Jesum
2673 4852 2727 4905 in
2757 4854 3004 4922 sepulcro
3024 4868 3231 4924 ungere
3246 4863 3327 4908 est
3348 4871 3451 4924 per

1853 4941 2317 4997 mortiﬁcationem
2348 4941 2523 4997 carnis
2549 4940 2620 4995 ad
2645 4940 2948 4996 devotionis
2975 4941 3179 4997 intimae
3208 4941 3445 5013 pingue—

1855 5027 2035 5081 dinem
2065 5028 2371 5098 pervenire.
2402 5028 2538 5080 Nam
2595 5025 2747 5081 velut
2796 5025 2851 5078 in
2901 5026 3150 5094 sepulcro
3205 5026 3442 5098 ungitur,

1855 5115 2070 5187 quando
2103 5132 2135 5169 a
2163 5113 2498 5187 consepultis
2537 5113 2605 5169 ad
2633 5113 2897 5184 gaudium
2936 5113 3141 5168 intimae
3195 5112 3449 5169 claritatis

1854 5220 1964 5259 sua:
1994 5205 2347 5259 devotissime
2374 5204 2700 5274 pervenitur.
2732 5203 2791 5255 In
2813 5200 3036 5254 transitu
3083 5216 3214 5272 ergo
3250 5218 3450 5272 opem-

1855 5289 2054 5343 tionem
2091 5288 2309 5355 habent,
2334 5288 2459 5357 quia
2487 5287 2586 5343 etsi
2615 5284 2908 5356 aliquando
2934 5292 3238 5355 operantur,
3298 5288 3449 5356 quasi

1854 5372 2123 5427 currendo
2154 5373 2255 5427 hoc
2284 5373 2554 5439 deserunt,
2588 5369 2679 5441 qui
2709 5369 2776 5423 ad
2816 5368 2995 5423 locum
3050 5368 3264 5425 dilectae
3317 5371 3453 5425 soli-

1857 5457 2058 5512 tudinis
2088 5470 2290 5529 magno
2318 5455 2540 5526 spiritus
2558 5452 2764 5523 impetu
2779 5449 3150 5524 impelluntur.
3170 5454 3311 5511 Nam
3331 5457 3457 5527 quia
