3996 6164
469 277 572 331 403
1673 259 1915 316 ΞΑΝΟΤΙ
1947 257 2106 313 GREt

2218 255 2292 311 ἰΙΙ
2321 252 2516 308 MAGN
2523 255 2544 309 Ι
3638 251 3738 306 4οι

476 397 604 456 totis
631 395 916 454 desideriis
942 393 998 450 in
1026 399 1352 449 aeternorum
1382 399 1565 441 amore
1591 383 1953 455 requiescunt,
1984 379 2072 439 vi-
2099 380 2158 442 Α
2185 375 2610 448 contemplativa
2636 373 2918 433 nobilitate
2961 369 3234 443 religionis
3286 383 3561 442 generosa
3608 379 3742 439 sunt,

477 487 606 544 dere
628 486 810 556 magis
867 497 1035 556 quam
1088 472 1395 535 ministrare
1451 479 1730 546 appetunt.
1787 469 1915 527 Rari
1945 483 2078 540 ergo
2186 466 2285 522 sed
2303 481 2415 522 non
2441 473 2570 522 sunt
2597 479 2755 536 pares
2781 479 2880 535 pro
2908 459 3218 517 diversitate
3244 455 3430 512 oﬂioii.
3479 455 3588 512 Sed
3631 458 3749 527 quia

477 584 601 632 sunt
626 574 685 631 in
711 571 934 644 publico
963 568 1169 641 operis,
1194 556 1395 621 assidui
1414 564 1468 617 iu
1499 545 1705 617 secreto
1735 557 2078 628 contempla-
2186 570 2372 611 earum
2398 562 2608 625 patrem
2638 552 2992 617 ostendimus,
3017 554 3245 603 matrem
3288 545 3486 616 pariter
3535 545 3750 600 demon-

480 663 643 719 tionis
673 642 856 729 {foris
886 673 1097 730 parum,
1118 653 1247 710 satis
1270 654 1415 707 intus
1436 650 1814 704 immorantur.
1832 647 1971 702 Nam
2030 654 2084 702 et
2184 652 2430 698 stremus.
2462 642 2716 712 Sequitur
2746 657 2758 694 :

480 722 904 808 fornicationem.
926 762 1045 803 esse
1074 722 1248 800 solent
1274 740 1543 812 judicare,
1574 736 1662 792 vel
1709 734 1780 790 ad
1823 748 2081 789 momen-
2258 733 2441 803 (Vers.
2475 732 2593 802 230.)
2614 732 2683 786 Et
2716 743 2923 786 nomen
2951 726 3149 783 uxoris
3175 724 3311 782 Saul
3340 722 3598 792 Achinoe,
3641 722 3754 789 ﬁlia

480 852 590 897 tum
623 856 656 896 a
688 836 882 894 Christi
911 830 1368 903 contemplatione
1398 824 1699 883 discedere.
2184 821 2518 877 Achimaas.

551 932 639 984 69.
671 928 716 983 E
737 933 925 983 contra
956 930 1139 979 autem
1162 914 1339 975 activa
1357 916 1492 983 vita,
1516 929 1635 984 qua
1662 911 1924 981 frequens
1936 907 2085 966 circa

2258 921 2348 976 70.
2380 918 2514 987 Quin
2540 924 2625 973 est
2641 916 2786 972 enim
2811 913 3184 987 pradicatoris
3210 922 3366 979 uxor,
3394 910 3639 966 nisibona
3663 924 3754 966 vo-

2188 1010 2366 1064 luntas
2385 1009 2413 1064 τ
2429 1006 2534 1076 Qui
2548 1006 2694 1061 enim
2710 1019 2810 1075 per
2822 1018 3063 1059 amorem
3084 1002 3241 1058 boote
3272 999 3529 1055 voluntati
3543 998 3753 1064 conjun‘

2185 1099 2349 1169 gitur,
2372 1098 2421 1153 ei
2454 1095 2638 1167 utique
2657 1093 2811 1165 quasi
2840 1106 2905 1148 ex
2938 1090 3109 1147 nobili
3126 1090 3361 1160 conjuge
3380 1086 3475 1142 ﬁlii
3503 1085 3753 1143 oriuntur.

2184 1189 2326 1243 Nom
2342 1198 2462 1242 cum
2477 1186 2744 1241 bonorum
2763 1194 2992 1252 operum
3014 1179 3220 1235 fruetus
3236 1177 3477 1247 proferte
3504 1173 3755 1242 volumus,

2186 1288 2407 1331 necesse
2436 1280 2594 1329 estut
2622 1270 2770 1341 prius
2796 1285 2891 1326 eos
2905 1268 2962 1323 in
3016 1267 3161 1324 bona
3209 1264 3485 1322 voluntate
3533 1264 3757 1317 semine-

2184 1379 2324 1419 mus.
2356 1361 2508 1419 Unde
2537 1360 2677 1416 bene
2702 1358 2963 1424 Achinoe,
2994 1354 3173 1411 fratris
3202 1353 3421 1423 requies
3452 1351 3758 1419 interprets-

2183 1459 2288 1507 tur.
2310 1452 2493 1507 Frater
2512 1449 2712 1519 quippe
2727 1455 2912 1502 noster
2936 1445 3027 1499 ille
3055 1451 3154 1510 est,
3188 1441 3277 1513 qui
3307 1451 3341 1496 s
3360 1439 3581 1496 martuis
3597 1452 3763 1492 resur-

476 1014 837 1074 ministerium
868 1009 1086 1083 satagit,
1119 1022 1243 1062 rara
1272 1012 1356 1061 est
1384 1004 1439 1058 in
1468 1009 1678 1058 secreto
1734 997 2080 1067 contempla-

477 1105 656 1161 tionis.
683 1104 820 1159 Nam
850 1116 971 1172 quas
1001 1105 1202 1153 aeterna
1222 1093 1324 1149 sibi
1348 1105 1663 1162 praeparare
1686 1103 1796 1143 non
1817 1085 2077 1153 sedendo,

481 1201 534 1250 et
557 1191 852 1257 audiendo,
877 1171 980 1244 sed
1002 1183 1300 1256 satagendo
1324 1187 1374 1235 et
1395 1176 1757 1235 ministrando
1779 1171 2078 1245 proposuit,

474 1297 587 1339 non
613 1280 890 1344 damnum,
921 1275 1018 1330 sed
1049 1270 1391 1343 dispendium
1420 1274 1593 1338 putat,
1625 1265 1671 1320 si
1700 1261 1805 1318 sibi
1852 1276 2077 1330 vacans,

473 1377 528 1426 et
552 1383 654 1425 sua
682 1374 894 1438 petens,
916 1371 968 1418 et
988 1378 1101 1419 non
1133 1376 1252 1429 qua:
1274 1358 1532 1421 aliorum,
1554 1369 1585 1408 a
1608 1352 1771 1408 solita
1799 1348 2083 1419 obsequia-

470 1472 588 1513 rum
632 1437 904 1512 oblatione
951 1450 1274 1521 requiescat.
1319 1444 1446 1500 Plus
1474 1443 1641 1516 igitur
1679 1439 1956 1511 cperando
1989 1437 2078 1490 la~

468 1547 644 1616 borat,
679 1544 858 1600 minus
889 1540 1161 1597 obsecrat.
1200 1536 1355 1591 Unde
1379 1541 1432 1588 ct
1487 1532 1715 1597 Martha,
1766 1544 1888 1600 quw
1924 1527 2079 1581 circa

2218 1557 2321 1596 'eus
2334 1538 2518 1594 Mariis
2538 1533 3099 1609 Magdalenaalocutus
3114 1539 3197 1588 est
3226 1531 3454 1586 dicens:
3506 1527 3665 1593 Vade,
3707 1528 3760 1581 st

476 1640 744 1708 frequens
761 1628 1150 1687 ministerium
1165 1621 1478 1696 satagebat,
1498 1622 1681 1685 stetit,
1706 1621 1761 1673 et
1782 1616 1968 1671 loculo
1993 1616 2080 1669 est

2218 1630 2279 1685 ἷξε
2291 1625 2572 1700 fratribus
2586 1626 2757 1680 meis:
2770 1621 3015 1679 Ascendo
3028 1620 3101 1676 ad
3113 1621 3343 1675 Patrem
3357 1632 3542 1672 meum
3577 1621 3632 1670 es
3656 1617 3756 1669 Pa-

474 1702 1028 1810 (ῙιυὲικνᾸολ-Ωυφ
1056 1710 1414 1810 θξῖίιηξῑθιξίν
1464 1709 1514 1763 εί
1570 1706 1825 1810 ξιίωίνιξηι
1883 1702 2074 1810 δείξετε
2101 1722 2157 1785 Β
2193 1724 2335 1775 trem
2356 1720 2603 1774 vestrum
2620 1714 2846 1779 (Joann,
2865 1727 2960 1776 xx,
2983 1712 3068 1776 l7,
3087 1708 3223 1762 llino
3239 1702 3761 1761 Paulusnobilitatem

474 1828 585 1868 non
613 1806 926 1876 licuit,quia
951 1804 995 1858 si
1034 1803 1104 1858 ad
1139 1797 1467 1856 audiendum
1504 1794 1709 1859 sedere,
1753 1795 2075 1863 imparatum

2221 1804 2479 1861 lectorum
2502 1814 2767 1868 asserens,
2798 1799 2905 1854 ait:
2932 1796 3187 1854 [heredes
3210 1800 3409 1851 autem
3446 1793 3564 1858 Dei,
3610 1789 3766 1847 coha-

470 1901 698 1956 fortasse
731 1892 1092 1952 ministerium
1125 1896 1177 1943 et
1206 1885 1535 1943 insuﬂiciens
1583 1879 1955 1951 impendisset.
2010 1878 2081 1933 Et
2186 1895 2345 1951 red“
2366 1892 2765 1958 Cha-“imam.
2790 1902 2904 1952 νη..
2929 1888 3039 1954 Π),
3072 1884 3216 1953 Quid
3256 1891 3339 1938 es,
3367 1882 3512 1952 quod
3563 1879 3764 1945 dicitur,

467 1986 763 2044 notandum
795 1980 918 2053 quis
963 1977 1316 2042 transeundo,
1375 1970 1665 2029 Dominum
1723 1969 1934 2023 Martha
1987 1963 2079 2022 vi-

469 2075 565 2144 dit,
599 2089 712 2129 uon
765 2079 951 2127 tamen
1012 2064 1360 2129 transeundo,
1415 2059 1511 2115 sed
1577 2057 1773 2113 stando
1826 2054 2079 2125 loquitur.

470 2143 609 2221 Nam
642 2158 981 2229 evangelista
998 2158 1152 2210 caute
1182 2150 1467 2221 expressit,
1493 2148 1682 2203 dicens
1707 2163 1718 2200 :
1746 2147 1877 2215 Quae
1896 2143 2079 2212 stetit,

474 2255 533 2310 et
575 2250 661 2307 ait
714 2246 921 2317 (Ibid).
963 2245 1083 2313 Quo
1141 2241 1383 2312 proiecto
1439 2235 1698 2304 exemplo
1748 2232 2083 2298 instruimur,

481 2349 540 2395 ut
569 2338 659 2410 qui
691 2334 946 2392 fratribus
978 2328 1274 2385 ministeria
1304 2325 1642 2389 exhibemus,
1675 2322 1720 2375 si
1750 2336 1847 2391 per
1873 2334 2085 2374 moram

483 2428 672 2484 sedere
701 2423 772 2481 ad
802 2418 1186 2489 Redemptoris
1242 2414 1412 2484 pedes
1465 2426 1573 2466 non
1622 2424 1930 2481 possumus,
1991 2421 2089 2477 per

490 2512 877 2585 aliquantulam
926 2505 1193 2563 morulam
1231 2499 1576 2571 Redemptori
1608 2497 1853 2553 assistere
1892 2491 2090 2550 debea~

485 2619 626 2658 mus.
662 2600 775 2655 Sed
799 2597 938 2652 bene
966 2594 1016 2649 ei
1046 2591 1356 2650 assistimus,
1393 2590 1435 2642 si
1495 2585 1818 2641 transeundo
1872 2591 1926 2637 et
1971 2598 2091 2637 ser-

483 2689 685 2748 viendo
714 2685 1012 2743 videamus.
1046 2680 1190 2749 Quid
1220 2686 1299 2733 est
1327 2683 1505 2732 autem
1540 2671 1869 2728 transeundo
1899 2668 2092 2725 Domi-

493 2794 627 2835 num
642 2786 885 2842 eernere,
903 2770 1008 2827 nisi
1030 2771 1084 2824 in
1113 2767 1261 2824 omni
1279 2773 1463 2820 nostro
1482 2764 1627 2819 bono
1640 2776 1803 2834 opere
1835 2759 1900 2815 ad
1920 2761 2095 2828 ipsum

489 2866 669 2924 cordis
693 2863 932 2933 dirigere
961 2854 1349 2914 intentionem?
1378 2845 2097 2920 Transimuseuim,quando

496 2959 603 3012 huc
621 2953 749 3010 illuc
778 2946 1128 3006 discurrendo
1170 2945 1226 3000 in
1252 2941 1510 2999 membris
1549 2940 1659 2994 suis
1687 2937 1930 2994 Domino
1987 2934 2100 2989 mi-

2190 1980 2370 2037 fratris
2395 1980 2633 2049 requies,
2665 1977 2769 2032 nisi
2796 1975 2925 2047 quia
2951 1973 3281 2043 Redemptor
3308 1968 3526 2025 humani
3565 1966 3769 2040 generis

2193 2073 2247 2126 in
2282 2071 2426 2126 bona
2454 2066 2801 2124 coheredum
2823 2076 3044 2119 suorum
3062 2060 3342 2117 voluntate
3360 2055 3685 2129 requiescit?
3710 2054 3772 2108 Et

2193 2159 2321 2229 quia
2350 2158 2420 2213 ab
2449 2157 2567 2226 ipso
2598 2153 2755 2209 nobis
2785 2152 2930 2206 bona
2957 2148 3164 2205 volutas
3207 2145 3546 2216 impenditur
3597 2159 3628 2197 a
3674 2155 3772 2212 quo

2194 2228 2557 2312 inhabitatur,
2581 2242 2694 2297 ﬁlia
2724 2240 3040 2296 Archimaas
3068 2251 3187 2292 esse
3222 2234 3556 2304 perhibetur.
3610 2228 3774 2284 Aelii-

2196 2350 2352 2389 meas
2378 2334 2523 2388 enim
2555 2330 2739 2387 fratris
2752 2330 2934 2394 decor,
2966 2326 3054 2381 vel
3084 2325 3255 2379 frater
3311 2323 3479 2377 decor
3530 2320 3778 2388 interpre-

2199 2430 2357 2477 tatur.
2391 2420 2575 2475 Frater
2592 2419 2791 2488 quippe
2813 2422 2867 2472 et
2893 2415 3056 2471 decor
3106 2412 3442 2480 Redemptor
3480 2416 3657 2464 noster
3705 2405 3777 2458 di-

2197 2511 2354 2578 citur,
2388 2509 2512 2580 quia
2541 2508 2780 2561 humana
2803 2513 2993 2560 natura
3030 2513 3129 2571 per
3166 2506 3451 2570 peccatum
3484 2495 3635 2567 primi
3682 2493 3777 2548 hc-

2199 2600 2361 2654 minis
2389 2597 2670 2669 dignitatis
2698 2607 2812 2649 suaa
2832 2594 3083 2663 vigorem
3104 2587 3364 2659 perdidit,
3385 2585 3477 2641 sed
3497 2586 3548 2639 in
3561 2592 3781 2653 persona

2200 2685 2604 2756 Redemptoris,
2637 2689 2795 2739 aucto
2824 2681 2930 2735 sibi
2973 2677 3263 2748 splendore
3322 2673 3573 2729 radiavit.
3619 2672 3784 2726 Decor

2204 2777 2407 2848 quippe
2436 2781 2619 2829 noster
2646 2780 2746 2839 est,
2777 2769 2905 2839 quia
2924 2768 3240 2840 quicunque
3260 2764 3318 2819 in
3346 2766 3527 2818 sancta
3554 2756 3784 2815 Ecclesia

2206 2845 2463 2921 virtutum
2493 2861 2736 2918 claritate
2787 2857 3110 2929 fulgescunt,
3168 2854 3235 2908 de
3278 2851 3613 2922 plenitudine
3665 2845 3788 2901 lucis

2206 2953 2354 3009 illius
2383 2966 2576 3007 omnes
2598 2947 2887 3019 accipiunt.
2903 2946 3039 2999 Hine
3061 2941 3255 2997 Paulus
3272 2941 3349 2996 ait
3381 2958 3393 2993 :
3428 2941 3493 2994 Ei
3512 2953 3567 2994 se
3589 2930 3787 3006 infudit

496 3044 816 3099 nimum"
837 3036 959 3133 Sed.
982 3032 1307 3133 ίηξηθυυδθ
1361 3025 1998 3133 θοΨίηυφυίξθξξίξξξξδν
2130 3062 2179 3133 C
2208 3043 2392 3100 omnis
2421 3037 2720 3112 plenitudo
2741 3035 3061 3092 divinitatis
3091 3029 3460 3102 corporaliter
3482 3025 3629 3094 (Col.
3655 3037 3709 3090 ιι,
3723 3021 3789 3089 9).

497 3146 600 3203 per
628 3142 788 3185 omne
817 3124 964 3195 quod
993 3127 1213 3194 agimus
1241 3131 1560 3190 praesentem
1590 3113 1750 3170 nobis
1786 3113 1986 3182 ipsum,
2011 3113 2099 3166 cui

507 3200 724 3290 placere
755 3212 1021 3284 cupimus,
1051 3206 1506 3276 contemplemur.
1546 3204 1665 3271 Quo
1708 3200 1764 3268 in
1820 3200 1940 3256 loco
1996 3213 2102 3253 no-

503 3286 731 3361 iandum
764 3309 848 3357 est
877 3298 1003 3369 quia
1014 3294 1348 3353 conﬁdenter
1374 3291 1585 3347 Martha
1605 3290 1859 3358 loquitur,
1888 3286 2101 3341 dicens:

512 3393 766 3458 Damius,
780 3405 897 3446 non
914 3390 1000 3444 est
1020 3386 1117 3441 tibi
1132 3398 1284 3439 curas
1299 3380 1441 3453 quod
1453 3393 1607 3436 soror
1624 3393 1750 3433 mea
1765 3374 1994 3447 reliquit
2018 3389 2107 3429 ms

513 3481 693 3538 solam
723 3472 1099 3535 ministrare?
1116 3472 1270 3542 (Luc.
1302 3485 1358 3534 ι,
1390 3468 1504 3537 40.)
1523 3464 1682 3535 Quod
1699 3462 2109 3532 certeperfectis

514 3564 839 3639 quibusdam
870 3559 1131 3633 operariis
1159 3565 1357 3615 sancta:
1387 3554 1645 3612 Ecclesiae
1688 3551 1959 3618 convenit,
2018 3556 2110 3620 qui

512 3632 873 3726 omnipotenti
899 3632 1017 3707 Deo
1071 3662 1263 3720 preces
1326 3652 1471 3700 tanto
1522 3641 1830 3698 ﬁducialius
1882 3632 2113 3694 offerunt

514 3750 720 3818 quanto
750 3737 1073 3796 laboriosius
1100 3736 1151 3792 ei
1179 3735 1237 3790 in
1264 3731 1524 3791 membris
1554 3730 1666 3785 suis
1694 3745 1753 3785 se
1781 3726 2116 3782 ministrasse

515 3814 910 3889 meminerunt.
942 3825 1050 3883 Sed
1079 3824 1203 3895 quia
1232 3823 1288 3877 in
1312 3822 1446 3892 ipsis
1466 3820 1630 3875 etiam
1644 3834 1765 3889 quae
1781 3817 1970 3872 activae
1990 3814 2117 3872 vitae

520 3918 837 3976 deservlunt
891 3913 1145 3971 nimietas
1200 3908 1582 3968 sollicitudinis
1650 3903 1960 3964 cohibenda
2013 3909 2115 3974 est,

521 4004 733 4063 Martha
748 4001 1182 4075 reprehenditur,
1201 4015 1322 4073 qua)
1349 4006 1454 4053 tam
1472 3996 1721 4061 sollicita,
1741 3992 2020 4058 asseritur,
2060 3986 2120 4046 ul-

524 4104 662 4167 ergs
687 4092 925 4164 plurima
952 4091 1218 4147 turbetur.
1253 4086 1493 4145 Actionis
1529 4083 1747 4155 quidem
1776 4082 1962 4138 fervor
1993 4086 2120 4135 tunc

526 4190 684 4240 recte
715 4180 1040 4252 disponitur.
1072 4193 1194 4236 cum
1230 4176 1311 4234 sic
1339 4174 1643 4230 insistimus
1680 4170 1853 4242 operi,
1885 4176 1944 4223 ut
1970 4174 2120 4222 tran-

529 4269 697 4341 quillo
725 4269 889 4327 corde
917 4278 1042 4326 eum
1069 4266 1155 4323 oui
1174 4279 1343 4336 opera
1357 4270 1542 4318 nostra
1560 4270 1877 4317 consecrare
1901 4253 2124 4310 nitimur

531 4339 844 4417 videamus.
883 4354 1027 4423 Quid
1060 4361 1297 4424 estergo
1327 4350 1582 4407 nimietas
1596 4343 1997 4409 sollicitudinis,
2018 4339 2123 4395 nisi

2214 3131 2354 3186 Dum
2377 3111 2509 3200 ergo
2539 3128 2739 3181 bonam
2769 3121 3190 3192 praedicatorum
3219 3124 3527 3172 nostrorum
3556 3111 3793 3168 volente-

2209 3228 2323 3274 tem
2358 3198 2617 3289 propheta
2656 3211 2878 3269 Samuel
2907 3208 3149 3278 respicit,
3181 3204 3323 3276 typis
3367 3204 3489 3258 visa
3541 3198 3793 3272 exprimit.

2213 3308 2402 3364 dicens
2434 3320 2447 3359 :
2482 3304 2728 3361 Achinoe
2758 3300 2880 3360 ﬁlia
2910 3299 3231 3365 Achimaas,
3249 3293 3381 3365 quia
3407 3291 3657 3347 nimirum
3683 3300 3796 3341 πιθα

2215 3411 2323 3469 gna
2340 3402 2421 3451 est
2440 3390 2784 3465 pulchritudo
2806 3389 2965 3444 boum
3003 3382 3423 3451 voluntatis,sed
3457 3380 3525 3436 de
3551 3376 3796 3433 infusieno

2219 3463 2461 3540 nascitur
2478 3478 2878 3549 Redemptoris.
2901 3474 3076 3531 Debet
3093 3484 3329 3544 namque
3345 3469 3521 3524 amari
3541 3473 3598 3521 ut
3615 3463 3798 3532 coniux

2220 3573 2316 3629 sed
2346 3572 2391 3627 si
2423 3578 2576 3641 pater
2604 3566 2892 3637 aspicitur,
2925 3580 2985 3620 es
3015 3561 3292 3618 nobilitate
3322 3556 3560 3629 amplius
3583 3558 3798 3609 amatur.

2292 3639 2470 3731 (Vers.
2488 3659 2604 3724 60.)
2622 3658 2691 3714 Et
2702 3664 2911 3713 nomen
2924 3648 3294 3726 principis(a)
3311 3647 3437 3717 ejus
3453 3646 3645 3712 Abusr,
3659 3639 3800 3711 ﬁlius

2222 3751 2353 3818 Ner,
2375 3746 2654 3821 patruelis
2672 3748 2815 3818 ejus.
2844 3768 2851 3769 ί

2293 3814 2390 3893 7i:
2416 3836 2599 3892 Abner
2627 3814 2824 3890 dicitur
2842 3838 2997 3901 pater
3024 3843 3177 3883 meus
3204 3825 3448 3892 lucerna,
3488 3823 3597 3877 Ner
3655 3814 3802 3872 etiam

2225 3924 2444 3982 lucerna
2472 3923 2693 3980 dicitur.
2726 3920 2869 3990 Quid
2896 3934 3035 3991 ergo
3061 3917 3191 3981 Ner,
3222 3914 3329 3969 nisi
3361 3925 3542 3968 sermo
3566 3904 3804 3974 Scriptu-

2225 4026 2406 4066 rarum
2436 4007 2745 4078 accipitur?
2766 4005 2962 4060 Littera
3002 4000 3218 4071 quidem
3271 4003 3475 4052 sanctae
3532 3990 3806 4078 Scriptura:

2228 4092 2386 4167 quasi
2408 4069 2573 4163 hujus
2592 4092 2827 4147 lucerna:
2843 4096 2980 4144 testa
3006 4069 3105 4151 est,
3135 4081 3444 4139 intellectus
3485 4090 3614 4134 vero
3659 4069 3807 4142 spiri-

2229 4164 2393 4239 t—ualis
2418 4181 2637 4235 claritas
2665 4176 2903 4243 luminis,
2925 4175 3105 4231 oleum
3132 4185 3262 4228 vero
3282 4170 3403 4239 ejus
3423 4164 3635 4224 devotio
3662 4173 3805 4215 amo-

2231 4268 2323 4324 ris.
2346 4262 2513 4321 Filius
2534 4278 2667 4334 ergo
2685 4263 2924 4317 lucernae
2941 4266 3043 4322 est,
3075 4256 3166 4326 qui
3207 4253 3371 4310 verba
3417 4248 3810 4334 Scripturarum

2233 4351 2463 4406 libenter
2494 4326 2662 4417 audit,
2695 4355 2748 4402 et
2776 4346 3053 4415 sapienter
3082 4337 3352 4409 intelligit,
3383 4344 3438 4391 et
3476 4348 3596 4406 qum
3614 4326 3809 4417 perin‘

809 4412 1055 4514 supwernte
1084 4412 1391 4497 iutenilonia
1409 4439 1437 4493 ‘l
1467 4436 1593 4506 quia
1619 4435 1749 4491 dum
1776 4450 1834 4487 so
1862 4444 1995 4502 erga
2012 4428 2106 4498 plu

2236 4434 2508 4491 tellectum
2538 4412 2764 4503 colligit,
2791 4412 2891 4500 per
2928 4426 3181 4483 affectum
3209 4419 3488 4477 charitatis
3525 4412 3809 4514 apprehen:

535 4534 675 4588 rima
687 4531 903 4598 dividit,
921 4529 1096 4585 divisa
1112 4529 1224 4598 jam
1249 4524 1316 4583 ad
1348 4538 1707 4594 supernorum
1753 4519 2001 4576 intuitum
2019 4531 2128 4572 non

540 4618 800 4691 assurgit.
822 4619 962 4676 Illud
983 4617 1127 4673 enim
1146 4623 1404 4671 ueternum
1427 4611 1722 4683 etsimplex
1732 4609 1934 4665 bonum
1964 4613 2130 4662 teter-

540 4722 627 4762 ntn
656 4705 880 4763 visionis
909 4706 1091 4760 anima
1119 4704 1246 4773 quia
1273 4702 1364 4758 vix
1411 4701 1558 4756 unita
1615 4694 2043 4767 comprehendit,
2074 4707 2133 4748 se

540 4794 796 4850 nimirum
845 4794 916 4850 ad
945 4792 1000 4850 id
1029 4791 1203 4847 divisa
1230 4804 1339 4849 non
1367 4788 1545 4861 erigit.
1578 4787 1718 4844 Dicit
1744 4799 1875 4856 ergo
1904 4795 2130 4852 cperum

536 4889 845 4941 nostrorum
873 4880 1487 4951 dispositoretreceptor
1517 4895 1529 4932 :
1564 4877 1744 4934 Unum
1759 4878 1845 4931 est
1871 4885 2130 4928 necessa-

540 4975 716 5042 rium,
747 4986 817 5027 ne
846 4986 907 5028 sa
933 4984 1087 5028 mens
1116 4970 1188 5026 ad
1215 4967 1385 5023 multa
1413 4965 1641 5033 dividat,
1698 4971 1774 5028 ut,
1828 4974 1926 5031 per
1980 4967 2130 5013 tran-

544 5060 870 5134 quiilltatem
898 5060 1067 5126 unita,
1110 5058 1179 5113 sd
1207 5056 1402 5111 summi
1431 5054 1560 5111 boni
1589 5052 1839 5107 intuitum
1889 5053 2138 5119 potenter

543 5133 759 5223 surgat.
799 5152 960 5219 337
995 5149 1127 5204 Dote
1155 5146 1323 5219 igitur
1350 5143 1476 5199 ﬁlim
1494 5142 1643 5208 Saul,
1666 5140 1763 5196 etsi
1782 5133 2136 5210 pariterregis

550 5250 673 5298 sunt
702 5240 848 5308 ﬁliis,
881 5237 1192 5295 nominibus
1220 5232 1498 5302 diti'erunl,
1530 5230 1658 5302 quia
1692 5230 1803 5285 vita
1859 5225 2034 5282 activa
2084 5231 2139 5279 et

614 5502 692 5573 (α)
704 5500 1014 5574 Legendum
1027 5500 1263 5569 videtur,
1279 5500 1555 5574 principis
1565 5492 1811 5574 militia,
1827 5497 2069 5574 utesstnt
2081 5486 2135 5574 in

537 5563 693 5628 sacro
721 5563 996 5629 contextu.
1029 5563 1621 5641 Attameu'Gregorium
1644 5567 1839 5639 legisse
1859 5563 2135 5636 principis

2235 4524 2651 4582 dit.Curitarue
2666 4492 2876 4574 dicit-ur
2909 4516 3049 4571 ﬁlius
3086 4513 3343 4575 lucernae,
3375 4508 3481 4562 nisi
3522 4503 3645 4575 quia
3683 4492 3815 4569 quod

2237 4613 2308 4667 de
2336 4609 2538 4666 lumine
2574 4605 2817 4661 nascitur
2844 4604 3025 4658 lumen
3056 4605 3135 4652 est
3161 4595 3189 4649 τ
3217 4592 3359 4664 Quid
3379 4592 3525 4648 enim
3550 4591 3808 4667 peccatum

2236 4697 2340 4753 nisi
2371 4694 2604 4751 tenebrae
2632 4692 2660 4747 ‘I
2690 4689 2831 4758 Quid
2861 4688 2987 4741 item
3018 4685 3219 4739 bonum
3249 4694 3404 4750 opus,
3447 4668 3554 4731 nisi
3597 4670 3766 4724 lumen
3786 4662 3812 4714 ‘l

2243 4778 2430 4837 Sancti
2462 4778 2606 4833 enim
2632 4774 2731 4831 viri
2763 4766 2886 4827 dum
2910 4770 2979 4825 ad
2995 4766 3246 4822 ducatum
3264 4760 3811 4837 Scripturarumgrcsf

2241 4887 2329 4925 sus
2364 4882 2588 4939 operum
2619 4862 2876 4934 dirigunt,
2908 4850 3060 4929 quasi
3084 4872 3151 4911 ex
3212 4847 3416 4906 lumine.
3459 4844 3638 4939 lumen
3689 4830 3813 4939 acci-

2243 4916 2429 5031 piuntr
2445 4916 2757 5026 spirituali:
2794 4916 3132 5004 eruditionis.
3164 4936 3276 4996 Hoc
3307 4938 3506 5008 quippe
3535 4928 3706 5031 lumen
3755 4916 3815 4976 de

2245 5016 2448 5102 lumine
2476 5046 2710 5099 Joannes
2738 5032 3066 5109 exprimens,
3099 5032 3172 5086 ait
3198 5048 3209 5083 :
3244 5028 3437 5084 Omnis
3465 5016 3559 5094 qui
3574 5022 3738 5074 natus
3757 5025 3814 5066 ea

2243 5140 2350 5193 Deo
2374 5138 2456 5191 est
2487 5148 2600 5190 non
2629 5108 2843 5203 peccat,
2891 5125 3022 5198 quia
3053 5116 3342 5203 generatio
3375 5108 3624 5203 fwlestls
3671 5113 3816 5193 servo

2242 5221 2572 5292 eum(Joan.
2606 5180 2659 5278 vr.
2695 5214 2803 5281 18).
2838 5180 2979 5278 ρίιίᾱ
3009 5180 3086 5263 est
3117 5201 3263 5258 nasci
3293 5197 3360 5255 de
3375 5193 3506 5263 Deo,
3527 5186 3627 5247 nisi
3642 5180 3814 5255 cogni-

2245 5487 2386 5560 ejus,
2419 5486 2627 5560 constat
2656 5489 2725 5534 ex
2753 5450 3652 5560 verborum‘illoqum‘exp‘ositi‘qtle

2243 5528 2973 5630 Eéailﬁﬁi'i'dciiné.om
2999 5543 3154 5612 ﬁlius
3172 5528 3652 5606 diciturprlnceps
3668 5534 3724 5577 re
3750 5528 3812 5570 ts.
