3996 6164
210 246 298 298 ωδ

995 246 1068 299 ΙΝ
1108 243 1376 298 PRIMUM
1405 242 1650 299 REGUM
1677 238 2217 298 EXPOSITIONES.
2258 273 2328 286 -—
2359 246 2491 304 LIB.
2530 250 2589 303 V.

3375 260 3477 312 406

207 373 305 420 tam
330 365 383 419 in
408 365 603 422 sanctis
633 367 938 439 Seripturis
984 368 1099 439 ejus
1140 369 1471 426 voluntatem
1500 370 1729 442 diligere
1746 372 1775 424 ‘l
1801 370 1862 433 Α
1888 368 2135 454 conﬁdat
2153 370 2223 454 de
2250 373 2500 442 scientia,
2532 382 2591 432 ut
2617 378 2843 435 aliorum
2871 383 3124 454 exempla
3142 384 3366 443 minime
3387 403 3478 443 se-

206 455 262 509 Et
310 453 439 526 quid
495 461 574 511 est
624 470 731 510 non
806 472 1052 529 peccare,
1110 457 1214 513 nisi
1268 459 1326 514 in
1380 459 1501 516 luce
1550 459 1773 529 justitia)

205 557 399 611 semper
424 543 753 599 consistere?
782 542 949 613 Quasi
990 534 1135 602 enim
1177 546 1247 601 de
1296 547 1416 603 luce
1451 562 1551 601 nos
1596 548 1771 603 lucem

204 630 363 686 facere
390 630 605 686 volebat
634 632 829 688 beatus
850 634 1033 689 Petrus
1055 637 1355 706 apostolus,
1379 652 1500 691 cum
1522 636 1768 691 dicebat:

197 719 797 792 Habetispropheticum
809 731 1233 790 sermonem,cui
1245 726 1381 782 bene
1392 727 1584 797 facitis
1597 730 1771 782 atten-

197 808 390 870 dentes.
422 812 693 882 tanquam
717 812 966 868 lucerna
988 811 1202 869 lucenti
1228 817 1284 869 ia
1305 815 1611 885 caliginoso
1631 816 1766 881 loco,

194 896 341 951 donec
362 899 578 968 αερίνεί
604 897 742 962 dies.
762 904 819 955 et
839 903 1043 971 lucifer
1057 904 1285 957 oriatur
1302 902 1361 958 in
1374 901 1631 960 cordibus
1657 920 1769 961 ves-

195 984 281 1039 tri:
297 983 537 1050 (IlPetr.
556 988 723 1058 1,19).
741 987 929 1044 Merito
962 988 1124 1061 igitur
1140 990 1323 1047 Abner
1344 1000 1499 1063 pater
1515 1008 1669 1048 meus
1688 993 1767 1049 lu-

192 1087 331 1127 cerua
366 1071 579 1143 dicitur,
610 1075 728 1146 ipse
755 1093 972 1150 quoque
1000 1088 1153 1148 pater
1181 1080 1300 1150 ejus
1328 1082 1550 1136 lucerna
1578 1086 1764 1138 nomi-

190 1168 342 1229 natur,
372 1160 540 1231 338
573 1163 698 1233 quia
722 1164 801 1219 illi
838 1166 893 1220 in
934 1175 1120 1222 sancta
1164 1169 1410 1224 Ecclesia
1456 1170 1637 1227 lucere
1665 1189 1765 1244 per

194 1249 414 1320 exempla
432 1249 560 1306 aliis
607 1261 850 1323 possunt,
897 1256 990 1325 qui
1032 1256 1333 1313 eruditione
1371 1258 1767 1330 Scripturarum

187 1343 235 1390 et
259 1337 552 1394 claritatem
585 1350 913 1410 acceperunt
947 1343 1185 1412 luminis,
1220 1353 1273 1399 et
1300 1346 1480 1401 oleum
1506 1349 1766 1419 perfectas

185 1426 448 1481 eharitatis.
482 1426 597 1484 Sed
618 1444 715 1499 per
758 1429 1022 1486 Joannem
1052 1447 1161 1488 non
1203 1449 1431 1504 peccare
1460 1436 1674 1506 dicitur,
1706 1446 1764 1494 ut

192 1514 583 1582 pradicatorum
612 1518 782 1572 robur
828 1518 1084 1587 insinuet,
1129 1522 1219 1593 qui
1265 1523 1343 1578 sic
1394 1518 1764 1595 peccatoribus

189 1616 379 1657 manum
407 1603 719 1676 porrigunt,
751 1614 809 1660 ut
840 1611 1018 1663 tamen
1037 1608 1139 1679 ipsi
1168 1619 1511 1680 peccatorum
1533 1615 1764 1669 tenebris

1883 465 2094 530 quatur.
2125 448 2392 531 Princeps
2420 478 2654 535 quoque,
2686 467 2745 522 id
2771 477 2851 523 est
2896 448 3079 542 magni
3107 472 3342 530 doctoris
3372 475 3475 531 ad-

1876 546 2040 616 jutor,
2073 547 2199 619 quia
2228 552 2497 623 exemplis
2528 554 2773 624 ejusdem
2794 557 2875 611 sui
2902 561 3179 630 praepositi
3207 563 3473 633 subditur,

1882 635 1949 689 ad
2000 636 2183 692 lumen
2230 637 2500 710 innitatur,
2558 652 2616 698 ut
2670 644 2760 715 qui
2813 648 3061 718 exempla
3106 652 3362 721 sequitur,
3423 644 3479 708 in

1880 723 2140 781 doctrinae
2170 726 2374 782 altioris
2401 729 2771 800 eruditionem,
2794 735 2946 803 quasi
2964 735 3019 789 in
3032 754 3226 809 magna
3247 742 3477 797 lucerna)

1877 811 1998 869 luce
2028 823 2295 870 nascatur.
2330 816 2440 880 Qui
2472 835 2606 893 ergo
2636 822 2880 877 eruditus
2909 823 2977 878 ad
3008 826 3272 893 majorum
3294 845 3476 884 exem-

1876 900 1968 969 pla
2001 910 2101 972 per
2129 904 2487 962 humilitatem
2525 909 2819 979 reducitur,
2875 914 3140 982 exemplis
3195 915 3479 975 instructus

1876 984 1949 1043 ad
1981 989 2375 1077 Scriptu'rarum
2425 997 2770 1068 splendorem
2825 1000 3084 1056 discendo
3140 1004 3475 1077 subtevatur,

1876 1076 2015 1132 bene
2044 1095 2139 1134 rex
2169 1070 2309 1137 ﬁlius
2337 1083 2479 1152 duri,
2513 1094 2565 1140 et
2607 1086 2859 1157 princeps
2904 1088 3137 1146 lucerna
3184 1090 3327 1147 ﬁlius
3357 1111 3475 1153 esse

1872 1156 2211 1234 perhibetur.
2247 1171 2407 1227 Tales
2442 1173 2566 1242 viri,
2599 1156 2726 1245 quia
2773 1156 2960 1232 electis
3007 1177 3252 1234 fidelibus
3280 1183 3477 1242 utiliter

1874 1258 2249 1326 prmeminent,
2274 1252 2404 1330 quia
2432 1262 2705 1333 subjectos
2733 1264 2802 1319 ad
2824 1265 3077 1321 virtutum
3093 1267 3349 1328 victorias
3368 1272 3473 1329 fcr-

1875 1344 1996 1398 titer
2013 1347 2314 1415 provehunt
2342 1363 2357 1419 ;
2388 1350 2629 1420 sequitur
2659 1369 2673 1408 :

1937 1422 2114 1501 (Vers.
2139 1436 2252 1505 52.)
2274 1439 2411 1494 Erat
2463 1444 2659 1496 autem
2706 1443 2919 1500 bellum
2947 1449 3148 1517 potens
3205 1449 3475 1509 adversus

1874 1519 2190 1579 Philistwos
2219 1527 2475 1583 omnibus
2504 1527 2699 1585 diebus
2732 1531 2888 1587 Saul.

1941 1610 2030 1663 73.
2066 1611 2256 1667 Debile
2287 1622 2337 1668 et
2392 1617 2618 1672 omnino
2670 1617 2940 1674 inﬁrmum
3000 1622 3202 1679 bellum
3260 1627 3478 1685 illorum

187 1704 273 1743 non
300 1690 570 1747 fedentur.
604 1693 711 1749 Sed
741 1694 869 1765 quid
907 1704 986 1751 est
1034 1698 1179 1769 quod
1221 1701 1482 1769 patruelis
1517 1702 1645 1757 Saul
1676 1704 1758 1758 di-
1787 1720 1843 1781 Β
1873 1697 2156 1789 doctorum
2185 1709 2284 1771 est,
2315 1704 2409 1774 qui
2438 1720 2539 1759 nec
2585 1706 2766 1762 lumen
2804 1708 3005 1764 habent
3049 1712 3247 1770 divinae
3276 1720 3474 1789 cogni-

186 1778 337 1833 citnr?
365 1779 636 1837 Patruelis
665 1790 845 1838 autem
873 1784 1070 1840 dicitur
1097 1786 1195 1857 qui
1233 1790 1472 1844 nascitur
1499 1806 1565 1846 ex
1596 1790 1761 1848 fratre

182 1868 343 1936 patris.
371 1870 531 1926 Unde
563 1879 617 1926 et
644 1872 732 1928 hic
761 1887 980 1943 quoque
1013 1874 1358 1948 subjungitur
1389 1894 1402 1934 :

239 1973 398 2042 (Vere.
431 1977 556 2046 51.)
580 1979 671 2034 Cic
684 1981 1052 2052 [herutpater
1072 1981 1233 2050 Sani,
1252 1988 1309 2040 et
1333 1984 1446 2041 Ner
1457 1990 1627 2059 pater
1648 1988 1760 2045 Ab-

184 2077 268 2118 ner
293 2064 441 2132 ﬁlius
464 2066 643 2123 Abite.

238 2170 313 2223 72.
341 2168 409 2225 Et
436 2188 570 2227 cum
600 2174 887 2247 eligendus
917 2195 1014 2233 rex
1052 2185 1344 2251 peteretur,
1387 2181 1590 2237 dictum
1626 2193 1714 2240 est
1744 2205 1756 2240 :

185 2256 363 2313 Etet-st
385 2260 471 2315 vir
492 2263 734 2319 nomine
754 2265 841 2320 Cic
860 2267 1016 2335 ﬁlius
1039 2269 1246 2339 ama
1258 2273 1388 2342 Reg.
1404 2286 1485 2339 ix,
1520 2274 1593 2340 i).
1620 2272 1762 2340 Quia

186 2346 404 2402 vercista
429 2350 625 2419 stirpis
651 2352 823 2424 regite
862 2355 1083 2410 nomina
1113 2358 1240 2427 quid
1285 2357 1610 2430 signiﬁcent,
1644 2360 1759 2431 ple-

185 2432 283 2487 nius
329 2439 722 2509 exposuimus;
778 2441 883 2497 hoc
932 2446 1307 2501 tantummodo
1363 2448 1754 2518 exprimamus,

185 2524 427 2593 quomodo
456 2528 643 2581 Abner
662 2528 923 2598 patruelis
965 2531 1093 2587 Saul
1143 2548 1266 2589 esse
1312 2535 1596 2591 referatur.
1651 2538 1758 2593 Sed

185 2607 285 2664 Ssui
310 2610 444 2666 filius
471 2614 587 2683 Cie,
622 2616 680 2669 id
709 2624 790 2672 est
835 2617 955 2673 duri
1002 2631 1123 2677 esse
1164 2624 1539 2694 cognoscitur;
1574 2624 1760 2681 Abner

181 2696 310 2753 etiam
339 2700 577 2757 lucorum
602 2700 745 2758 filius
772 2705 1111 2775 perhibetur.
1149 2710 1354 2764 Durum
1383 2712 1556 2785 hunc,
1578 2721 1756 2769 auste-

176 2800 237 2839 ra
268 2788 417 2843 nimis
443 2791 876 2847 conversationis
896 2795 1046 2849 viros
1076 2797 1420 2853 ostendimus
1437 2799 1747 2870 designare,

174 2871 263 2926 Ner
281 2874 552 2932 lucernam
578 2878 940 2950 interpretem
976 2882 1120 2951 Quid
1166 2892 1248 2940 est
1292 2886 1459 2957 igitur
1487 2888 1634 2958 quod
1663 2888 1752 2942 lu-

172 2976 322 3029 ceras,
342 2972 392 3019 et
419 2963 596 3020 durus
642 2968 884 3037 ejusdem
913 2971 1085 3039 patris
1140 2986 1259 3028 esse
1318 2973 1415 3028 filii
1470 2975 1745 3042 dicuntur,

174 3047 256 3102 nisi
281 3053 399 3121 quia
424 3067 457 3108 ι
494 3054 619 3109 Deo
643 3062 744 3122 est,
777 3064 829 3112 et
857 3060 1004 3127 quod
1044 3059 1321 3132 Scriptura
1349 3071 1533 3118 sancta
1559 3072 1739 3121 auste-
1773 3067 1824 3130 C

175 3152 273 3191 rum
298 3142 563 3213 praecipit,
578 3152 628 3198 et
660 3144 834 3200 virtus
846 3148 1082 3204 exterior
1099 3149 1251 3205 dura;
1268 3151 1696 3208 conversationis
1713 3154 1740 3207 ‘l

176 3225 328 3282 Frater
350 3230 556 3302 quippe
586 3232 820 3297 lucerna
849 3234 1014 3290 durus
1042 3245 1143 3305 est,
1193 3238 1320 3308 quia
1366 3241 1602 3309 gratiam
1632 3242 1741 3296 im-

175 3313 355 3383 plendis
381 3317 526 3389 legis
558 3320 630 3373 ab
656 3335 722 3376 eo
751 3321 912 3378 habet
931 3340 961 3378 a
990 3340 1096 3394 quo
1117 3326 1343 3396 ipsalex
1363 3337 1541 3384 ortum
1558 3330 1739 3386 habet.

178 3403 302 3460 Unde
326 3416 381 3463 et
423 3409 710 3486 Psalmista
745 3410 1079 3469 conﬁdenter
1112 3418 1458 3486 repromittit,
1509 3419 1694 3474 dicens
1724 3438 1736 3475 :

179 3487 367 3546 Etenim
386 3483 849 3554 benedictionem
869 3498 1043 3567 dabit,
1060 3503 1156 3571 qui
1175 3483 1353 3573 legem
1383 3483 1538 3559 dedit
1561 3505 1735 3572 (Prol.

178 3588 377 3647 unm,
407 3588 483 3653 7).
532 3585 738 3657 Legem
774 3588 974 3659 quippe
1017 3589 1146 3645 dare
1192 3598 1272 3645 est
1302 3600 1566 3662 praecepta
1615 3593 1738 3649 vitai

177 3664 326 3753 electis
350 3672 616 3741 proferre,
648 3673 1084 3732 benedictionem
1121 3678 1286 3733 etiam
1314 3678 1450 3735 dare
1496 3687 1576 3735 est
1602 3696 1739 3753 gra-

177 3752 275 3808 tistn
298 3757 586 3828 ithplcndm
624 3761 765 3831 legis
811 3763 1143 3835 impendere.
1186 3765 1327 3835 Quia
1372 3783 1505 3840 ergo
1529 3752 1739 3826 abiuno

175 3850 270 3896 sunt
316 3850 419 3901 tam
468 3848 661 3905 lumen
717 3850 1009 3922 Scriptum
1065 3864 1233 3925 quam
1290 3856 1562 3927 asperitas
1615 3858 1740 3914 vitae

172 3936 359 4001 nostrai,
380 3936 469 3990 Gis
496 3946 557 3992 et
578 3938 691 3994 Ner
720 3938 880 3995 unius
908 3942 1074 4010 patris
1104 3942 1198 3997 ﬁlii
1244 3959 1363 4001 esse
1402 3946 1734 4001 referuntur.

171 4016 318 4075 Abusr
342 4038 475 4096 ergo
502 4025 650 4080 ﬁlius
675 4028 808 4094 Ner.
839 4029 968 4085 Ssul
988 4032 1135 4102 regis
1156 4032 1418 4101 patruelis
1447 4049 1570 4089 esse
1599 4042 1739 4090 recte

170 4103 341 4175 dicitur,
372 4114 499 4181 quia
530 4115 626 4186 qui
653 4115 723 4170 sd
751 4126 936 4172 curam
966 4119 1271 4175 Animarum
1316 4120 1552 4193 eligitur.
1584 4122 1739 4179 dune

171 4200 211 4245 ει
231 4209 417 4267 «perm
445 4203 580 4258 vita
607 4203 811 4261 debere
840 4218 960 4261 esse
984 4206 1280 4275 judicatur.
1314 4208 1422 4265 Sed
1471 4210 1561 4281 qui
1590 4226 1738 4281 prais-

171 4283 431 4346 diutorem
459 4293 746 4362 adjutores
797 4308 921 4350 esss
954 4297 1195 4366 cupiunt,
1228 4312 1505 4368 nunquam
1544 4308 1731 4372 agunt»

171 4376 548 4475 qundneupiunt,
580 4382 627 4436 si
653 4383 835 4438 lumen
866 4382 1156 4455 Scriptum
1184 4392 1403 4454 sancta,
1427 4388 1482 4478 in
1514 4402 1619 4458 quo
1634 4401 1734 4459 per
1758 4406 1817 4478 Ι)

170 4464 494 4536 ωσηίαοηιω
534 4470 785 4541 concepti
812 4479 962 4540 sunt,
993 4472 1047 4526 in
1079 4473 1222 4530 bona
1238 4477 1548 4545 operatione
1567 4485 1730 4550 atque

170 4562 326 4609 uncta
340 4559 749 4630 praedicatione,
780 4560 926 4617 velut
952 4563 1246 4629 nascendo,
1279 4578 1386 4619 non
1415 4565 1725 4635 perﬁciunt.

170 4636 275 4696 (tam
303 4656 426 4703 vero
473 4648 874 4720 Scripturut'um
922 4658 1232 4706 sanctarum
1269 4653 1511 4724 cognitio
1556 4655 1731 4727 magis

167 4733 360 4788 smmis
386 4736 701 4792 doctoribus
728 4752 888 4808 quam
919 4751 1106 4794 eorum
1134 4738 1471 4808 adjutoribus
1499 4742 1729 4799 subditis

169 4815 487 4894 admittatur,
516 4825 572 4881 si
599 4824 854 4897 exempla
888 4827 1314 4883 conversationis
1353 4829 1508 4899 sequi
1555 4830 1730 4902 magis

168 4904 421 4966 mitioribus
473 4920 634 4982 quem
697 4914 998 4984 majoribus
1048 4915 1335 4971 convenire
1388 4917 1673 4974 videantur
1714 4938 1725 4991 ε

168 4992 265 5059 quid
290 4996 543 5070 estquod
571 5000 695 5055 duri
725 5000 867 5057 ﬁlius
911 5017 1009 5058 rex
1051 5002 1267 5072 dicitur,
1311 5002 1551 5061 lucerna:
1594 5014 1726 5063 Vero

165 5075 275 5135 ﬁlius
296 5085 487 5142 dicitur
514 5087 766 5160 princeps
795 5089 940 5161 regis
958 5092 987 5142 ‘l
1018 5091 1128 5145 Sed
1164 5092 1252 5146 his
1282 5092 1468 5147 Verbis
1496 5098 1603 5148 non
1633 5095 1715 5149 sim

1872 1785 2030 1841 tionis
2076 1790 2241 1859 389
2291 1807 2389 1847 nec
2447 1793 2818 1850 fortitudinem
2864 1797 2989 1854 boni
3028 1802 3223 1871 operis.
3285 1785 3481 1862 Potens

1868 1890 2003 1948 ergo
2037 1875 2237 1932 bellum
2262 1879 2480 1949 dicitur,
2516 1885 2738 1955 quando
2761 1885 2947 1942 eiectis
2976 1880 3230 1959 plebibus
3260 1893 3384 1949 duri
3414 1896 3472 1948 ﬁ-

1869 1962 1931 2016 lii
1962 1964 2320 2035 dominantur,
2370 1970 2499 2041 quia
2554 1970 2644 2025 ille
2699 1982 2877 2044 potest
2931 1977 3049 2031 aliis
3101 1979 3303 2035 utiliter
3332 1982 3479 2039 bona

1870 2051 2071 2119 dicere,
2106 2054 2195 2123 qui
2226 2059 2509 2113 consuevit
2538 2060 2706 2115 verba
2745 2078 2949 2136 magna
2992 2068 3309 2136 operatione
3337 2084 3477 2141 prm-

1868 2141 1971 2196 ire.
2012 2142 2121 2198 Sed
2143 2151 2197 2198 et
2221 2144 2489 2201 subtiliter
2518 2156 2597 2202 est
2636 2140 2955 2205 intuendum
3011 2155 3153 2224 quod
3186 2156 3480 2226 implexius

1867 2229 2065 2285 dicitur
2096 2249 2108 2285 :
2146 2233 2375 2289 Cunctis
2405 2235 2599 2291 diebus
2629 2238 2796 2293 Saul.
2838 2239 2979 2307 Quid
3011 2251 3139 2297 sunt
3177 2245 3292 2300 dies
3323 2247 3473 2314 Saul,

1868 2318 1970 2372 nisi
1993 2318 2127 2374 lucis
2143 2335 2313 2391 Opera
2328 2323 2356 2373 ἱ)
2387 2320 2545 2390 Quod
2566 2324 2767 2379 bellum
2784 2326 3021 2382 doctoris
3041 2331 3289 2387 estaliud
3309 2351 3471 2405 quam

1867 2407 2015 2477 quod
2066 2408 2255 2481 lingua
2313 2410 2641 2466 conﬁcitur?
2698 2413 2963 2469 Omnibus
3024 2417 3204 2489 itaque
3269 2422 3461 2479 diebus

1868 2492 2091 2566 pugnat,
2126 2490 2216 2566 qui
2252 2500 2418 2553 multa
2447 2500 2587 2555 alios
2621 2501 2797 2567 docet,
2829 2503 2925 2557 sed
2954 2505 3028 2559 nil
3056 2507 3303 2565 docendo
3334 2528 3468 2581 pro-

1868 2582 1991 2649 fert,
2023 2584 2125 2637 nisi
2156 2588 2300 2654 quod
2326 2602 2423 2641 suo
2454 2589 2602 2657 prius
2634 2589 2807 2662 fulget
2847 2606 3029 2661 opere.
3063 2596 3124 2648 In
3153 2596 3241 2651 die
3272 2599 3473 2654 etenim

1866 2686 1962 2725 sua
1995 2680 2215 2755 pugnat,
2250 2674 2339 2743 qui
2371 2673 2537 2730 verba
2551 2678 2957 2746 praedicationis
2981 2690 3048 2736 ex
3072 2685 3474 2755 prepriatrahit

1864 2758 1983 2814 luce
2012 2752 2240 2843 virtutis.
2273 2760 2333 2814 In
2391 2756 2479 2817 die
2524 2780 2662 2834 ergo
2719 2760 2896 2822 alieno
2938 2752 3187 2841 pugnare
3209 2773 3340 2841 vult,
3374 2778 3465 2843 qui

1863 2836 2128 2903 contraire
2159 2845 2407 2917 reprobis
2464 2850 2746 2920 spiritibus
2793 2836 3155 2927 satagitan
3194 2836 3469 2932 loquendo

1865 2944 1984 3004 quas
2012 2936 2146 3006 agit,
2179 2934 2274 2990 Sed
2305 2932 2652 3007 praedicando
2696 2950 2816 3010 quae
2858 2942 3024 2999 novit.
3072 2942 3183 3001 Sed
3213 2950 3466 3006 omnibus

1861 3020 2051 3078 diebus
2082 3032 2286 3095 pugnat
2316 3042 2329 3078 :
2366 3026 2493 3097 quia
2523 3020 2706 3082 Omnia
2743 3030 3019 3101 praecepta
3066 3024 3165 3089 Dei
3222 3039 3459 3093 ostendit

1853 3111 1907 3165 in
1939 3106 2059 3166 luce
2087 3112 2286 3196 Operis,
2329 3129 2454 3183 quae
2506 3112 2894 3186 Subsequendo
2944 3121 3053 3174 vult
3093 3121 3332 3192 pandere
3362 3141 3458 3196 per

1858 3208 2040 3255 curam
2071 3194 2491 3279 pvt‘tediCalionis.
2551 3200 2740 3259 Merito
2784 3196 2967 3277 itaque
3002 3208 3204 3264 bellum
3258 3194 3457 3282 potens

1857 3288 2068 3357 dicitur,
2099 3276 2151 3343 in
2185 3305 2291 3360 quo
2320 3305 2443 3345 cum
2473 3286 2788 3348 omnimodo.
2814 3276 3091 3365 virtutum,
3111 3296 3196 3353 vel
3227 3314 3455 3370 Operum

1852 3377 1971 3431 luce
2008 3384 2302 3450 pugnatur.
2344 3372 2524 3434 Potest
2552 3380 2714 3434 etiam
2758 3397 2860 3451 per
2890 3380 2993 3439 hoc
3021 3382 3168 3455 quod
3198 3388 3455 3444 omnibus

1850 3460 2041 3521 diebu$
2070 3472 2317 3540 pugnare
2345 3460 2563 3531 dicitur.
2608 3472 2805 3539 agonis
2852 3466 3149 3541 spiritualis
3194 3468 3453 3534 instantia

1850 3553 2153 3625 designari.
2194 3554 2295 3624 Qui
2319 3553 2462 3611 enim
2490 3556 2655 3611 vitam
2705 3548 2852 3614 dncit
2894 3558 3110 3630 plenam
3141 3556 3447 3636 virtutibus,

1849 3643 1905 3697 in
1935 3633 2131 3698 diebus
2162 3637 2310 3699 vivit.
2347 3644 2564 3700 Cunctis
2610 3656 2745 3719 ergo
2794 3640 2987 3703 diebus
3027 3647 3229 3707 bellum
3259 3633 3453 3724 potens
3549 3723 3552 3726 ἢ

1847 3726 2007 3786 electi
2057 3728 2294 3787 doctoris
2342 3734 2671 3803 agnoscitur,
2732 3726 2861 3804 quia
2906 3737 2954 3791 is
3004 3750 3219 3809 semper
3273 3732 3449 3800 malos

1848 3812 2071 3890 spiritus
2100 3826 2358 3890 superare
2389 3824 2652 3891 Cernitur,
2684 3818 2772 3894 qui
2804 3842 2836 3879 a
2864 3816 2983 3882 luce
3015 3827 3268 3884 virtutum
3299 3848 3447 3887 nun-

1848 3915 2009 3978 quam
2068 3912 2366 3978 separalur.
2428 3906 2535 3965 Sed
2590 3908 2794 3967 habent
2839 3910 2992 3970 electi
3049 3908 3146 3970 viri
3197 3920 3481 3987 virtutem,

1849 3988 2156 4068 prmliandi,
2188 3995 2389 4052 habent
2418 4007 2467 4053 et
2498 3996 2851 4055 humilitatem
2881 4000 3109 4058 timoris.
3134 4002 3241 4061 Per
3269 4000 3446 4063 virtu-
3478 3993 3484 3999 ”

1852 4092 1957 4141 tem
1989 4080 2342 4155 triumphant,
2367 4082 2460 4141 sed
2489 4096 2590 4157 per
2621 4082 2868 4144 timorem
2887 4082 3088 4147 auxilia
3108 4098 3447 4167 Congregare

1847 4180 1957 4228 neu
1986 4180 2222 4228 cessant.
2255 4168 2411 4230 Unde
2454 4183 2601 4230 tanto
2646 4176 2840 4231 fortius
2866 4176 3191 4248 praeliantur,
3243 4192 3444 4255 quanto

1846 4266 1897 4317 et
1928 4255 2066 4317 vires
2096 4257 2423 4334 confligendi
2468 4272 2808 4336 congregare
2847 4281 2955 4320 non
2997 4260 3265 4325 desinunt.
3298 4272 3443 4327 Bene

1846 4366 1976 4424 ergo
2007 4358 2171 4407 eausa
2197 4346 2436 4421 potentis
2461 4347 2593 4406 belli
2623 4347 2969 4425 subjungitur
3000 4372 3013 4409 :

1913 4459 2090 4527 (Vers.
2123 4458 2238 4526 52.)
2269 4458 2409 4513 Nam
2431 4473 2816 4531 quemcunque
2838 4462 3054 4517 videbat
3083 4463 3222 4520 Saut
3251 4468 3439 4526 virum

1835 4547 2043 4615 fortem
2072 4550 2129 4601 et
2155 4549 2354 4618 aptum
2383 4546 2456 4602 ad
2486 4549 2775 4618 praetium,
2806 4549 3050 4607 sociabat
3079 4569 3208 4609 eum
3230 4555 3363 4635 sibi.

1908 4645 1995 4698 74.
2030 4642 2192 4710 Quasi
2222 4644 2367 4699 dicat
2399 4662 2412 4699 :
2446 4644 2654 4700 Idcirco
2697 4645 2900 4702 bellare
2924 4655 3172 4718 potenter
3197 4660 3432 4725 poterat,
3476 4680 3483 4698 -

1838 4730 1963 4800 quia
1990 4740 2334 4803 congregare
2387 4732 2681 4787 exercitum
2724 4749 2831 4790 non
2870 4736 3137 4792 cessabat.
3169 4738 3279 4795 Sed
3310 4742 3437 4811 quia

1836 4833 1941 4873 non
1970 4819 2141 4873 salum
2174 4819 2358 4889 fortes,
2391 4821 2489 4875 sed
2545 4822 2710 4877 etiam
2758 4832 2915 4893 aptos
2957 4824 3026 4879 ad
3056 4827 3298 4895 prmlitim
3330 4830 3439 4884 sibi

1834 4907 2070 4962 sociasse
2096 4906 2309 4976 dicitur,
2339 4918 2527 4964 cautus
2586 4910 2783 4965 doctor
2823 4911 2879 4965 in
2917 4912 3201 4984 eligendis.
3235 4915 3437 4970 Christi

1835 4994 2095 5049 milillths
2144 4995 2562 5054 demonstratur.
2620 4999 2806 5053 Fortes
2859 5006 3039 5055 autem
3094 5000 3165 5054 ad
3209 5002 3437 5057 ferenda

1833 5097 2002 5138 onera
2032 5083 2248 5152 quidam
2274 5093 2414 5150 sunt,
2446 5100 2552 5140 non
2608 5087 2681 5140 ad
2717 5086 2904 5155 praelia
2951 5088 3272 5155 exercenda,
3306 5090 3435 5161 quia

165 5165 339 5233 gniﬁcat
367 5177 513 5245 quod
554 5176 750 5231 gummi
807 5179 1054 5233 αοοιοιοεε
1099 5187 1153 5233 et
1197 5192 1384 5235 eorum
1441 5179 1717 5250 .djumpes
1824 5171 2054 5241 praeliari
2083 5172 2152 5225 de
2183 5172 2497 5228 fortitudine
2527 5190 2623 5227 sua
2652 5174 2781 5228 dum
2802 5173 3068 5245 nesciunt,
3086 5187 3432 5245 nequaquam

166 5254 343 5329 habent,
372 5264 468 5319 sed
498 5276 790 5336 suppresso
843 5266 990 5338 quod
1032 5266 1254 5335 habent,
1286 5269 1514 5337 expauit
1567 5271 1712 5341 quod

1864 5267 2067 5314 essunt.
2099 5259 2218 5314 Viri
2247 5269 2383 5333 ergo
2440 5261 2609 5315 fortes
2656 5268 2709 5315 et
2737 5263 2809 5315 ad
2858 5262 3106 5333 pr‘mllum
3138 5264 3248 5333 apti
3279 5274 3429 5320 sunt:

164 5342 351 5445 singulis
372 5352 645 5423 agendum
674 5357 778 5409 est.
808 5355 921 5409 Rex
951 5356 1171 5426 quippe,
1188 5356 1443 5445 videlicet
1469 5363 1712 5413 summus

1864 5345 1917 5402 ui
1947 5347 2129 5403 sciunt
2154 5358 2417 5420 pugnare,
2440 5357 2493 5404 et
2511 5348 2723 5404 volunt.
2744 5351 2847 5402 Per
2866 5350 3197 5405 voluntatem
3222 5353 3451 5424 quippe,
3545 5367 3564 5379 "

1820 5431 1990 5487 fortes
2015 5439 2154 5498 sunt,
2185 5441 2237 5486 et
2291 5448 2389 5502 per
2423 5431 2700 5488 scientiam
2758 5432 2870 5502 apti
2911 5433 2983 5488 ad
3038 5435 3425 5505 praeliandum.

168 5432 397 5494 calceus
426 5442 767 5511 pmdiutcr,
791 5442 919 5514 quia
941 5443 1058 5513 jstn
1087 5458 1186 5515 per
1211 5444 1494 5500 ultissimm
1522 5446 1708 5501 erudi-

168 5518 295 5577 tionis
316 5528 605 5599 scientiam,
655 5526 946 5602 Scriptum
1002 5532 1183 5588 iumen
1237 5532 1422 5601 habet,
1469 5544 1577 5589 non
1631 5535 1711 5591 sic

1864 5520 1973 5588 1A0
2013 5519 2383 5587 Quorumdam
2440 5532 2572 5590 ergo
2614 5521 2890 5577 temeritas
2946 5538 2979 5578 a
3027 5523 3223 5580 Christi
3282 5526 3427 5583 bello
