3996 6164
496 273 602 325 407

1695 268 1943 324 SANCTI
1983 263 2325 321 GREGORII
2362 264 2595 320 MAGNI
3659 272 3748 324 408

498 393 802 464 repellitur,
848 409 971 447 cum
1025 392 1139 465 apti
1175 402 1228 449 et
1268 395 1441 450 fortes
1496 394 1652 450 electi
1702 401 2088 449 memorantur.
2127 392 2181 451 A
2213 391 2354 446 ﬁrmi
2382 390 2786 462 pertimescunt.
2818 388 2962 456 Quid
2992 403 3122 460 ergo
3151 388 3262 453 isti,
3283 386 3383 441 nisi
3410 386 3569 444 fortes
3589 397 3752 447 etnon

498 482 645 536 Nam
677 481 895 551 quidam
927 481 1103 537 sciunt
1124 498 1245 537 cum
1268 483 1488 539 diabolo
1511 498 1777 555 pugnare,
1803 490 1857 538 et
1885 481 2091 561 nolunt.

501 568 785 639 Sapientes
813 569 1034 639 quidem
1060 577 1201 636 sunt,
1234 578 1293 624 ut
1323 570 1527 627 faciant
1556 570 1720 637 mala,
1744 570 1885 625 bona
1914 577 2094 624 autem

500 656 678 712 facere
706 658 951 712 nesciunt
973 658 1200 727 (Jerem.
1228 674 1304 726 IV,
1333 660 1441 728 22).
1468 659 1533 712 Hi
1564 659 1784 729 antiquo
1816 657 1959 713 hosti
1989 674 2095 713 ser-

500 744 618 799 vire
647 745 857 811 volunt,
888 747 1144 802 resistere
1177 747 1383 802 nolunt.
1419 746 1561 816 Quid
1590 747 1734 801 enim
1788 746 1952 802 faciat
2000 746 2093 801 do-

499 841 636 902 ctor,
668 834 710 887 si
742 841 898 904 aptos
929 834 1061 889 istos
1089 834 1160 888 ad
1184 835 1435 904 praelium
1466 834 1572 889 sibi
1602 835 1789 891 societ.
1811 836 1989 908 Magis
2017 843 2094 890 ta-

500 922 580 976 les
607 930 831 992 possunt
859 922 996 977 alios
1024 938 1125 993 per
1153 923 1405 993 exempla
1444 923 1718 979 destruere
1767 939 1927 993 quam
1975 923 2094 992 ipse

498 1024 604 1079 per
627 1009 852 1065 verbum
883 1010 1170 1066 zediﬁcare.
1203 1012 1342 1065 Nam
1364 1018 1417 1066 et
1435 1026 1580 1080 saepe
1612 1011 1740 1067 tales
1771 1013 1971 1067 docere
2001 1028 2096 1066 au-

503 1097 655 1164 dent,
679 1105 731 1152 et
760 1098 987 1153 docendi
1010 1100 1265 1154 virtutem
1288 1100 1564 1170 operando
1595 1115 1706 1155 non
1735 1108 1933 1155 tenent.
1960 1102 2094 1155 Cum

500 1185 797 1258 loquuntur
820 1186 1121 1255 nobiscum,
1146 1186 1203 1241 in
1227 1189 1412 1243 hostes
1431 1188 1660 1256 irruunt,
1684 1188 1777 1243 sed
1805 1204 1905 1259 per
1925 1203 2096 1259 opera

501 1274 684 1329 subito
711 1274 769 1328 in
798 1274 1003 1330 viscera
1031 1279 1217 1329 nostra
1246 1283 1583 1347 torquentur.
1608 1277 1767 1331 Velut
1790 1277 2095 1346 proditores

502 1361 723 1432 quidam
743 1363 1036 1430 exercitus,
1055 1380 1205 1418 arma
1223 1363 1542 1419 Christianas
1561 1363 1825 1420 doctrina:
1842 1365 2090 1435 induunt,

502 1458 557 1505 et
582 1466 681 1521 per
702 1450 951 1521 exempta
982 1451 1162 1506 subito
1191 1452 1448 1521 parvulos
1476 1452 1670 1506 Christi
1703 1453 1919 1522 feriunt,
1955 1469 2094 1525 quos

503 1537 642 1592 velle
672 1545 960 1608 protegere
991 1537 1263 1608 loquendo
1292 1538 1637 1608 putabamus.
1664 1540 1785 1594 Non
1814 1542 1930 1610 apti
1963 1558 2094 1615 ergo

502 1625 601 1681 viri
632 1626 798 1681 fortes
824 1625 1147 1696 repellendi,
1182 1642 1290 1682 non
1332 1627 1569 1683 sociandi
1601 1628 1763 1683 nobis
1791 1639 1931 1699 sunt,
1967 1633 2094 1703 quia

2201 481 2313 551 apti
2342 488 2482 544 sunt,
2507 479 2598 551 qui
2631 477 2818 534 saeculi
2840 492 3037 549 magna
3068 478 3290 542 faciunt,
3318 484 3369 531 et
3397 476 3577 533 Christi
3605 494 3753 551 agere

2202 569 2344 624 levia
2376 576 2427 623 et
2456 568 2657 622 blanda
2685 582 2795 621 non
2823 574 3053 636 possunt
3072 567 3101 619 *Ρ
3134 565 3301 634 Saepe
3329 565 3485 619 etiam
3514 566 3565 619 in
3591 582 3755 622 mona-

2205 657 2378 712 steriis
2407 659 2805 723 convertuntur,
2834 663 2887 709 et
2907 654 2995 724 qui
3016 651 3199 709 saeculi
3230 667 3396 708 onera
3423 652 3624 709 fortiter
3640 656 3753 710 tule-

2203 753 2321 800 rant
2344 746 2395 799 in
2415 745 2628 814 parvis,
2653 760 2772 815 quae
2789 751 2976 815 agunt,
2999 743 3155 813 quasi
3172 742 3311 796 inter
3328 756 3545 813 magnos
3564 741 3756 798 labores

2203 834 2414 888 sudant.
2441 833 2583 902 Quid
2613 848 2745 904 ergo
2783 832 2866 885 his
2882 830 3071 886 verbis
3098 830 3411 895 ostenditur,
3434 829 3531 883 nisi
3550 838 3605 883 ut
3633 832 3759 886 viros

2203 922 2274 976 ad
2295 921 2492 976 Christi
2521 920 2767 975 militiam
2798 936 2917 974 cum
2946 934 3149 990 magna
3177 917 3334 971 nobis
3356 916 3659 972 discretione
3683 933 3758 973 so-

2203 1011 2429 1075 ciemus,
2454 1025 2555 1064 nee
2575 1008 2959 1065 accedentibus
2980 1016 3103 1062 ante
3123 1006 3459 1078 praebeamus
3479 1005 3758 1076 ingressum

2205 1114 2365 1171 quam
2387 1114 2482 1153 eos
2512 1106 2564 1152 et
2593 1106 2747 1169 aptos
2775 1113 2875 1167 per
2893 1095 3190 1157 scientiam.
3213 1102 3266 1149 et
3286 1094 3451 1148 fortes
3470 1109 3561 1164 per
3580 1094 3759 1150 bonam

2202 1188 2535 1245 voluntatem
2566 1202 2691 1241 esse
2713 1186 2952 1239 sciamus
2967 1186 2996 1237 ‘?
3016 1185 3249 1238 Possunt
3269 1190 3446 1236 autem
3467 1181 3654 1237 idcirco
3671 1182 3760 1236 viri

2202 1278 2372 1333 fortes
2402 1283 2453 1332 et
2482 1274 2595 1345 apti
2645 1275 2716 1327 ad
2761 1272 3007 1345 praelium
3036 1271 3164 1339 dici,
3193 1270 3287 1342 'qui
3321 1269 3586 1335 Amalech,
3616 1268 3666 1323 id
3693 1278 3764 1325 est

2202 1365 2489 1421 libidinum
2520 1363 2666 1416 bella
2695 1362 3121 1432 subsequuntur.
3187 1359 3327 1412 Nam
3357 1358 3455 1412 viri
3485 1358 3642 1412 fortes
3668 1373 3763 1412 non

2204 1461 2348 1520 sunt,
2381 1453 2472 1523 qui
2502 1450 2752 1507 carnales
2798 1446 3268 1519 eoneupiscentias
3308 1445 3640 1516 exstinguere
3675 1461 3764 1501 ne-

2204 1550 2429 1615 queunt.
2460 1541 2522 1594 Et
2554 1539 2667 1610 apti
2714 1538 2781 1593 ad
2822 1538 3066 1608 praelium
3112 1550 3219 1590 non
3265 1534 3532 1597 videntur,
3562 1533 3646 1603 qui
3681 1547 3766 1603 pro

2202 1630 2484 1705 publicitia
2514 1629 2621 1699 apti
2654 1628 2723 1681 ad
2746 1626 3102 1696 praeliandnm
3133 1639 3242 1678 non
3269 1630 3411 1675 sunt.
3449 1621 3623 1692 Eligat
3649 1635 3766 1690 ergo

504 1729 607 1785 per
621 1714 890 1784 sapientes
911 1715 1176 1785 reprobos
1198 1715 1363 1770 robur
1383 1724 1625 1771 nostrum
1649 1717 1958 1787 destruitur,
1984 1737 2091 1776 non
2123 1734 2178 1796 Β
2209 1724 2401 1776 doctor
2430 1718 2629 1773 milites
2658 1714 2878 1783 Christi,
2913 1714 3080 1786 eligat
3110 1713 3299 1779 fortes,
3332 1720 3389 1765 ut
3416 1710 3537 1769 dum
3569 1724 3767 1764 carnem

505 1811 756 1874 augetur.
790 1803 896 1871 Qui
925 1819 1057 1875 ergo
1087 1813 1209 1858 sunt
1240 1804 1406 1859 fortes
1437 1812 1489 1859 et
1518 1821 1625 1859 non
1656 1807 1787 1876 apti,
1820 1807 1923 1862 nisi
1954 1825 2092 1881 quos

2201 1810 2411 1868 fortiter
2430 1808 2673 1871 domant,
2698 1802 3009 1858 immundos
3033 1800 3257 1873 spiritus
3280 1806 3526 1869 potenter
3544 1799 3765 1852 vincant.

503 1891 754 1946 videmus
784 1907 952 1946 onera
981 1891 1167 1948 saeculi
1199 1892 1409 1947 fortiter
1438 1893 1598 1961 ferre,
1632 1902 1685 1948 et
1716 1893 2089 1953 fortitudinem
2200 1900 2383 1971 Eligat
2413 1912 2550 1968 ergo
2593 1902 2752 1964 aptos
2798 1892 2869 1947 ad
2912 1890 3164 1961 praelium
3178 1910 3201 1953 ;
3228 1896 3286 1943 ut
3315 1887 3441 1942 dum
3474 1888 3608 1941 inter
3636 1887 3765 1939 dona

503 1994 659 2033 suam
697 1979 750 2033 in
791 1980 1075 2034 servitium
1117 1980 1423 2036 Conditoris
1479 1982 1769 2038 transferre
1826 1986 2033 2041 nescire
2062 1988 2091 2039 ‘?

500 2067 642 2135 Nam
655 2067 849 2138 jugum
866 2067 1167 2137 hominum,
1183 2076 1235 2124 et
1251 2084 1480 2141 magnos
1499 2072 1682 2127 saeculi
1703 2072 1920 2128 labores
1944 2074 2092 2130 forti-

500 2164 585 2210 ter
615 2156 814 2222 ierunt,
847 2156 945 2211 sed
975 2157 1042 2211 ad
1071 2157 1389 2212 servitutem
1420 2158 1515 2213 Dei
1546 2161 1804 2217 accedere
1834 2163 1983 2218 velut
2012 2164 2091 2217 in-

2201 1984 2540 2043 fortitudinis
2569 1999 2677 2037 non
2706 1979 3041 2051 superbiunt,
3076 1976 3334 2047 triumphi
3362 1974 3535 2049 gloria
3570 1973 3622 2028 in
3661 1987 3766 2027 cte-

2200 2075 2428 2132 lestibus
2452 2072 2829 2127 sublimentur.

504 2277 3766 2310 ____________________________________________________.______.

1710 2411 2046 2501 LIBER
2132 2414 2579 2502 SEXTUS.

917 2621 1083 2690 339
1123 2620 1354 2677 CAPUT
1392 2621 1682 2678 PRIMUM.

580 2710 626 2780 (Ι
658 2707 793 2780 Reg.
827 2724 921 2777 xv,
953 2709 1103 2779 1-3.)
1135 2710 1203 2763 Et
1231 2709 1387 2765 dixit
1420 2708 1659 2766 Samuel
1696 2714 1770 2767 ad
1798 2712 1936 2769 Saul
1964 2730 1982 2762 ε
2023 2714 2103 2771 Me

509 2797 671 2852 misit
698 2797 972 2852 Dominus
1009 2811 1227 2868 ungere
1251 2800 1305 2852 te
1333 2799 1397 2853 in
1427 2813 1611 2869 regem
1638 2815 1807 2871 super
1832 2804 2105 2873 populum

511 2886 636 2955 ejus
667 2886 861 2942 Israel.
912 2886 1074 2941 Nunc
1123 2901 1253 2957 ergo
1289 2886 1425 2942 audi
1466 2902 1654 2943 vocem
1686 2889 1939 2945 Domini.
1979 2892 2105 2946 [tam

509 2971 653 3027 dicit
684 2973 957 3029 Dominus
999 2976 1362 3030 exercituum
1389 2993 1408 3027 :
1439 2976 1708 3031 Recensui
1754 2993 2105 3052 quacunque

516 3061 658 3129 fecit
686 3059 967 3117 Amalech
998 3061 1222 3126 Israeli,
1245 3061 1512 3133 quomodo
1560 3066 1780 3120 restitit
1806 3067 1860 3121 ei
1887 3069 1949 3122 in
1991 3068 2103 3134 via,

518 3162 650 3202 cum
698 3148 1029 3204 ascenderet
1070 3149 1138 3204 de
1180 3151 1430 3222 A'ngpto.
1464 3150 1625 3207 Nunc
1673 3167 1799 3223 ergo
1847 3155 2006 3224 vade,
2047 3161 2104 3212 et

510 3238 747 3307 percute
766 3236 1067 3304 Amalech,
1098 3241 1155 3292 ct
1185 3237 1459 3293 demolire
1488 3239 1759 3296 universa
1788 3242 1930 3309 eius.

585 3323 638 3379 1.
654 3323 917 3394 Superius
929 3324 1185 3379 Amalech
1206 3324 1432 3381 luxurias
1448 3326 1636 3380 vitium
1654 3328 1945 3401 designare
1965 3330 2105 3386 dixi-

514 3426 655 3479 mus,
687 3427 811 3483 qua:
836 3411 984 3467 velut
1011 3410 1222 3481 lambit,
1258 3412 1387 3467 dum
1426 3412 1762 3483 voluptatem
1809 3417 2106 3475 blandien-

518 3498 589 3553 do
606 3497 869 3571 suggerit.
888 3500 1165 3556 Profectus
1184 3516 1317 3573 ergo
1335 3502 1760 3558 conversationis
1782 3507 2102 3575 ostenditur,

516 3601 581 3640 eo
611 3587 759 3657 quod
787 3588 1037 3658 superius
1067 3604 1101 3642 a
1130 3589 1258 3644 Saul
1278 3604 1568 3660 percussus
1591 3592 1864 3663 asseritur,
1890 3601 1943 3648 et
1963 3611 2108 3653 nunc

514 3688 627 3729 non
654 3673 973 3745 simpliciter
993 3676 1214 3746 jubetur
1240 3677 1473 3748 percuti,
1506 3679 1605 3734 sed
1636 3682 1819 3735 omnia
1850 3681 1970 3751 ejus
2001 3684 2104 3739 de-

518 3762 716 3817 moliri.
748 3762 926 3818 Primo
964 3764 1186 3836 quidem
1216 3765 1361 3821 hunc
1388 3765 1578 3821 doctor
1603 3768 1856 3838 percutit,
1891 3772 2110 3840 quando

516 3866 623 3921 per
651 3851 767 3919 ejus
790 3851 1014 3907 verbum
1044 3851 1240 3924 agitur,
1265 3861 1322 3907 ut
1349 3853 1609 3924 pudicitia
1637 3855 1690 3910 in
1721 3871 2109 3915 conversorum

519 3939 776 3995 cordibus
796 3946 849 3995 et
867 3941 1186 4011 corporibus
1215 3949 1477 3998 teneatur.
1498 3941 1668 4011 Quasi
1685 3945 1829 3999 enim
1848 3962 2111 4015 percussa

519 4034 604 4083 est
631 4027 823 4097 libido,
854 4016 1069 4099 quando
1102 4045 1226 4085 caro
1254 4031 1418 4084 armis
1445 4031 1722 4101 pudicitiae
1751 4034 2111 4102 qualitercun-

518 4131 626 4186 que
654 4116 881 4172 subacta
901 4124 999 4184 est,
1017 4124 1069 4172 et
1084 4117 1329 4187 perfecte
1354 4119 1579 4174 subacta
1600 4136 1706 4175 non
1729 4128 1829 4176 est.
1855 4122 1992 4176 Nam
2012 4124 2103 4193 qui

517 4203 743 4259 luxuriae
760 4204 871 4272 jam
902 4204 1306 4275 inquinamenta
1337 4207 1504 4276 340
1536 4207 1756 4274 deserit,
1790 4210 1888 4264 sed
1935 4211 2114 4265 adhuc

518 4300 700 4348 motus
727 4300 911 4364 turpes
938 4310 1007 4349 ex
1036 4310 1095 4349 se
1124 4302 1315 4350 contra
1343 4309 1404 4348 se
1432 4294 1775 4366 insurgentes
1798 4296 1977 4365 sentit,
1994 4298 2114 4367 jam
2160 4302 2165 4307 ’

518 4394 656 4448 opus
681 4380 948 4434 nefarium
979 4396 1087 4435 non
1119 4389 1362 4449 exercet,
1383 4381 1480 4436 sed
1508 4384 1691 4436 tamen
1720 4381 1941 4454 abigere
1961 4385 2065 4439 hoc
2084 4400 2117 4439 a

519 4465 852 4537 cogitatione
877 4482 985 4522 non
1013 4476 1214 4537 potest.
1256 4468 1419 4539 Saepe
1456 4468 1660 4523 invitus
1687 4477 1742 4524 et
1768 4468 2018 4526 incautus
2047 4471 2117 4527 ad

2211 2627 2291 2684 sic
2319 2641 2446 2682 caro
2477 2625 2840 2698 restringitur,
2865 2623 2909 2678 si
2936 2639 3091 2678 mens
3110 2622 3178 2676 ad
3205 2620 3489 2676 immunda
3516 2613 3783 2689 cogitando

2213 2714 2432 2783 labitur,
2458 2720 2597 2784 :post
2623 2714 3047 2785 percussionem,
3075 2710 3335 2765 Amalech
3364 2705 3604 2763 demoliri
3646 2717 3782 2773 prie-

2213 2802 2434 2872 cipitur.
2490 2802 2790 2857 Percutitur
2834 2816 2973 2872 ergo
3020 2801 3074 2854 in
3115 2814 3378 2867 corpore,
3423 2793 3700 2851 demolitur
3735 2791 3787 2843 in

2212 2891 2403 2960 corde,
2427 2891 2556 2945 dum
2587 2905 2712 2945 caro
2741 2889 2907 2960 digne
2934 2904 3036 2959 per
3063 2886 3452 2942 abstinentiam
3484 2883 3640 2952 341
3673 2878 3788 2933 teri-

2212 2986 2317 3050 tur,
2350 2986 2403 3034 et
2431 2993 2589 3033 mens
2619 2994 2653 3034 a
2680 2977 2888 3033 cunctis
2918 2975 3214 3031 immundis
3242 2970 3662 3047 cogitationibus
3704 2981 3790 3021 rc-

2215 3067 2484 3123 frenatur.
2545 3066 2666 3136 Quo
2708 3066 2767 3121 in
2810 3065 2932 3121 loco
2974 3065 3158 3136 priora
3204 3063 3374 3118 etiam
3416 3054 3792 3118 consideranda

2210 3163 2359 3223 sunt,
2375 3171 2498 3226 quae
2514 3171 2582 3210 ex
2598 3170 2832 3225 persona
2849 3152 3060 3211 Domini
3078 3152 3298 3209 Samuel
3317 3150 3570 3221 loquitur,
3586 3147 3789 3202 dicens:

2133 3205 2183 3268 ο
2211 3205 2498 3300 sagae;
2520 3205 3645 3316 again;';.;.;:.ma.a‘1.ma.,
3676 3245 3796 3303 quo-

2215 3332 2378 3388 modo
2398 3334 2619 3388 restitit
2639 3333 2693 3387 ei
2713 3333 2777 3388 in
2798 3331 2911 3396 via,
2934 3346 3064 3385 cum
3083 3328 3420 3386 ascenderet
3448 3327 3513 3382 de
3541 3323 3794 3395 .IEgypto-

2287 3424 2341 3476 2.
2387 3419 2531 3489 Quid
2579 3428 2661 3475 est
2708 3420 2857 3491 quod
2902 3418 3360 3474 Amalechitarum
3405 3428 3571 3486 opera
3618 3422 3797 3465 recen-

2217 3516 2424 3575 sentur,
2456 3507 2563 3562 nisi
2591 3508 2718 3577 quia
2767 3507 2993 3562 luxurias
3042 3505 3454 3577 inquinamenta
3496 3502 3610 3557 Deo
3651 3493 3800 3553 valde

2217 3592 2440 3648 odibilia
2470 3595 2641 3646 sunt?
2670 3592 2824 3648 Unde
2853 3592 3043 3646 beatus
3073 3590 3271 3644 Paulus
3313 3584 3596 3660 apostolus
3634 3579 3756 3636 dicit
3784 3594 3797 3631 :

2221 3680 2396 3736 Omne
2404 3684 2702 3752 peceatum
2718 3684 2890 3735 extra
2906 3695 3108 3750 corpus
3127 3681 3233 3745 est,
3252 3678 3354 3750 qui
3367 3681 3563 3732 autem
3574 3667 3800 3743 fornica-

2221 3774 2338 3836 tur,
2358 3770 2420 3823 in
2441 3785 2644 3840 corpus
2659 3784 2825 3824 suum
2846 3771 3043 3839 peccat
3067 3768 3113 3837 (1
3127 3767 3248 3823 Cor.
3269 3781 3351 3832 vr,
3368 3767 3480 3834 17).
3503 3763 3634 3816 Item
3647 3755 3798 3812 dicit:

2219 3858 2617 3913 Fornicatores
2665 3860 2723 3912 et
2771 3856 3063 3912 adulteros
3096 3853 3387 3924 judicabit
3434 3852 3580 3907 Deus
3617 3842 3799 3917 (Hebr.

2222 3960 2342 4011 xm,
2379 3945 2453 4014 t).
2486 3944 2630 3999 Hinc
2652 3943 2816 4000 etiam
2847 3945 3026 3998 acrius
3056 3943 3364 4012 increpans,
3399 3948 3454 3996 et
3476 3954 3506 3993 a
3526 3948 3692 4006 regno
3711 3928 3802 3985 Dei

2222 4048 2318 4088 eos
2348 4048 2675 4104 segregans,
2708 4033 2782 4086 ait
2817 4051 2829 4086 :
2866 4032 3064 4103 Neque
3106 4029 3401 4085 immundi
3451 4038 3683 4096 regnum
3709 4016 3802 4112 Dei

2222 4115 2586 4189 possidebunt
2600 4115 2822 4187 (Ephes.
2836 4133 2894 4185 v,
2911 4114 2990 4183 5).
3010 4115 3117 4169 Cur
3134 4113 3351 4168 luxuria
3367 4115 3694 4175 recensetur,
3711 4116 3805 4157 mat

2226 4205 2349 4275 quia
2366 4203 2579 4272 iustitia
2597 4204 2701 4259 Dei
2718 4211 2974 4273 peccator
2984 4202 3285 4273 projicitur,
3304 4198 3529 4270 quando
3549 4196 3621 4252 ad
3634 4204 3806 4265 perpe-

2227 4292 2426 4347 tranda
2454 4291 2577 4363 ejus
2604 4292 3012 4363 inquinamenta
3040 4296 3290 4345 curvatur
3304 4290 3333 4342 ‘2
3351 4288 3457 4357 Qui
3486 4299 3618 4357 ergo
3635 4294 3806 4337 recen-

2226 4387 2382 4435 setur
2432 4387 2491 4434 ut
2546 4379 2735 4448 cadat,
2794 4378 3087 4450 aliquando
3143 4385 3457 4433 recensetur
3507 4380 3567 4430 ut
3614 4373 3803 4441 pereat:

2225 4468 2522 4540 aliquando
2562 4476 2874 4525 recensetur
2901 4475 2961 4521 ut
2998 4475 3203 4538 surgat.
3242 4465 3314 4519 Et
3342 4464 3474 4536 quia
3514 4467 3634 4532 post
3672 4461 3807 4511 tanta

517 4554 837 4608 immundas
854 4554 1209 4624 cogitationes
1226 4557 1467 4627 trahitur,
1487 4557 1582 4613 sed
1604 4574 1666 4613 ea
1689 4574 1808 4628 qua
1831 4559 2113 4631 negligen-
2140 4551 2193 4611 D
2224 4564 2529 4626 temporum
2576 4558 2750 4626 spatia
2790 4554 3075 4622 recensita,
3119 4552 3378 4607 Amalech
3424 4552 3568 4605 facta
3605 4556 3804 4631 memo-

522 4638 595 4693 do
624 4636 772 4692 intus
801 4637 1025 4709 cogitat,
1047 4654 1263 4696 carnem
1296 4641 1427 4696 foris
1456 4642 1709 4710 excitant,
1735 4649 1792 4697 ut
1822 4644 1893 4697 ad
1923 4651 2111 4714 turpes

520 4732 700 4779 motus
728 4724 1013 4794 voluptatis
1038 4734 1239 4798 surgat.
1272 4727 1416 4796 Quid
1441 4744 1572 4800 ergo
1602 4737 1682 4784 est
1711 4730 1856 4799 quod
1883 4746 2113 4801 percus-

523 4828 616 4867 sus
642 4812 902 4867 Amalech
930 4813 1125 4869 iterum
1155 4816 1363 4884 percuti
1407 4823 1461 4872 et
1498 4817 1746 4873 demoliri
1775 4818 2109 4890 prazcipitur,

520 4899 626 4955 nisi
653 4900 778 4971 quia
804 4900 1129 4971 praedicator
1156 4917 1250 4958 eos
1280 4919 1417 4972 quos
1438 4905 1507 4959 ad
1528 4904 1780 4976 pudicam
1805 4905 1972 4960 vitam
1995 4923 2114 4962 eru-

522 4989 619 5053 dit,
654 5004 978 5060 promovere
1009 4989 1172 5045 debet
1200 4991 1267 5045 ad
1301 4992 1688 5062 perfectionem
1719 4993 1974 5048 virtutis?
2004 4996 2114 5051 Ite-

519 5094 644 5135 rum
673 5093 806 5151 ergo
841 5077 1068 5147 jubetur
1095 5079 1356 5135 Amalech
1385 5081 1612 5150 percuti,
1645 5079 1773 5152 quia
1796 5080 1976 5136 adhuc
2005 5098 2116 5138 non

520 5169 662 5224 bene
698 5165 1010 5223 interfectus
1038 5166 1196 5224 vivit.
1243 5169 1446 5223 Iterum
1493 5164 1747 5224 Amalech
1795 5170 2112 5238 percutitur,

523 5272 646 5311 cum
674 5256 858 5312 verbis
883 5255 1121 5312 doctoris
1140 5255 1219 5311 illi
1240 5257 1403 5311 etiam
1433 5265 1613 5312 motus
1634 5257 1724 5328 qui
1746 5271 1967 5312 carnem
1996 5259 2114 5328 pul-

522 5350 644 5397 sant
672 5344 960 5411 eliduntur,
994 5361 1116 5400 cum
1137 5345 1208 5400 ob
1238 5347 1342 5401 hoc
1372 5346 1624 5400 coronari
1654 5346 1903 5401 subditos
1924 5348 2113 5402 doctor

522 5431 697 5496 docet,
728 5438 785 5484 ut
810 5430 887 5485 sic
914 5446 1109 5502 corpus
1138 5430 1363 5488 domare
1390 5432 1656 5501 debeant,
1701 5440 1760 5487 ut
1800 5433 1870 5489 ad
1915 5432 2109 5491 illece-

522 5513 713 5572 brom
741 5522 920 5573 metus
948 5529 1293 5592 nequaquam
1314 5527 1520 5594 surgat.
1542 5518 1652 5579 Sed
1683 5518 1809 5593 quia
1836 5528 2105 5595 nunquam

2220 4652 2426 4711 rantur,
2482 4652 2755 4715 utcunque
2810 4643 2968 4698 nobis
3025 4642 3353 4703 insinuatur;
3387 4638 3518 4710 quia
3545 4635 3677 4691 tales
3704 4628 3802 4686 ali-

2222 4731 2444 4805 quando
2474 4738 2596 4801 post
2623 4730 2788 4804 longa
2816 4738 3063 4802 tempora
3090 4728 3432 4799 resipiscant.
3482 4728 3606 4797 Ipsa
3639 4727 3803 4775 autem

2224 4820 2344 4889 ejus
2372 4835 2540 4889 opera
2569 4819 2967 4889 exprimuntur,
2994 4834 3116 4872 cum
3146 4817 3344 4871 dicitur
3374 4834 3387 4869 :
3418 4811 3691 4882 Quomodo
3708 4819 3808 4863 ret-

2225 4910 2352 4964 titit
2374 4908 2428 4963 ei
2446 4908 2512 4963 in
2532 4908 2623 4962 via
2642 4923 2771 4963 cum
2794 4907 3126 4964 ascenderet
3145 4906 3213 4961 de
3232 4905 3510 4977 Egypto.
3532 4898 3697 4955 Israel
3724 4893 3805 4949 vi-

2223 4997 2362 5052 dens
2392 4997 2563 5051 Deum
2595 4996 2811 5050 dicitur.
2844 4994 2947 5064 Qui
2984 4995 3115 5066 quia
3144 4995 3214 5048 de
3241 4994 3478 5065 Egypto
3507 4986 3808 5060 perhibetur

2221 5085 2541 5153 ascendere,
2573 5084 2789 5139 noviter
2814 5098 3105 5140 conversos
3143 5081 3405 5148 insinuat,
3439 5078 3529 5149 qui
3560 5079 3805 5147 peccato-

2222 5190 2341 5229 rum
2374 5174 2625 5230 tenebras
2653 5180 2705 5227 et
2733 5171 2843 5226 ima
2873 5171 3146 5237 deserunt,
3177 5177 3231 5224 et
3260 5168 3328 5224 ad
3360 5168 3545 5222 lumen
3576 5156 3805 5220 veritatis

2223 5264 2508 5328 accedunt,
2539 5269 2593 5317 et
2617 5266 2858 5315 montem
2888 5258 3015 5314 boni
3045 5257 3229 5328 operis
3257 5256 3574 5314 ascendunt.

2290 5354 2344 5404 3.
2376 5354 2441 5404 In
2469 5350 2556 5407 via
2579 5356 2761 5404 autem
2789 5346 3047 5402 Amalech
3067 5346 3233 5401 Israel
3251 5344 3467 5410 restitit,
3493 5344 3620 5415 quia
3644 5336 3802 5393 libido

2218 5436 2288 5493 ad
2314 5435 2658 5507 perfectionis
2688 5449 2955 5491 summam
2978 5433 3322 5517 tendentibus
3338 5446 3503 5517 arma
3518 5424 3801 5517 voluptatis

2216 5518 2422 5595 obiicit,
2451 5527 2505 5580 at
2531 5519 2702 5581 corda
2729 5528 2851 5596 quis
2878 5526 3073 5596 potest.
3105 5515 3293 5596 gladio
3332 5512 3633 5576 immunda
3669 5512 3798 5583 ιιισὸ
