3996 6164
257 284 344 339 ιοθ
1026 283 1101 338 ΙΝ
1136 282 1408 340 PRIMUM
1445 279 1689 337 REGUM
1724 277 2260 336 EXPOSITIONES.
2299 312 2372 324 —-
2406 283 2532 339 LIB.
2576 286 2662 341 Vl.

3408 292 3510 345 410

259 406 487 477 gestionis
512 406 651 461 ferit.
690 408 760 461 Et
787 408 914 477 quia
956 406 1121 463 valde
1147 407 1301 464 fortis
1328 416 1380 463 et
1434 405 1676 462 violenta
1729 411 1813 460 est
1839 401 1897 463 A
1928 402 2274 473 fortitudinis,
2304 406 2435 475 Itur,
2468 407 2858 478 ignisvocatur.
2880 408 3112 479 Quando
3140 410 3283 466 enim
3309 409 3513 468 lasses-

255 510 418 566 pugna
440 495 936 558 fomicationis,non
957 496 1233 566 quomodo
1247 497 1376 552 libet
1392 494 1639 551 obviasse
1654 494 1819 547 Israe-

255 583 305 651 li,
330 583 417 637 sed
444 582 694 638 restitisse
749 584 1079 654 perhibetur.
1122 585 1391 640 Resistere
1440 582 1664 654 quidem
1689 578 1817 636 forti

255 671 613 742 oppugnationi
668 671 868 728 instare
899 680 997 728 est.
1030 673 1141 728 Hos
1196 673 1456 727 nimirum
1511 671 1816 727 resistentes

250 760 578 814 Amalechitas
625 759 844 815 videbat
900 761 1140 817 Israelita
1184 760 1277 816 ille
1324 761 1644 828 ascendens,
1691 774 1815 813 cum

251 847 437 903 dicebat
460 866 473 901 :
498 848 653 904 Video
668 850 846 904 aliam
861 850 1035 920 legem
1073 850 1136 905 in
1158 850 1427 906 membris
1453 850 1616 915 meis,
1637 864 1812 920 repu-

245 937 838 1008 gnantemlegimentis
853 952 995 993 mete
1016 940 1194 1005 (Rom.
1231 953 1324 1005 νη,
1357 940 1468 1007 23).
1500 937 1655 993 Unde
1676 944 1728 991 et
1743 935 1814 991 ad

246 1024 590 1079 auxiliatorem
640 1024 955 1095 respiciens,
999 1026 1075 1081 ait
1105 1044 1117 1079 :
1165 1025 1385 1096 Infelix
1414 1042 1532 1097 ego,
1565 1028 1691 1097 quis
1720 1040 1811 1081 me

247 1112 477 1168 liberabit
492 1112 563 1167 de
581 1129 811 1184 corpore
826 1116 1028 1170 mortis
1042 1115 1209 1185 hujus
1231 1114 1262 1168 ?
1279 1115 1466 1186 gratia
1487 1114 1711 1170 Domini
1720 1128 1814 1169 no-

239 1201 332 1255 stri
349 1201 471 1256 Iesu
504 1199 716 1256 Christi
733 1202 906 1269 (Rom.
930 1217 1028 1268 vn,
1052 1203 1165 1272 24).
1184 1203 1455 1257 Resistere
1479 1217 1611 1274 ergo
1640 1203 1808 1256 Ama-

235 1287 339 1344 lech
384 1288 593 1355 dicitur,
627 1288 755 1358 quia
770 1289 900 1343 dum
934 1290 989 1343 in
1004 1305 1165 1344 carne
1190 1306 1398 1356 sumus,
1427 1289 1667 1343 libidinis
1693 1289 1808 1343 for-

236 1375 296 1430 tia
322 1375 452 1431 bella
479 1377 829 1431 sustinemus.
862 1377 968 1432 Sed
999 1377 1127 1446 quid
1156 1378 1225 1432 de
1252 1379 1484 1449 Egypto
1513 1377 1808 1432 ascenden-

241 1464 359 1518 tibus
407 1463 670 1519 resistere
719 1465 917 1520 dicitur
942 1466 971 1517 ‘l
998 1465 1142 1521 Ecce
1196 1465 1287 1535 qui
1320 1466 1388 1520 ad
1418 1464 1555 1520 te’rtii
1582 1465 1706 1521 coeli
1750 1479 1808 1518 se

235 1561 414 1607 secreta
458 1553 772 1621 sustulerat,
805 1554 1110 1608 resistentes
1138 1557 1318 1609 motus
1345 1554 1524 1609 carnis
1548 1552 1804 1610 habebat.

229 1640 394 1697 Merito
439 1640 611 1712 igitur
656 1657 769 1697 non
798 1641 976 1697 solum
1002 1642 1262 1709 novitios,
1292 1642 1388 1697 sed
1416 1644 1580 1697 etiam
1609 1657 1804 1713 magna

1924 490 2094 546 cimus
2121 492 2477 550 consideratis
2510 496 2818 551 ca-lestibus
2845 498 3185 553 roboramur.
3219 498 3371 554 Mons
3383 514 3516 571 ergo

1923 580 2254 636 fortitudinis
2285 581 2414 651 quid
2442 592 2542 650 est,
2588 584 2689 639 nisi
2719 585 2923 640 alitudo
2970 601 3220 657 supernas
3267 595 3515 643 contem-

1922 668 2177 739 plationis
2196 669 2225 724 τ
2253 669 2388 738 Quae
2414 672 2680 741 profecto,
2713 673 2841 745 quia
2894 674 2951 727 in
2978 673 3149 730 electo
3178 675 3341 730 corde
3393 674 3516 731 sine

1921 772 2119 829 magna
2147 758 2410 814 charitate
2449 776 2559 815 non
2613 769 2712 829 est,
2767 776 2925 817 mons
2977 762 3304 817 fortitudinis
3346 763 3514 834 Moysi

1921 845 2134 902 adstare
2164 855 2312 902 recte
2340 849 2670 917 perhibetur.
2703 848 2806 919 Qui
2835 849 3087 904 nimirum
3117 850 3346 921 lapidem
3376 868 3513 924 sup-

1919 940 2146 1005 ponunt,
2179 943 2445 990 etmanus
2469 936 2754 1004 sustinent,
2801 937 2927 1008 quia
2957 937 3048 1008 qui
3102 953 3311 992 summa
3338 939 3513 994 ccelo-

1918 1037 2037 1075 rum
2065 1022 2286 1093 praemia
2315 1024 2572 1079 ardenter
2598 1025 2811 1096 aspicit,
2843 1025 3215 1081 fortitudinem
3257 1042 3512 1099 magnam

1917 1111 2095 1177 sumit,
2131 1118 2185 1166 et
2213 1111 2351 1167 bene
2377 1114 2610 1184 operari,
2660 1122 2713 1168 et
2756 1113 3090 1169 conditorem
3120 1129 3351 1170 exorare
3405 1131 3514 1172 non

1917 1198 2130 1253 desinit.
2166 1198 2307 1267 Quia
2333 1215 2466 1273 ergo
2495 1201 2672 1256 valida
2721 1210 2864 1268 sunt,
2897 1211 2951 1257 et
3006 1203 3230 1257 omnino
3276 1202 3516 1258 violenta

1915 1286 2063 1342 bella
2082 1287 2283 1356 carnis,
2302 1289 2622 1344 ascendenti
2640 1289 2828 1344 Israeli
2843 1289 3101 1345 Amalech
3115 1289 3374 1345 restitisse
3389 1299 3514 1362 apte

1914 1376 2250 1446 perhibetur.
2310 1376 2448 1448 Regi
2490 1377 2654 1449 igitur
2708 1378 2981 1447 Propheta
3009 1378 3251 1449 praecipit
3280 1378 3464 1433 dicens
3493 1396 3508 1433 :

1914 1464 2071 1519 Audi
2102 1481 2289 1521 vocem
2349 1466 2595 1522 Domini.
2660 1468 2933 1522 Recemui
2977 1482 3319 1539 quwcunque
3375 1468 3518 1535 fecit

1913 1551 2179 1608 Amalech
2208 1554 2425 1609 Israeli.

1983 1642 2036 1693 t5.
2070 1638 2215 1707 Quid
2244 1647 2352 1708 est,
2386 1643 2530 1713 quod
2551 1642 2680 1697 dicit
2713 1660 2726 1696 :
2759 1642 2916 1698 Audi
2936 1658 3121 1699 vocem
3139 1643 3381 1711 Domini,
3410 1643 3513 1698 nisi

231 1727 403 1782 virtute
429 1729 706 1798 praeditos,
759 1728 924 1784 Israel
954 1730 1022 1785 de
1049 1730 1281 1801 Egypto
1335 1729 1633 1785 ascendens
1659 1730 1798 1784 insi-
1830 1753 1884 1815 Β
1913 1728 2037 1796 quia
2065 1736 2216 1783 caste
2247 1729 2428 1785 vivere
2459 1730 2784 1799 volentibus,
2831 1735 3018 1785 contra
3064 1728 3285 1786 fraudes
3336 1731 3510 1787 forni-

226 1824 349 1869 nuat.
381 1817 597 1888 Egypti
629 1817 846 1887 quidem
876 1818 1094 1873 nomine
1141 1819 1298 1886 hujus
1341 1818 1529 1873 mundi
1562 1818 1798 1874 tenebrae

229 1903 580 1975 designantur.
623 1906 789 1960 Israel
820 1914 1000 1961 autem
1031 1906 1100 1960 de
1129 1906 1363 1977 Egypto
1392 1906 1657 1975 ascendit,
1680 1906 1802 1975 quia

230 1991 358 2046 electi
410 2007 603 2046 omnes
654 1993 781 2047 dum
841 2002 1026 2049 sancte
1083 1994 1320 2050 vivendo
1373 1992 1678 2063 proﬁciunt,
1734 1994 1803 2049 ad

236 2095 490 2149 supernam
524 2081 759 2149 patriam
782 2081 1090 2153 pertingere
1105 2090 1387 2137 conantur.
1406 2083 1475 2137 Et
1488 2082 1615 2153 quia
1631 2096 1803 2153 quan-

231 2167 307 2220 diu
331 2167 382 2221 in
406 2184 573 2222 carne
604 2176 745 2235 sunt,
778 2169 955 2223 carnis
998 2171 1176 2241 legem
1207 2170 1316 2241 legi
1344 2170 1542 2224 mentis
1581 2176 1801 2225 contra-

232 2255 345 2308 riam
370 2256 592 2323 habent,
615 2255 717 2310 sibi
740 2255 927 2326 utique
955 2273 1052 2328 per
1078 2257 1287 2313 validos
1333 2264 1512 2311 motus
1542 2257 1803 2312 Amalech

234 2344 544 2400 resistentem
578 2346 792 2401 vident.
829 2346 1002 2416 Hujus
1026 2362 1259 2416 namque
1285 2346 1546 2401 violentia
1598 2346 1802 2417 passio-

228 2433 301 2486 nis
322 2435 643 2501 ostenditur,
673 2449 799 2490 cum
830 2435 1042 2500 eadem,
1085 2450 1208 2506 qua:
1235 2443 1601 2503 recensentur,
1645 2437 1806 2490 Ama-

228 2519 333 2575 lech
358 2521 496 2577 bella
524 2522 921 2577 describuntur.
952 2523 1092 2577 Nam
1120 2530 1398 2594 pugnante
1424 2523 1647 2591 Israele,
1678 2538 1800 2577 cum

238 2608 454 2663 elevabat
510 2625 712 2664 manus
767 2610 1003 2680 Moyses,
1038 2609 1355 2664 vincebatur
1409 2610 1670 2665 Amalech
1702 2624 1717 2679 ;
1749 2619 1803 2664 et

229 2695 450 2752 vincebat
477 2698 598 2765 ille,
622 2713 744 2751 cum
775 2697 875 2752 iste
894 2713 1086 2752 manus
1102 2699 1404 2768 deponeret
1421 2699 1623 2769 (Exod.
1642 2702 1798 2768 xvu).

228 2781 347 2850 Quid
373 2792 449 2840 est
477 2794 687 2853 autem,
711 2785 858 2856 quod
876 2790 1064 2841 contra
1092 2785 1228 2842 alios
1254 2787 1385 2842 solis
1402 2787 1567 2841 armis
1592 2801 1804 2859 pugna-

224 2870 301 2925 bat
323 2874 553 2943 Moyses,
582 2882 773 2929 contra
802 2874 1054 2929 Amalech
1101 2890 1233 2930 vero
1261 2891 1373 2931 non
1427 2875 1555 2929 solis
1609 2875 1798 2951 armis,

224 2960 305 3013 sed
329 2961 481 3015 etiam
503 2963 708 3017 virtute
736 2962 994 3017 orationis
1022 2964 1050 3017 ‘l
1080 2962 1214 3032 Qua:
1235 2972 1415 3018 autem
1437 2963 1605 3018 virtus
1633 2969 1688 3017 et
1713 2962 1801 3017 in-

1914 1815 2145 1870 cationis
2176 1816 2394 1886 spiritus
2420 1817 2689 1873 subtiliter
2702 1818 3043 1890 vigilandum
3070 1826 3153 1874 est
3179 1818 3209 1871 ‘?
3237 1818 3403 1886 Quasi
3418 1818 3509 1872 di-

1910 1910 1996 1957 cat
2029 1917 2041 1956 :
2075 1903 2436 1960 Considerare
2463 1919 2574 1960 non
2607 1906 2826 1961 desinas
2874 1906 3089 1977 quantis
3143 1905 3354 1961 insidiis
3406 1905 3511 1961 sibi

1909 1990 2143 2046 subdere
2174 1991 2376 2047 electos
2397 1993 2653 2065 parat.Et
2688 1994 2892 2049 idcirco
2913 2009 3021 2048 non
3064 1994 3227 2048 dixit:
3248 1993 3511 2049 Recensui

1909 2079 2055 2151 quod
2085 2080 2277 2135 restitit
2315 2082 2502 2149 Israel,
2551 2082 2648 2136 sed
2695 2099 2707 2136 :
2762 2082 2905 2138 Audi
2919 2097 3104 2138 vocem
3132 2084 3378 2138 Domini.
3412 2084 3510 2139 Re-

1909 2170 2110 2224 censui
2124 2169 2392 2240 quomodo
2406 2172 2625 2226 restitit
2639 2169 2864 2226 Israeli.
2911 2168 3077 2237 Quasi
3113 2170 3279 2225 dicat:
3297 2171 3354 2227 Si
3382 2185 3508 2225 mo-

1909 2256 2041 2310 dum
2064 2256 2385 2312 insidiarum
2430 2258 2734 2329 cognoscis,
2767 2258 2978 2313 hostem
2998 2272 3255 2328 superare
3296 2257 3510 2313 facilius

1909 2344 2137 2399 valebis.
2152 2345 2340 2400 Merito
2353 2346 2518 2417 igitur
2533 2345 3064 2415 subintulit,dicens:
3084 2347 3244 2403 Nunc
3260 2361 3387 2418 ergo
3403 2363 3507 2402 va-

1909 2431 1996 2500 de,
2013 2436 2074 2487 et
2103 2437 2338 2503 percute
2365 2434 2659 2503 Amalech,
2691 2436 2749 2490 et
2789 2434 3062 2490 demolire
3078 2436 3341 2491 universa
3361 2435 3501 2504 ejus.

1909 2517 2074 2587 Quasi
2101 2520 2247 2575 dicat
2299 2537 2312 2575 :
2354 2520 2492 2590 Quia
2515 2522 2651 2576 nosti
2686 2521 3150 2592 quemadmodum
3165 2521 3243 2576 ire
3267 2521 3497 2576 debeas:

1914 2607 2077 2676 Vade,
2090 2622 2145 2664 et
2168 2610 2438 2665 demolire
2452 2610 2718 2666 universa
2736 2611 2877 2681 ejus,
2894 2617 2947 2664 et
2962 2608 3041 2664 sic
3059 2624 3181 2664 eum
3210 2607 3414 2675 deleas,
3446 2615 3505 2663 ut

1910 2696 2113 2766 aliquid
2130 2697 2198 2752 de
2214 2713 2280 2753 eo
2299 2697 2439 2752 ultra
2454 2714 2564 2753 non
2574 2697 2737 2755 vivat.
2760 2699 2865 2753 Sed
2882 2698 3002 2769 quis
3015 2699 3084 2753 ita
3106 2697 3209 2752 sibi
3229 2696 3503 2767 subjicere

1910 2787 2276 2856 carnem,quis
2306 2802 2544 2857 unquam
2561 2787 2663 2840 sibi
2693 2786 3023 2857 restringere
3043 2793 3280 2841 mentem
3308 2784 3503 2855 potuit,

1911 2873 2031 2944 quis
2050 2873 2127 2929 sic
2156 2889 2376 2930 manere
2404 2874 2460 2928 in
2490 2890 2674 2942 carne,
2707 2881 2765 2929 ut
2794 2875 2861 2928 de
2907 2889 3069 2929 carne
3098 2882 3282 2943 turpes
3325 2879 3508 2928 motus

1909 2960 2088 3016 nullos
2114 2961 2461 3017 sustineret?
2488 2962 2621 3030 Quis
2666 2962 2741 3017 ita
2795 2960 3067 3017 refrenare
3121 2960 3505 3033 cogitationem

221 3048 389 3102 stantia
442 3049 863 3121 supplicationis
893 3058 1010 3105 erat
1058 3059 1181 3106 tunc
1231 3050 1562 3117 necessaria,
1614 3051 1709 3105 ubi
1756 3050 1801 3105 si
1832 3092 1887 3161 α
1912 3049 2107 3120 potuit,
2163 3056 2223 3104 ut
2265 3050 2334 3104 ad
2389 3065 2508 3105 eam
2554 3049 3017 3104 immunditiarum
3062 3048 3369 3104 obscuritas
3408 3063 3509 3120 per
3604 3068 3619 3079 ·

223 3149 391 3161 ..Α-..-
423 3136 723 3161 .I-..---..-a
789 3138 1026 3161 A_-I--L
1050 3136 1568 3161 ..!-A-..:..L-_-_-._
1603 3138 1800 3161 .I__-n.
1918 3137 2296 3161 --_2a-a!-_-_
2317 3138 2459 3161 ..--11-
2492 3137 2840 3161 _-.._-_:_-a0
2862 3137 2965 3161 ΩΑ]
2998 3137 3037 3161 ,ε
3072 3136 3135 3161 Δ-
3196 3152 3351 3161 ,Α-...Α
3398 3151 3504 3161 ..ιη-

223 3149 393 3190 manus
419 3136 744 3207 deponeret,
775 3138 1032 3194 Amalech
1050 3136 1292 3194 victoriae
1307 3140 1573 3196 honorem
1598 3138 1800 3195 daret?

226 3222 317 3278 Sed
342 3226 587 3295 profecto
615 3241 874 3297 magnum
914 3233 1187 3281 certamen
1214 3226 1584 3283 fornicationis
1609 3232 1801 3283 osten-

224 3310 362 3379 ditur,
393 3314 544 3383 quod
576 3321 724 3368 tanta
778 3315 998 3382 virtute,
1030 3321 1179 3369 tanta
1204 3314 1522 3370 difﬁcultate
1570 3330 1803 3385 supera-

224 3408 309 3454 tur.
336 3404 503 3456 Arma
531 3401 697 3473 igitur
725 3402 989 3458 exercitus
1018 3403 1192 3458 oratio
1218 3403 1574 3458 intentissima
1602 3419 1801 3460 neces-

222 3487 343 3542 saria
381 3499 491 3544 est.
547 3493 725 3545 Arma
779 3491 1004 3560 quidem
1034 3491 1336 3546 necessaria
1364 3499 1507 3560 sunt,
1539 3491 1666 3563 quia
1712 3494 1803 3563 qui

221 3582 394 3632 contra
422 3578 840 3633 fornicationem
868 3592 1117 3651 pugnare
1156 3580 1360 3649 volunt,
1386 3580 1605 3636 vincere
1632 3583 1799 3649 342

224 3671 499 3735 nequeunt,
532 3666 576 3719 si
607 3681 716 3721 non
732 3666 947 3722 caeteris
967 3667 1253 3723 virtutibus
1269 3668 1604 3723 muniuntur.
1628 3669 1803 3725 Exer-

223 3752 357 3821 citus,
414 3763 475 3808 ut
534 3769 698 3824 supra
745 3754 1107 3821 ostendimus,
1176 3756 1428 3827 exempla
1480 3757 1697 3812 Patrum
1750 3764 1805 3812 et

222 3838 602 3911 Scripturarum
642 3849 913 3913 praecepta
952 3852 1094 3912 sunt,
1153 3860 1275 3916 qua:
1303 3845 1522 3915 quidem
1578 3845 1805 3918 quilibet

220 3927 365 3983 etiam
394 3930 755 3986 considerare
783 3931 967 3999 debet,
1018 3947 1082 3987 ac
1110 3932 1219 3987 illis
1239 3933 1319 3988 sic
1345 3942 1581 3989 mentem
1634 3948 1802 3989 occu-

225 4030 359 4084 pare,
411 4026 473 4072 ut
520 4018 760 4074 lasciviae
817 4019 1224 4091 inquinamenta
1268 4035 1378 4076 non
1424 4030 1654 4091 spectet.
1693 4022 1803 4077 Sed

221 4105 473 4173 exemplis
494 4114 657 4175 atque
683 4106 944 4162 doctrinis
972 4108 1279 4173 instructus,
1340 4109 1410 4163 de
1439 4124 1504 4165 se
1532 4109 1804 4165 conﬁdere

219 4204 548 4262 nequaquam
576 4201 779 4262 potest.
831 4194 998 4250 Levet
1044 4211 1179 4266 ergo
1208 4211 1402 4251 manus
1454 4212 1603 4265 suas,
1659 4197 1803 4253 levet

220 4287 458 4345 mentem,
512 4289 571 4334 ut
626 4295 793 4351 opere
829 4281 977 4337 bono
1005 4290 1057 4337 et
1086 4283 1376 4338 devotione
1428 4285 1797 4354 resplendeat,

218 4365 299 4432 qui
323 4366 643 4423 abscindere
670 4368 957 4439 perfectae
987 4385 1048 4424 se
1068 4369 1308 4424 libidinis
1350 4370 1551 4426 bellum
1609 4376 1796 4427 tentet.

1914 3137 2300 3208 cogitationem
2317 3138 2466 3192 nulla
2492 3137 2840 3209 perveniret?
2861 3137 2967 3192 Sed
2996 3137 3041 3190 si
3070 3136 3139 3192 de
3192 3152 3355 3192 carne
3398 3151 3509 3191 non

1912 3225 2115 3281 tollitur
2140 3226 2418 3297 turpitudo
2447 3226 2720 3295 motionis,
2738 3234 2920 3281 tamen
2948 3225 3294 3297 turpitudinis
3337 3223 3506 3280 robur

1911 3322 2218 3380 enervatur,
2245 3330 2369 3369 cum
2406 3322 2589 3369 motus
2607 3314 2827 3386 quidem
2857 3314 3090 3384 simplex
3126 3314 3183 3369 in
3210 3327 3373 3370 carne
3399 3319 3502 3380 est,

1910 3403 2007 3457 sed
2036 3402 2091 3456 in
2114 3411 2265 3458 motu
2281 3403 2520 3473 pruritus
2547 3402 2794 3458 libidinis
2821 3402 3001 3458 nullus
3029 3410 3127 3457 est.
3159 3402 3259 3457 Hic
3286 3399 3506 3471 quidem

1913 3498 2091 3547 m0tus
2118 3490 2457 3547 Amalechita
2482 3506 2593 3548 non
2635 3498 2736 3557 est,
2770 3491 2898 3563 quia
2939 3490 3104 3546 menti
3150 3504 3259 3546 non
3313 3488 3506 3543 lambit

1912 3595 2072 3652 quam
2102 3578 2376 3636 oblectare
2404 3596 2513 3636 non
2538 3580 2756 3651 poterit.
2777 3581 2902 3635 Non
2946 3586 3123 3650 potest
3150 3576 3267 3634 tolli
3318 3575 3501 3642 menti,

1912 3668 2056 3738 quod
2101 3668 2285 3741 aliquo
2338 3669 2506 3725 modo
2555 3668 2839 3724 immunda
2882 3683 2993 3723 non
3046 3667 3246 3733 videat,
3303 3666 3401 3721 sed
3446 3664 3504 3720 in

1910 3755 2214 3811 mirabilem
2262 3773 2420 3812 usum
2474 3756 2725 3827 puritatis
2754 3756 3054 3824 deducitur,
3110 3763 3175 3811 ut
3228 3752 3505 3809 immunda

1910 3844 2122 3912 videns,
2159 3845 2312 3899 nulla
2340 3844 2713 3900 delectationis
2730 3844 2859 3899 labe
2879 3844 3190 3899 maculetur.
3248 3842 3507 3914 Quisquis

1911 3946 2043 4004 ergo
2072 3932 2153 3987 sic
2187 3932 2577 4002 praeestcarni,
2636 3931 2882 4002 quisquis
2927 3932 3007 3986 sic
3061 3938 3299 3987 mentem
3345 3929 3506 4001 regit,

1909 4018 2035 4076 ideo
2061 4028 2277 4090 praeest,
2308 4020 2434 4075 ideo
2462 4019 2623 4091 regit,
2653 4020 2785 4091 quia
2802 4018 3071 4074 Amalech
3097 4026 3289 4073 cuncta
3313 4018 3510 4074 demo-

1910 4107 1995 4161 liri
2026 4108 2237 4164 fortiter
2262 4107 2453 4179 potuit.
2488 4106 2596 4163 Sed
2621 4106 2737 4177 jam
2781 4123 2904 4179 qua;
2932 4114 3057 4161 sunt
3083 4106 3202 4176 ejus
3252 4106 3511 4163 universa

1909 4195 2311 4267 subsequenter
2335 4195 2574 4267 exponit,
2599 4194 2786 4251 dicens
2819 4213 2832 4248 :

1980 4284 2160 4351 (Vera.
2185 4286 2264 4355 3.)
2286 4286 2448 4353 343
2495 4284 2618 4340 Non
2644 4300 2845 4356 parca:
2890 4285 2970 4339 ei:
2996 4287 3190 4339 etnon
3217 4280 3509 4352 concupis-

1914 4388 2005 4428 ces
2032 4373 2210 4445 ipsius
2224 4372 3032 4445 aliquid;sedinterﬁceaviro
3062 4386 3236 4442 usque
3269 4369 3343 4425 ad
3371 4385 3503 4425 mu-

280 4453 326 4505 ι.
356 4453 508 4522 Quid
537 4456 670 4511 item
701 4466 784 4512 est
812 4456 962 4529 quod
985 4458 1251 4528 depositis
1266 4460 1518 4515 manibus
1545 4460 1802 4528 vincitur,
1831 4439 1887 4500 D
1919 4439 2136 4525 (ieram,
2159 4466 2217 4517 et
2229 4439 2556 4535 parvulum,
2574 4439 2974 4527 etlactentem,
3005 4463 3064 4516 et
3094 4439 3301 4529 bovem,
3315 4460 3371 4513 et
3384 4457 3505 4513 ari-

218 4538 307 4592 nisi
338 4543 468 4611 quia
494 4559 642 4612 saepe
669 4560 770 4613 per
797 4545 1082 4601 audaciam
1096 4546 1252 4616 pravi
1271 4548 1473 4617 operis,
1492 4546 1613 4618 ipsa
1638 4548 1807 4604 etiam

223 4624 413 4683 tollitur
439 4630 781 4701 pulchritudo
827 4633 1083 4687 castitatis
1130 4635 1158 4687 εν
1214 4634 1371 4706 Saepe
1415 4651 1482 4690 ex
1532 4643 1642 4691 toto
1696 4651 1807 4692 non

215 4712 524 4784 (a)tollitur,
554 4721 651 4775 sed
663 4735 782 4774 cum
797 4719 1203 4777 infirmantibus
1224 4722 1801 4793 operibusinﬁrmatur.

217 4800 352 4857 Inter
404 4821 579 4876 opera
628 4808 875 4879 quidem,
907 4817 962 4864 et
988 4808 1207 4865 labores
1234 4811 1560 4880 spirituales,
1620 4820 1806 4868 contra

217 4891 450 4949 stimulos
504 4896 680 4949 carnis
734 4896 906 4951 fortes
960 4913 1167 4964 sumus,
1220 4899 1313 4953 sed
1359 4899 1405 4953 si
1436 4900 1587 4969 quasi
1618 4901 1742 4955 fessi
1773 4916 1808 4956 a

218 4977 377 5035 solita
391 4984 826 5039 conversationis
844 4984 1025 5056 rigore
1037 4988 1416 5055 torpescimus,
1447 4987 1533 5042 vel
1578 4988 1803 5043 molles-

218 5065 392 5137 cimus,
419 5070 549 5124 dum
567 5072 824 5141 paulatim
838 5073 1192 5144 negligimus,
1215 5075 1386 5129 aculei
1414 5075 1594 5129 carnis
1621 5076 1802 5130 insur-

215 5163 351 5223 gunt,
387 5159 479 5226 qui
509 5159 659 5228 quasi
674 5160 944 5229 depositis
956 5161 1125 5232 Moysi
1139 5162 1385 5216 manibus
1401 5162 1661 5218 lsraelem
1677 5163 1803 5218 vin-

221 5245 556 5313 cunt(£xod.
592 5249 747 5317 xvn).
780 5249 862 5304 Ne
881 5265 1013 5321 ergo
1041 5265 1233 5304 manus
1251 5250 1569 5319 lassescant,
1629 5253 1801 5307 Aaron

216 5338 261 5383 et
289 5332 401 5385 Hur
428 5332 663 5404 lapidem
685 5345 1015 5406 supponunt,
1065 5347 1116 5393 et
1144 5355 1343 5410 graves
1393 5339 1568 5411 Moysi
1607 5357 1801 5396 manus

220 5416 407 5488 deponi
469 5438 812 5494 nequaquam
868 5425 1065 5480 sinant.
1116 5430 1298 5483 Aaron
1356 5428 1595 5499 quidem,-
1643 5445 1800 5486 mons

277 5590 351 5667 te)
378 5588 544 5657 Gllot.
558 5626 574 5669 ,
607 5590 931 5657 extollitur:

1915 4565 2076 4617 num,
2108 4554 2164 4605 et
2185 4564 2362 4617 ovem,
2392 4554 2449 4606 et
2478 4551 2783 4606 camelum.

1986 4640 2038 4690 6.
2071 4636 2206 4705 Quis
2234 4645 2315 4693 est
2343 4638 2433 4693 hic
2460 4638 2551 4710 qui
2580 4638 2754 4710 parcit
2775 4638 3052 4707 Amalech,
3109 4636 3209 4692 nisi
3266 4636 3358 4707 qui
3412 4641 3507 4691 aut

1913 4724 1969 4778 in
1994 4725 2350 4798 cogitatione,
2377 4733 2469 4780 aut
2500 4726 2556 4780 in
2587 4742 2699 4792 ore,
2731 4734 2822 4781 aut
2849 4726 2903 4781 in
2922 4741 3082 4783 carne
3102 4726 3340 4782 lascivia:
3393 4724 3504 4780 ali-

1914 4813 2043 4885 quid
2076 4814 2271 4869 retinet
2298 4815 2327 4867 ‘l
2346 4815 2482 4868 Nam
2514 4814 2756 4886 plerique
2785 4815 3136 4884 turpitudinis
3186 4829 3351 4884 opera
3394 4828 3506 4868 non

1916 4902 2299 4971 exercent,sed
2315 4902 2560 4975 linguam
2591 4919 2623 4957 a
2645 4904 2793 4973 turpi
2811 4902 3081 4958 locutione
3100 4917 3209 4957 non
3227 4901 3501 4956 cohibent.

1918 4990 2172 5063 Plerique
2193 5006 2291 5061 per
2316 4990 2734 5061 opusluxuriam
2752 4989 2943 5057 vitant,
2972 5005 3069 5059 per
3121 4987 3506 5059 cogitationem

1911 5094 2020 5133 non
2045 5079 2236 5133 vitant.
2261 5076 2493 5147 Quidam
2514 5078 2647 5132 nihil
2666 5086 2821 5148 turpe
2849 5084 3037 5149 agunt,
3086 5076 3180 5130 sed
3212 5075 3356 5145 quod
3379 5084 3503 5131 actu

1913 5165 2360 5238 refugiuntcorde
2384 5164 2970 5235 concupiscunt.Parcit
2984 5178 3115 5234 ergo
3140 5162 3396 5217 Amalech
3410 5163 3505 5232 qui

1909 5252 2279 5309 blandimenta
2300 5254 2558 5319 lasciviae,
2592 5260 2682 5307 aut
2703 5252 2756 5306 in
2777 5250 3067 5314 locutione,
3089 5257 3181 5304 aut
3210 5265 3307 5320 per
3319 5249 3498 5306 inten-

1906 5340 2131 5410 tionem,
2153 5350 2244 5397 aut
2271 5357 2368 5412 per
2396 5341 2781 5415 cogitationem
2804 5343 2966 5394 tenet.
2985 5336 3358 5407 Dicititaque:
3382 5337 3502 5395 Non

1903 5432 2192 5501 parceret,
2215 5430 2341 5502 quia
2369 5431 2441 5485 de
2470 5437 2579 5484 tam
2607 5425 2937 5497 nequissimo
2965 5424 3097 5481 vitio
3126 5425 3259 5481 nihil
3279 5426 3502 5484 accendi
