3996 6164
418 276 523 329 415

1609 260 1855 323 SANCTI
1906 257 2248 314 GREGOBII
2307 255 2529 311 MAGNI

3596 244 3689 299 416

418 404 473 450 et
498 393 667 464 Moysi
700 393 886 447 decem
917 390 1059 463 legis
1085 391 1360 461 praecepta
1390 388 1717 454 tribuuntur,
1753 401 1875 457 quae
1913 386 2018 443 Dei
2048 382 2101 443 A
2131 382 2339 453 pariter
2366 378 2714 436 involvatur?
2745 375 2854 432 Sed
2884 375 3115 464 fortasse
3135 371 3225 426 hic
3254 368 3344 464 ille
3374 374 3474 464 est,
3503 367 3692 464 dequo

422 482 595 553 digito
626 481 818 551 scripta
866 487 989 534 sunt
1016 479 1216 549 (Exod.
1249 477 1424 541 xxxx).
1458 476 1601 546 Quid
1631 484 1715 531 est
1743 476 1891 530 enim
1934 473 2021 527 di-

424 571 570 644 gitus
613 569 735 637 Dei,
782 568 891 623 nisi
929 569 1159 639 Spiritus
1194 575 1410 623 sanctus
1447 566 1475 619 ‘l
1515 565 1619 633 Qui
1673 581 1795 619 cum
1844 564 2027 636 legem

425 657 659 728 scripsit,
690 658 829 713 hanc
853 657 1044 727 utique
1072 657 1126 711 in
1147 656 1335 711 decem
1366 653 1654 725 praeceptis
1675 653 1867 720 edidit,
1901 652 2028 722 quia

427 746 527 802 etsi
573 746 629 800 in
675 761 740 801 ea
776 746 998 802 carnale
1029 744 1235 815 aliquid
1266 743 1399 798 foris
1438 741 1677 813 protulit,
1722 742 1864 797 intus
1887 745 2030 798 hanc

429 832 728 905 spiritualis
773 829 1149 905 intelligentiae
1196 831 1587 902 perfectionem
1638 831 1893 902 signavit.
1924 833 2032 887 De-

426 936 547 977 cem
565 920 740 975 millia
770 921 935 993 igitur
962 920 1202 989 virorum
1230 920 1372 974 Juda
1401 926 1587 975 contra
1614 919 1876 975 Amalech
1906 935 2033 991 pro-

426 1008 677 1065 ducenda
719 1016 861 1078 sunt,
906 1016 963 1063 ut
996 1008 1369 1064 fornicationis
1404 1007 1626 1077 spiritus
1675 1007 1785 1079 apti
1825 1009 2032 1063 viribus

442 1103 749 1168 superetur.
772 1096 988 1151 Lambit
1028 1096 1231 1167 quippe
1270 1095 1636 1167 suggestione,
1666 1096 1791 1166 quia
1821 1096 1959 1151 levia
1982 1105 2036 1152 et

436 1184 640 1240 blanda
660 1184 914 1250 consulit,
950 1184 1044 1240 sed
1073 1200 1160 1240 res
1188 1199 1321 1254 quas
1358 1184 1648 1240 lambendo
1668 1185 1917 1251 consulit,
1941 1201 2037 1256 per

438 1272 833 1345 cogitationum
890 1272 1196 1343 phantasias
1260 1272 1511 1327 ostendit.
1578 1273 1726 1345 Ergo
1777 1282 1833 1327 ut
1882 1290 2037 1328 mens

437 1361 676 1418 obscena
694 1361 796 1415 sibi
812 1377 845 1415 a
875 1361 1218 1416 daemonibus
1252 1368 1469 1415 ostensa
1488 1376 1597 1416 non
1614 1360 1811 1429 videat,
1844 1362 2038 1418 electo-

444 1464 563 1503 rum
588 1449 838 1519 exempla
861 1449 1155 1504 revelanda
1172 1455 1315 1502 sunt.
1334 1449 1403 1502 Et
1431 1457 1487 1502 ut
1517 1463 1638 1502 eam
1670 1451 2041 1521 suggestioui-

445 1537 550 1592 bus
592 1536 838 1606 turpibus
868 1536 1179 1590 immundus
1208 1536 1432 1606 spiritus
1462 1536 1687 1591 delinire
1717 1552 1821 1591 non
1850 1538 2039 1607 possit,

441 1624 635 1697 lingua
678 1624 1098 1694 praedicatorum
1147 1625 1311 1679 debet
1364 1640 1461 1695 per
1500 1624 1773 1695 pudicitiae
1820 1625 2040 1680 laudem

2134 469 2261 525 dicit
2281 466 2571 539 Apostolus
2593 486 2605 521 :
2644 466 2812 522 Uxori
2828 465 2918 519 vir
2928 463 3176 518 debitum
3189 457 3405 521 reddat,
3423 456 3689 521 similiter,

2134 562 2190 614 et
2216 572 2364 614 uxor
2384 558 2501 611 viro
2521 554 2575 622 (Ι
2605 554 2805 618 Contr,
2834 553 2909 622 3).
2945 550 3039 604 Cui
3086 548 3246 602 etiam
3286 560 3476 599 nomen
3508 559 3695 598 conve-

2135 645 2233 713 nit,
2274 645 2402 716 quia
2445 644 2676 714 Cyneus,
2718 640 3013 712 possidens
3061 636 3275 691 dicitur.
3330 632 3428 701 Qui
3473 631 3698 701 profecto

2138 733 2438 804 conjugati,
2504 731 2627 802 quia
2672 729 2924 798 conjugio
2959 724 3186 797 obligati
3232 730 3371 789 sunt,
3419 721 3701 789 relinquere

2139 823 2322 879 omnia
2351 836 2462 875 non
2490 826 2778 891 coguntur.
2819 815 2963 884 Quid
2992 823 3073 869 est
3103 828 3235 883 ergo
3263 811 3407 882 quod
3436 810 3605 879 Cyneo
3633 807 3705 860 di-

2140 912 2311 969 citur:
2348 908 2575 966 Discede
2622 909 2689 963 ab
2726 902 3014 970 Amalech,
3034 901 3135 956 nisi
3165 902 3291 971 quia
3334 899 3419 952 bis
3445 896 3616 951 verbis
3655 896 3706 948 in

2139 997 2464 1071 conjugibus
2491 994 2669 1052 omnis
2698 991 3045 1049 obscenitatis
3090 986 3362 1057 turpitudo
3406 982 3706 1037 damnatur?

2142 1069 2276 1144 Cum
2306 1069 2565 1141 Amalech
2611 1083 2829 1154 quidem
2864 1078 3142 1148 conjuncti
3172 1082 3314 1139 sunt,
3350 1073 3437 1144 qui
3467 1069 3706 1125 meretri-

2143 1178 2227 1233 cio
2256 1192 2408 1231 more
2424 1176 2740 1245 junguntur.
2774 1168 2923 1238 Quos
2944 1166 3224 1221 discedere
3253 1163 3323 1217 ab
3352 1157 3599 1214 Amalech
3627 1159 3710 1212 do-

2144 1273 2259 1320 ctor
2305 1262 2570 1333 praecipit,
2618 1275 2739 1315 cum
2773 1258 2843 1313 ad
2882 1259 3217 1311 honestatem
3261 1248 3598 1320 conjugalem
3627 1261 3712 1299 eos

2145 1368 2409 1410 revocare
2438 1348 2732 1406 contendit.
2782 1344 2947 1414 Quasi
2993 1343 3138 1397 dicat
3176 1361 3187 1395 :
3240 1339 3297 1395 Si
3346 1336 3608 1392 continere
3650 1333 3713 1388 ab

2148 1441 2378 1497 invicem
2426 1454 2539 1493 non
2585 1436 2828 1508 potestis,
2875 1429 3191 1488 honorabile
3219 1425 3545 1483 connubium
3572 1421 3715 1475 vobis

2148 1533 2238 1596 sit,
2264 1538 2317 1585 et
2354 1528 2543 1582 thorus
2588 1523 2982 1579 immaculatus.
3013 1519 3095 1573 Ab
3115 1516 3377 1571 Amalech
3406 1513 3578 1581 itaque
3607 1511 3717 1563 dis-

2147 1620 2362 1681 cedere,
2382 1624 2464 1672 est
2484 1613 2754 1684 conjuges
2782 1608 2977 1680 seipsis
3003 1606 3102 1672 uti,
3120 1620 3227 1659 non
3255 1604 3324 1657 ad
3357 1599 3721 1670 turpitudinem

449 1689 621 1784 tan'gi.
652 1689 845 1784 Linget
872 1712 1016 1767 hanc
1045 1689 1386 1783 prazdicator,
1426 1720 1483 1766 ut
1500 1689 1792 1783 -malignus
1817 1713 2043 1783 spiritus
2068 1728 2123 1793 B
2150 1706 2477 1763 meretriciae
2505 1699 2871 1763 obscenitatis,
2905 1698 3002 1750 sed
3022 1695 3099 1793 ad
3131 1690 3541 1793 temperantiam
3570 1689 3721 1793 hope-

447 1800 660 1872 lingere
700 1816 1041 1872 nequaquam
1083 1802 1270 1871 possit.
1303 1802 1369 1855 Et
1398 1801 1538 1856 hanc
1566 1802 1750 1856 verbis
1786 1803 2039 1873 oblectet,

449 1904 519 1944 ne
538 1888 624 1944 cui
645 1888 881 1945 cmlestia
902 1889 1114 1957 desunt,
1146 1890 1287 1943 hanc
1315 1888 1570 1944 diabotus
1597 1905 1699 1960 per
1726 1892 2041 1963 suggestio-

449 1993 579 2032 num
607 1976 1006 2032 oblectamenta
1030 1976 1272 2032 dilaniet.
1308 1977 1504 2032 Contra
1532 1978 1735 2049 duplex
1764 1995 1900 2051 ergo
1929 1978 2045 2034 bel-

448 2066 564 2121 lum
581 2065 784 2132 cordis,
808 2065 935 2135 quia
953 2064 1158 2135 duplex
1180 2072 1264 2120 est
1283 2066 1643 2121 necessarium
1665 2067 1865 2122 bonum
1897 2069 2044 2122 auxi-

450 2152 532 2219 lii,
586 2152 726 2208 bene
780 2160 965 2208 contra
1008 2154 1267 2208 Amalech
1313 2162 1365 2208 et
1401 2154 1631 2224 pedites,
1682 2163 1736 2209 et
1779 2156 1877 2210 viri
1907 2157 2047 2211 Juda

454 2241 638 2312 parari
666 2240 1045 2311 perhibentur.
1085 2242 1145 2297 Si
1176 2241 1295 2311 quis
1324 2250 1501 2297 autem
1528 2242 1664 2297 alios
1690 2260 1791 2313 per
1814 2244 2044 2314 pedites,

455 2329 596 2383 alios
641 2344 742 2399 per
785 2328 933 2384 viros
983 2331 1146 2398 347
1210 2329 1355 2383 Juda
1400 2328 1516 2385 vult
1555 2330 1810 2403 intelligi,
1856 2348 2047 2386 sensus

458 2416 646 2472 aderte
683 2416 926 2472 veritatis
952 2424 1120 2486 patet,
1167 2417 1290 2486 quia
1328 2417 1505 2472 sumni
1547 2419 1795 2473 doctores
1823 2420 2046 2488 habent,

460 2505 553 2575 qui
595 2503 793 2559 docere
843 2504 1093 2559 nesciunt
1120 2504 1523 2575 praedicatione,
1554 2506 1820 2575 prodesse
1867 2517 2050 2563 autem

458 2590 680 2646 valeant
725 2607 909 2661 opere.
967 2591 1077 2647 Sed
1110 2592 1225 2662 jam
1273 2592 1526 2648 recensiti
1563 2594 1631 2646 ad
1676 2602 1821 2649 tanta
1867 2596 2053 2666 praelia

462 2678 749 2734 audiamus
792 2693 900 2749 qua
937 2687 1051 2735 arte
1092 2680 1497 2750 subsequentur
1539 2682 1816 2738 dimicent.
1853 2683 2050 2753 Sequi-

457 2774 547 2824 tur
569 2783 583 2823 ε

534 2855 709 2927 (Vers.
725 2856 805 2927 5.)
822 2857 1065 2930 Cumque
1077 2858 1321 2914 venisset
1342 2857 1489 2915 Saul
1500 2860 1576 2930 (a)
1590 2877 1761 2933 usque
1772 2861 1845 2916 ad
1857 2861 1964 2917 civi
1972 2865 2056 2917 ta-

465 2948 581 3000 tem
602 2944 897 3011 Amalech,
924 2946 1175 3002 tetendit
1198 2947 1442 3003 insidias
1471 2948 1544 3004 ad
1566 2952 1903 3005 torrentem.

648 3031 904 3134 Quishic
940 3040 1145 3134 torrens
1178 3042 1274 3101 est,
1297 3034 1401 3134 nisi
1434 3035 1528 3090 ille
1547 3036 1615 3090 de
1644 3052 1750 3106 quo
1781 3053 1878 3107 per
1897 3038 2054 3092 Psal-
2085 3070 2136 3134 ο

468 3119 683 3174 mistam
709 3120 935 3176 dicitur:
968 3123 1044 3177 De
1072 3124 1323 3178 torrente
1351 3124 1524 3179 invia
1549 3124 1686 3183 bibit
1730 3126 1905 3193 (Psal.
1945 3142 2055 3192 uix,

464 3208 522 3275 7)
548 3208 577 3261 ‘l
605 3208 838 3264 Torrens
865 3208 1068 3281 quippe
1097 3210 1389 3265 decursum
1429 3219 1631 3267 nostra)
1661 3212 2061 3267 mortabilitatis

464 3294 745 3367 designat.
772 3295 905 3351 Saul
921 3311 1053 3368 ergo
1068 3298 1125 3351 in
1144 3305 1381 3354 torrente
1400 3299 1621 3355 insidias
1634 3300 1825 3369 tendit,
1847 3299 2058 3370 quando

469 3384 794 3457 praedicator
830 3384 1097 3442 Ecclesiae
1126 3388 1346 3442 cisternis
1389 3389 1630 3458 praemiis
1666 3388 2058 3444 consideratio-

465 3487 595 3527 nem
645 3479 842 3529 nostraa
876 3473 1220 3528 mortalitatis
1260 3476 1474 3531 inserit.
1524 3476 1595 3532 Ut
1634 3476 1777 3531 enim
1830 3475 2064 3531 lubricas

468 3560 679 3615 animas
694 3559 847 3630 quasi
865 3576 964 3632 per
985 3561 1232 3617 fraudem
1253 3562 1452 3634 capiat,
1469 3564 1634 3619 modo
1654 3563 1895 3620 ccelestia
1913 3564 2062 3635 loqui

468 3648 706 3714 inchoat,
755 3646 851 3704 sed
907 3657 1133 3719 repente
1181 3651 1251 3704 ad
1300 3651 1676 3720 exponendam
1735 3661 2063 3707 internarum

467 3750 751 3807 pinnarum
775 3735 1130 3792 acerbitatem
1163 3738 1507 3809 convertitur,
1540 3748 1597 3795 ut
1625 3756 1828 3797 securae
1858 3741 1914 3794 in
1941 3755 2064 3795 car—

468 3821 558 3878 nis
586 3822 942 3880 delectatione
970 3833 1183 3881 mentes
1232 3834 1560 3883 terreantur.
1600 3828 1766 3897 Quasi
1797 3828 1940 3883 cnim
1964 3844 2064 3899 per

472 3910 717 3967 fraudem
748 3911 946 3979 educit,
988 3930 1088 3984 per
1126 3915 1350 3970 insidias
1374 3917 1625 3986 percutit,
1659 3918 1788 3972 dum
1817 3916 1940 3973 laeta
1973 3918 2062 3972 lo-

473 4013 656 4070 quens
683 3999 754 4054 ad
795 4001 1127 4058 audiendum
1172 4013 1456 4073 provocat,
1487 4013 1542 4060 et
1570 4005 1761 4061 mortis
1790 4006 1865 4075 (b)
1897 4007 2064 4061 tristia

472 4086 678 4152 inserit,
698 4089 1189 4146 utaudiantlubrici
1203 4092 1349 4162 quod
1366 4102 1730 4163 expavescant
1743 4136 1755 4148 .
1785 4094 1912 4149 Saul
1932 4111 2064 4166 ergo

467 4174 540 4231 ad
568 4175 832 4231 Amalech
854 4178 1124 4235 civitatem
1155 4180 1323 4248 venit,
1354 4196 1477 4236 cum
1509 4178 1704 4237 doctor
1731 4183 1940 4237 munita
1968 4198 2066 4253 per

467 4260 716 4318 illicitum
747 4281 994 4321 amorem
1024 4266 1193 4322 corda
1219 4276 1570 4337 peccatorum
1599 4269 1886 4324 dulcedine
1916 4277 2067 4324 aeter-

476 4366 566 4406 nae
589 4353 940 4420 jucunditatis
976 4354 1210 4409 attrahit.
1244 4356 1353 4411 Sed
1404 4356 1627 4411 insidias
1673 4356 1722 4410 ei
1751 4356 1805 4410 in
1836 4362 2069 4410 torrente

2152 1797 2324 1863 statis,
2357 1804 2409 1848 et
2436 1794 2506 1848 ad
2537 1792 2768 1845 fructum
2812 1783 3142 1857 propaginis.
3176 1781 3333 1836 Unde
3380 1786 3433 1832 et
3458 1777 3597 1831 idem
3626 1774 3720 1863 do-

2150 1895 2265 1941 ctor
2282 1861 2539 1956 egregius
2570 1881 2637 1933 de
2658 1878 2845 1943 vidua,
2866 1890 2987 1944 qua“:
3014 1873 3170 1943 juxta
3199 1868 3318 1937 ejus
3348 1864 3626 1922 consilium
3652 1861 3723 1915 sic

2153 1952 2466 2048 permanere
2497 1984 2605 2023 non
2633 1971 2830 2036 potest,
2854 1962 2983 2016 dicit
3017 1978 3031 2014 :
3068 1958 3220 2025 Quod
3246 1958 3297 2012 si
3323 1971 3381 2010 se
3422 1969 3534 2009 non
3563 1952 3726 2007 conti-

2151 2040 2269 2129 net,
2289 2061 2466 2117 nubat
2489 2059 2719 2112 tantum
2738 2055 2800 2107 in
2820 2051 3053 2107 Domino
3081 2047 3264 2117 (lbid.,
3285 2044 3360 2112 9).
3380 2043 3499 2096 Non
3517 2041 3567 2093 in
3585 2040 3729 2092 Ama-

2153 2154 2294 2217 lech,
2327 2149 2418 2203 sed
2450 2147 2503 2200 in
2534 2144 2799 2203 Domino;
2834 2148 2890 2194 ut
2918 2153 3087 2209 quaea
3117 2132 3318 2204 nuptiis
3348 2129 3610 2186 abstinere
3637 2140 3735 2217 non

2153 2213 2431 2311 prtevalet,
2473 2234 2737 2289 obscenos
2781 2235 2963 2301 gestus
2991 2227 3045 2279 in
3089 2223 3294 2278 fcedere
3335 2218 3638 2288 nuptiarum
3666 2213 3736 2267 vi-

2157 2303 2251 2383 tet.
2286 2325 2383 2379 Cui
2418 2322 2581 2378 etiam
2611 2318 2988 2381 comminatur,
3019 2312 3240 2367 dicens:
3271 2309 3350 2365 Ne
3381 2305 3655 2361 involvam
3688 2303 3738 2355 te

2158 2433 2286 2473 cum
2302 2429 2383 2469 eo.
2415 2408 2624 2464 Involvi
2654 2403 3032 2476 peccatoribus
3061 2408 3140 2454 est
3171 2405 3377 2453 aeterna
3405 2407 3571 2463 poem
3599 2390 3742 2476 dam-

2158 2503 2297 2559 nari.
2329 2499 2486 2556 Unde
2517 2504 2574 2551 et
2599 2475 2671 2549 de
2700 2507 2932 2563 naquam
2967 2503 3123 2543 servo
3154 2486 3209 2540 in
3238 2481 3543 2554 Evangelio
3570 2475 3742 2533 Domi-

2158 2607 2263 2648 nus
2290 2587 2421 2644 dicit
2446 2605 2457 2640 :
2517 2584 2728 2654 Ligatis
2754 2580 3009 2653 pedibus,
3035 2572 3394 2635 etmam‘bus,
3414 2565 3742 2640 projicitein

2164 2680 2417 2737 tenebras
2434 2673 2746 2731 exteriores
2763 2668 2982 2740 (Matth.
2997 2680 3133 2731 xxn,
3155 2664 3263 2727 13).
3283 2659 3463 2715 Modo
3481 2671 3611 2727 ergo
3620 2668 3745 2740 pm

2162 2769 2429 2824 dicatores
2456 2762 2730 2818 auditores
2760 2738 3026 2827 reprobos
3054 2768 3161 2807 non
3193 2748 3497 2810 involvunt,
3518 2743 3637 2814 quia
3660 2738 3750 2795 etsi

2160 2857 2394 2913 verbum
2424 2855 2796 2912 contemnunt,
2844 2844 3026 2900 redire
3070 2850 3252 2896 tamen
3282 2838 3355 2892 ad
3388 2830 3749 2905 paenitentiam

2164 2949 2340 3003 donec
2384 2943 2596 3007 vivunt,
2628 2952 2748 2994 cum
2779 2936 2989 2999 volunt,
3031 2936 3279 3002 possunt.
3319 2928 3583 2979 Instanter
3623 2931 3749 3007 ergo

2164 3032 2485 3104 conjugibus
2515 3006 2816 3098 coniugalis
2846 3025 3105 3077 honestas
3133 3014 3461 3087 imperanda
3506 3018 3602 3077 est,
3633 3006 3750 3104 quia

2165 3095 2357 3181 valida
2401 3095 2755 3173 mulctatione
2810 3111 3042 3165 dicitur:
3087 3107 3269 3171 Abite,
3320 3102 3483 3171 348
3550 3095 3750 3153 recdite

2166 3214 2370 3285 absque
2393 3208 2637 3264 lazsione.
2662 3200 2896 3259 Discede
2912 3198 2979 3253 ab
2997 3192 3286 3261 Amalech,
3309 3208 3383 3246 ne
3404 3189 3682 3245 involvam
3701 3185 3751 3236 te

2168 3282 2297 3358 cunt
2328 3314 2409 3354 eo.
2443 3296 2657 3363 Absque
2688 3289 2913 3345 laesione
2944 3284 3162 3355 quidem
3195 3295 3359 3347 nunc,
3392 3293 3502 3332 non
3522 3282 3645 3327 tunc
3671 3284 3755 3323 re—

2169 3388 2398 3451 ceditur,
2431 3384 2557 3454 quia
2586 3381 2677 3451 qui
2708 3393 2810 3448 per
2838 3374 3023 3431 omnia
3051 3369 3296 3440 turpibus
3323 3366 3642 3425 similantur,
3660 3372 3756 3454 eo-

2168 3493 2285 3533 rum
2336 3447 2572 3529 laesionis
2603 3447 2866 3538 expertes
2903 3478 3013 3517 non
3042 3466 3220 3515 erunt.
3254 3455 3359 3525 Qui
3382 3453 3546 3510 etiam
3575 3447 3756 3504 iecisse

2168 3580 2289 3621 cum
2320 3561 2446 3616 ﬁliis
2477 3557 2641 3614 Israel
2670 3536 2740 3609 de
2769 3554 2999 3623 Egypto
3028 3544 3446 3603 ascendentibus
3473 3536 3757 3594 misericor-

2173 3652 2321 3708 diam
2352 3649 2569 3711 dicitur,
2601 3640 2939 3715 quiainﬁrmi
2970 3643 3171 3692 sancte
3197 3630 3465 3688 Ecclesiae
3492 3626 3608 3691 ﬁlii,
3638 3623 3755 3677 dum

2171 3746 2444 3813 perpetua
2465 3731 2812 3791 continentia:
2842 3730 3044 3783 bonum
3073 3736 3295 3779 servare
3313 3721 3756 3813 nequeunt,.eon-

2165 3799 2308 3901 jugii
2350 3823 2695 3881 miseratione
2733 3817 3107 3887 suscipiuntur.
3156 3810 3238 3901 Ab
3279 3808 3516 3901 Aigypto
3545 3799 3753 3901 quidem

2172 3888 2496 3980 cadendum,
2544 3911 2671 3983 quia
2713 3905 2942 3962 luxuriae
2988 3910 3043 3957 et
3097 3894 3473 3954 fornicationis
3521 3888 3758 3983 tenebras

2172 3976 2493 4062 deserunt;
2530 3976 2601 4055 Et
2649 3991 3069 4051 misericordiam
3139 4004 3171 4041 a
3217 3987 3405 4055 Cyneo
3452 3976 3756 4046 suscipiunt,

2173 4095 2301 4165 quia
2349 4088 2591 4160 conjugii
2630 4081 3021 4153 indulgentiam
3066 4078 3467 4146 promerentur.
3524 4064 3675 4165 Unde
3710 4065 3761 4114 et

2173 4152 2365 4237 doctbr
2390 4152 2633 4248 gentium
2653 4152 2816 4228 dicit:
2848 4170 2955 4224 Hoc
2980 4166 3101 4221 dico
3136 4159 3451 4217 secundum
3466 4152 3763 4248 ind-algen-

2175 4272 2340 4334 tiam,
2357 4242 2473 4322 nim
2490 4261 2798 4320 secundum
2814 4257 3120 4329 imperium
3133 4251 3179 4317 (l
3191 4251 3313 4306 Cor.
3336 4261 3437 4309 vn,
3456 4246 3535 4334 ti).
3564 4242 3632 4295 Et
3646 4242 3766 4334 quia

2174 4324 2362 4411 sancta
2404 4351 2645 4408 Ecclesia
2674 4346 2862 4404 electis
2892 4324 3124 4398 subditis
3152 4338 3295 4392 bona
3323 4349 3448 4408 qua:
3477 4324 3761 4401 loquendo.

478 4437 784 4506 αδεοοηάίῑν
816 4440 943 4510 quia
982 4443 1175 4495 mortis
1229 4442 1706 4498 considerationem
1756 4442 1978 4510 inducit,
2009 4450 2065 4496 ut
2093 4425 2144 4484 D
2174 4439 2397 4495 exhibet
2426 4433 2737 4506 persuadet,
2769 4428 3042 4500 sequitur:

477 4525 630 4595 quasi
659 4541 726 4580 ex
758 4526 968 4580 insidiis
994 4537 1366 4599 erumpentem
1396 4539 1582 4584 contra
1610 4546 1670 4585 se
1687 4530 1910 4585 militem
1942 4545 2065 4601 pec-

472 4619 625 4669 cator
669 4612 870 4681 videat,
895 4619 953 4670 et
979 4614 1109 4670 dum
1158 4633 1217 4671 se
1244 4617 1508 4673 velociter
1537 4618 1854 4673 moriturum
1881 4617 2064 4673 consi-

474 4700 651 4769 derat,
699 4716 910 4757 moram
955 4705 1169 4772 peccati
1234 4705 1454 4761 tendere
1501 4705 1640 4761 ultra
1681 4706 2056 4777 pertimescat.

473 4787 735 4859 Sequitur
754 4806 767 4844 :

545 4879 724 4950 (Vers.
750 4879 827 4946 6.)
855 4880 1016 4935 Dixit
1042 4878 1190 4937 Saul
1207 4882 1385 4954 Cyneo
1411 4883 1746 4940 :Discedeab
1765 4883 2065 4947 Amalech,

473 4982 549 5025 ne
563 4970 713 5041 forte
724 4968 1008 5025 involvam
1021 4974 1077 5024 te
1096 4984 1227 5026 cum
1239 4986 1319 5026 eo.
1335 4972 1410 5026 Tu
1438 4972 1593 5027 enim
1622 4972 1813 5042 fecisti
1839 4972 2068 5026 miseri-

474 5057 725 5116 cordiam
752 5074 881 5115 cum
897 5059 1153 5114 omnibus
1177 5058 1319 5131 ﬁliis
1333 5056 1535 5127 Israel,
1554 5060 1769 5130 cum(c)
1797 5059 2068 5115 ascende-

479 5152 613 5205 rent
643 5150 711 5205 de
734 5152 991 5222 zEgypto.

553 5241 647 5295 13.
699 5236 834 5306 Quis
860 5247 942 5294 est
971 5240 1201 5310 Cyneus,
1234 5239 1324 5309 qui
1372 5254 1494 5294 cum
1532 5238 1797 5293 Amalech
1825 5236 2074 5290 habitare

484 5329 849 5399 cognoscitur,
899 5327 991 5399 qui
1038 5335 1091 5383 et
1144 5326 1425 5382 discedere
1472 5327 1705 5398 cogitur,
1738 5340 1808 5378 ne
1855 5339 1973 5377 cum
2006 5337 2072 5376 eo

557 5477 633 5617 ξω)
660 5472 844 5555 Deest,
868 5489 1039 5547 usque
1064 5475 1119 5529 in
1148 5474 1319 5530 Gilot.
1704 5541 1709 5549 ‘

582 5545 630 5615 ὁ)
663 5544 835 5600 thot.
876 5552 929 5600 et
972 5545 1173 5611 ναίω,
1202 5545 1403 5602 mortis
1439 5543 1709 5600 tristitia.

582 5543 630 5615 ὁ)
663 5544 835 5600 Gilot.
876 5543 1173 5611 et'Vatic.,
1202 5545 1403 5602 mortis
1439 5543 1713 5600 tristitiai

2241 4493 2541 4597 (Vcrs.‘6.)
2573 4493 2885 4575 Etrecessit
2917 4516 3149 4587 Cyneus
3165 4509 3232 4564 de
3258 4505 3449 4597 inedia
3469 4493 3759 4597 Amalech.

2247 4585 2333 4669 lli.
2369 4613 2455 4667 De
2487 4585 2669 4665 mediu
2702 4606 2924 4677 quidem
2950 4585 3209 4656 Amalech
3241 4591 3474 4649 discedit
3501 4585 3758 4677 conjun},

2174 4705 2243 4760 de
2273 4709 2424 4772 parte
2452 4714 2558 4753 non
2589 4670 2788 4767 potest,
2816 4693 2942 4764 quia
2972 4687 3074 4743 etsi
3100 4692 3285 4757 gestus
3304 4680 3442 4734 vitat
3468 4670 3761 4772 turpitudi-

2175 4763 2289 4857 nis;
2324 4789 2501 4844 vitare
2548 4763 2657 4840 non
2698 4763 2873 4853 potest
2916 4776 3168 4833 affectum
3222 4766 3534 4837 voluptatis.
3582 4763 3762 4857 Ignem

2176 4852 2376 4953 quippe
2408 4852 2711 4945 temperare
2740 4886 2837 4941 per
2863 4870 3196 4922 honestatem
3226 4857 3497 4953 con-iuges.
3517 4852 3758 4953 possunt.

2179 4934 2287 5022 113e-
2306 4934 2489 5021 inedio
2516 4934 2683 5035 igitur
2708 4934 2965 5013 Amalech
2997 4957 3212 5015 exeunt,
3244 4944 3373 5017 quia
3401 4941 3503 5035 etsi
3533 4934 3767 4993 carnali-

2180 5058 2283 5111 bus
2319 5030 2606 5109 desideriis
2623 5047 2844 5104 omnino
2864 5055 3052 5098 carere
3080 5041 3369 5106 nequeunt,
3402 5030 3577 5099 ipsum
3598 5032 3770 5111 tamen

2181 5145 2358 5202 carnis
2418 5138 2704 5208 imperium
2753 5133 2854 5187 sub
2897 5133 3180 5200 praecepto
3226 5117 3519 5177 honestatis
3565 5109 3771 5168 vinculo

2182 5232 2558 5288 moderantur.
2598 5221 2852 5292 Sequitur
2871 5237 2882 5272 :

2252 5321 2438 5391 (Vers.
2476 5321 2567 5385 7.)
2597 5287 2988 5379 Percussitque
3016 5304 3151 5358 Saul
3180 5294 3456 5354 Amalech
3469 5293 3537 5348 ab
3568 5287 3771 5352 Evilat,

2257 5467 2331 5537 (c)
2363 5462 2552 5533 GiloL,
2573 5454 2899 5519 ascenderet
2918 5452 2984 5511 de
3015 5447 3260 5522 Aigypto.
