3996 6164
300 311 397 365 ΗἸ

1124 310 1192 365 [Ν
1234 311 1503 368 PRIMUM
1543 310 1789 369 REGUM
1828 316 2376 375 EXPOSITIONES.
2422 352 2490 362 —
2530 324 2663 378 LIB.
2709 326 2797 380 VI.

3474 340 3578 394 418

300 432 466 488 donec
516 435 732 491 veniret
786 434 922 503 Sur,
969 452 1094 507 qua:
1143 440 1228 491 est
1283 452 1314 492 e
1359 437 1584 526 regione
1630 439 1869 511 Als‘gypti.
1902 438 1959 501 Α
1989 441 2326 513 pepercisse,
2360 453 2413 500 et
2440 447 2621 501 omnia
2663 449 2829 506 electa
2858 452 2977 523 ejus
3004 456 3319 526 concupisse
3347 461 3584 517 ostendi-

363 523 445 576 15.
494 521 667 576 Evilat
693 523 998 592 parturiens
1025 522 1436 594 interpretatur,
1468 524 1572 582 Sur
1598 527 1871 597 angustia,

1987 535 2118 582 tur:
2188 537 2266 598 ut,
2328 532 2460 588 dum
2507 538 2956 610 transgressionis
3003 544 3200 598 modus
3248 547 3586 620 ostenditur,

292 608 538 679 Egyptus
586 610 845 666 tenebra.
886 612 1334 682 Concupiscentia
1380 623 1560 670 autem
1590 623 1875 686 peccatum
1983 633 2146 689 quam
2163 619 2232 673 sit
2261 619 2602 679 detestabilis
2630 608 3010 703 inobedientia
3041 631 3202 703 culpa
3232 608 3586 694 monstretur:

292 696 439 766 parit.
464 697 652 752 Merito
684 699 850 771 igitur
865 700 1219 769 parturientis
1235 702 1453 757 nomine
1479 704 1872 773 concupiscen-

2053 707 2104 760 3.
2139 705 2372 796 Quodsi
2402 712 2578 766 carnis
2606 697 2754 770 bella
2782 697 3164 787 describimus,
3196 738 3429 796 magnos
3460 742 3583 783 esse

290 784 356 838 tia
381 784 712 857 designatur.
767 788 1031 857 PrOpheta
1078 789 1243 844 etiam
1276 789 1665 859 impoenitentis
1695 791 1875 846 cordis
1980 792 2164 863 lapsus
2199 794 2383 867 regios
2411 797 2734 855 invenimus.
2760 803 2916 860 Unde
2945 812 2999 861 et
3028 784 3380 866 Dominusvin
3411 813 3586 869 Evan-

285 873 550 943 augustias
576 872 850 931 incurrere
893 884 1143 932 metuens
1201 878 1473 946 obsecrat,
1530 878 1722 935 dicens
1753 899 1763 934 :
1795 881 1870 936 Ne

283 958 566 1016 absorbent
580 978 669 1018 mc
678 964 1048 1035 profundum,
1062 981 1241 1038 neque
1259 971 1462 1037 urgeat
1490 984 1659 1039 super
1669 984 1757 1023 me
1769 984 1871 1039 pu-

282 1054 396 1104 teus
412 1066 470 1105 os
488 1066 659 1107 suum
684 1052 861 1121 (Psal.
886 1067 1077 1122 vam,
1111 1056 1221 1123 16),
1246 1055 1452 1111 Doctor
1472 1072 1603 1127 ergo
1634 1057 1703 1111 ab
1732 1057 1867 1111 Evi-

279 1136 348 1190 lat
380 1154 555 1209 uSque
586 1140 691 1196 Sur
717 1141 977 1196 Amalech
1000 1142 1254 1210 percutit,
1304 1160 1430 1199 cum
1459 1144 1515 1197 in
1558 1144 1867 1199 auditorum

277 1241 483 1281 suorum
511 1228 772 1283 cordibus
810 1228 940 1285 vitia
975 1239 1253 1301 conceptae
1291 1232 1668 1288 delectationis
1708 1249 1864 1289 com-

276 1313 467 1383 primit,
503 1322 562 1368 et
588 1314 758 1370 ﬁdem
795 1315 1228 1372 deliberationis.
1281 1319 1385 1373 Sur
1413 1318 1580 1375 etiam
1609 1321 1860 1390 percutit,

273 1417 385 1456 cum
412 1417 509 1455 eas
557 1410 765 1459 mentes
807 1403 1027 1458 videtur
1065 1404 1135 1460 ad
1164 1406 1437 1476 pudicitia
1474 1423 1719 1464 amorem
1751 1418 1863 1465 tra-

269 1486 401 1554 here,
448 1490 660 1558 quain
691 1489 916 1547 luxuria
958 1490 1126 1548 fetore
1157 1504 1556 1565 pr0posuerant
1600 1496 1765 1551 vitam
1794 1496 1862 1551 ﬁ-

269 1575 404 1631 nire.
432 1576 491 1629 In
511 1578 767 1649 angustia
787 1579 932 1633 enim
959 1588 1083 1635 sunt
1112 1581 1201 1651 qui
1231 1583 1377 1652 capti
1397 1584 1511 1652 jam
1542 1584 1699 1640 malae
1723 1601 1860 1640 con-

267 1663 560 1719 suetudinis
582 1665 776 1735 laqueo
798 1667 1258 1740 constringuntur.
1283 1671 1349 1725 Et
1385 1671 1702 1740 notandum,
1735 1672 1863 1742 quia

1978 881 2125 953 gelio
2147 881 2276 970 dicit
2295 902 2307 939 :
2333 884 2405 941 Si
2419 887 2506 941 sal
2526 893 2840 955 evanuerit,
2856 893 2920 947 in
2937 910 3042 965 quo
3053 896 3293 953 satietur
3309 899 3339 951 ?
3358 900 3583 970 (Matth.

1977 985 2030 1033 ν,
2085 969 2198 1041 13.)
2230 971 2409 1043 Reges
2438 990 2565 1030 vero
2621 977 2900 1044 Ecclesia,
2934 980 3052 1051 ejus
3080 992 3211 1039 sunt
3252 988 3581 1056 praedicato-

1977 1073 2081 1124 res,
2129 1059 2263 1113 sicut
2307 1077 2475 1131 supra
2513 1063 2629 1132 jam
2671 1074 2944 1122 ostensum
2994 1079 3093 1125 est.
3145 1072 3280 1140 Quis
3328 1090 3460 1146 ergo
3503 1087 3588 1136 est

1975 1147 2136 1218 Agag
2165 1162 2265 1202 rex
2301 1149 2582 1220 Amalech,
2614 1152 2715 1207 nisi
2743 1170 2933 1211 sensus
2961 1159 3193 1214 carnalis
3213 1162 3242 1213 εἰ
3275 1162 3415 1218 Nam
3457 1181 3582 1222 cum

1979 1250 2051 1288 ex
2081 1235 2262 1290 anima
2292 1238 2715 1296 rationalitatem
2746 1258 2810 1300 ac
2839 1247 3243 1304 sensualitatem
3263 1251 3580 1324 habeamus,

1974 1324 2309 1381 rationalitas
2358 1327 2543 1397 menti,
2577 1331 2899 1387 sensualitas
2942 1334 3093 1390 carni
3136 1337 3497 1406 adscribitur;
3531 1350 3585 1399 et

1971 1426 2071 1481 per
2099 1412 2248 1468 illam
2279 1429 2403 1469 cum
2434 1416 2665 1488 angelis,
2697 1436 2799 1488 per
2828 1420 2983 1477 istam
3015 1438 3140 1480 cum
3170 1424 3348 1482 brutis
3378 1429 3582 1486 anima-

1971 1496 2118 1554 libus
2168 1501 2544 1558 convenimus.
2583 1506 2645 1558 In
2670 1506 2763 1561 illa
2810 1526 2917 1579 quo
2946 1511 3106 1567 altius
3147 1515 3483 1586 extollimur,
3516 1535 3583 1575 su

1968 1588 2154 1655 pernis
2192 1588 2402 1643 civibus
2448 1592 2961 1665 appropinquamus.
2994 1600 3098 1654 Per
3124 1602 3282 1657 istam
3312 1620 3441 1660 vero
3473 1621 3580 1676 quo

1972 1673 2041 1728 ad
2070 1675 2249 1730 carnis
2280 1674 2655 1733 blandimenta
2687 1681 2996 1754 dilabimur,
3028 1690 3383 1759 carnaliores,
3414 1673 3581 1750 ut—ita

269 1750 361 1806 Sur
401 1768 432 1806 e
478 1752 713 1825 regione
740 1755 956 1826 Egypti
985 1772 1109 1812 esse
1147 1758 1470 1823 ostenditur,
1526 1759 1655 1830 quia
1685 1760 1775 1830 qui
1806 1761 1862 1815 in
1889 1778 1944 1839 Β
1973 1760 2227 1830 dixerim,
2259 1763 2583 1822 invenimur.
2616 1768 2773 1826 Unde
2803 1780 2855 1826 et
2883 1750 3018 1829 visis
3044 1779 3097 1829 et
3122 1750 3431 1848 concupitis
3456 1780 3575 1851 jam

268 1839 471 1895 luxuria
514 1841 690 1897 vitam
719 1840 874 1897 ﬁnire
915 1842 1198 1912 deliberat,
1244 1845 1408 1901 modo
1438 1846 1492 1900 in
1523 1846 1866 1903 interioribus

270 1928 489 1984 tenebris
539 1930 812 1985 clauditur
845 1947 877 1985 a
906 1932 1101 2005 quibus
1144 1933 1215 1986 ad
1244 1933 1538 1989 exteriores
1588 1936 1863 2005 perduca-

269 2024 362 2071 tur.
392 2016 501 2072 Sed
536 2019 703 2074 etiam
731 2018 871 2075 liber
901 2021 977 2089 (a)
1010 2019 1112 2076 iste
1143 2021 1445 2089 claudatur,
1480 2027 1536 2075 ut
1561 2022 1630 2077 ad
1664 2039 1863 2080 conse-

270 2105 467 2173 quentis
520 2106 1018 2163 considerationem
1077 2123 1176 2176 per
1230 2109 1507 2164 silentium
1550 2106 1853 2168 veniamus.

888 2196 1109 2252 CAPUT
1156 2197 1226 2251 II.

326 2284 375 2334 i.
425 2281 548 2337 Rex
594 2283 743 2347 Saul,
786 2282 876 2354 qui
920 2282 1188 2355 principia
1234 2285 1379 2341 bona
1412 2286 1625 2355 habuit,
1677 2288 1772 2345 sed
1806 2289 1860 2345 in

266 2366 411 2424 bonis
466 2386 599 2441 quae
642 2379 883 2441 coeperat
936 2387 1281 2445 nequaquam
1326 2358 1705 2445 perseverarii,
1762 2393 1864 2449 per

264 2471 420 2511 sacrae
448 2457 712 2514 Historia
746 2466 950 2513 textum
992 2460 1313 2530 ostenditur,
1346 2469 1402 2517 ut
1421 2463 1476 2517 in
1506 2479 1571 2520 eo
1600 2464 1862 2521 imitanda

267 2549 315 2599 et
339 2545 592 2601 cavenda
636 2545 939 2602 videamus.
974 2546 1065 2603 Sic
1094 2547 1350 2603 nimirum
1401 2558 1454 2606 et
1496 2553 1640 2608 male
1688 2553 1862 2609 cultas

268 2641 470 2703 segetes
485 2633 785 2706 carpimus,
818 2651 937 2705 qua
966 2636 1035 2690 ad
1066 2637 1393 2693 messionem
1423 2639 1593 2710 spinis
1620 2641 1859 2698 admixta

269 2731 617 2795 consurgunt.
668 2724 811 2778 Bene
850 2723 1066 2794 quidem
1099 2740 1191 2779 eas
1234 2725 1419 2798 legere
1448 2729 1617 2796 novit,
1661 2730 1753 2801 qui
1780 2730 1859 2786 sic

268 2820 408 2866 curat
447 2812 638 2882 spicas
667 2827 908 2881 carpere,
953 2820 1011 2868 ut
1039 2812 1226 2882 spinas
1256 2814 1474 2870 studeat
1502 2816 1721 2873 evitare.
1757 2817 1854 2875 Sic

264 2898 381 2953 dum
419 2899 567 2955 horti
616 2916 743 2954 cura
791 2899 1103 2972 negligitur,
1158 2917 1281 2957 cum
1311 2901 1459 2958 olere
1505 2905 1649 2976 quod
1678 2905 1856 2962 reﬁcit

262 2988 483 3043 nascitur
520 2987 668 3043 vicia
696 3005 818 3059 qua
859 2989 1071 3060 pungit.
1114 2988 1284 3058 Quasi
1330 2990 1474 3045 enim
1510 2993 1652 3047 male
1679 2994 1853 3049 cultos

262 3090 411 3147 agros
434 3076 656 3148 ingredi
684 3084 841 3132 caute
870 3076 1151 3147 discipulis
1177 3077 1534 3148 praecipiebat
1559 3080 1848 3150 Dominus,

259 3178 373 3218 cum
391 3163 611 3219 dicebat
629 3183 641 3218 :
671 3162 859 3236 Super
877 3164 1195 3221 cathedran
1207 3166 1377 3238 Moysi
1395 3166 1664 3224 sederunt
1691 3171 1852 3240 prin-

260 3250 397 3324 cipes
414 3256 471 3307 et
489 3252 789 3308 Pharisaei.
810 3253 1159 3326 Quacunque
1175 3254 1436 3309 dixerint
1457 3255 1625 3323 vobis,
1647 3260 1824 3327 facite
1834 3279 1856 3321 ,-

263 3354 375 3410 qute
400 3345 603 3397 autem
632 3343 884 3411 faciunt,
915 3343 1104 3411 facere
1131 3342 1314 3397 nolite
1342 3343 1558 3413 (Matth.
1587 3359 1744 3413 χχιιι,
1778 3346 1855 3416 2).

266 3424 423 3494 Quasi
464 3430 655 3485 dicat:
690 3427 830 3498 Quia
858 3428 1016 3483 mista
1042 3436 1165 3483 sunt
1206 3437 1345 3497 acta,
1378 3438 1431 3485 et
1455 3431 1626 3486 verba
1661 3448 1857 3504 repro-

262 3512 467 3581 borum,
493 3516 579 3572 sic
594 3516 781 3572 utendi
802 3523 943 3584 sunt,
973 3524 1032 3571 ut
1051 3515 1105 3570 in
1126 3516 1203 3570 eis
1231 3524 1473 3572 sumatur
1501 3519 1644 3588 quod
1676 3520 1855 3577 viviﬁ-

261 3610 357 3669 cat,
400 3603 605 3659 vitetur
632 3603 779 3674 quod
824 3610 1003 3658 necat.
1048 3602 1185 3657 Hinc
1227 3603 1417 3659 iterum
1464 3607 1852 3679 pranuntians,

265 3685 380 3744 dicit
401 3706 413 3745 :
454 3693 695 3748 Venient
709 3692 780 3746 ad
796 3707 893 3746 vos
914 3691 976 3746 in
994 3691 1347 3747 vestimentis
1360 3693 1569 3763 ovium,
1583 3697 1853 3754 intrinse-

261 3793 347 3834 cus
372 3784 573 3836 autem
607 3783 743 3834 sunt
770 3779 890 3851 lupi
910 3794 1143 3850 rapaces
1177 3779 1411 3849 (Matth.
1446 3796 1538 3850 χιι,
1564 3784 1672 3853 15).
1716 3784 1853 3841 Huc-

260 3880 415 3937 usque
442 3882 580 3940 ergo
623 3869 788 3935 349
833 3882 1019 3937 regem
1068 3866 1196 3921 Saul
1225 3872 1445 3924 strenue
1473 3871 1630 3942 regni
1667 3889 1849 3928 curam

260 3964 549 4023 gerentem,
601 3955 834 4010 libenter
875 3954 1219 4024 attendimus,
1263 3962 1693 4027 contemptorem
1734 3962 1849 4030 jam

259 4039 553 4099 Dominica
589 4043 872 4113 jussionis,
922 4042 976 4095 in
1006 4056 1112 4113 quo
1160 4040 1316 4098 vitari
1346 4050 1399 4096 et
1445 4044 1609 4114 abjici
1656 4046 1851 4104 debeat

262 4128 516 4186 subtiliter
544 4130 846 4185 videamus.
879 4131 1017 4184 Nam
1048 4129 1319 4199 sequitur:

319 4216 497 4287 (Vers.
516 4222 568 4287 8,
583 4218 664 4288 9.)
678 4217 1072 4291 Apprehendit
1091 4219 1242 4290 Agag
1258 4235 1446 4289 regem
1470 4220 1748 4279 Amalech
1770 4225 1848 4280 υἱ-

1972 1847 2191 1905 ﬁliabus
2222 1852 2524 1940 hominum,
2544 1854 2658 1923 jam
2688 1859 2925 1929 impletis
2946 1862 3001 1916 in
3031 1863 3249 1920 luxuria
3278 1847 3575 1940 voluptati-

1974 1936 2096 2025 bus,
2131 1938 2199 1992 de
2228 1938 2313 1992 his
2341 1939 2434 2009 qui
2461 1940 2717 2009 puritatis
2746 1948 2938 2004 merito
2968 1948 3063 2005 ﬁlii
3087 1952 3188 2007 Dei
3218 1936 3575 2025 vocabantur,

1972 2023 2026 2077 in
2057 2024 2258 2080 Genesi
2291 2028 2555 2086 Dominus
2573 2034 2827 2101 minatur,
2844 2035 3057 2093 dicens:
3082 2040 3204 2095 Non
3219 2023 3576 2114 permanebit

1971 2113 2208 2182 spiritus
2224 2130 2381 2172 meus
2398 2118 2459 2173 in
2473 2118 2698 2176 homine
2715 2122 2778 2176 in
2795 2127 2971 2179 cetera
2979 2141 3095 2193 um,
3114 2143 3176 2183 eo
3191 2113 3338 2200 quod
3349 2146 3479 2189 caro
3494 2133 3573 2190 sit

1972 2196 2194 2265 (Cenes.
2234 2216 2308 2268 Vl,
2343 2201 2420 2270 3).
2454 2202 2590 2259 Caro
2640 2204 2840 2276 quippe
2886 2208 3047 2264 homo
3072 2196 3317 2281 efﬁcitur,
3350 2216 3570 2284 quando

1971 2286 2157 2340 sensui
2185 2288 2361 2343 carnis
2387 2291 2526 2347 ratio
2557 2291 2904 2365 subjugatur.
2933 2294 3046 2350 Rex
3068 2312 3200 2370 ergo
3213 2301 3474 2359 Amalech
3489 2304 3573 2361 vi-

1972 2388 2077 2445 gor
2105 2382 2188 2429 est
2215 2391 2407 2432 sensus
2435 2379 2688 2449 carnalis,
2721 2380 2811 2452 qui
2840 2382 3079 2439 motibus
3121 2387 3369 2457 turpibus
3389 2390 3574 2461 impe-

1966 2468 2071 2528 rat,
2102 2469 2161 2517 ut
2192 2464 2463 2535 captivam
2487 2468 2752 2524 rationem
2800 2470 2871 2525 ad
2898 2470 3185 2529 illecebras
3220 2476 3572 2535 obscenitatis

1967 2549 2161 2607 trahat.
2211 2552 2357 2608 Bene
2404 2563 2584 2612 autem
2615 2557 2817 2612 carnali
2859 2559 3041 2615 sensui
3080 2576 3280 2618 nomen
3321 2566 3572 2639 congruit
3654 2602 3661 2613 ι

1964 2638 2318 2695 Amalechita
2356 2643 2524 2713 regis.
2558 2646 2708 2717 Agag
2740 2644 2963 2716 quippe,
3008 2648 3297 2721 meditans,
3331 2638 3450 2708 sive
3478 2653 3568 2711 lo-

1965 2741 2133 2794 quens
2176 2727 2576 2799 interpretatur.
2629 2732 2876 2787 Meditari
2919 2734 3122 2807 quippe
3161 2738 3211 2793 ei
3256 2747 3356 2811 est,
3388 2742 3569 2812 phan-

1965 2819 2191 2870 tasmata
2209 2814 2447 2873 lascivia
2464 2818 2677 2874 interna
2702 2820 3060 2879 meditatione
3090 2825 3374 2899 colligere.
3394 2829 3464 2884 Et
3488 2830 3570 2888 lo-

1962 2900 2054 2970 qui
2082 2902 2131 2956 ei
2159 2910 2244 2957 est
2270 2918 2492 2959 carnem
2513 2906 2748 2961 motibus
2778 2908 3025 2980 turpibus
3055 2911 3125 2967 ad
3153 2913 3443 2972 libidinem
3472 2933 3566 2974 ex-

1960 2987 2157 3044 citare.
2183 2989 2347 3058 Quasi
2365 2992 2508 3047 enim
2540 3010 2799 3066 magnum
2820 2996 3117 3054 clamorem
3147 3000 3432 3060 locutionis
3459 3006 3565 3062 ha-

1963 3075 2072 3144 bet,
2129 3078 2255 3147 quia
2306 3094 2526 3135 carnem
2583 3082 2849 3152 pulsando
2902 3086 3180 3144 ardentius
3232 3102 3563 3150 commovet.

1958 3165 2097 3252 Nam
2127 3174 2181 3220 et
2222 3167 2536 3224 meditando
2564 3169 2774 3243 colligit
2803 3172 2949 3242 quod
2986 3172 3264 3244 loquendo
3293 3189 3563 3252 exponat:

1968 3251 2097 3323 quia
2137 3255 2501 3327 unusquisque
2526 3258 2729 3313 carnali
2767 3260 2949 3315 sensui
2979 3262 3242 3334 subditus,
3288 3251 3395 3339 quo
3424 3269 3567 3326 libe-

1965 3340 2076 3395 rius
2103 3341 2345 3400 lascivia
2374 3345 2664 3402 simulacra
2688 3345 2831 3403 intus
2856 3350 3139 3422 conspicit,
3171 3369 3237 3409 eo
3267 3354 3562 3414 validiores

1963 3436 2141 3484 motus
2162 3430 2508 3501 turpitudinis
2530 3433 2660 3489 foris
2674 3436 2852 3493 sentit.
2870 3437 3161 3494 Meditatur
3186 3457 3318 3514 ergo
3346 3459 3445 3514 per
3470 3444 3561 3501 in-

1963 3524 2169 3572 ternam
2188 3518 2456 3576 visionem
2487 3523 2849 3593 turpitudinis,
2880 3524 3120 3596 loquitur
3138 3535 3318 3585 autem
3338 3547 3439 3601 per
3465 3548 3563 3590 cx-

1963 3604 2212 3660 teriorem
2258 3615 2465 3663 motum
2519 3609 2909 3667 delectationis.
2961 3613 3077 3668 Rex
3120 3631 3252 3688 ergo
3298 3620 3561 3678 Amalech

1960 3689 2186 3762 loquens
2213 3702 2266 3750 et
2295 3696 2563 3750 meditans
2590 3697 2808 3767 dicitur,
2831 3700 2953 3771 quia
2968 3702 3078 3757 illis
3099 3702 3335 3761 labentia
3351 3707 3567 3766 blandi-

1958 3790 2142 3836 menta
2172 3783 2349 3837 carnis
2400 3783 2638 3839 excitare
2670 3794 2863 3856 potest,
2899 3789 3098 3859 quibus
3128 3808 3224 3863 per
3250 3801 3434 3866 turpes
3462 3813 3562 3853 co-

1960 3868 2257 3938 gitationes
2288 3870 2489 3936 illudit,
2540 3879 2593 3926 et
2624 3889 2761 3944 quos
2802 3890 2899 3944 per
2927 3878 3318 3948 experientiam
3348 3883 3562 3942 blanda

1955 3956 2219 4011 motionis
2260 3958 2456 4012 erudit.
2494 3958 2606 4013 Sed
2654 3962 2976 4028 notandum,
3023 3967 3147 4037 quia
3193 3984 3300 4040 quo
3341 3970 3564 4029 liberius

1956 4044 2265 4111 meditatur,
2312 4060 2379 4100 eo
2409 4052 2462 4100 et
2488 4045 2714 4101 liberius
2752 4047 3016 4120 loquitur:
3077 4055 3204 4126 quia
3231 4071 3455 4115 carnem
3492 4067 3598 4119 eo‘.

1956 4129 2147 4187 fortius
2179 4141 2507 4201 commovet,
2561 4149 2668 4204 quo
2710 4149 2902 4192 causas
2930 4155 3044 4194 sua
3073 4146 3451 4201 commotionis
3476 4148 3559 4203 in-

1954 4225 2040 4273 tus
2063 4219 2357 4291 impressas
2383 4236 2484 4291 per
2535 4222 2916 4293 cogitationem
2970 4234 3133 4284 tenet.
3178 4232 3327 4287 More
3356 4234 3557 4291 etenim

259 4319 398 4373 vum,
417 4322 582 4362 omne
611 4314 807 4362 autem
824 4307 1021 4377 vulgus
1053 4307 1348 4376 interfecit
1366 4308 1427 4362 in
1446 4325 1540 4365 ore
1564 4312 1760 4382 gladii.
1780 4314 1852 4368 Et
1880 4310 1932 4370 D
1962 4306 2106 4380 ignis
2137 4314 2243 4379 quo‘
2270 4308 2519 4364 attentius
2553 4308 2872 4378 insumatur,
2902 4329 2970 4371 eo
2996 4317 3177 4390 magis
3206 4320 3552 4378 accenditur:

257 4396 498 4464 pepercit
526 4393 746 4450 Saulet
770 4397 1011 4466 populus
1038 4397 1206 4465 Agag,
1231 4399 1287 4451 et
1317 4399 1550 4468 optimis
1586 4400 1851 4471 gregibus

258 4481 515 4549 ocium,et
527 4486 1009 4549 armentorum;et
1020 4484 1344 4551 vestibus,et
1356 4486 1717 4556 arietibus,et
1728 4490 1855 4545 uni-

256 4571 567 4642 versis,quw
577 4570 819 4641 pulchra
835 4572 1114 4639 erant,nec
1128 4571 1428 4626 voluerunt
1445 4576 1751 4641 disperdere
1767 4592 1845 4629 ea.

263 4655 528 4729 Quidquid
539 4674 664 4714 vero
679 4660 731 4713 vi
738 4660 786 4714 le
799 4658 915 4727 fuit
926 4658 1310 4731 etreprobum,
1327 4658 1427 4714 hoc
1440 4660 1693 4716 demoliti
1703 4674 1841 4717 sunt.

321 4748 370 4797 2.
402 4746 637 4801 Verbum
685 4746 904 4801 Domini
941 4746 1069 4801 fuit:
1111 4747 1273 4803 Nunc
1320 4748 1475 4815 vade,
1520 4751 1576 4803 et
1614 4752 1845 4820 percute

253 4832 600 4901 Amalech,“
613 4834 883 4891 demolire
896 4837 1159 4891 universa
1170 4837 1311 4906 eius.
1329 4835 1449 4891 Non
1469 4836 1539 4905 (ὁ)
1548 4852 1752 4908 parcas
1768 4839 1840 4906 ei,

257 4924 436 4977 etnon
458 4924 821 4994 concupisces
837 4939 910 4979 ea:
931 4924 1011 4978 eis
1029 4923 1264 4996 aliquid.
1290 4926 1490 4994 Aperte
1513 4939 1641 4995 ergo
1660 4933 1841 4979 trans-

256 5024 467 5078 gressor
480 5026 577 5081 per
603 5010 1024 5066 inobedientiam
1047 5012 1268 5079 exstitit,
1294 5011 1421 5083 quia
1448 5010 1677 5082 implere
1697 5028 1842 5082 pra-

256 5105 463 5166 ceptum
493 5099 711 5153 Domini
758 5114 857 5169 per
903 5099 1214 5169 superbiam
1254 5101 1544 5156 recusavit.
1577 5102 1842 5157 Dominus

257 5184 466 5253 quidem
498 5187 775 5257 propheta
820 5188 1098 5259 pracepit,
1135 5188 1355 5244 dicens:
1407 5189 1484 5245 Ne
1512 5205 1716 5261 parcas
1763 5190 1836 5253 ei,

255 5275 428 5328 etnon
440 5278 802 5347 concupisces
819 5292 891 5333 ex
908 5276 1072 5332 rebus
1083 5277 1230 5349 ipsiu
1243 5294 1263 5332 ς
1275 5277 1493 5350 aliquid
1505 5318 1519 5333 .
1532 5278 1633 5334 Hic
1644 5293 1773 5335 vero
1786 5288 1840 5335 et

316 5441 395 5511 (α)
428 5443 586 5520 Forte
597 5445 687 5502 hic
714 5445 852 5503 liber
878 5447 1095 5517 quintus
1111 5447 1434 5520 absolvitur,
1453 5456 1506 5506 et
1535 5457 1719 5507 sextus
1746 5448 1837 5506 in-

257 5510 501 5604 εὲἐέεέωι
525 5517 768 5604 nasoque
799 5510 961 5604 erit
998 5510 1314 5604 ρίεεοὲίὲεὐξ
1348 5510 1488 5577 ιίιίτο
1517 5522 1833 5604 quintade-

254 5578 421 5639 betur.
467 5578 514 5641 Ᾱ
549 5578 824 5645 communi
861 5578 1046 5647 tamen
1083 5589 1370 5649 Editorum
1404 5578 1647 5650 omnium
1693 5592 1830 5651 divi-

1959 4397 2087 4467 quia
2122 4396 2166 4451 si
2198 4396 2358 4451 ﬂatus
2402 4397 2696 4455 immunda
2725 4401 3069 4473 cogitationis
3097 4405 3266 4478 deest,
3309 4410 3473 4467 ardor
3491 4413 3556 4467 li-

1956 4484 2228 4540 bidinosa
2258 4485 2644 4541 commotionis
2689 4487 2881 4545 adesse
2909 4507 3018 4548 non
3045 4499 3247 4563 potest.
3280 4498 3397 4554 Rex
3428 4516 3560 4575 ergo

1956 4572 2118 4626 Israel
2161 4581 2351 4628 contra
2394 4574 2656 4632 Amalech
2706 4594 2900 4652 regem
2941 4591 3171 4654 pugnat,
3204 4602 3330 4642 cum
3370 4572 3563 4647 doctor

1953 4661 2217 4717 Ecclesia
2232 4670 2420 4717 contra
2450 4662 2859 4722 fornicationem
2878 4669 3139 4742 disputat.
3159 4674 3333 4744 Quem
3351 4678 3557 4736 victum

1952 4750 2115 4820 capit,
2150 4751 2366 4821 quando
2396 4749 2464 4805 ad
2487 4752 2708 4807 veniam
2739 4757 2905 4825 350
2926 4773 3220 4819 conversos
3233 4776 3554 4834 peccatores

1950 4854 2059 4893 non
2088 4839 2263 4895 solum
2289 4839 2633 4909 poenitentes,
2670 4843 2768 4898 sed
2797 4844 2957 4900 etiam
2986 4848 3304 4908 conﬁtentes
3333 4856 3549 4927 accipit.

1951 4925 2120 4995 Quasi
2162 4942 2296 5000 ergo
2325 4928 2588 4983 Amalech
2624 4944 2810 5001 regem
2834 4932 2946 5000 jam
2987 4935 3231 4992 vinctum
3262 4946 3429 5011 tenet,
3450 4925 3553 5014 ‘qui

1949 5014 2230 5070 carnalem
2256 5029 2495 5084 sensum,
2527 5015 2583 5070 in
2600 5018 2877 5074 conversis
2891 5025 3271 5091 peccatoribus
3287 5042 3388 5097 per
3401 5044 3551 5088 amo-

1948 5119 2060 5157 rem
2082 5102 2379 5173 pudicitia,
2392 5103 2510 5172 jam
2532 5105 2727 5161 rationi
2763 5107 3076 5177 subjectum
3098 5111 3265 5167 videt.
3289 5113 3397 5170 Sed
3414 5117 3547 5188 quid

1947 5198 2030 5246 est
2063 5191 2209 5264 quod
2250 5192 2461 5248 vinctus
2493 5191 2644 5259 vivit,
2685 5193 2790 5248 nisi
2838 5198 2967 5267 quia
3004 5200 3251 5255 nonnulli
3302 5211 3423 5258 sunt
3453 5203 3547 5275 qui

1943 5279 2176 5351 propriis
2201 5279 2542 5351 passionibus
2562 5295 2671 5335 non
2700 5291 3004 5355 moventur,
3035 5287 3156 5358 sed,
3186 5289 3382 5346 auditis
3410 5292 3546 5351 alie-

1942 5448 2093 5533 s_i_one
2119 5451 2375 5508 recedere
2400 5462 2512 5505 non
2540 5447 2681 5516 licet,
2718 5448 2882 5506 nullis
2900 5453 3030 5509 Mss.
3064 5454 3222 5513 nobis
3242 5461 3521 5531 pralucen

1943 5522 2268 5665 abditum
2295 5599 2350 5649 et
2382 5590 2569 5662 Vatia,
2601 5606 2719 5651 non
2736 5607 2942 5665 parcas
2972 5597 3075 5656 eis,
