3996 6164
510 368 613 433 ΗΟ

1757 366 2003 429 SANCTI
2043 362 2385 428 GREGORII
2421 359 2643 426 MAGNI
3666 375 3754 428 tzo

501 495 584 551 nis
602 495 1048 565 obscenitatibus,
1067 499 1390 556 moventur?
1424 498 1739 571 Pugnantes
1758 496 1926 561 fortes
1956 503 2098 565 sunt,
2129 493 2185 554 Α
2215 494 2577 554 deliberatam
2607 495 2929 572 pravitatem
2955 492 3373 577 perpetrandam
3389 492 3609 573 cogitur,
3634 493 3758 551 bene

456 584 597 639 ‘sed
637 586 871 641 victores
916 585 1140 644 cadunt.
1180 586 1286 661 Qui
1316 587 1463 643 enim
1507 593 1878 667 expugnatum
1907 600 2097 663 regem

451 682 460 689 °
495 671 677 729 vivum
697 674 951 751 servavit,
973 674 1141 753 liquet
1166 676 1293 749 quia
1314 674 1370 737 in
1395 675 1644 746 eiusdem
1670 673 1802 737 belli
1825 673 2098 744 triumpho

495 762 640 837 capti
670 762 773 823 sibi
808 762 960 841 regis
987 777 1223 841 persona
1250 761 1486 841 placuit.

572 852 623 905 4.
649 848 791 921 Quid
812 866 941 911 vero
957 850 1104 905 aliud
1123 849 1342 927 faciunt,
1381 850 1471 929 qui
1495 852 1565 913 ab
1594 851 1716 912 aliis
1746 858 2098 923 peccatorum

454 946 465 956 '
496 940 907 999 confessionem
956 939 1221 1017 recipiunt
1256 940 1284 992 ‘I
1313 940 1453 999 Nam
1502 940 1635 996 dum
1686 940 1947 1017 cogitant,
1980 954 2099 1009 quae

493 1025 811 1085 conﬁtentes
850 1025 1114 1099 fecerunt,
1158 1027 1227 1082 ad
1276 1028 1506 1100 scelera,
1546 1044 1668 1105 quae
1721 1026 1968 1095 audiunt,
2008 1027 2097 1081 iu-

492 1115 809 1179 ardescunt;
860 1130 986 1173 nam
1029 1131 1173 1186 saepe
1215 1114 1345 1171 dum
1400 1116 1645 1190 audiunt,
1696 1115 1890 1189 quibus
1918 1130 1977 1170 se
2006 1112 2098 1177 alii

491 1201 878 1265 blandimentis
926 1202 1233 1279 obruerant,
1281 1219 1465 1260 amare
1511 1203 1613 1283 ipsi
1644 1203 1929 1275 incipiunt,
1972 1218 2095 1282 quae

486 1292 607 1363 jam
645 1307 833 1353 eorum
876 1292 1253 1355 exhortatione
1306 1293 1597 1353 morientes
1627 1292 1705 1348 illi
1734 1289 2089 1351 confitentur.

490 1381 617 1440 Jam
665 1395 796 1459 ergo
843 1378 899 1441 in
942 1379 1075 1435 urbe
1104 1395 1204 1437 sua
1244 1380 1422 1437 victus
1469 1385 1529 1437 et
1566 1388 1754 1457 captus
1798 1386 1884 1437 est
1911 1382 2092 1459 Agag,

490 1470 589 1525 sed
618 1484 652 1524 a
693 1468 897 1529 victore
927 1472 1189 1536 servatur,
1221 1484 1347 1525 cum
1381 1470 1525 1545 quod
1576 1469 1872 1525 detestatur
1898 1484 1929 1522 a
1958 1467 2095 1527 sub-

489 1558 633 1631 ditis,
685 1556 928 1633 diligitur
966 1573 999 1613 a
1039 1557 1314 1627 praelatis:
1362 1558 1486 1630 quia
1512 1557 1744 1615 carnalis
1790 1572 1981 1612 sensus
2030 1554 2087 1610 in

492 1643 573 1705 eis
601 1644 785 1722 vigere
814 1644 1018 1719 incipit,
1051 1645 1140 1717 qui
1170 1644 1226 1709 in
1273 1645 1380 1705 illis
1411 1646 1659 1721 vigorem
1691 1645 1893 1721 iniquae
1924 1642 2093 1699 domi-

494 1732 728 1791 nationis
770 1732 976 1789 amisit.
1029 1732 1099 1790 Et
1126 1733 1254 1804 quia
1300 1733 1433 1794 dum
1474 1737 1723 1811 pastores
1764 1738 1983 1788 currunt
2026 1731 2096 1787 ad

2206 592 2330 661 post
2373 600 2524 660 oves,
2571 591 2838 659 armenta,
2870 591 2924 645 et
2964 592 3157 651 vestes,
3202 582 3452 641 arietibus
3483 583 3758 661 pepercisse

2205 681 2598 729 memorantur.
2645 674 2808 749 351
2841 670 3009 747 Quasi
3040 672 3186 728 enim
3215 669 3435 732 arietum
3463 685 3649 727 cornua
3673 671 3761 728 sibi

2204 755 2260 818 in
2291 757 2443 818 lenes
2471 757 2759 820 libidinum
2788 760 2927 820 ictus
2942 759 3176 839 placent,
3209 758 3299 837 qui
3324 758 3426 814 hoc
3445 757 3501 813 in
3527 774 3582 821 se
3610 775 3761 816 unum

2205 846 2433 906 retinere
2463 847 2673 917 nititur,
2704 849 2848 909 unde.
2876 848 2946 904 ad
2976 847 3335 904 immunditim
3362 854 3581 909 mortem
3608 847 3765 925 perfo-

2204 940 2375 989 retur.
2413 935 2685 992 Arietibus
2707 951 2840 1013 ergo
2870 936 3062 1015 parcit,
3090 937 3183 1013 qui
3211 935 3639 1011 praecipitationis
3666 951 3763 996 sua:

2203 1020 2339 1081 ictus
2381 1030 2661 1102 gratanter
2700 1025 2916 1097 recipit,
2967 1025 3238 1099 Pungitur
3277 1024 3492 1101 quippe,
3527 1030 3583 1079 ut
3608 1024 3764 1079 carnis

2203 1126 2313 1166 sua:
2342 1110 2628 1172 desideriis
2659 1113 2863 1173 serviat
2897 1132 2909 1177 ;
2952 1113 3047 1186 sed
3076 1112 3221 1191 quod
3256 1129 3312 1168 se
3343 1113 3548 1171 fortiter
3575 1110 3762 1191 pungit,

2202 1198 2395 1255 leviter
2432 1199 2685 1263 oblectat.
2751 1202 2889 1273 Quia
2923 1201 3053 1257 item
3095 1216 3196 1280 per
3238 1201 3545 1264 innumeros
3596 1200 3766 1256 modos

2203 1286 2556 1347 obscenitatis
2584 1297 2820 1349 mentem
2862 1288 3032 1349 libido
3062 1289 3138 1365 (b)
3167 1288 3341 1360 iliicit,
3370 1304 3475 1351 non
3504 1289 3664 1349 solum
3691 1289 3765 1344 his

2201 1375 2493 1431 nominatis
2534 1376 2713 1442 rebus,
2761 1376 2859 1437 sed
2902 1377 3157 1437 omnibus
3199 1393 3323 1449 quae
3358 1377 3579 1451 pulchra
3605 1383 3760 1445 erant,

2202 1463 2507 1543 pepercisse
2550 1472 2950 1522 memorantur.
2987 1464 3189 1526 Omnia
3217 1481 3341 1538 qua
3369 1463 3473 1524 sibi
3513 1464 3766 1527 immunda

2203 1552 2384 1608 anima
2402 1552 2471 1609 de
2500 1552 2723 1612 luxuriae
2742 1553 3022 1633 voluptate
3041 1555 3111 1625 (c)
3144 1560 3426 1629 gratanter
3437 1551 3632 1631 tingere
3658 1567 3766 1613 cer-

2201 1640 2367 1715 nitur,
2417 1642 2678 1702 Amalech
2714 1641 2940 1718 pulchra
2968 1640 3334 1703 nominantur.
3378 1643 3637 1717 Appetere
3662 1641 3768 1696 haec

2202 1728 2403 1801 quippe
2430 1728 2737 1789 nullatenus
2782 1738 2985 1803 posset,
3018 1729 3063 1783 si
3095 1729 3447 1791 vehementer
3474 1729 3572 1784 sibi
3600 1743 3767 1791 eorum

493 1821 880 1897 praecipitium,
922 1821 1154 1899 subjecti
1182 1823 1543 1893 comitantur;
1585 1837 1690 1878 rex
1719 1821 1906 1881 vivum
1934 1822 2096 1893 Δίας
2123 1845 2180 1913 Β
2206 1817 2419 1913 species
2445 1834 2556 1913 non
2572 1819 2849 1913 placeret.

490 1909 704 1987 cepisse
763 1908 981 1981 dicitur,
1030 1909 1124 1964 sed
1176 1909 1321 1966 idem
1366 1925 1482 1983 rex,
1530 1917 1584 1966 et
1625 1909 1863 1986 populus
1914 1907 2094 1963 eidem

494 1996 631 2077 regi,
664 2004 718 2053 et
746 1997 1050 2073 quibusque
1087 1997 1346 2063 Amalech
1377 1997 1598 2075 optimis
1625 1996 1937 2071 pepercisse
1969 2012 2094 2052 me-

497 2092 797 2142 morantur.
842 2084 1068 2140 Parcere
1112 2085 1278 2161 enim,
1311 2084 1520 2143 affectae
1548 2085 1748 2141 mentis
1777 2092 1876 2157 est,
1910 2098 2097 2141 amore

496 2174 615 2249 ejus
643 2173 726 2228 cui
757 2172 953 2247 parcit.
985 2171 1143 2247 Quod
1170 2180 1314 2236 certe
1366 2171 1607 2232 libidinis
1643 2172 1776 2235 vitio
1805 2172 2092 2237 convenit:

502 2261 631 2338 quia
658 2268 716 2317 ut
745 2261 957 2336 placere
1002 2261 1211 2331 incipit,
1240 2269 1477 2323 mentem
1508 2261 1565 2321 in
1593 2261 1676 2317 sui
1705 2277 1950 2321 amorem
1983 2269 2097 2316 tra-

492 2348 600 2404 hit.
627 2347 768 2425 Quia
782 2349 945 2409 etiam
963 2350 1256 2411 vehemens
1272 2357 1352 2413 est
1372 2349 1541 2412 virtus
1569 2347 1739 2419 illius,
1763 2357 1959 2409 statum
1991 2350 2095 2411 ba-

491 2437 627 2499 bere
668 2452 778 2497 non
816 2436 999 2496 novit:
1049 2436 1175 2511 quia
1203 2437 1456 2492 nimirum
1503 2436 1609 2500 cito
1634 2436 1867 2508 perﬁcit,
1894 2437 1940 2491 si
1981 2452 2014 2497 a
2039 2453 2098 2497 se

486 2525 628 2583 hanc
657 2524 765 2583 cito
809 2525 1076 2600 evigilans
1117 2524 1335 2582 animus
1362 2540 1469 2581 non
1516 2523 1762 2601 expellit.
1795 2526 1934 2585 Nam
1964 2525 2096 2585 dum

485 2621 729 2674 mentem
758 2611 988 2685 invadit,
1019 2628 1077 2668 se
1105 2628 1205 2689 per
1228 2612 1538 2676 innumeras
1577 2612 1971 2683 turpitudinum
1996 2628 2096 2669 co-

487 2702 778 2780 gitationes
819 2700 1050 2779 spargit.
1095 2700 1249 2761 Unde
1293 2706 1354 2761 et
1393 2700 1531 2757 bene
1575 2700 1791 2778 optimis
1830 2700 2096 2774 gregibus

451 2866 455 2870 ι
493 2800 547 2853 et
577 2790 860 2860 armentis,
880 2798 932 2845 et
960 2789 1089 2851 Saul
1111 2797 1164 2851 et
1192 2787 1424 2865 populus
1452 2788 1762 2861 pepercisse
1791 2804 2093 2852 memoren-

486 2885 597 2945 tur.
643 2876 1010 2955 Cogitationes
1035 2876 1271 2951 quidem
1315 2876 1601 2940 libidinum.
1645 2893 1869 2953 greges,
1916 2885 1973 2934 et
2000 2893 2092 2939 ar-

484 2975 669 3025 menta
717 2966 998 3027 dicuntur:
1035 2965 1165 3041 quia
1194 2973 1249 3021 et
1277 2966 1575 3027 innumerae
1602 2974 1742 3034 sunt,
1781 2974 1835 3029 et
1864 2966 1934 3025 de
1962 2981 2091 3027 con-

490 3053 836 3131 templatione
874 3053 1239 3114 immunditiae
1283 3053 1337 3109 in
1382 3054 1613 3124 reprobo
1644 3052 1809 3117 corde
1849 3069 2090 3131 pascun-

491 3152 604 3208 tur,
659 3141 864 3217 Optimi
912 3141 1076 3199 etiam
1118 3150 1261 3209 sunt,
1316 3157 1424 3201 non
1464 3141 1783 3212 probatione
1812 3141 2092 3209 hOnitotis,

458 3232 461 3235 ’
492 3231 591 3295 sed
622 3230 859 3307 appetitu
890 3229 1166 3303 eligentis,
1206 3230 1264 3285 In
1285 3229 1448 3290 corde
1467 3229 1668 3289 etenim
1688 3230 1941 3303 reprobo,
1960 3231 2093 3303 quia

2275 1909 2330 1962 5.
2357 1905 2463 1962 Sed
2495 1906 2622 1983 quia
2642 1924 2802 1963 casus
2828 1908 3100 1965 victorum
3122 1907 3400 1979 asseritur,
3429 1907 3652 1969 dicitur:
3679 1907 3776 1969 Nec

2202 1997 2505 2057 voluerunt
2551 1996 2873 2071 disperdere
2915 2014 3003 2059 ea.
3048 1995 3220 2073 Quasi
3250 1996 3394 2055 dicat
3433 2015 3446 2059 ;
3500 1996 3777 2058 Potuissent

2203 2083 2540 2159 disperdere,
2562 2084 2605 2138 si
2636 2084 2953 2142 voluissent.
2990 2085 3131 2140 Nam
3160 2084 3239 2141 nil
3272 2085 3512 2152 facilius,
3546 2100 3696 2159 quam
3723 2084 3780 2138 li-

2202 2170 2332 2228 bido
2379 2172 2628 2241 vincitur,
2659 2172 2704 2227 si
2734 2173 2910 2233 omnis
2960 2172 3241 2235 immunda
3279 2173 3539 2245 cogitatio
3584 2169 3778 2227 devite-

2204 2267 2309 2319 tur.
2332 2261 2503 2317 Tanto
2524 2260 2691 2335 igitur
2704 2260 2917 2319 facilius
2936 2261 3179 2336 disperdi
3200 2268 3406 2339 potest,
3425 2268 3617 2331 quanto
3637 2275 3780 2319 unus-

2205 2348 2433 2425 quisque
2457 2349 2695 2428 cogitaro
2742 2349 2849 2404 alia
2883 2365 3046 2423 quam
3067 2349 3243 2406 carnis
3264 2349 3659 2405 oblectamenta
3683 2361 3777 2423 po-

2206 2444 2334 2493 test.
2366 2435 2506 2509 Quia
2534 2436 2677 2499 enim
2723 2436 2858 2497 duas
2887 2438 3054 2501 simul
3081 2453 3167 2494 res
3211 2436 3499 2513 imaginari
3526 2451 3630 2497 non
3657 2450 3781 2514 pos-

2204 2541 2409 2599 sumus,
2442 2525 2571 2580 dum
2602 2525 2867 2602 quidquid
2897 2534 3002 2600 est,
3041 2524 3188 2581 aliud
3208 2526 3529 2599 cogitamus,
3560 2523 3778 2602 cogitare

2204 2611 2483 2669 immunda
2512 2629 2621 2669 non
2649 2630 2969 2686 possumus.
3009 2614 3167 2670 Celer
3187 2629 3321 2689 ergo
3351 2622 3405 2670 et
3422 2613 3593 2669 facilis
3619 2610 3783 2666 victo-

2204 2701 2288 2758 ria
2317 2701 2581 2768 libidinis,
2613 2709 2696 2757 est
2722 2702 3138 2774 circumspectio
3168 2702 3517 2781 cogitationis
3549 2701 3628 2756 :si
3657 2714 3778 2775 quo-

2205 2789 2304 2849 ties
2333 2790 2575 2851 carnalia
2602 2790 2844 2861 obviant,
2893 2790 2963 2846 ad
2994 2790 3197 2861 aliquid
3248 2791 3492 2847 omnium
3540 2802 3778 2845 recurra-

2202 2893 2345 2947 mus,
2379 2877 2523 2949 quod
2550 2877 2791 2935 libidinis
2820 2894 2927 2933 non
2956 2879 3025 2937 sit
3052 2878 3506 2939 blandimentum.
3538 2878 3648 2937 Hoc
3674 2874 3781 2953 qui-

2203 2960 2327 3025 dem
2368 2966 2532 3023 facile
2551 2966 2831 3039 stantibus,
2867 2982 2977 3028 non
3005 2967 3168 3046 lapsis
3189 2967 3352 3023 facile
3379 2965 3643 3024 dixerim:
3668 2962 3783 3039 quia

2203 3054 2293 3129 (111i
2342 3054 2744 3127 perpetratione
2772 3054 2978 3128 peccati
3024 3054 3293 3111 immundi
3340 3056 3563 3128 spiritus
3604 3066 3783 3108 servus

2202 3141 2448 3209 eﬂicitur,
2474 3159 2575 3205 nec
2600 3143 2776 3203 carnis
2807 3142 3174 3219 cogitationes
3202 3143 3379 3203 libere
3407 3150 3585 3217 potest
3609 3140 3781 3205 vitare,

2201 3246 2301 3289 nec
2317 3230 2383 3285 ad
2411 3230 2549 3289 alias
2565 3231 2672 3291 cito
2692 3247 2993 3289 recurrere.
3006 3230 3091 3287 De
3112 3232 3416 3293 victoribus
3437 3246 3567 3307 ergo
3583 3229 3780 3287 dicitur:

494 3316 629 3379 nihil
658 3298 907 3395 diligitur
935 3298 1170 3386 cbarius,
1209 3317 1398 3389 optimi
1436 3332 1635 3393 greges
1664 3298 1938 3386 dicuntur,
1972 3298 2097 3391 qui-
2127 3298 2179 3363 0
2204 3318 2506 3379 Noluerunt
2554 3336 2621 3379 ea
2660 3319 2991 3392 disperdere,
3042 3320 3131 3392 qui
3162 3327 3478 3392 potuerunt,
3498 3298 3645 3393 unia
3671 3322 3785 3371 ante

495 3406 603 3463 bus
623 3403 730 3460 alia
756 3404 907 3461 nulla
923 3412 1332 3479 comparantur.
1375 3405 1483 3469 Sed
1501 3404 1695 3479 optimi
1718 3404 1971 3465 dicuntur
2000 3421 2096 3477 pro

495 3493 741 3557 caecitate
783 3493 987 3563 cordis,
1033 3501 1275 3555 armenta
1302 3509 1431 3555 vero
1460 3509 1563 3564 pro
1608 3501 2094 3566 reatutransgres-

494 3578 692 3642 sionis,
733 3581 1002 3657 Reprobis
1033 3581 1234 3655 quippe
1262 3580 1536 3641 mentibus
1565 3597 1823 3659 magnum
1854 3598 1963 3643 non
1992 3590 2090 3651 est,

487 3666 770 3731 immunda
801 3667 1076 3745 cogitare;
1108 3668 1206 3733 sed
1238 3684 1423 3729 coram
1456 3670 1572 3733 Deo
1602 3670 1683 3743 (α)
1725 3686 1954 3742 parvum
1982 3685 2094 3731 nun

489 3763 589 3825 est,
623 3755 678 3810 in
707 3754 914 3827 templo
944 3756 1067 3827 Dei,
1096 3756 1202 3815 hoc
1231 3762 1313 3815 est
1341 3757 1396 3819 in
1426 3766 1754 3831 regenerato
1785 3758 2093 3831 Spirituim-

489 3842 695 3905 munda
721 3858 1011 3919 reponere.
1039 3844 1214 3909 Parcit
1242 3860 1373 3918 ergo
1402 3861 1509 3905 non
1540 3846 1714 3907 solum
1745 3846 1962 3917 ovibus,
1993 3847 2091 3906 sed

488 3931 778 3996 mentis:
813 3932 937 4003 quia
966 3932 1058 4003 qui
1087 3948 1185 4010 per
1227 3948 1470 3995 amorem
1495 3933 1755 4003 libidinis,
1784 3935 1940 4008 quasi
1971 3950 2092 4009 par-

485 4036 583 4083 vas
624 4020 979 4085 immunditiis
1013 4020 1199 4099 culpas
1244 4021 1461 4094 aspicit,
1508 4022 1663 4094 quasi
1709 4023 1897 4093 parvis
1925 4023 2090 4085 modo

485 4109 681 4187 parcit,
712 4108 812 4165 sed
832 4110 1024 4173 merita
1040 4126 1331 4189 prauorum
1352 4126 1517 4180 parva
1546 4127 1659 4173 non
1687 4111 1921 4173 invenit.
1959 4110 2090 4171 Pos-

485 4204 609 4257 sunt
626 4204 809 4259 autem
826 4198 1009 4259 ovium
1038 4197 1261 4261 nomine
1278 4197 1511 4261 leviores
1528 4199 1761 4262 luxuriae
1789 4199 2088 4272 cogitatio-

481 4301 582 4347 nes
602 4285 855 4361 intelligi,
889 4295 1132 4349 armenta
1173 4303 1304 4351 vero
1333 4287 1586 4347 fortiores
1616 4296 1671 4347 et
1715 4288 2087 4351 molestiores.

484 4371 696 4444 Quibus
736 4374 919 4449 utique
960 4391 1055 4437 rex
1087 4378 1145 4438 et
1173 4374 1404 4449 populus
1435 4376 1633 4447 parcit,
1666 4391 1789 4437 cum
1822 4375 2088 4445 reprobus

484 4460 693 4526 doctor,
723 4468 775 4514 et
804 4460 1006 4521 subditi
1020 4469 1133 4521 tam
1162 4460 1372 4523 levibus
1398 4477 1559 4534 quam
1594 4462 1823 4523 fortibus
1853 4463 2089 4525 immun-

480 4547 565 4601 dae
582 4548 927 4618 cogitationis
948 4548 1324 4612 vexatiouibUS
1341 4550 1777 4611 substernuntur.
1808 4551 1951 4625 Quid
1982 4568 2084 4615 v0-

2205 3423 2387 3461 casum
2410 3424 2441 3461 a
2457 3406 2641 3462 liberis
2669 3408 2827 3469 facile
2848 3416 3070 3485 peccata
3099 3409 3372 3483 vitantur;
3421 3407 3522 3464 sed
3546 3407 3595 3463 si
3617 3403 3787 3465 nolunt

2204 3494 2394 3563 vitare,
2426 3511 2548 3549 cum
2590 3501 2832 3568 possunt,
2867 3505 3053 3571 postea
3100 3511 3208 3552 non
3240 3503 3490 3575 possunt,
3521 3495 3566 3549 si
3594 3491 3782 3555 volunt.

2203 3582 2333 3659 quia
2364 3582 2605 3655 perfecte
2658 3583 2799 3641 velle
2830 3598 2940 3641 non
2970 3592 3219 3653 possunt.
3254 3583 3470 3651 Quibus
3498 3582 3675 3655 utique
3701 3592 3790 3655 per

2202 3685 2260 3725 se
2290 3669 2501 3727 Veritas
2523 3670 2653 3727 dicit
2678 3689 2689 3724 :
2723 3671 2786 3727 Si
2819 3687 2912 3733 vos
2940 3672 3097 3742 ﬁlius
3129 3673 3472 3747 liberaverit,
3503 3665 3790 3733 veretiberi

2200 3759 2365 3819 eritis
2392 3760 2572 3829 (Joan.
2597 3776 2717 3828 vui,
2740 3761 2848 3831 36).
2882 3759 3048 3831 Quasi
3077 3760 3255 3816 dicat:
3288 3760 3432 3835 Quia
3463 3766 3655 3837 sponte
3670 3754 3788 3810 libe-

2199 3846 2241 3900 ri
2274 3862 2395 3902 esse
2426 3847 2683 3919 desiistis,
2706 3856 3033 3921 potestatem
3058 3848 3425 3920 adipiscendae
3454 3845 3709 3902 libertatis
3734 3841 3785 3894 in

2199 3935 2356 3991 vobis
2370 3934 2486 4011 jam
2517 3952 2626 3990 non
2656 3935 2892 3992 habetis.
2932 3935 3075 4009 Quid
3104 3951 3236 3992 vero
3266 3945 3366 4008 est,
3399 3936 3545 4009 quod
3567 3932 3783 3990 dicitur:

2204 4024 2479 4096 Quidquid
2517 4040 2643 4087 vero
2681 4026 2800 4094 fuit
2822 4025 2932 4085 vile
2970 4028 3029 4080 et
3058 4023 3380 4097 reprobum,
3415 4026 3515 4081 hoc
3543 4020 3786 4081 demoliti

2194 4117 2354 4179 gunt,
2377 4112 2486 4165 nisi
2516 4112 2642 4181 quia
2662 4113 2907 4167 nonnulli
2929 4111 3200 4187 majorum
3232 4112 3655 4175 delectationum
3674 4122 3785 4171 usu,

2196 4200 2437 4255 minores
2449 4199 2727 4259 fastidiunt
2747 4200 2775 4251 εἴ
2797 4198 3106 4274 Beprobum
3125 4199 3345 4275 quidem
3375 4209 3431 4261 et
3456 4200 3564 4257 vile
3592 4199 3671 4259 eis
3696 4204 3785 4261 est,

2198 4286 2345 4356 quod
2393 4286 2659 4342 electione
2687 4303 2873 4347 eorum
2925 4304 3045 4359 qua:
3074 4288 3255 4362 magis
3284 4288 3534 4365 placent,
3565 4286 3787 4361 vilipen-

2197 4374 2354 4431 dunt.
2393 4374 2532 4445 Quia
2555 4375 2699 4437 enim
2732 4375 3047 4435 delicatiora
3077 4383 3298 4447 peccata
3329 4382 3615 4449 expetunt,
3645 4387 3790 4455 qua:-

2198 4462 2323 4517 dam
2343 4461 2659 4537 reprobant;
2681 4470 2732 4523 et
2754 4464 2880 4539 quia
2902 4463 3231 4539 pretiosiora
3243 4473 3480 4541 peccata
3499 4458 3788 4539 approbant

2196 4551 2326 4604 vilia
2369 4552 2584 4611 minora
2624 4560 2834 4627 putant.
2886 4551 3030 4609 Bene
3074 4568 3205 4629 ergo
3237 4552 3437 4613 dicitur
3474 4570 3489 4607 :
3522 4544 3784 4627 Quidquid

480 4650 540 4691 ro
570 4642 897 4708 estparcere
924 4637 1188 4707 vestibus,
1206 4637 1306 4697 nisi
1337 4639 1603 4698 damnatae
1625 4640 1740 4717 jam
1772 4640 1936 4701 menti
1967 4641 2076 4703 im-
2106 4635 2159 4698 D
2190 4639 2297 4701 vile
2309 4641 2424 4711 fuit
2442 4641 2826 4713 etreprobum,
2843 4641 2944 4699 hoc
2961 4642 3217 4699 demoliti
3232 4644 3404 4699 sunt.
3438 4636 3781 4711 Quindelica-

480 4722 684 4783 munda
729 4722 1078 4785 deliberare?
1108 4726 1165 4782 Si
1202 4726 1345 4787 enim
1390 4744 1585 4789 aureus
1615 4729 1835 4787 vestitus
1864 4745 2079 4801 sponsae

479 4809 762 4887 virginalis
781 4812 953 4883 gloria
984 4821 1089 4883 est,
1121 4830 1245 4889 quae
1286 4822 1411 4873 sunt
1438 4825 1619 4879 vestes
1651 4817 1942 4883 Amalech,
1976 4818 2078 4879 nisi

480 4897 629 4955 foeda
656 4899 1058 4971 inquinamenta
1091 4901 1360 4965 luxuriae?
1392 4903 1501 4967 Sed
1524 4905 1844 4967 vestimenta
1875 4906 2077 4969 dicun-

479 4996 593 5055 tur:
628 4988 757 5069 quia
786 5004 970 5053 eorum
1003 4991 1273 5053 velamine
1305 4999 1416 5053 tam
1456 4992 1661 5065 animo,
1691 5011 1854 5071 quam
1885 5011 2078 5066 corpus

474 5075 729 5139 inﬁcitur.
761 5075 901 5151 Quia
930 5078 1071 5139 enim
1103 5079 1344 5141 animum
1374 5080 1540 5143 ﬁndat
1562 5090 1614 5141 et
1646 5098 1846 5155 corpus
1873 5100 2076 5156 perpe-

475 5165 634 5227 tratio
686 5163 936 5237 luxuriae,
962 5181 1074 5227 non
1128 5167 1312 5239 restis,
1345 5169 1444 5231 sed
1474 5178 1649 5231 vestes
1698 5172 2068 5235 nominantur.

475 5252 603 5322 Sed,
676 5262 732 5313 ut
778 5254 909 5329 dixi,
977 5270 1201 5326 parcere
1271 5257 1602 5328 deliberare.
1672 5274 1770 5331 per
1825 5258 2078 5321 affectum

474 5341 675 5395 mentis
696 5341 975 5398 immunda
1006 5344 1231 5417 diligere
1262 5352 1361 5400 est.
1395 5345 1593 5401 Infelix
1622 5362 1752 5402 vero
1781 5348 1969 5403 anima
2001 5348 2079 5403 sic

476 5433 673 5499 capta,
715 5427 795 5489 sic
823 5431 1139 5501 illaqueata.
1186 5433 1310 5511 quia
1350 5432 1503 5495 miris
1540 5433 1961 5510 impulsiouihus
2005 5434 2073 5495 ad

551 5573 631 5660 $9.)
664 5572 852 5660 Xstic-
889 5584 947 5660 at
970 5578 1176 5660 ίὲὲιρςη
1202 5586 1791 5660 prorumpam»

546 5643 624 5715 (b)
664 5643 865 5702 Vitiosa
909 5646 966 5702 in
993 5643 1172 5708 Vatic.‘
1198 5643 1253 5707 Et
1281 5643 1463 5721 "esse,
1485 5643 1722 5712 illicita.

2190 4728 2328 4787 tiora
2340 4736 2560 4799 peccata
2574 4728 2860 4799 etigunt,et
2873 4746 2995 4799 quae
3008 4729 3187 4787 minus
3201 4726 3602 4799 placent,quasi
3614 4725 3786 4795 inepta

2186 4818 2480 4893 reprobant
2507 4825 2561 4881 et
2606 4817 2751 4877 velut
2779 4817 2913 4872 vilia
2943 4824 3322 4879 contemnunt.

2258 4909 2309 4958 6.
2344 4906 2450 4967 Ista
2478 4920 2607 4965 vero
2635 4905 2819 4969 omnia
2866 4904 3146 4969 moraliter
3175 4900 3779 4979 intellecta,olibidinum

2185 5009 2398 5068 pugnas
2426 5000 2584 5065 atque
2611 4993 2900 5062 victorias;
2954 4993 3053 5048 sed
3082 4992 3151 5053 ad
3182 4992 3491 5060 historiam,
3525 4988 3807 5065 superbor

2186 5098 2305 5145 rum
2326 5089 2380 5138 et
2399 5081 2828 5145 inobedientium
2852 5089 3117 5144 tumorem
3135 5080 3451 5153 designant.
3484 5080 3626 5141 Nam
3654 5090 3785 5153 pra:-

2187 5179 2402 5239 ceptum.
2433 5186 2466 5231 8.
2496 5169 2727 5233 Domino
2766 5170 2900 5231 Saul
2932 5171 3131 5240 fuerat,
3161 5177 3220 5224 ut
3246 5168 3512 5231 Amalech
3534 5166 3619 5222 sic
3647 5164 3782 5221 dele-

2187 5267 2289 5327 ret.
2325 5267 2383 5313 ut
2414 5259 2576 5319 alicui
2623 5274 2811 5321 eorum
2837 5274 2947 5322 non
2993 5264 3263 5331 parceret,
3309 5254 3557 5331 nihilque
3586 5265 3782 5314 concu-

2186 5345 2438 5415 pisceret.
2491 5345 2596 5414 Qui
2644 5362 2775 5418 ergo
2819 5354 2873 5401 et
2911 5345 3029 5417 regi
3063 5344 3331 5400 Amalech
3371 5341 3707 5413 pepercisse,
3735 5344 3784 5391 et

2186 5434 2411 5515 optimis
2439 5434 2747 5509 quibusque
2761 5435 2922 5497 rebus
2947 5434 3220 5503 asseritur,
3234 5432 3511 5504 superbus
3526 5427 3779 5495 etinobe-

2257 5586 2331 5662 (ς)
2365 5585 2633 5663 Corrupto
2658 5583 2719 5653 in
2745 5582 2909 5653 Gaza.
2938 5593 2997 5655 et
3019 5582 3221 5665 Vatia.
3254 5584 3615 5666 grumaim.
