3996 6164
482 321 583 376 ιρε

1687 317 1934 372 SANCTI
1965 315 2305 372 GREGORII
2335 317 2554 373 MAGNI

3636 326 3732 378 424

481 442 640 513 culpa
667 442 911 514 signatur
937 443 966 496 ‘2
994 442 1366 514 Responderet
1419 441 1636 514 quidem
1685 442 1970 508 Dominus,
2021 440 2065 495 si
2095 441 2149 502 A
2178 442 2438 498 foliorum
2462 442 2726 512 judicant,
2759 443 2854 496 sed
2870 441 2925 495 in
2954 456 3148 513 sapore
3176 457 3455 512 pomorum
3501 445 3731 513 probant.

475 545 662 586 vocem
694 530 980 586 clamantis
1008 531 1304 587 exaudiret.
1339 530 1591 601 Sequitur
1621 548 1635 583 :

545 647 726 716 (Vers.
759 648 872 716 12.)
907 647 1149 718 Cumque
1169 646 1235 702 de
1255 649 1419 702 nocte
1447 646 1794 701 surrexisset
1817 646 2065 710 Samuel,

475 742 541 792 ut
569 736 680 791 iret
707 734 778 790 ad
797 734 944 790 Saul
961 751 1152 801 mane,
1172 735 1512 789 nuntiatum
1532 737 1616 788 est
1629 735 1908 804 Samueli,
1926 733 2070 805 quod

473 825 717 880 venisset
745 823 893 878 Saul
920 823 983 878 in
1016 825 1358 889 Carmelum,
1391 827 1446 878 et
1468 823 1749 878 erexisset
1777 822 1887 878 sibi
1943 825 2068 891 for-

479 913 665 967 uicem
689 911 1120 983 triumphalem.

548 1019 634 1072 10.
668 1017 941 1086 Quidnam
971 1024 1050 1072 est
1079 1017 1376 1088 peccatoris
1422 1017 1550 1082 vita,
1610 1016 1716 1071 nisi
1773 1031 1882 1071 nox
1915 1018 1943 1068 ‘?
2002 1017 2073 1071 Et

481 1105 608 1177 quid
659 1105 791 1175 justi
839 1107 930 1159 lux
980 1105 1146 1172 aliud,
1206 1122 1368 1177 quam
1424 1105 1541 1160 dies
1571 1106 1599 1156 εἳ
1655 1105 1812 1160 Unde
1867 1112 1919 1158 et
1975 1120 2073 1174 per

484 1194 712 1248 Paulum
769 1195 1045 1250 conversis
1099 1195 1478 1264 peccatoribus
1535 1193 1732 1248 dicitur
1779 1210 1792 1245 :
1848 1192 2072 1248 Fuistis

483 1283 784 1354 aliquando
813 1284 1070 1351 tenebrw,
1119 1300 1276 1338 nunc
1325 1286 1519 1338 autem
1580 1283 1685 1337 lux
1730 1284 1792 1337 in
1837 1281 2072 1336 Domino

483 1371 701 1444 (Ephes.
719 1387 775 1435 v,
794 1371 869 1440 8).
888 1371 967 1426 De
985 1375 1143 1426 nocte
1161 1380 1337 1426 autem
1356 1370 1706 1440 pradicatori
1726 1384 1971 1441 surgere,
1989 1377 2074 1423 est

485 1459 554 1514 ab
570 1459 762 1516 aliena
777 1461 950 1530 culpa
965 1459 1314 1530 susceptione
1343 1459 1594 1515 affectum
1623 1457 1818 1513 mentis
1835 1458 2070 1528 erigere.

485 1549 649 1616 Quasi
679 1549 827 1603 enim
852 1549 904 1601 in
935 1556 1090 1602 nocte
1113 1548 1263 1616 jacet
1289 1547 1484 1603 doctor
1519 1549 1738 1618 quando
1765 1546 1927 1601 alieni
1941 1561 2074 1615 pec-

485 1637 591 1693 cati
623 1637 878 1692 tenebras
907 1637 1076 1708 luget,
1109 1637 1238 1707 quia
1254 1636 1322 1689 ab
1351 1637 1459 1690 alta
1487 1635 1809 1690 innocentia
1841 1650 1952 1688 sua
1981 1649 2073 1687 se-

483 1725 705 1780 curitate
733 1725 1038 1796 deponitur,
1069 1732 1124 1778 ut
1143 1724 1198 1777 in
1228 1724 1338 1778 imo
1384 1724 1574 1778 aliena
1629 1721 2075 1777 considerationis

486 1818 834 1884 peccatorum
859 1811 1038 1883 caligo
1067 1812 1392 1867 destruatur.
1428 1812 1508 1865 De
1539 1818 1693 1865 nocte
1723 1824 1856 1880 ergo
1887 1808 2081 1880 surgit,

485 1915 612 1956 cum
640 1901 710 1955 ab
739 1899 1026 1955 afﬂictione
1055 1915 1112 1954 se
1133 1898 1292 1970 erigit
1324 1916 1336 1961 ;
1372 1906 1423 1952 et
1451 1914 1609 1954 mane
1639 1898 1710 1952 ad
1725 1913 1878 1951 reum
1899 1897 2085 1952 venire

485 1987 741 2060 disponit,
773 1989 897 2060 quia
925 1987 1134 2044 occulte
1165 2002 1264 2057 per
1292 1985 1722 2056 compassionem
1755 1985 1983 2056 plangit,
2033 1991 2089 2039 et

487 2085 670 2148 aperta
697 2076 1063 2146 increpatione
1093 2091 1190 2145 per
1217 2074 1390 2129 zelum
1421 2073 1669 2144 percutit.
1699 2075 1870 2128 Nocte
1923 2071 2086 2128 etiam

487 2164 637 2238 luget
665 2165 875 2231 doctor,
907 2163 1002 2218 sed
1035 2178 1192 2217 mane
1222 2162 1293 2217 ad
1314 2162 1657 2234 arguendum
1727 2162 1876 2216 venit
1907 2180 1921 2225 ;
1961 2161 2086 2230 quia

487 2251 636 2307 intus
656 2260 973 2323 peccantem
986 2250 1262 2306 subditum
1291 2250 1488 2322 diligit,
1507 2250 1601 2306 sed
1623 2249 1804 2319 palam
1816 2258 2087 2304 errantem

487 2356 715 2412 arguere
743 2354 1090 2411 nequaquam
1117 2339 1416 2393 erubescit.
1457 2337 1626 2402 Quasi
1644 2337 1790 2392 enim
1810 2352 1970 2392 mane
2001 2336 2084 2389 lu-

489 2428 672 2495 cescit,
702 2443 825 2484 cum
851 2427 1046 2482 doctor
1070 2425 1278 2496 aperire
1305 2425 1534 2490 crimen,
1563 2424 1706 2494 quod
1739 2425 1888 2490 latet,
1941 2423 2084 2478 inci-

488 2517 590 2588 pit.
618 2514 761 2583 Quid
789 2529 922 2584 ergo
950 2521 1048 2580 est,
1081 2513 1228 2583 quod
1269 2512 1326 2566 in
1381 2512 1690 2567 Carmelum
1747 2511 1977 2579 venisse,
2035 2520 2089 2566 et

491 2603 755 2659 fornicem
783 2601 887 2655 sibi
918 2600 1295 2668 triumphalem
1325 2600 1591 2663 erexisse,
1627 2601 1672 2654 is
1703 2600 1772 2654 ad
1803 2616 1967 2670 quem
1997 2615 2087 2655 ve-

492 2691 576 2746 nit
600 2689 878 2755 asseritur,
910 2688 1010 2741 nisi
1040 2686 1166 2757 quia
1192 2688 1468 2757 profectus
1497 2687 1626 2742 mali
1657 2687 1866 2760 liquido
1894 2687 2086 2758 pradi-

491 2787 644 2836 catur
668 2779 697 2833 ‘l
717 2777 841 2832 Post
869 2774 1252 2830 inobedientia
1281 2775 1502 2845 quidem
1531 2775 1764 2847 culpam,
1787 2776 2086 2846 triumpha-

492 2868 600 2924 lem
620 2882 827 2932 arcum,
860 2864 946 2919 vel
981 2862 1247 2919 fabricam
1279 2863 1508 2935 erigere,
1541 2872 1621 2918 est
1640 2864 1782 2918 mala
1813 2879 2001 2935 agere,
2031 2873 2086 2920 et

490 2955 558 3011 de
613 2953 930 3011 earumdem
986 2950 1254 3007 malorum
1303 2952 1707 3024 perpetratione
1775 2952 2082 3021 superbire.

490 3043 657 3112 Quasi
686 3041 831 3098 enim
861 3039 1212 3109 triumphalia
1233 3040 1395 3110 signa
1411 3039 1647 3111 erigunt,
1685 3025 1852 3092 354
1867 3041 2082 3110 quando

2179 531 2335 586 Unde
2364 538 2418 586 et
2445 531 2709 586 Dominus
2737 531 2962 597 docens,
2995 531 3068 584 ait
3101 548 3112 583 :
3157 531 3197 586 Α
3255 531 3532 600 fructibus
3569 549 3741 588 eorum

2175 622 2520 691 cognoscetis
2541 619 2871 689 eostlilatth.
2906 635 3002 686 vn,
3033 621 3158 688 20).
3203 618 3341 686 Quia
3385 635 3514 690 ergo
3553 620 3745 676 laudari

2177 707 2404 764 inaniter
2448 715 2726 778 appetunt,
2777 707 2906 778 quia
2963 707 3468 778 probatissimorum
3526 707 3744 763 virorum

2172 796 2380 866 judicia
2406 795 2637 867 fugiunt,
2669 804 2722 850 et
2741 796 2965 850 rudibus
2993 811 3060 850 ac
3086 794 3360 850 debilibus
3407 795 3549 850 aliud
3601 812 3746 865 quam

2176 893 2302 939 sunt
2331 902 2387 939 se
2417 900 2534 940 esse
2564 884 2912 951 mentiuntur,
2955 883 3085 938 Saul
3119 885 3174 938 in
3206 883 3503 938 Carmelum
3552 883 3747 941 venisse

2178 980 2231 1028 et
2261 974 2521 1029 fornicem
2553 972 2657 1027 sibi
2689 971 3071 1041 triumphalem
3102 972 3340 1026 erexisse
3369 971 3582 1025 dicitur.
3619 969 3747 1037 Quid

2179 1077 2310 1117 vero
2339 1069 2438 1128 est,
2468 1061 2621 1132 quod
2649 1061 2705 1114 in
2735 1060 2973 1131 Galgala
2997 1061 3209 1127 transit,
3245 1059 3341 1112 nisi
3365 1059 3559 1129 quiaeo
3579 1058 3744 1122 modo,

2179 1165 2286 1220 quo
2308 1166 2366 1203 se
2396 1149 2731 1218 simplicibus
2760 1157 2813 1202 et
2833 1148 3104 1218 religiosis
3123 1147 3372 1210 ostendit,
3405 1148 3459 1201 in
3492 1145 3748 1216 religiosis

2178 1246 2231 1292 et
2259 1237 2432 1294 doctis
2460 1238 2794 1294 innotescere
2834 1237 3092 1308 appetit?
3150 1235 3383 1308 Galgala
3428 1233 3638 1304 quippe,
3699 1241 3750 1285 ut

2173 1326 2289 1395 jam
2319 1327 2596 1381 multoties
2623 1326 2753 1390 dixi,
2787 1334 2904 1381 rota
2959 1325 3288 1379 nominatur.
3335 1321 3561 1390 Quidam
3636 1334 3751 1374 vero

2180 1414 2324 1469 intra
2344 1422 2589 1470 sanctam
2621 1413 2921 1470 Ecclesiam
2951 1421 3005 1468 et
3032 1412 3224 1467 eruditi
3254 1411 3309 1465 in
3324 1426 3478 1466 sacra
3498 1409 3754 1477 Scriptura

2180 1509 2369 1557 suntet
2399 1501 2640 1574 religiosi
2670 1517 2778 1557 non
2806 1509 2950 1568 sunt,
2979 1501 3105 1570 quia
3149 1500 3404 1556 virtutem
3463 1497 3757 1566 Scriptura,

2179 1590 2432 1645 videlicet
2459 1591 2798 1658 charitatem,
2830 1605 2937 1644 non
2968 1589 3190 1643 habent.
3215 1588 3318 1655 Qui
3337 1587 3466 1640 dum
3497 1585 3763 1653 loquentes

2184 1677 2448 1733 facundos
2521 1678 2669 1733 viros
2721 1686 2775 1731 et
2820 1677 3073 1731 carnales
3116 1675 3362 1741 audiunt,
3432 1673 3592 1727 verba
3657 1684 3765 1739 qua

2110 1783 2164 1841 Β
2194 1769 2376 1822 sciunt.
2402 1765 2754 1820 admirantur.
2785 1765 2903 1820 Sed
2934 1766 3209 1819 discutere
3233 1779 3343 1818 non
3362 1767 3766 1832 possunteorum

2195 1855 2425 1922 occulta,
2459 1871 2580 1925 qua
2611 1853 2878 1908 nesciunt.
2912 1853 3056 1907 Bene
3087 1853 3254 1923 igitur
3275 1851 3406 1905 Saul
3449 1850 3503 1902 in
3559 1844 3772 1916 Galgala

2194 1942 2424 1997 transire
2453 1942 2649 1996 dicitur
2683 1960 2695 2002 ;
2725 1941 2854 2011 quia
2877 1941 2966 2010 qui
2995 1940 3235 1995 favorem
3267 1940 3337 1994 de
3369 1936 3597 1992 facunda
3626 1935 3771 1988 locu-

2196 2031 2340 2085 tione
2370 2037 2634 2101 quarunt,
2665 2028 2722 2082 id
2753 2027 2898 2099 quod
2927 2028 3166 2098 cupiunt,
3202 2043 3311 2082 non
3360 2024 3502 2096 apud
3553 2021 3773 2078 eruditos

2195 2118 2500 2190 religiosos,
2529 2118 2624 2172 sed
2655 2117 2799 2187 apud
2824 2117 3106 2187 simplices
3163 2123 3214 2171 et
3257 2116 3436 2180 rudes,
3497 2119 3586 2166 aut
3646 2107 3775 2178 apud

2195 2207 2528 2278 irreligiosos
2558 2206 2829 2276 sapientes
2858 2205 3159 2260 inveniunt.
3194 2204 3302 2259 Sed
3323 2201 3519 2259 summi
3547 2198 3640 2254 viri
3659 2211 3771 2252 cum

2195 2295 2407 2367 reprobi
2439 2295 2583 2350 bona
2612 2294 2826 2361 docent,
2861 2294 3046 2348 electis
3089 2292 3316 2347 subditis
3365 2289 3538 2361 magis
3565 2287 3769 2341 timent:

2195 2399 2263 2438 ne
2292 2398 2430 2452 quos
2457 2381 2644 2452 lingua
2672 2380 2962 2448 aediﬁcant,
2999 2398 3181 2448 manu,
3232 2380 3284 2434 id
3337 2388 3422 2434 est
3477 2373 3776 2446 operatione

2194 2480 2521 2543 pervertant.
2569 2470 2711 2539 Quia
2759 2487 2890 2542 ergo
2946 2471 3038 2525 diu
3071 2470 3126 2522 in
3177 2467 3478 2523 ministerio
3536 2461 3775 2534 pradica-

2195 2559 2354 2614 tionis
2373 2559 2573 2614 lubrici
2599 2560 2853 2614 doctores
2881 2557 3188 2614 dimittendi
3205 2572 3314 2613 non
3333 2564 3478 2621 sunt,
3507 2559 3627 2622 apte
3658 2548 3775 2604 illa-

2195 2655 2308 2702 tum
2341 2655 2446 2702 est:

2265 2764 2447 2832 (V'ers.
2487 2762 2596 2826 12.)
2624 2763 2782 2817 Venit
2807 2775 2932 2832 ergo
2957 2762 3188 2817 Samuel
3209 2761 3281 2816 ad
3326 2760 3484 2826 Saul,
3542 2760 3595 2812 et
3643 2751 3774 2808 Saul

2193 2851 2460 2919 oﬂerebat
2494 2849 2888 2906 holocaustum
2927 2851 3179 2916 Domino,
3231 2849 3408 2904 initia
3441 2843 3776 2917 praedarum,

2191 2955 2312 3010 quae
2342 2939 2630 2994 attulerat
2648 2939 2718 2992 de
2749 2939 3040 2994 Amalech.

2264 3048 2350 3098 l2.
2386 3043 2544 3098 Venit
2572 3043 2775 3112 quippe
2797 3041 2865 3096 ad
2911 3042 3046 3097 Saul
3086 3049 3144 3096 ut
3192 3041 3489 3111 superbum
3539 3038 3777 3106 deponat.

491 3147 618 3186 cum
646 3129 879 3200 quadem
907 3127 1266 3182 ostentatione
1295 3143 1359 3181 ea
1389 3128 1689 3196 proferunt,
1722 3128 1924 3199 quibus
1958 3129 2082 3184 aliis
2115 3128 2164 3190 C
2195 3148 2357 3202 quem
2409 3130 2669 3186 humilem
2709 3129 2778 3184 ad
2827 3130 2980 3200 regni
3029 3130 3245 3184 culmen
3289 3129 3573 3184 extulerat.
3617 3123 3779 3190 Quem

493 3234 554 3274 se
583 3217 845 3272 excellere
874 3215 1220 3269 arbitrantur.
1254 3214 1412 3281 Quod
1439 3223 1588 3270 certe
1606 3223 1716 3270 tam
1771 3216 2084 3288 arroganti-

492 3307 596 3362 bus
623 3320 788 3377 quam
818 3301 1042 3358 lubricis
1066 3301 1376 3356 doctoribus
1410 3303 1672 3360 convenit.
1711 3304 1791 3357 Illi
1841 3304 2082 3375 quidem,

493 3394 621 3450 dum
653 3407 850 3464 magna
875 3390 1079 3456 dicunt,
1102 3405 1160 3443 se
1188 3390 1245 3442 in
1273 3389 1503 3444 sublime
1558 3390 1932 3446 aestimationis
1988 3391 2086 3445 eri-

496 3490 661 3554 gunt;
694 3487 748 3535 et
775 3477 967 3550 quales
995 3492 1054 3531 se
1081 3477 1224 3532 intus
1253 3477 1534 3546 aspiciunt,
1566 3493 1662 3548 per
1683 3478 2004 3546 jactantiam
2033 3486 2086 3534 et

499 3569 909 3626 ostentationem
941 3565 1072 3620 foris
1113 3564 1470 3620 innotescunt.
1531 3565 1776 3635 Cumque
1819 3575 1872 3621 et
1928 3566 2082 3633 illud,

500 3657 646 3729 quod
675 3671 772 3727 per
789 3669 846 3708 se
873 3653 965 3708 alii
999 3651 1300 3723 proﬁciunt,
1334 3653 1402 3706 ad
1434 3653 1674 3708 favorem
1705 3655 1940 3724 propria
1962 3653 2082 3709 lau-

497 3743 848 3809 distrahunt,
880 3741 1010 3810 quid
1037 3738 1183 3794 aliud
1214 3739 1462 3794 videntur
1516 3757 1696 3812 agere,
1755 3741 1859 3796 nisi
1916 3743 2084 3797 altum

495 3831 737 3890 victoria
755 3831 971 3902 signum
1001 3827 1206 3898 insigni
1238 3828 1389 3882 titulo
1434 3829 1809 3884 demonstrare
1841 3831 1870 3884 ‘l
1926 3832 2084 3886 Non-

497 3921 630 3979 nulli
658 3934 785 3975 vero
815 3925 868 3972 et
895 3932 1018 3972 cum
1050 3915 1277 3986 turpiter
1304 3915 1511 3982 vivunt,
1543 3926 1597 3972 et
1613 3917 1989 3973 honestissime
2009 3918 2087 3974 lo-

497 4017 748 4083 quuntur,
805 4005 1155 4061 considerant
1216 4004 1504 4059 verborum
1557 4005 1916 4072 honestatem,
1976 4022 2085 4062 non

497 4107 678 4156 tamen
707 4100 952 4167 reputant
972 4091 1204 4164 prapria
1231 4092 1353 4148 vita
1369 4092 1772 4163 turpitudinem.
1803 4094 1936 4149 Cum
1955 4111 2086 4168 ergo

495 4204 607 4245 non
635 4184 799 4241 rebus
819 4197 1066 4252 operum,
1098 4179 1194 4234 sed
1221 4180 1509 4250 splendore
1554 4182 1849 4237 verborum
1907 4197 2085 4253 appa-

494 4291 615 4333 rere
642 4272 881 4346 gestiunt
912 4285 926 4339 ;
957 4268 1218 4324 nimirum
1249 4268 1630 4338 triumphalem
1681 4285 1869 4324 arcum
1921 4271 2084 4325 fabri.

495 4371 636 4429 cant,
667 4361 723 4414 in
752 4374 858 4428 quo
894 4373 954 4412 se
1010 4357 1168 4427 quasi
1213 4355 1448 4411 victores
1495 4355 1781 4411 extollant.
1843 4358 1910 4412 Et
1951 4360 2083 4428 quia

495 4450 734 4520 turpium
755 4445 941 4511 verbo,
972 4453 1152 4513 turpes
1180 4444 1422 4514 plerique
1452 4443 1541 4497 alii
1574 4445 1912 4514 resipiscunt,
1963 4453 2085 4515 post

497 4543 795 4611 pugnatum
825 4532 1106 4598 Amalech,
1138 4531 1216 4586 eis
1239 4531 1293 4584 in
1325 4531 1634 4586 Carmelum
1665 4533 1846 4588 venire
1892 4541 1989 4602 est,
2036 4543 2088 4589 et

497 4625 765 4684 fornicem
788 4619 1170 4688 triumphalem
1201 4619 1434 4690 erigere,
1465 4620 1534 4674 de
1563 4623 1830 4676 exstincta
1857 4621 1912 4675 in
1954 4622 2087 4676 sub-

495 4713 655 4786 jectis
675 4709 918 4774 libidine,
951 4707 1181 4762 inaniter
1233 4723 1417 4762 coram
1474 4707 1810 4779 simplicibus
1864 4710 2087 4782 gloriari

501 4799 781 4860 Carmelus
811 4797 1054 4868 quidem,
1085 4794 1289 4864 mollis,
1323 4797 1439 4852 sive
1470 4805 1624 4852 tener
1678 4797 2084 4868 interpretatur.

501 4891 604 4962 Qui
631 4888 774 4945 enim
805 4885 972 4942 teneri
1000 4883 1161 4951 hujus
1179 4883 1415 4952 nomine,
1448 4885 1551 4938 nisi
1570 4885 1624 4939 in
1640 4895 1823 4941 sancta
1851 4901 2088 4943 conver-

501 4980 710 5036 satione
737 4974 897 5030 rudes
924 4970 1295 5041 intelliguntur
1323 4972 1350 5024 ?
1381 4971 1484 5039 Qui
1514 4973 1682 5027 etiam
1732 4974 1926 5030 molles
1983 4991 2086 5030 vo-

502 5073 709 5128 cantur,
741 5059 844 5115 nisi
875 5055 966 5128 qui
995 5055 1172 5109 adhuc
1198 5071 1298 5124 per
1323 5071 1479 5110 usum
1535 5057 1747 5112 virtutis
1800 5074 1907 5114 non
1963 5067 2091 5115 sunt

497 5155 554 5210 in
572 5152 817 5208 inchoata
841 5143 1078 5200 bonitate
1107 5143 1325 5198 solidati
1356 5144 1384 5196 ?
1412 5145 1473 5199 In
1502 5144 1749 5200 Carmelo
1800 5145 1966 5217 igitur
2008 5147 2087 5201 si-

502 5257 670 5313 gnum
696 5233 933 5292 victoria
959 5231 1221 5302 erigunt;
1273 5231 1400 5301 quia
1444 5230 1668 5285 rudibus
1715 5237 1769 5286 et
1819 5232 2089 5289 debilibus

499 5344 558 5383 se
581 5327 886 5392 ostendunt,
907 5337 973 5374 ne
1003 5335 1035 5374 a
1061 5318 1246 5388 peritis
1276 5319 1526 5386 fortibus,
1559 5319 1748 5389 quales
1774 5319 1828 5374 in
1863 5323 2090 5378 veritate

501 5422 642 5480 sunt,
675 5411 1036 5468 inveniantur.

570 5502 664 5556 tl.
701 5497 768 5552 lli
797 5496 940 5552 enim
968 5509 1078 5549 non
1103 5494 1159 5548 in
1191 5493 1389 5562 verbis,
1419 5495 1515 5550 sed
1545 5494 1599 5549 in
1626 5494 1884 5566 operibus
1914 5495 2087 5568 fulgo-

497 5605 617 5649 rem
642 5584 882 5646 victoria
911 5590 1158 5655 quarunt
1189 5600 1201 5645 ;
1236 5581 1365 5651 quia
1402 5583 1626 5641 arbores
1649 5599 1762 5639 non
1789 5582 1845 5640 in
1887 5583 2092 5642 decore

2190 3219 2367 3290 qualis
2388 3226 2502 3273 erat
2532 3217 2759 3285 invenit,
2792 3232 2902 3272 non
2931 3217 3148 3286 qualem
3194 3233 3252 3272 se
3304 3215 3574 3287 superbia
3620 3206 3783 3280 signis

2192 3306 2516 3363 ostenderat.
2535 3305 2678 3372 Quid
2707 3312 2788 3360 est
2816 3319 2971 3376 ergo,
2993 3305 3137 3374 quod
3155 3304 3534 3360 holocaustum
3565 3295 3783 3354 Domino

2191 3391 2452 3449 Amalech
2482 3392 2750 3463 primitias
2780 3391 2956 3461 offert,
2983 3393 3088 3446 nisi
3116 3392 3243 3462 quia
3273 3390 3524 3446 nonnulli
3555 3396 3606 3442 et
3626 3396 3784 3455 prave

2193 3483 2402 3545 vivunt,
2435 3489 2487 3535 et
2514 3480 2732 3550 placere
2760 3495 2822 3534 se
2849 3481 2965 3536 Deo
2994 3496 3090 3550 per
3129 3479 3364 3534 aliorum
3393 3478 3690 3548 profectum
3715 3485 3786 3524 ar-

2192 3570 2506 3624 bitrantur?
2563 3569 2628 3622 Et
2683 3568 2812 3638 quia
2867 3583 2977 3622 non
3032 3583 3232 3636 parum
3297 3566 3519 3636 placere
3575 3560 3788 3618 credunt

2192 3660 2306 3713 Deo
2355 3657 2499 3728 quod
2548 3655 2796 3722 offerunt,
2872 3670 2988 3710 non
3062 3654 3385 3709 sacriﬁcium
3461 3660 3560 3708 aut
3638 3647 3785 3702 victi-

2193 3762 2356 3814 mam,
2391 3746 2488 3800 sed
2527 3745 2900 3799 holocaustum
2955 3743 3150 3798 offerre
3198 3742 3585 3812 perhibentur.
3645 3733 3789 3790 Initia

2193 3849 2323 3888 vero
2379 3833 2687 3904 praclarum
2744 3832 3022 3899 dicuntur,
3082 3839 3142 3884 ut
3183 3831 3237 3884 in
3277 3829 3537 3885 Samuele
3605 3820 3787 3880 summi

2193 3906 2361 3974 355
2393 3929 2446 3976 et
2475 3921 2631 3975 electi
2662 3919 2919 3973 antistitis
2951 3918 3187 3990 vigilans
3241 3917 3482 3972 studium
3541 3913 3787 3983 designe-

2195 4020 2296 4077 tur,
2323 4025 2354 4064 a
2383 4024 2490 4079 quo
2519 4007 2785 4062 malorum
2805 4007 3076 4076 principia
3122 4005 3381 4060 velociter
3423 4002 3788 4074 comprimun—

2195 4105 2296 4152 tur.
2329 4096 2493 4164 Quasi
2521 4095 2668 4151 dicat
2700 4114 2712 4148 :
2752 4094 2923 4149 Valde
2958 4093 3188 4148 festinus
3242 4093 3498 4158 occurrit,
3543 4104 3649 4160 quo
3695 4086 3788 4140 ab-

2193 4191 2343 4239 sente
2363 4198 2464 4239 nec
2493 4182 2704 4236 initium
2734 4181 3180 4236 holocaustorum
3210 4179 3415 4236 habere
3444 4179 3674 4233 liberum
3694 4188 3790 4244 po-

2195 4272 2310 4326 tuit.
2344 4272 2569 4326 Possunt
2591 4269 2741 4324 initia
2771 4269 3081 4338 pradarum
3113 4267 3340 4337 intelligi
3365 4267 3545 4322 electa
3571 4274 3790 4334 quaque

2194 4359 2263 4413 de
2283 4359 2496 4429 pradis.
2517 4358 2654 4426 Qua
2675 4365 2861 4427 aperto
2883 4373 2975 4411 ore
2995 4355 3215 4421 lubrici,
3255 4355 3349 4409 sed
3382 4355 3594 4411 occulta
3638 4347 3792 4405 caci-

2113 4473 2164 4532 D
2196 4455 2302 4502 tate
2319 4447 2561 4515 percussi
2591 4444 2840 4511 otierunt,
2883 4444 3102 4515 quando
3145 4443 3270 4497 inde
3298 4460 3354 4497 se
3412 4443 3636 4513 placere
3685 4437 3791 4491 Deo

2195 4535 2437 4596 credunt,
2471 4533 2615 4605 quod
2645 4533 2699 4585 in
2715 4531 3054 4586 auditoribus
3069 4531 3180 4584 suis
3209 4547 3273 4585 ea
3317 4531 3614 4600 perimunt,
3675 4537 3789 4594 qua

2193 4622 2250 4676 in
2278 4638 2335 4677 se
2363 4622 2546 4677 vivere
2577 4619 2910 4690 permittunt.
2931 4618 3098 4686 Quasi
3117 4619 3262 4673 enim
3305 4618 3601 4674 indiscrete
3657 4611 3787 4667 οϐε-

2194 4718 2401 4764 rentem
2430 4707 2670 4779 apertius
2714 4705 3113 4776 reprehendens
3168 4706 3357 4760 dicat:
3419 4704 3561 4759 Illud
3617 4701 3795 4756 vivum

2194 4795 2471 4860 oﬂerebat,
2500 4795 2646 4865 quod
2685 4795 2880 4849 melius
2923 4793 3138 4849 otierret
3194 4793 3540 4848 exstinctum.
3581 4791 3715 4844 Nam
3752 4784 3793 4838 si

2189 4893 2346 4971 juxta
2375 4883 2547 4939 verba
2565 4882 2782 4938 Domini
2810 4881 3051 4952 pradam
3079 4897 3298 4937 omnem
3327 4881 3382 4934 in
3398 4877 3663 4935 Amalech
3683 4888 3795 4930 exs-

2193 4964 2483 5044 tingueret,
2507 4971 2882 5026 holocaustum
2913 4969 3134 5025 omnino
3165 4968 3498 5039 acceptabile
3547 4964 3796 5033 omnipo-

2197 5060 2323 5114 tenti
2351 5061 2468 5115 Deo
2488 5058 2791 5115 obtulisset.
2825 5059 2915 5114 Sic
2945 5058 3200 5112 nimirum
3220 5062 3275 5111 et
3303 5057 3496 5112 doctor
3533 5053 3792 5114 lubricus,

2193 5147 2239 5201 si
2262 5155 2460 5204 cuncta
2486 5146 2853 5201 blandimenta
2869 5145 3067 5208 carnis,
3091 5161 3214 5216 qua
3234 5143 3508 5214 loquendo
3526 5138 3794 5210 reprobat.

2193 5235 2428 5292 volando
2478 5233 2817 5304 reprobaret,
2863 5234 3244 5289 holocaustum
3267 5233 3634 5295 combureret,
3656 5221 3797 5296 quod

2193 5322 2471 5393 reprobari
2510 5338 2619 5377 non
2666 5330 2864 5392 posset.
2899 5320 3044 5388 Quid
3079 5324 3164 5375 est
3193 5335 3344 5391 ergo,
3383 5318 3532 5389 quod
3579 5314 3796 5378 dicitur,

2195 5411 2321 5480 quia
2340 5411 2602 5480 efferabat
2621 5410 2948 5483 praedarum
2990 5409 3182 5474 initia,
3241 5426 3364 5480 qua
3400 5406 3686 5462 attulerat
3730 5400 3797 5454 de

2195 5497 2494 5566 Amalech,
2516 5497 2619 5552 nisi
2636 5497 2762 5568 quia
2780 5497 2908 5553 caci
2929 5497 3116 5552 cordis
3127 5497 3307 5568 caligo
3323 5496 3636 5556 damnatur,
3657 5484 3799 5559 quod

2193 5584 2270 5644 sic
2297 5585 2366 5642 de
2384 5601 2450 5643 eo
2470 5593 2703 5658 reputat,
2751 5585 2899 5656 quod
2930 5584 3153 5657 prodest
3190 5584 3330 5661 aliis,
3368 5592 3425 5639 ut
3470 5580 3662 5638 videre
3698 5589 3798 5632 ne-
