3996 6164
276 248 365 306 ἰὶό

1127 247 1204 300 ΙΝ
1231 246 1501 304 PRIMUM
1531 244 1775 306 REGUM
1804 243 2556 316 EXPOSITIONE’S.-—LIB.
2592 252 2656 315 γ.

3441 268 3545 331 426

274 377 449 470 gngat,
482 373 806 470 quottobest
832 373 936 428 sibi
957 375 994 470 ⁸Ῡ
1023 371 1190 470 Quasi
1221 373 1402 470 dicati
1450 374 1530 429 De
1559 373 1650 470 illo
1682 374 1836 445 quasi
1866 374 1922 435 A
1952 377 2307 470 molarentur
2337 381 2568 438 Domino
2589 385 2694 440 Deo
2719 389 2832 441 tuo.
2855 386 3026 455 Quasi
3047 391 3224 448 dicat:
3261 395 3399 453 Vere
3422 415 3553 470 pec-

268 466 428 519 victor
449 463 722 531 gaudebat
753 465 926 518 victor
956 464 1008 516 in
1037 463 1178 530 aliis,
1212 465 1358 535 quod
1389 463 1444 516 in
1475 480 1538 518 se
1576 464 1750 519 virum
1783 472 1839 518 et

263 552 499 606 invictum
532 553 868 620 portabatJiit
898 553 1028 623 quia
1063 552 1381 621 plerumque
1414 561 1522 606 tam
1553 553 1837 606 dementer

265 639 532 705 insaniunt,
563 646 618 692 ut
650 640 819 693 etiam
866 639 999 708 ipsis
1043 637 1226 694 electis
1255 648 1305 693 et
1328 640 1556 694 summis
1578 637 1835 708 praedica-

265 727 451 781 toribus
482 735 805 796 praetextum
865 727 1076 782 virtutis
1133 726 1326 782 offerre
1385 735 1666 782 conentur.
1728 726 1835 782 Se-

262 820 429 886 quitur
453 832 465 868 :

321 905 484 973 (Vers,
505 905 844 971 i3.)Etdum
859 905 1098 960 venisset
1122 907 1352 961 Samuel
1389 905 1464 960 ad
1495 904 1833 968 Saul,di.1:it

266 992 777 1048 Scal-“Benedictus
800 998 863 1049 tu
883 995 1182 1061 aDomino,
1210 995 1437 1066 implevi
1471 994 1698 1050 verbum
1725 995 1800 1048 Do
1817 1025 1834 1037 ο

302 1083 432 1135 mini

334 1172 419 1224 i3.
459 1172 697 1227 Verbum
730 1172 944 1228 Domini
985 1172 1104 1240 fuit,
1136 1180 1193 1226 ut
1222 1171 1481 1226 Amalech
1531 1170 1714 1225 delere
1743 1170 1844 1225 de-

261 1261 458 1314 buisset.
492 1260 640 1328 Quid
670 1269 750 1316 est
778 1271 982 1328 autem,
1017 1262 1163 1330 quod
1177 1261 1330 1327 dicit,
1355 1261 1582 1332 implevi
1611 1261 1836 1315 verbum

262 1351 482 1414 Domini,
508 1349 739 1420 nisiquia
768 1351 927 1420 culpa
958 1349 1330 1404 fornicationis
1361 1364 1470 1418 quo
1500 1347 1692 1402 fazdior
1720 1364 1837 1402 cer-

261 1439 400 1505 nitur,
431 1454 495 1492 eo
525 1454 559 1491 a
591 1439 832 1508 reprobis
859 1438 1146 1492 studiosius
1162 1437 1502 1492 occultatur?
1533 1437 1671 1504 Quia
1701 1452 1834 1508 ergo

260 1528 307 1590 ii,
337 1529 420 1596 qui
449 1527 630 1581 eidem
663 1526 1030 1582 fornicationis
1047 1528 1176 1581 vitio
1195 1525 1424 1594 subjecti
1441 1534 1582 1590 sunt,
1619 1541 1837 1594 semper

258 1617 406 1670 latere
431 1624 714 1685 appetunt,
749 1617 800 1669 in
832 1631 1015 1670 eorum
1041 1624 1171 1684 typo
1202 1622 1255 1668 et
1298 1615 1556 1668 Amalech
1590 1614 1718 1668 Saul
1749 1615 1838 1668 de-

1943 466 2089 556 cavit
2115 467 2376 556 populus,
2411 471 2508 524 sed
2538 488 2645 526 non
2698 475 2768 528 ad
2816 485 3042 533 mortem
3093 499 3106 541 ;
3141 482 3263 554 quia
3309 466 3537 556 peccata

1943 552 2139 623 operis,
2169 555 2306 624 jam,
2346 573 2432 613 me
2462 561 2774 618 exhortante
2803 563 2985 621 delere
3011 552 3198 626 nititur
3241 552 3541 635 humilitate

1942 641 2291 698 confessioni.
2345 645 2555 718 Greges
2610 649 2808 721 quippe
2866 655 3145 724 Amalech,
3202 667 3256 714 et
3308 668 3536 721 armenti

1943 731 2175 786 Domino
2205 733 2573 802 immolantur,
2598 739 3016 808 quandolubrici
3058 753 3110 801 et
3150 748 3544 812 incontinentes

1941 819 2010 873 ad
2038 819 2442 913 confessionem
2472 826 2708 892 veniunt,
2743 837 2794 884 et
2835 831 2982 901 quod
3012 835 3259 906 nequiter
3296 852 3540 913 egerunt,

1942 909 2255 1003 paenitendo
2282 911 2463 967 delere
2493 922 2760 986 satagunt,
2796 918 2936 974 Dicit
2967 937 3097 994 ergo
3124 942 3136 978 :
3172 909 3432 1000 Pepercit
3449 909 3544 1003 po-

1940 998 2139 1090 puluis
2158 999 2211 1052 id
2242 1007 2580 1069 est,peccato
2595 1003 2834 1061 indulsit.
2856 1009 2962 1064 Sed
2977 998 3351 1072 adduxerunt
3367 998 3463 1090 ea,
3475 1027 3539 1078 ut

1945 1087 2414 1175 immolarentur;
2427 1091 2548 1159 quia
2565 1091 2618 1144 in
2635 1093 2829 1164 quibus
2849 1112 2906 1151 se
2934 1099 3194 1158 cecidisse
3222 1087 3552 1175 populusre-

2094 1172 2210 1241 jam
2243 1190 2301 1229 se
2339 1175 2644 1233 conﬁtendo
2701 1189 2753 1234 et
2806 1184 3124 1251 paenitendo
3189 1172 3535 1267 compungit.

1943 1261 2194 1315 Meliores
2227 1278 2352 1318 vero
2381 1280 2576 1336 greges
2605 1276 2658 1321 et
2686 1279 2950 1340 armenta,
2986 1282 3042 1329 ut
3070 1293 3254 1347 supra,
3277 1261 3544 1342 electiora

1947 1358 2166 1443 peccata
2186 1351 2420 1443 luxuriae
2448 1353 2816 1426 designantur.
2843 1358 3003 1427 Quasi
3037 1363 3218 1421 dicat:
3253 1369 3319 1422 Et
3349 1371 3392 1424 si
3424 1389 3552 1443 gra»

1946 1437 2083 1493 viter
2113 1437 2618 1531 deliquitvpopulus,
2681 1449 2944 1518 arguendi
2995 1467 3104 1508 non
3148 1471 3366 1521 sumus;
3425 1437 3551 1531 quia

1945 1541 2044 1615 pro
2076 1527 2447 1615 magnitudine
2477 1531 2689 1587 crimini
2721 1534 2884 1591 habet
2913 1537 3147 1596 lamenta
3177 1527 3552 1615 compunc—tio-

1947 1613 2050 1668 nis.
2085 1614 2227 1682 Quid
2253 1625 2336 1670 est
2367 1619 2516 1686 quod
2546 1621 2646 1674 ait:
2687 1624 2753 1680 Ut
2811 1625 3253 1689 immolarentur
3300 1613 3544 1698 Domino

259 1705 416 1758 moliri
446 1705 726 1774 despexit,
760 1714 811 1758 ει
841 1705 910 1757 ad
943 1704 1246 1758 Samuelem
1270 1703 1405 1756 dixit
1430 1721 1440 1755 :
1461 1703 1699 1774 Implevi
1720 1719 1838 1758 ver-
1868 1726 1920 1786 B
1955 1703 2057 1758 Deo
2089 1708 2184 1758 tuo
2217 1703 2244 1756 ?
2272 1704 2379 1760 Sed
2409 1706 2686 1764 fallacium
2715 1729 2816 1782 per
2845 1714 2952 1771 hoc
2980 1722 3312 1778 consuetudo
3345 1736 3541 1782 osten-

259 1794 369 1847 bum
399 1794 648 1849 Domini.
685 1792 852 1860 Quasi
883 1793 1055 1846 dicat:
1091 1792 1157 1844 Et
1188 1792 1239 1844 in
1271 1791 1389 1844 aliis
1414 1791 1693 1846 libidinem
1731 1792 1837 1846 do-

261 1881 378 1944 mui,
408 1889 459 1934 et
489 1882 544 1933 in
579 1881 791 1949 meipso
821 1879 940 1947 ejus
962 1879 1329 1933 blandimenta
1358 1880 1590 1948 peremi.
1627 1880 1688 1932 Et
1719 1879 1842 1948 quia

261 1968 438 2023 blanda
468 1969 790 2023 adulatione
822 1968 1020 2021 summi
1054 1968 1151 2021 viri
1185 1968 1400 2022 ﬂectere
1432 1976 1662 2021 mentem
1709 1969 1838 2022 niti-

258 2065 346 2120 tur,
374 2057 668 2126 praemisit,
729 2057 952 2111 dicens:
1014 2057 1354 2112 Benedictus
1389 2060 1451 2110 tu
1499 2072 1531 2110 a
1579 2056 1835 2114 Domino.

259 2144 400 2213 Quasi
429 2145 616 2200 dicat:
649 2146 764 2199 Hoc
795 2145 1010 2214 quidem
1040 2160 1146 2216 ego
1206 2145 1316 2215 egi,
1377 2145 1476 2199 sed
1531 2160 1698 2216 agere
1731 2161 1837 2200 non

257 2235 379 2288 meis
405 2235 644 2302 viribus,
678 2235 774 2288 sed
817 2235 918 2287 tuis
975 2234 1196 2300 meritis,
1256 2242 1311 2287 et
1363 2232 1838 2289 intercessionibus

256 2322 403 2391 potui.
437 2323 545 2377 Sed
583 2322 810 2392 perfecti
841 2322 939 2376 viri
967 2321 1151 2377 audire
1209 2322 1394 2376 laudes
1438 2337 1561 2376 suas
1591 2330 1833 2391 possunt,

252 2410 471 2480 arigore
502 2419 689 2464 autem
717 2410 946 2479 justitize
1003 2410 1148 2465 ﬂecti
1205 2418 1496 2479 nequeunt.
1557 2409 1740 2476 Quare
1784 2419 1837 2464 et

250 2499 479 2552 subditur
504 2516 518 2552 :

305 2586 469 2656 (Vers.
501 2589 621 2654 14.)
660 2588 930 2657 Dixitque
954 2587 1212 2643 Samuel:
1235 2587 1302 2639 Et
1342 2587 1692 2657 quaeesthtec
1726 2602 1832 2642 vox

244 2690 471 2745 gregum,
506 2692 637 2747 quae
658 2681 742 2730 est
767 2680 992 2730 resonat
1011 2677 1071 2729 in
1094 2676 1326 2730 auribus
1347 2676 1575 2744 meis,et
1607 2691 1829 2731 armen-

249 2767 432 2829 torum,
465 2781 642 2836 quam
674 2780 767 2834 ego
798 2764 969 2818 audio
1003 2764 1032 2815 ?

303 2855 381 2906 14.
413 2853 530 2906 Vox
562 2868 801 2923 gregum
833 2860 885 2905 et
913 2861 1278 2906 armentorum
1344 2851 1628 2911 Amalech.
1680 2851 1829 2905 fama

245 2941 617 3009 turpitudinum
665 2950 766 2995 est.
836 2939 1064 3009 Quando
1121 2942 1187 2994 de
1246 2940 1544 2995 minoribus
1597 2939 1826 2994 luxuriae

242 3029 392 3097 culpis
432 3031 663 3098 quilibet
695 3027 1020 3096 diﬂ'amatur,
1055 3045 1160 3084 vox
1186 3045 1414 3100 gregum
1446 3044 1704 3084 resonare
1734 3030 1822 3082 (Ιὶ-

239 3115 373 3170 citur.
415 3115 652 3186 Quando
683 3119 812 3171 item
843 3117 909 3172 de
940 3118 1403 3173 criminosioribus
1453 3127 1502 3172 et
1531 3117 1824 3172 obscenio-

239 3203 364 3258 ribus
391 3214 707 3268 accusatur,
739 3221 848 3259 vox
903 3210 1293 3260 armentorum.
1344 3204 1508 3273 Quasi
1541 3206 1641 3258 sub
1673 3205 1824 3259 falsa:

238 3291 429 3346 virtutis
487 3309 607 3348 suae
664 3293 1009 3348 simulatione
1069 3294 1406 3348 reconditum
1439 3293 1696 3358 denudet,
1732 3292 1817 3346 di-

238 3395 382 3434 cens:
416 3383 492 3436 Tu
526 3390 580 3436 te
615 3382 838 3452 proprio
868 3397 960 3436 ore
985 3381 1286 3451 justiiicas;
1323 3381 1421 3436 sed
1453 3380 1818 3435 immunditia-

234 3483 330 3522 rum
359 3474 576 3524 tuarum
612 3470 791 3524 turba:
851 3486 951 3540 per
986 3471 1227 3524 omnium
1260 3485 1354 3523 ora
1405 3470 1664 3524 clamant.
1707 3469 1817 3523 Sed

229 3555 325 3621 jam
351 3558 437 3626 qui
469 3558 856 3613 excusationes
885 3558 1228 3627 praetendere
1261 3559 1444 3627 etrapit,
1479 3557 1677 3628 quibus
1717 3557 1811 3610 de-

233 3641 545 3699 fensionibus
576 3645 813 3715 objecta:
859 3647 1101 3701 infamiae
1133 3647 1337 3701 crimen
1369 3647 1580 3714 evadat,
1616 3646 1810 3700 videa-

233 3746 348 3786 mus.
379 3734 671 3804 Sequitur:

287 3821 451 3889 (V’ers.
488 3823 698 3891 i5.)Dc
743 3822 1011 3878 Amalech
1044 3823 1415 3879 adduxerunt
1441 3840 1524 3880 ea.
1551 3826 1809 3894 Pepercit

225 3911 438 3978 populus
454 3911 791 3966 melioribus
801 3911 984 3967 ovibus
998 3915 1052 3966 et
1066 3916 1434 3980 armentis,ut
1445 3914 1808 3969 immolarent

229 3997 436 4054 Domino
456 4001 571 4055 Deo
596 4004 694 4056 tuo
720 4018 737 4050 .·
766 4001 983 4069 reliqua
1003 4001 1334 4056 occidimus.

285 4091 362 4141 15.
390 4087 537 4155 Quid
556 4095 642 4142 est
673 4087 820 4158 quod
851 4091 958 4142 ait:
996 4089 1069 4143 De
1124 4091 1392 4146 Amalech
1433 4091 1808 4147 adduxerunt

225 4187 295 4239 ea,
323 4184 370 4229 et
399 4193 505 4231 non
537 4175 695 4244 dixit,
747 4176 1081 4232 Adduximus
1106 4178 1133 4230 ‘l
1164 4178 1272 4233 Sed
1329 4181 1548 4247 quando
1587 4179 1800 4251 reprobi

223 4273 512 4334 arguuntur,
575 4264 765 4334 culpas
792 4265 1082 4335 aliquando
1139 4267 1398 4338 negando
1455 4275 1662 4339 tegunt,
1694 4269 1799 4322 ali-

222 4353 416 4418 quando
460 4354 516 4406 in
556 4352 694 4407 alios
744 4352 1088 4408 transferunt.
1149 4355 1363 4426 Regunt
1420 4356 1635 4426 quidem
1695 4373 1794 4411 nc-

221 4440 403 4507 gando,
429 4456 556 4495 curn
579 4441 748 4494 latere
766 4449 991 4510 possunt
1015 4458 1028 4502 ;
1064 4442 1180 4508 sed,
1206 4442 1332 4496 dum
1357 4445 1514 4514 quasi
1534 4443 1587 4498 in
1605 4454 1792 4514 aperto

220 4524 518 4595 deprehensi
551 4534 821 4594 tenentur,
869 4529 1012 4599 quod
1067 4545 1267 4601 negare
1325 4542 1615 4601 nequeunt,
1670 4534 1794 4588 aliis

217 4616 484 4670 ascribunt.
518 4618 727 4671 Horum
758 4617 1026 4686 siquidem
1083 4633 1263 4672 mares
1322 4620 1447 4674 Saul
1496 4621 1792 4690 insinuans,

223 4702 365 4770 356
395 4706 586 4760 aitzDe
624 4706 885 4760 Amalech
915 4706 1283 4763 adduxerunt
1313 4724 1396 4762 ea.
1419 4711 1671 4780 Pepercit
1690 4728 1794 4783 po-

219 4791 367 4857 pulus
388 4793 717 4848 melioribus
739 4793 928 4848 ovibus
943 4799 998 4850 et
1017 4795 1489 4864 armentis.Quasi
1512 4797 1655 4852 dicat
1683 4815 1796 4854 ma-

220 4875 329 4942 lum,
361 4881 503 4948 quod
547 4882 774 4945 auditur,
809 4898 876 4935 ex
907 4883 1090 4951 populi
1121 4883 1405 4954 fragilitate
1455 4888 1794 4954 pensandum

221 4972 304 5029 est,
330 4982 437 5021 non
470 4983 541 5022 ex
571 4969 765 5024 virtute
791 4970 1041 5039 pastoris.
1075 4972 1298 5027 Peccata
1338 4973 1555 5042 quidem
1597 4975 1791 5031 subdi-

219 5057 370 5107 torum
429 5055 486 5110 in
543 5059 901 5127 praelatorum
954 5061 1355 5129 comparatione
1438 5063 1794 5134 despicienda

218 5144 333 5189 sunt.
361 5139 503 5193 Dicit
535 5156 692 5212 ergo:
729 5143 802 5196 De
818 5143 1086 5199 Amalech
1103 5145 1472 5202 adduxerunt
1511 5164 1600 5202 ea.
1626 5150 1793 5217 Quasi

218 5219 366 5278 dicat:
400 5227 543 5293 Hoc,
574 5229 720 5298 quod
751 5229 819 5285 de
850 5232 990 5300 turpi
1031 5232 1139 5286 vita
1193 5242 1432 5299 resonat,
1468 5252 1657 5291 verum
1693 5247 1792 5307 est,

217 5310 294 5364 sed
320 5320 516 5370 tamem
547 5317 737 5372 eadem
758 5319 1030 5388 turpitudo
1054 5319 1106 5374 in
1123 5321 1364 5391 parvulis
1397 5322 1586 5395 viguit,
1620 5327 1797 5382 nonin

221 5401 429 5484 magnis.
462 5405 649 5462 Adhuc
675 5407 799 5461 item
833 5408 1080 5463 eamdem
1111 5411 1320 5480 culpam
1363 5411 1627 5484 levigans,
1673 5417 1749 5472 ait
1781 5437 1796 5476 :

222 5483 430 5558 Peperci
433 5497 457 5545 t
465 5497 701 5562 populus
713 5496 1039 5553 melioribus
1048 5499 1237 5556 ovibus
1250 5503 1305 5556 et
1316 5505 1690 5574 armentum!
1703 5508 1802 5563 im-

411 5588 654 5648 Panoa.
697 5593 954 5669 LXXIX.

1950 1789 2119 1883 ditur,
2145 1792 2234 1883 qui
2264 1793 2391 1848 dum
2421 1798 2648 1853 summis
2676 1799 2806 1856 viris
2835 1801 3001 1861 latere
3021 1817 3297 1883 appetunt,
3330 1815 3549 1873 adulan-

1951 1885 2051 1931 tur.
2083 1879 2534 1974 Quid-enim‘est,
2592 1888 2737 1957 quod
2763 1891 2937 1946 Deum
2979 1910 3137 1950 suum
3191 1879 3543 1974 singulariter

1949 1967 2162 2036 asserit,
2196 1968 2298 2021 nisi
2321 1971 2449 2040 quia
2479 1987 2603 2026 eum
2634 1973 2952 2034 familiarem
2985 1983 3082 2038 Dei
3112 1967 3344 2044 amicum
3368 2001 3545 2050 osten~

1948 2053 2054 2146 dit?
2085 2057 2338 2122 Domino,
2371 2058 2564 2130 inquit,
2603 2065 2710 2120 Deo
2763 2069 2880 2122 tuo.
2926 2070 3049 2126 Non
3093 2091 3233 2142 meo,
3281 2080 3380 2134 sed
3409 2085 3542 2146 tuo;

1947 2142 2074 2212 quia
2093 2159 2198 2216 ego
2231 2155 2498 2216 peccator,
2532 2157 2586 2204 tu
2642 2153 2983 2224 singulariter
3038 2171 3255 2220 sanctus
3311 2183 3398 2222 es.
3436 2142 3547 2227 Sed

1944 2231 2190 2326 mirabili
2207 2235 2539 2326 usuAl‘raudis
2569 2238 2793 2296 fallaces
2823 2243 2899 2298 sic
2929 2261 2989 2302 se
3019 2255 3207 2320 tegunt
3237 2259 3296 2309 ut
3347 2259 3540 2326 profe-

1943 2321 2825 2416 rant,ctjustiﬁcantutaccusent.
2889 2335 3258 2395 Accusationis
3325 2321 3542 2416 quoque

1945 2406 2165 2462 modum
2193 2410 2270 2464 sic
2301 2419 2621 2504 temperant,
2653 2423 2708 2470 ut
2738 2422 3044 2478 accusando
3056 2424 3190 2492 justi
3220 2406 3538 2504 appares-nt,

1943 2509 2011 2547 ne
2041 2498 2354 2552 excusando
2382 2499 2740 2558 innotescant.
2774 2506 2915 2562 Dum
2959 2511 3102 2566 enim
3152 2498 3310 2570 suum
3365 2498 3538 2578 Deum

1941 2581 2088 2672 dicit,
2121 2584 2280 2639 illum
2310 2587 2526 2656 quidem
2557 2592 2786 2661 extollit,
2815 2611 2875 2651 se
2905 2598 3115 2655 minuit.
3140 2602 3269 2672 Sed,
3295 2606 3422 2662 dum
3445 2612 3541 2666 ad-

1941 2669 2101 2725 ducta
2132 2672 2202 2727 ab
2232 2675 2489 2730 Amalech
2522 2681 2716 2734 asserit
2745 2698 2866 2752 quae
2894 2686 3134 2745 Domino
3156 2669 3524 2768 immolentur,

1939 2759 2098 2848 tacite
2128 2762 2332 2829 profert
2364 2780 2470 2818 non
2504 2767 2646 2822 unde
2677 2774 2994 2839 reprehendi
3026 2777 3250 2848 debeat,
3281 2785 3378 2838 sed
3411 2759 3535 2842 lati:-

1937 2845 2072 2934 dari.
2100 2849 2163 2901 Et
2181 2849 2356 2905 adhuc
2384 2853 2610 2922 addens,
2627 2856 2785 2912 dicit:
2808 2859 3052 2934 Reliqua
3067 2882 3190 2922 vero
3205 2845 3530 2931 occidimus.

1937 2933 2267 2991 Occiduntur
2295 2941 2511 3008 quidem
2538 2955 2784 3013 peccata,
2816 2933 3341 3019 quaidimiltuntur.
3398 2963 3533 3022 Viva

1935 3023 2151 3093 quidem
2182 3036 2411 3096 peccata
2434 3039 2574 3096 sunt,
2610 3050 2730 3102 qute
2774 3046 2865 3090 aut
2919 3037 2968 3092 in
2999 3051 3177 3100 mente
3206 3047 3384 3104 adhuc
3432 3068 3532 3122 per

1935 3113 2427 3182 concupiscentiam
2459 3130 2708 3191 regnant,
2741 3133 2968 3195 antqua:
2988 3145 3090 3197 per
3116 3113 3528 3198 conversion-em

1932 3207 2262 3272 contempta,
2294 3205 2390 3260 sed
2415 3222 2513 3275 per
2537 3210 2914 3277 paenitentiam
2947 3217 3124 3274 adhuc
3155 3238 3262 3280 non
3291 3229 3527 3286 suntde-

1929 3286 2055 3382 leta.
2091 3290 2183 3344 Illa
2202 3292 2430 3382 quidem
2463 3295 2647 3352 vivunt
2703 3300 2878 3356 adhuc
2907 3304 2974 3358 ad
3009 3306 3359 3382 voluptatem,
3420 3316 3525 3374 ista

1871 3407 1880 3416 ο
1929 3375 2116 3431 vivunt
2146 3379 2217 3433 ad
2247 3396 2502 3450 ptumam;
2545 3386 2672 3456 quia
2701 3389 2798 3443 etsi
2826 3391 2939 3460 jam
2981 3375 3208 3463 peccare
3265 3375 3522 3459 deserni-

1927 3480 2063 3530 mus,
2088 3465 2498 3524 nisicommissa
2518 3473 2863 3547 plangamus,
2917 3483 3340 3543 commissorum
3372 3490 3517 3548 obli-

1923 3553 2142 3644 gatione
2171 3555 2484 3644 retinemur.
2519 3560 2628 3617 Sed
2678 3566 2880 3632 majora
2937 3569 3254 3644 minoribus,
3310 3577 3520 3638 leviora

1921 3639 2216 3739 majoribus
2249 3643 2446 3739 tribuit.
2479 3648 2618 3739 l‘lam
2651 3651 2778 3720 quid
2809 3661 2908 3722 est,
2929 3658 3074 3727 quod
3090 3660 3218 3717 dicit
3275 3664 3519 3739 Reliqua

1917 3729 2246 3822 occidimus,
2279 3733 2381 3787 nisi
2405 3735 2530 3806 quia
2550 3747 2673 3791 sunt
2699 3742 3024 3808 parvissima
3051 3759 3277 3817 peccata
3294 3729 3517 3822 majori-

1919 3813 2038 3884 bus,
2071 3834 2191 3887 quas
2221 3819 2334 3873 sola
2365 3822 2710 3881 confessione
2764 3827 3012 3886 lavantur
3029 3813 3070 3888 ?_
3095 3834 3232 3904 Quae
3261 3813 3512 3903 doctores

1916 3905 2189 3998 occidunt,
2215 3908 2429 3998 quando
2461 3909 2740 3968 humiliter
2783 3916 3157 3978 confitentibus
3211 3932 3510 3998 apostolica

1913 3993 2224 4090 auctoritate
2245 3994 2540 4054 dimittunt.
2572 4000 2667 4054 Ilis
2695 4003 2842 4058 enim
2872 4007 3050 4063 verbis
3077 3993 3345 4085 omnibus,
3379 4021 3508 4090 quia

1912 4095 1970 4134 se
2001 4080 2224 4174 fallaces
2254 4091 2433 4156 tegere
2462 4087 2720 4155 nituntur,
2753 4108 2860 4169 non
2891 4097 3139 4168 prodere,
3173 4119 3278 4174 qua
3307 4080 3503 4164 electo-

2062 4170 2473 4240 praedicatorum
2503 4177 2816 4235 auctoritate
2864 4170 3242 4257 reprobentur,
3301 4192 3503 4264 adjun-

1909 4265 2056 4328 gttur
2075 4277 2086 4313 :

1976 4363 2154 4466 (fers.
2329 4370 2656 4466 Dixitenim
2677 4373 2916 4435 Samuel
2931 4380 3006 4437 ad
3025 4380 3171 4441 Saut
3187 4405 3206 4444 .-
3235 4388 3367 4447 Sine
3387 4408 3497 4466 me,

1908 4453 2167 4510 indicabo
2186 4456 2310 4522 tibi,
2329 4475 2450 4528 qua:
2467 4459 2688 4518 locutu:
2705 4467 2781 4520 sit
2795 4469 3068 4527 Dominus
3090 4475 3162 4530 ad
3190 4492 3278 4535 me
3307 4453 3496 4540 nocte:

1977 4545 2068 4638 t6.
2109 4540 2249 4642 Quid
2282 4550 2386 4642 est,
2408 4549 2680 4642 iquodait:
2719 4552 2860 4642 Sine
2881 4564 3060 4624 τηρ,θί
3087 4563 3344 4624 indicabo
3374 4572 3495 4642 tibi,

1902 4628 2003 4682 nisi
2035 4631 2161 4700 quia
2188 4631 2316 4686 dum
2346 4633 2568 4691 fallaces
2626 4641 2935 4699 verbositati
2985 4647 3238 4708 insistunt
3284 4628 3499 4717 exami:

1903 4717 2158 4772 nantibus
2211 4721 2451 4788 praelatis
2506 4724 2758 4797 loquendi
2804 4730 2983 4788 locum
3040 4753 3147 4793 non
3201 4744 3500 4803 tribuunt?

1904 4803 2075 4907 Quasi
2106 4807 2253 4907 dicat
2284 4827 2298 4862 :
2333 4809 2477 4907 Dum
2507 4828 2540 4865 a
2572 4815 2896 4874 verbositate
2925 4837 3033 4877 non
3059 4826 3280 4898 desinis,
3301 4850 3362 4888 ea
3381 4852 3501 4907 qua

1903 4893 2091 4950 audire
2120 4896 2307 4958 debes,
2342 4899 2488 4970 loqui
2521 4917 2605 4956 me
2634 4919 2742 4959 non
2776 4910 3056 4974 permittis.
3094 4893 3276 4972 Potest
3327 4893 3498 4980 etiam

1902 4982 2005 5074 hoc
2033 4985 2200 5040 verbo
2259 4987 2553 5044 adulatoris
2597 4991 2824 5049 intentio
2877 4996 3157 5069 derideri;
3217 5007 3308 5074 qui
3365 5011 3495 5069 dum

1901 5070 2274 5161 blandimento
2305 5075 2478 5131 laudis
2495 5077 2712 5148 placere
2741 5097 2801 5137 se
2854 5087 3043 5152 credit,
3077 5105 3171 5144 eos
3202 5070 3336 5161 quos
3374 5098 3499 5154 lau-

1902 5159 2013 5229 dat,
2047 5177 2107 5217 se
2137 5163 2293 5235 quasi
2323 5168 2506 5220 tenere
2532 5167 2738 5223 eisdem
2764 5170 3013 5229 laudibus
3037 5159 3346 5238 arbitratur.
3371 5187 3500 5244 Tale

1903 5256 1986 5304 est
2010 5265 2141 5321 ergo
2171 5267 2234 5340 ac
2266 5251 2309 5306 si
2340 5252 2678 5311 laudatorem
2735 5273 2895 5314 suum
2951 5263 3153 5320 electus
3180 5275 3374 5340 praesul
3403 5275 3498 5334 ho-

1904 5338 2376 5434 nesta‘gravitate.
2409 5341 2674 5434 derideat,
2709 5345 2896 5402 dicens
2930 5368 2942 5404 :
2986 5351 3088 5420 Qui
3147 5338 3232 5413 me
3288 5360 3494 5434 laudas,

1910 5427 2071 5494 357
2104 5427 2252 5496 loqui
2285 5428 2379 5519 tibi
2409 5428 2542 5484 dura
2572 5446 2679 5485 non
2707 5448 2961 5502 possum.
3002 5439 3130 5498 Sine
3159 5459 3311 5519 ergo,
3336 5451 3392 5506 id
3414 5427 3498 5510 est

1901 5521 2153 5582 permitte
2183 5531 2268 5573 me
2299 5515 2469 5590 loqui,
2496 5525 2548 5574 et
2577 5534 2640 5576 ea
2669 5537 2792 5596 quae
2819 5539 2943 5584 sum
2997 5515 3304 5592 locuturus
3329 5538 3496 5599 intel-

3153 5632 3219 5694 14
