3996 6164
507 326 611 381 £27

1699 305 1944 365 SANCTI
1994 298 2337 362 GREGORII
2400 293 2623 355 MAGNI
3670 299 3759 357 £28

504 451 636 523 lige.
669 449 738 504 Et
763 446 911 519 quia,
942 451 1000 499 ut
1029 439 1161 508 dixi,
1183 441 1401 513 placere
1421 456 1480 494 se
1499 435 1771 493 laudando
1791 431 2094 488 adulatores
2119 425 2178 488 A
2206 426 2373 523 igitur
2401 440 2523 482 cum
2554 423 2817 523 arguitur,
2837 421 3631 523 ejus‘praeteritamemo‘rantur,
3648 428 3765 523 quid

505 538 750 601 credunt,
779 534 970 590 audire
998 531 1066 587 ab
1095 532 1177 586 eis
1207 534 1370 592 dura,
1404 544 1542 599 quos
1586 525 1824 590 laudant,
1882 534 2096 589 nequa-

506 641 670 697 quam
701 629 911 693 putant.
940 618 1106 688 Quasi
1134 633 1265 690 ergo
1290 617 1404 687 jam
1434 616 1552 671 laeta
1579 620 1635 668 et
1679 623 1942 697 prospera
1994 622 2098 697 au-

508 693 737 780 diturus,
754 708 1100 780 subsequitur
1119 707 1270 771 Saul,
1294 705 1515 761 dicens:
1541 701 1808 774 Loquere.
1842 695 1948 753 Sed
1979 693 2099 751 ele—

510 801 585 860 cti
616 800 743 868 viri,
774 814 898 856 cum
956 797 1145 851 laudes
1201 810 1328 849 suas
1380 791 1628 858 audiunt,
1676 789 1816 843 inter
1860 786 2101 840 fomenta

512 889 695 946 laudis
737 904 769 943 a
817 887 1002 958 rigore
1044 883 1266 954 iustitiae
1312 897 1422 937 non
1464 880 1804 936 mollescunt.
1849 876 1987 931 Nam
2007 870 2100 944 qui

512 977 868 1049 reproborum
914 981 1034 1029 acta
1081 971 1402 1042 deSpiciunt,
1433 968 1682 1038 excipere
1710 963 1878 1020 verba
1901 975 2100 1032 nequa-

516 1082 678 1140 quam
710 1070 956 1135 possunt.
987 1060 1123 1129 Quia
1153 1075 1290 1130 ergo
1318 1058 1458 1113 ﬂecti
1502 1055 1751 1111 laudibus
1806 1054 2098 1140 nequeunt,

518 1138 826 1211 laudatores
857 1148 1132 1221 improbos
1159 1156 1211 1203 et
1240 1145 1421 1202 subtili
1451 1145 1659 1199 ratione
1713 1138 2019 1204 discutiunt,
2050 1142 2102 1191 et

513 1242 771 1299 districtis
799 1236 1078 1294 sententiis
1105 1236 1480 1304 insequuntur.
1514 1232 1667 1289 Unde
1696 1228 1936 1299 sequitur
1964 1243 1979 1280 :

582 1350 757 1420 (Vera.
777 1344 1077 1413 ‘17-19.)Et
1098 1341 1181 1396 ait
1193 1341 1420 1396 Samuel
1438 1359 1455 1394 :
1477 1340 1669 1394 Nonne
1689 1353 1817 1392 cum
1830 1334 2101 1407 parvulus

512 1454 660 1499 esses
680 1439 740 1491 in
765 1433 942 1489 oculis
961 1433 1097 1498 tuis,
1130 1434 1307 1500 caput
1328 1431 1391 1483 in
1436 1426 1689 1483 tribubus
1716 1425 1883 1480 Israel
1912 1426 2102 1493 factus

512 1544 568 1585 es
584 1528 614 1580 ?
633 1525 913 1594 Unxitque
936 1523 990 1575 te
1012 1519 1285 1574 Dominus
1306 1517 1367 1571 in
1387 1532 1573 1587 regem
1587 1530 1760 1585 super
1773 1512 1949 1567 Israel
1967 1530 1986 1575 ;
2002 1509 2102 1564 mi-

512 1619 695 1687 sitque
719 1620 771 1667 te
786 1610 1057 1667 Dominus
1070 1609 1130 1662 in
1144 1607 1314 1671 viam,
1335 1608 1389 1661 et
1407 1606 1510 1658 ait:
1536 1604 1694 1667 Vade,
1708 1600 1965 1668 interﬁce
1978 1613 2103 1669 pec-

511 1692 734 1760 catores
753 1696 1101 1764 Amalech,et
1112 1695 1383 1766 pugnabis
1404 1697 1603 1747 contra
1619 1707 1707 1746 eos
1727 1704 1901 1761 usque
1920 1688 1991 1742 ad
2006 1690 2100 1740 in-

520 1790 898 1851 ternecionem
917 1752 1129 1843 eorum:
1160 1752 1347 1847 Quare
1367 1797 1494 1852 ergo
1534 1795 1650 1835 non
1686 1778 1899 1833 audisti
1920 1791 2104 1831 vocem
2134 1779 2187 1838 B
2218 1768 2308 1815 κν,

514 1878 763 1946 Domini,
781 1875 876 1932 sed
904 1888 1096 1930 uersus
1113 1871 1185 1926 ad
1208 1874 1467 1942 praedam
1486 1884 1562 1935 es,
1584 1872 1639 1924 et
1665 1867 1858 1937 fecisti
1885 1866 2105 1920 malum

509 1973 575 2027 in
605 1968 783 2027 oculis
818 1964 1036 2020 Domini
1054 1960 1084 2013 ?

591 2060 677 2113 17.
710 2054 805 2110 His
831 2052 1033 2122 quippe
1060 2047 1243 2103 verbis
1278 2044 1498 2117 superbi
1535 2044 1681 2117 regis
1742 2041 2106 2098 inobedientia

514 2144 793 2202 subtiliter
821 2142 1162 2196 examinatur
1196 2153 1209 2189 :
1243 2136 1367 2206 quia
1388 2143 1445 2189 et
1468 2134 1618 2203 prius
1634 2132 1773 2187 dona
1795 2132 1990 2186 collata
2010 2132 2106 2185 ob-

509 2235 668 2306 jicit;
702 2229 898 2286 deinde
929 2226 1213 2281 audaciam
1248 2221 1698 2294 transgressionis
1727 2236 1823 2290 per
1857 2220 2103 2289 ejusdem

513 2322 690 2393 culpat
719 2316 1135 2388 exquisitionem
1169 2312 1312 2367 ferit.
1345 2310 1568 2365 Sublilis
1605 2323 1836 2377 namque
1890 2306 2103 2360 exami-

515 2418 663 2467 natio
709 2414 812 2475 est,
873 2402 1090 2475 quando
1146 2401 1222 2455 sic
1277 2407 1525 2454 versutus
1576 2397 1803 2467 quisque
1855 2403 2106 2464 peccator

516 2496 819 2561 discutitur,
851 2500 916 2546 ut
945 2493 996 2545 ei
1027 2489 1203 2557 culpae
1231 2486 1502 2542 excusatio
1547 2484 1696 2538 nulla
1752 2483 2100 2551 relinquatur,

511 2594 572 2641 ut
601 2586 744 2640 hunc
772 2581 841 2635 ad
871 2586 1099 2634 mortem
1129 2575 1322 2646 ﬂagitii
1353 2574 1505 2644 quasi
1534 2573 1771 2627 vinctum
1818 2571 1916 2626 Dei
1972 2587 2104 2625 sen-

514 2672 681 2729 tentia
734 2674 929 2734 teneat,
989 2664 1075 2720 cui
1105 2662 1313 2733 peccati
1335 2660 1650 2731 confugium
1680 2659 1882 2714 nullum
1913 2667 2101 2714 restat.

512 2763 584 2819 Ut
611 2773 746 2832 ergo
777 2754 954 2812 omnis
984 2753 1069 2809 via
1101 2750 1345 2823 fugiendi
1377 2750 1660 2804 fallacibus
1703 2748 1945 2817 superbis
1999 2747 2104 2801 ob-

515 2856 768 2914 struetur,
802 2851 1173 2899 memorantur
1196 2840 1244 2896 ei
1274 2846 1329 2895 et
1355 2837 1667 2893 sublimitas
1715 2835 1997 2906 dignitatis
2051 2842 2107 2890 et

508 2938 706 2996 modus
718 2930 1019 2994 ministerii,
1036 2945 1154 2984 cum
1176 2927 1306 2982 dicit
1332 2946 1344 2980 :
1364 2928 1559 2983 Nonne
1577 2942 1706 2981 cum
1724 2925 1995 2996 paruulus
2014 2940 2107 2979 es-

509 3044 594 3086 ses
617 3029 679 3081 in
696 3024 874 3080 oculis
890 3022 1022 3080 tuis,
1043 3021 1216 3090 caput
1239 3018 1301 3072 in
1321 3015 1574 3070 tribubus
1600 3015 1780 3068 Israel
1805 3015 1997 3084 factus
2016 3028 2072 3067 es
2094 3041 2111 3072 .-

508 3121 563 3172 et
584 3116 668 3170 ait
688 3112 789 3167 tibi
810 3110 1080 3165 Dominus
1102 3124 1119 3157 :
1143 3103 1403 3172 lnterﬁce
1425 3106 1748 3174 peccatores
1796 3102 2056 3155 Amalech
2076 3100 2107 3152 ?

507 3204 575 3260 Et
601 3209 660 3256 ut
687 3196 1058 3255 circundutum
1078 3194 1194 3263 jam
1233 3200 1286 3246 et
1338 3189 1620 3246 obsessum
1673 3186 2103 3243 ratiocinationi~

507 3292 618 3348 bus
636 3286 835 3358 capiat,
859 3297 1077 3337 manum
1104 3280 1280 3349 culpae
1296 3278 1489 3347 injicit,
1510 3278 1697 3332 dicens
1722 3294 1734 3329 :
1767 3278 1952 3345 Quare
1971 3292 2104 3347 ergo

516 3396 635 3437 non
652 3373 866 3433 audisti
882 3386 1065 3427 uocem
1084 3365 1344 3432 Domini,
1360 3367 1455 3421 sed
1475 3381 1665 3421 uersus
1680 3364 1752 3419 ad
1762 3383 1818 3436 pi
1831 3368 2013 3421 tectum
2026 3381 2105 3432 es,

526 3476 581 3525 et
600 3464 785 3538 fecisti
809 3460 1024 3517 malum
1043 3473 1230 3513 coram
1258 3455 1435 3510 oculis
1456 3454 1676 3508 Πιιτηῑηί
1695 3452 1726 3505 ?
1746 3451 1909 3521 Quasi
1925 3452 2074 3509 dicat
2094 3480 2105 3508 ε

510 3556 654 3611 Ecce
685 3550 811 3622 quid
843 3563 986 3612 eras,
1019 3546 1112 3615 qui
1146 3543 1318 3596 factus
1347 3556 1431 3607 es,
1460 3540 1589 3610 quid
1620 3540 1846 3594 debuisti
1906 3541 2104 3609 facere,

512 3657 639 3700 ecce
667 3638 796 3711 quid
829 3633 999 3690 fecisti
1025 3650 1037 3694 ;
1063 3647 1193 3686 ecce
1217 3637 1481 3698 quantum
1507 3632 1575 3681 ab
1601 3643 1685 3690 eo,
1719 3627 1862 3696 quod
1881 3628 2107 3683 debuisti

514 3742 796 3792 eXercore,
816 3720 1124 3778 recesseris.
1149 3719 1283 3772 Dum
1303 3731 1435 3788 ergo
1451 3716 1663 3783 intullit,
1682 3716 1897 3771 dicens:
1931 3718 2110 3786 Quare

514 3814 932 3893 fecistimalum
953 3813 1016 3866 in
1033 3809 1211 3864 oculis
1231 3808 1455 3861 Domini
1480 3805 1511 3858 Ρ
1529 3804 1678 3875 quasi
1692 3805 1941 3860 fallacem
1960 3820 2110 3859 reum

519 3902 907 3965 circumdando
924 3914 1042 3953 com
1052 3896 1349 3967 prehendit.

588 3999 676 4051 l8.
709 3991 819 4049 Sed
853 3990 905 4043 in
936 3989 1039 4043 hoc
1069 3988 1187 4041 loco
1218 3981 1514 4040 notandum
1545 3990 1626 4038 est
1656 3982 1802 4053 quia,
1845 3983 1975 4039 dum
2019 3999 2111 4039 rex

522 4084 790 4157 superbus
828 4076 1091 4149 arguitur,
1123 4072 1408 4128 electionis
1455 4072 1574 4142 ejus
1629 4079 1871 4142 tempora
1900 4088 2113 4128 memo-

520 4181 729 4240 rantur,
759 4177 814 4224 ut
847 4177 1025 4221 tumor
1052 4162 1235 4218 cordis
1270 4161 1560 4229 sentiatur,
1594 4174 1699 4215 non
1732 4160 1969 4216 adfuisse
2011 4162 2114 4215 eli-

517 4262 720 4337 gendo,
750 4258 843 4312 sed
875 4270 943 4310 ex
972 4250 1206 4308 culmine
1234 4249 1473 4305 crevisse
1504 4248 1751 4318 praelato.
1786 4250 1828 4301 A
1884 4250 2116 4305 Domino

519 4335 737 4427 quidem
768 4347 941 4398 bonus
971 4340 1174 4396 electus
1201 4346 1299 4404 est,
1314 4337 1409 4392 sed
1439 4338 1564 4390 dum
1615 4335 1783 4391 crevit
1812 4353 1882 4390 ex
1913 4337 2116 4393 culmi-

517 4457 608 4501 ne,
625 4434 864 4492 decrevit
879 4429 1109 4485 elatione
1151 4426 1633 4496 Dicitergo:Cum
1667 4440 1814 4480 esses
1838 4428 2112 4497 paruulus

520 4530 586 4584 in
596 4524 777 4582 oculis
797 4521 930 4584 tuis,
944 4524 1109 4587 caput
1129 4517 1189 4569 in.
1206 4513 1461 4569 tribubus
1482 4514 1651 4568 Israel
1660 4518 1850 4583 [actus
1863 4530 1943 4579 es;
1954 4519 2112 4571 modo

520 4628 715 4673 uersus
732 4607 807 4663 ad
823 4604 1094 4678 pristiam,
1117 4604 1158 4672 ρ
1176 4602 1307 4657 cisti
1327 4601 1540 4655 malum
1561 4598 1624 4653 in
1650 4600 1830 4655 oculis
1867 4602 2114 4660 Domini.

524 4699 693 4772 Quasi
719 4698 863 4753 dicat
895 4709 908 4748 :
945 4693 1043 4746 Per
1066 4692 1350 4745 veritatem
1384 4687 1699 4743 humilitatis
1725 4704 1959 4761 regnum
1993 4708 2119 4761 pro-

521 4786 790 4854 meruisti,
820 4783 917 4838 sed
947 4794 1092 4835 nunc
1119 4784 1389 4848 praetextu
1418 4776 1663 4842 humilis,
1695 4777 1916 4834 veritate
1952 4780 2118 4834 tumi-

527 4885 629 4940 dus
655 4888 883 4950 regnum
910 4867 1115 4940 perdis.
1135 4863 1277 4943 Quid
1307 4864 1450 4920 enim
1476 4874 1606 4920 sunt
1633 4865 1770 4921 oculi
1793 4867 1987 4935 cordis,
2017 4865 2125 4923 nisi

526 4975 777 5045 aspectus
806 4958 1029 5017 rationis
1047 4956 1075 5008 ‘i
1105 4956 1245 5009 Nam
1274 4953 1364 5024 qui
1392 4954 1634 5024 integros
1689 4955 1841 5009 visus
1896 4956 2120 5011 rationis

523 5043 710 5128 habet,
736 5052 972 5129 perfecte
1000 5044 1332 5101 illuminatus
1360 5050 1461 5098 est.
1497 5043 1555 5096 In
1596 5044 1767 5099 oculis
1819 5060 1952 5114 ergo
2006 5046 2121 5100 suis

521 5163 601 5210 est
631 5144 872 5210 humilis,
892 5136 987 5209 qui
1010 5149 1068 5189 se
1083 5132 1330 5204 perfecte
1358 5131 1600 5201 respicit,
1632 5141 1685 5187 et
1715 5133 1976 5188 humilem
1997 5149 2123 5204 per-

524 5244 665 5300 fecta
693 5235 902 5294 visione
931 5222 1229 5297 cognoscit.
1262 5219 1360 5274 His
1388 5234 1522 5291 ergo
1551 5219 1734 5275 verbis
1779 5221 1919 5291 lapsi
1970 5222 2120 5292 regis

525 5344 636 5384 non
662 5325 835 5381 solum
867 5311 1144 5388 praeterita
1174 5307 1472 5374 humilitas,
1530 5308 1627 5362 sed
1681 5308 1844 5363 etiam
1895 5308 2119 5363 rationis

525 5415 729 5470 acuitas
757 5401 1205 5465 commendatur:
1230 5396 1354 5467 quia
1374 5395 1630 5451 videlicet
1661 5402 1837 5450 tantus
1866 5404 1979 5467 erat
2025 5412 2117 5451 ra-

523 5501 691 5566 tione,
721 5504 781 5551 ut
808 5510 869 5548 se
897 5489 1134 5561 perfecte
1163 5489 1557 5557 cognosceret;
1591 5492 1644 5538 et
1675 5492 1852 5538 tantus
1896 5484 2113 5553 virtute,

523 5597 583 5651 ut
607 5602 669 5645 se
695 5581 963 5642 subtiliter
989 5576 1229 5640 intuens,
1252 5587 1382 5630 vere
1401 5571 1659 5628 humilem
1690 5571 1919 5629 videret.
1974 5570 2117 5642 Quia

2207 513 2373 581 aliud,
2405 529 2568 583 quam
2600 514 2701 579 bis,
2733 528 2857 584 qua:
2887 510 3140 579 habebat,
3192 526 3370 566 carere
3416 511 3714 569 describitur
3739 516 3764 567 ‘l

2206 602 2349 658 Nam
2379 601 2660 672 superbire
2687 608 2977 673 nequeunt,
3006 599 3106 654 nisi
3130 598 3221 665 qui
3246 599 3388 668 prius
3409 599 3588 655 oculos
3607 601 3765 657 cordis

2205 690 2461 761 perdunt.
2500 691 2579 745 De
2604 688 2909 745 libidinosis
2935 703 3064 743 vero
3093 686 3253 744 valde
3306 687 3500 743 clarius
3530 697 3724 744 constat
3750 709 3762 746 :

2208 779 2330 850 quia
2355 779 2410 833 in
2439 778 2809 835 fornicationis
2837 778 3053 832 baratro
3080 792 3140 832 se
3166 792 3436 847 nunquam
3479 776 3764 849 obruerent,

2207 867 2251 921 si
2280 882 2311 921 a
2341 867 2460 923 luce
2489 866 2694 922 intimae
2714 866 2904 939 gloria:
2921 881 3027 921 non
3045 872 3170 920 ante
3191 865 3506 936 caligarent.
3533 865 3634 929 Qui
3653 870 3768 939 quia

2209 956 2317 1010 alta
2353 957 2513 1023 358
2546 954 2820 1025 pudicitiae
2840 961 3112 1033 praecepta
3129 962 3486 1025 contemnunt,
3517 956 3671 1010 etiam
3684 966 3764 1012 tu-

2210 1045 2379 1099 moris
2403 1051 2717 1116 arguuntur.
2750 1042 2852 1111 Qui
2883 1057 3019 1114 ergo
3048 1043 3321 1112 deponere
3351 1044 3679 1114 praepositum
3695 1062 3767 1101 re-

2209 1148 2332 1205 gem
2349 1138 2588 1199 venerat,
2607 1131 2735 1185 dicit
2754 1149 2766 1183 :
2794 1131 2928 1187 Cum
2944 1147 3089 1187 esses
3105 1132 3378 1203 parvulus
3394 1134 3453 1187 in
3467 1134 3635 1188 oculis
3646 1135 3764 1201 tuis,

2209 1228 2382 1292 caput
2398 1221 2454 1276 in
2466 1220 2720 1275 tribubus
2733 1220 2906 1275 Israel
2916 1222 3036 1290 fact
3044 1237 3105 1275 us
3117 1236 3197 1284 es;
3208 1235 3363 1275 nunc
3372 1221 3559 1290 fecisti
3572 1222 3764 1277 malum

2209 1312 2273 1366 in
2302 1312 2478 1366 oculis
2503 1310 2746 1364 Domini.
2779 1306 2942 1376 Quasi
2974 1308 3135 1364 dicit:
3185 1308 3460 1378 Seperbus
3496 1308 3671 1376 modo,
3721 1316 3770 1365 et

2211 1413 2389 1454 caecus
2408 1399 2551 1468 juste
2582 1397 2893 1467 deponeris,
2926 1397 3016 1466 qui
3047 1396 3198 1465 prius
3223 1397 3416 1452 videns
3470 1407 3521 1452 et
3570 1397 3773 1453 humilis

2211 1502 2439 1557 regnum
2469 1486 2649 1541 sortiri
2681 1484 2940 1539 meruisti.
2974 1486 3110 1539 Nam
3168 1493 3222 1540 et
3275 1485 3492 1555 superbi
3544 1486 3773 1542 Pharisaei

2210 1576 2280 1630 ab
2307 1576 2427 1646 ipsa
2455 1577 2684 1629 veritate
2712 1573 2848 1629 caeci
2877 1573 3245 1639 nominantur,
3269 1589 3394 1645 quin
3413 1573 3480 1628 ad
3507 1573 3777 1645 discipulos

2210 1664 2311 1717 ait:
2328 1662 2513 1719 Sinite
2529 1679 2619 1719 eos
2640 1682 2658 1729 ;
2676 1664 2980 1730 caecisunt,
3013 1666 3069 1719 et
3091 1662 3259 1718 duces
3287 1661 3775 1729 cacorumWatth.

2486 1749 2619 1819 Quae
2647 1750 2833 1822 utique
2889 1750 3111 1806 caecitas
3138 1749 3448 1820 specialiter
3501 1749 3779 1806 libidinosis

2216 1839 2518 1907 ascribitur,
2548 1838 2671 1909 quia
2701 1839 2849 1892 nulla
2876 1847 2998 1893 sunt
3025 1838 3152 1893 vitia
3201 1854 3325 1908 quae
3381 1838 3656 1909 spissiores
3704 1847 3778 1894 te-

2211 1929 2411 1984 nebras
2441 1927 2609 1981 menti
2639 1927 2884 1996 ingerant
2913 1943 3076 1997 quam
3107 1925 3297 1982 libido.
3332 1927 3421 1981 Ad
3441 1943 3581 1982 nunc
3600 1926 3781 1996 pleros-

2214 2034 2319 2087 que
2348 2016 2533 2071 videas
2587 2016 2800 2070 stetisse
2830 2015 3080 2083 clericos,
3112 2014 3428 2071 sacerdotes
3479 2015 3646 2071 σοι’ιυί
3699 2030 3774 2071 se.

2214 2104 2430 2174 Quibus
2460 2112 2608 2159 certe
2638 2119 2737 2173 par
2763 2103 3034 2159 Samuelis
3060 2103 3353 2171 imperium
3383 2104 3579 2159 dicitur
3606 2119 3618 2158 :
3652 2103 3781 2159 Cum

2213 2210 2362 2249 esses
2373 2195 2647 2264 paruulus
2661 2194 2724 2247 in
2738 2192 2915 2247 oculis
2930 2194 3066 2258 tuis,
3080 2197 3251 2258 caput
3274 2194 3338 2247 in
3354 2193 3597 2249 tribubus
3625 2192 3783 2249 Israel

2212 2287 2401 2353 factus
2431 2298 2505 2337 es.
2540 2279 2703 2348 Quasi
2735 2280 2884 2334 dicat
2913 2297 2926 2334 :
2963 2280 3101 2334 Cum
3135 2281 3187 2335 in
3219 2280 3416 2336 minori
3453 2281 3637 2337 ordine
3666 2281 3780 2335 illu-

2213 2373 2414 2425 minato
2442 2369 2604 2425 corde
2638 2368 2908 2434 pudicitia:
2937 2376 3208 2439 praecepta
3236 2369 3539 2425 servaveris
3571 2384 3583 2423 :
3631 2384 3780 2439 nunc,

2210 2459 2425 2514 amissis
2453 2457 2643 2521 oculis,
2679 2459 2734 2510 in
2765 2456 3129 2512 fornicationis
3185 2457 3460 2513 baratrum
3517 2457 3777 2514 corruisti.

2209 2548 2302 2603 Ad
2327 2547 2578 2620 praedam
2607 2562 2797 2602 uersus
2827 2545 3046 2616 es,quia
3059 2546 3243 2600 divina
3276 2555 3543 2616 praecepta
3566 2545 3784 2602 violenta

2211 2635 2633 2707 praesumptione
2661 2633 2872 2703 rupisti.
2889 2632 3027 2701 Quia
3049 2634 3193 2689 enim
3214 2635 3557 2704 prohibente,
3575 2642 3625 2690 et
3645 2634 3785 2706 quasi

2213 2724 2373 2778 minis
2398 2732 2603 2777 armato
2633 2730 2685 2776 et
2712 2722 2955 2777 obstante
2984 2723 3120 2787 Deo,
3153 2722 3223 2778 ad
3251 2723 3568 2779 violandum
3612 2738 3788 2778 sacra-

2213 2812 2353 2866 rium
2384 2810 2650 2866 castitatis
2670 2810 3011 2880 irrumpunt:
3037 2811 3186 2880 quasi
3208 2826 3308 2879 per
3327 2811 3566 2882 rapinam
3586 2811 3786 2883 praedae,

2214 2898 2475 2954 Amalech
2506 2898 2675 2953 electa
2701 2898 2771 2952 ad
2801 2897 3017 2953 Domini
3048 2909 3244 2953 terram
3284 2899 3506 2955 ducunt.
3565 2901 3626 2955 Et
3676 2898 3789 2970 quia

2217 2995 2477 3059 quantum
2507 2994 2748 3058 possunt,
2774 2986 2959 3042 lubrici
2982 2987 3430 3057 praedicatoribus
3457 2989 3788 3046 abscondun-

2218 3084 2320 3139 tur,
2351 3075 2405 3128 in
2428 3083 2722 3144 conspectu
2753 3075 2965 3130 Domini
2992 3076 3189 3131 malum
3221 3076 3348 3132 Saul
3383 3077 3575 3134 fecisse
3613 3091 3786 3148 repre-

2222 3124 2320 3139 -_-,
2431 3124 2722 3144 -----r---_
2754 3124 2965 3130 _----__-
2992 3124 3189 3131 ---ω-η-
3222 3124 3347 3132 η...
3383 3124 3575 3134 ---πη
3613 3124 3755 3148 ηπ--

2135 3124 2185 3187 C‘
2216 3164 2485 3219 henditur.
2520 3163 2687 3231 Quasi
2710 3162 2854 3218 enim
2887 3164 3098 3219 minans
3124 3172 3179 3219 et
3220 3174 3430 3222 terrens
3485 3166 3789 3238 praedicator

2213 3253 2268 3306 in
2296 3252 2473 3308 carnis
2500 3251 2946 3321 voluptatelapso
2975 3253 3120 3309 dicat
3151 3271 3163 3307 :
3198 3254 3418 3311 Crimen
3448 3253 3788 3309 immunditiae

2214 3340 2523 3396 hominibus
2551 3339 2777 3412 quidem
2819 3340 3189 3410 abscondi'ur,
3219 3341 3317 3398 sed
3374 3343 3577 3400 videnti
3627 3341 3793 3399 omnia

2216 3443 2324 3484 non
2351 3429 2575 3483 celatur.
2605 3427 2730 3482 Haec
2759 3427 2979 3496 quidem
3008 3436 3060 3483 et
3090 3429 3172 3483 his
3202 3429 3408 3487 similia
3438 3447 3559 3486 cum
3606 3434 3791 3501 impae-

2217 3516 2447 3571 nitentes
2470 3516 2711 3579 audiunt,
2748 3517 2933 3571 mrreri
2964 3532 3311 3587 nequaquam
3358 3528 3601 3590 possunt.
3650 3516 3794 3575 Unde

2217 3604 2451 3673 etsijam
2467 3603 2875 3658 ratiocinatione
2905 3604 3046 3671 capti
3077 3613 3220 3671 sunt,
3256 3606 3406 3662 velut
3446 3624 3649 3679 angues
3702 3622 3792 3677 per

2218 3692 2489 3748 lubricum
2517 3691 2684 3746 dilabi
2712 3708 2743 3746 a
2775 3692 3000 3746 tenentis
3029 3709 3086 3747 se
3111 3695 3365 3750 manibus
3386 3704 3649 3768 satagunt.
3667 3694 3791 3751 Cau-

2222 3782 2346 3836 dam
2380 3782 2678 3848 proferunt,
2698 3788 2858 3850 caput
2882 3781 3259 3836 abscondunt:
3285 3785 3415 3853 quia
3444 3785 3687 3841 videnlur
3694 3785 3796 3853 jam

2220 3879 2467 3925 extrema
2495 3885 2740 3939 operum,
2763 3868 2858 3923 sed
2881 3869 3199 3926 earumdem
3228 3873 3431 3945 tegitur
3456 3874 3680 3944 qualitas
3706 3887 3793 3929 ac-

2225 3958 2450 4014 tionum.
2482 3958 2635 4014 Unde
2660 3965 2712 4013 et
2738 3957 2978 4030 sequitur
3008 3976 3023 4013 :

2295 4100 2684 4171 (Vers.20.)Et
2710 4099 2796 4154 ait
2821 4099 2958 4155 Saul
2987 4098 3062 4155 ad
3102 4099 3425 4159 Samuelem
3459 4123 3477 4157 :
3535 4104 3651 4161 Imo
3700 4120 3799 4161 au-

2227 4189 2341 4244 divi
2363 4204 2546 4245 vocem
2577 4189 2818 4253 Domini,
2853 4192 2909 4244 et
2937 4189 3224 4244 ambulavi
3253 4207 3357 4262 per
3373 4195 3523 4249 uiam
3538 4193 3801 4267 quamisit

2225 4294 2314 4333 me
2331 4278 2623 4343 Dominus,
2656 4280 2712 4332 et
2737 4277 2957 4332 adduxi
2986 4279 3135 4348 Agag
3175 4294 3359 4350 regem
3418 4283 3699 4352 Amalech,
3751 4283 3801 4337 et

2229 4366 2491 4421 Amalech
2506 4365 2790 4436 inter/eoi.

2143 4475 2194 4536 Ι)
2295 4476 2379 4526 19.
2413 4471 2577 4541 Quasi
2618 4472 2764 4527 enim
2818 4471 3030 4528 occulta
3088 4479 3296 4544 tegens,
3356 4475 3583 4532 aliorum
3635 4476 3804 4533 disco-

2226 4570 2418 4630 operta
2443 4561 2742 4632 proferens.
2764 4576 2823 4615 se
2849 4560 3084 4616 lubricus
3104 4563 3297 4617 doctor
3317 4563 3387 4620 de
3414 4565 3659 4634 profectu
3684 4580 3806 4635 prm-

2226 4648 2515 4705 dicationis
2544 4648 2913 4716 commendat,
2942 4648 3129 4704 dicens
3163 4667 3175 4703 :
3211 4651 3289 4705 De
3302 4653 3640 4709 subditorum
3660 4653 3805 4724 culpa

2224 4737 2554 4807 reprehendi
2585 4752 2692 4792 non
2722 4736 2915 4801 debeo,
2946 4737 3044 4792 sed
3075 4737 3306 4804 laudari,
3339 4756 3499 4810 quam
3531 4744 3584 4798 in
3636 4742 3804 4798 delin-

2228 4825 2517 4895 quentibus
2529 4824 2873 4892 praadicando
2889 4824 3085 4881 delevi.
3107 4826 3374 4883 Amalech
3397 4830 3636 4899 percussi
3655 4848 3666 4884 :
3691 4828 3807 4900 quia

2226 4912 2597 4969 fornicationis
2626 4913 2845 4985 spiritus
2874 4912 2927 4968 in
2959 4914 3263 4970 auditorum
3287 4932 3537 4973 meorum
3564 4918 3808 4977 cordibus

2226 5001 2426 5073 linguae
2455 5017 2592 5056 meae
2623 5001 2809 5073 gladio
2838 5002 3063 5058 corruit.
3101 5002 3216 5058 Rex
3246 5005 3349 5058 etsi
3381 5005 3534 5073 vivit,
3558 5007 3810 5062 adductus

2227 5098 2311 5145 est
2342 5108 2353 5143 :
2388 5091 2512 5161 quia
2542 5090 2643 5145 etsi
2672 5106 2864 5145 sensus
2892 5090 3092 5160 carnis,
3121 5091 3357 5162 quandiu
3387 5110 3581 5151 sumus
3614 5095 3668 5150 in
3694 5110 3807 5151 car-

2226 5193 2315 5245 ne,
2349 5179 2568 5234 omnino
2618 5177 2773 5248 perdi
2802 5195 2908 5232 non
2940 5186 3134 5249 potest,
3157 5184 3348 5251 captus
3365 5190 3466 5247 est,
3493 5187 3550 5238 ut
3576 5182 3693 5254 capi
3711 5196 3808 5253 po-

2227 5267 2326 5321 tuit
2356 5267 2483 5339 quia
2498 5267 2798 5338 praevalere
2817 5266 3011 5323 rationi
3033 5283 3141 5324 non
3172 5276 3368 5338 potest.
3403 5271 3561 5342 Ipsos
3579 5269 3813 5328 subditas

2226 5367 2519 5426 correptos.
2540 5364 2833 5426 etpeccata
2878 5354 3196 5413 confitentes
3223 5357 3516 5417 ostendere
3562 5358 3808 5432 gestiens.

2227 5443 2505 5514 subjunxit
2531 5444 2722 5501 dicens
2748 5464 2761 5500 :

2296 5568 2470 5641 (Vera.
2501 5568 2619 5641 21.)
2644 5568 2794 5626 Tulit
2812 5574 3009 5626 autem
3024 5584 3139 5643 pop
3152 5570 3287 5628 ulus
3302 5560 3369 5629 ἀὲ
3396 5570 3596 5644 prmia
3613 5585 3734 5629 oves
3755 5571 3810 5626 et
