3996 6164
17 98 821 210 πη

176 456 261 510 629
1003 446 1079 506 IN
1114 448 1384 509 PRIMUM
1419 446 1663 508 REGUM
1700 444 2232 507 EXPOSITIONES.
2262 479 2332 491 —
2361 445 2496 504 LIB.
2528 447 2594 507 ν.
3334 451 3437 507 ιθο

177 576 623 648 boves.primitias
636 590 826 631 eorum
845 593 967 648 quae
994 581 1379 645 crrsasuni,ut
1404 577 1734 633 immolaret
1762 573 1819 633 A
1846 572 1977 627 dum
2037 572 2156 639 fuit,
2189 580 2243 627 ut
2286 572 2540 629 Amalech
2562 580 2930 644 percuteretur
2954 591 2967 629 :
2995 574 3097 631 sed
3128 575 3274 647 quia,
3308 575 3425 631 Deo

174 667 383 722 Domino
412 667 515 720 Deo
544 681 642 719 suo
658 666 717 719 in
753 666 1018 735 Galgalis.
1840 662 2153 728 auxiliante,
2176 662 2423 730 vincitur,
2446 662 2811 732 supplendum
2842 670 2977 729 erat,
3008 671 3067 718 ut
3084 680 3203 734 quas
3231 664 3284 719 in
3314 662 3435 733 ejus

226 758 303 809 20.
324 751 544 820 Quando
574 760 901 807 armatorum
945 752 1202 809 violentia
1244 753 1473 825 alicujus
1528 750 1735 823 aliquid
1840 750 2246 805 immolarentur
2271 749 2531 806 sacrificio
2559 758 2925 807 servarentur.
2976 749 3134 819 Quod
3165 759 3352 823 aperte
3381 752 3436 808 in

172 843 424 912 proprium
466 840 690 905 tollitur,
747 841 933 910 praeda
989 842 1313 897 nominatur.
1370 841 1511 896 Vitia
1557 849 1736 895 autem
1840 838 2084 909 superbis
2111 847 2339 909 apparet
2371 856 2383 893 :
2419 839 2543 909 quia
2564 855 2684 894 cum
2741 847 2979 910 apertam
3038 838 3199 909 culpa
3255 841 3435 896 celare

174 930 324 985 carnis
352 937 401 983 et
429 928 648 995 animae,
679 928 801 1000 quia
830 927 1051 984 diabolo
1076 937 1399 1001 suggerente
1436 945 1739 1001 propagan-
1847 942 1953 981 non
1984 935 2228 997 possunt,
2251 935 2559 997 permutare
2587 927 2932 984 autminuere
2960 935 3238 983 conantur.
3271 925 3437 997 Quasi

174 1026 258 1085 tur,
286 1022 395 1087 ejus
422 1016 566 1071 velut
594 1018 878 1086 proprium
919 1025 1061 1071 sunt.
1090 1016 1346 1087 Quisquis
1383 1034 1517 1090 ergo
1569 1017 1623 1071 in
1679 1032 1738 1072 se
1842 1014 1983 1071 dicat
2012 1032 2024 1068 ε
2051 1015 2112 1069 Et
2130 1017 2176 1069 si
2194 1015 2411 1086 judicas
2431 1023 2648 1087 apertas
2667 1016 2862 1088 culpas
2878 1017 3079 1088 operis,
3110 1015 3441 1072 attendenda

173 1123 325 1176 nuper
351 1106 627 1173 remissus,
656 1122 798 1161 nunc
828 1114 1007 1161 autem
1037 1106 1303 1162 violentus
1331 1106 1460 1161 vitia
1490 1105 1735 1168 destruit,
1844 1111 1923 1157 est
1951 1102 2165 1159 occulta
2192 1102 2506 1174 simplicitas
2534 1103 2868 1160 intentionis.
2900 1104 3068 1176 Culpa
3093 1104 3311 1177 quidem
3344 1121 3436 1163 es-

174 1196 386 1265 prtedam
417 1195 546 1247 facit
569 1212 582 1256 ;
604 1193 728 1263 quia
759 1210 880 1265 qum
903 1193 1087 1249 aliena
1117 1202 1258 1258 sunt,
1290 1202 1539 1264 potenter
1572 1193 1734 1263 rapit.
1843 1199 1921 1247 set
1953 1191 2023 1247 de
2042 1192 2295 1247 Amalech
2325 1191 2529 1264 aliquid
2560 1191 2768 1261 afferre,
2802 1192 2902 1248 nisi
2932 1193 3092 1248 allata
3124 1194 3239 1249 Deo
3270 1193 3443 1250 debe-

175 1284 228 1337 Et
251 1282 554 1347 notandum,
592 1281 717 1353 quia
746 1282 957 1338 ccedere
978 1291 1031 1337 et
1059 1282 1248 1355 prwda
1280 1282 1492 1347 dicitur,
1532 1288 1591 1336 ut
1635 1281 1740 1335 alia
1844 1286 1963 1335 rent
1991 1279 2281 1335 immolari.
2317 1279 2431 1335 Hoc
2457 1280 2679 1351 quidem
2712 1297 2859 1351 saepe
2888 1281 2944 1335 iu
2976 1282 3319 1337 monasteriis
3348 1299 3445 1339 ac-

176 1378 355 1425 mortua
381 1371 590 1438 relicta,
623 1370 730 1424 alia
761 1371 883 1425 viva
913 1369 1094 1425 delata
1122 1387 1239 1426 esse
1275 1371 1551 1427 doceatur.
1613 1369 1739 1423 Cee-
1845 1367 1995 1435 cidit,
2028 1384 2174 1434 cum,
2198 1368 2421 1439 quisque
2438 1368 2595 1423 nimis
2617 1369 2904 1439 religiosus
2931 1369 3179 1425 subditus
3200 1370 3448 1444 spiritua-

173 1459 346 1514 duntur
371 1458 596 1531 quidem
619 1458 1015 1515 oblectamenta
1042 1459 1297 1526 libidinis,
1345 1459 1562 1531 quando
1625 1458 1739 1513 vir-
1844 1454 1976 1509 lium
2006 1455 2609 1527 praelatorumitnperiis
2653 1457 2884 1525 adjicere
2932 1459 3257 1529 praesumit;
3316 1476 3445 1517 cum

174 1556 265 1603 tute
288 1564 534 1618 supernas
561 1547 873 1602 intentionis
899 1547 1241 1617 depelluntur
1267 1564 1297 1601 a
1317 1563 1381 1603 eo
1412 1548 1501 1615 de,
1533 1555 1587 1603 et
1614 1562 1741 1604 con-
1844 1543 2150 1614 regularem
2180 1559 2521 1600 communem
2547 1546 2713 1601 vitam
2744 1545 2990 1617 despicit,
3023 1556 3076 1603 et
3105 1547 3342 1620 propriae
3364 1566 3447 1606 se-

176 1635 356 1691 ιτίιίοηε
381 1636 612 1707 spiritus
650 1634 957 1691 reciduntur
984 1651 1013 1689 ε
1046 1651 1299 1704 corpore,
1335 1636 1442 1691 sed
1498 1637 1623 1691 vim
1672 1636 1743 1690 ad
1847 1631 2028 1702 quitur
2055 1631 2342 1686 arbitrium
2369 1632 2843 1689 voluntatis.Dum
2874 1636 3021 1691 enim
3048 1636 3334 1692 meliorare
3358 1637 3445 1694 vi-

174 1724 1742 1793 immolandumdeducuntur;quiaetsieonversationepec-
1847 1725 1957 1772 tam
1980 1717 2233 1790 eligendo
2264 1734 2427 1790 quam
2486 1719 2796 1776 obediendo
2853 1721 3059 1790 nititur,
3118 1722 3246 1794 quid
3303 1723 3446 1779 aliud

174 1813 359 1879 caloris,
390 1813 573 1867 cunis
593 1820 684 1867 aut
706 1812 902 1867 mentis
940 1811 1398 1867 delectamentum
1458 1812 1741 1882 deseritur,
1850 1821 2009 1875 quam
2042 1814 2283 1876 apertam
2314 1805 2747 1863 inobedientiam
2772 1808 3068 1866 intentione
3096 1809 3306 1867 virtutis
3346 1827 3449 1869 co-

174 1915 306 1969 piens
330 1901 624 1970 praeteritae
666 1899 1035 1955 delectationis
1088 1900 1306 1969 penitus
1353 1915 1463 1955 non
1511 1900 1741 1957 deletur.
1774 1924 1828 1983 Β
1852 1895 2031 1983 lorare
2058 1902 2401 1983 monstratur
2428 1894 2457 1947 ‘I
2480 1894 2654 1964 Quem
2675 1896 2920 1967 profecto
2935 1899 3114 1954 locum
3130 1914 3238 1955 non
3273 1900 3448 1957 solum

176 1988 427 2043 (laedantur
460 2004 602 2060 ergo
630 1989 780 2053 vitia,
807 1989 969 2057 359
1001 1988 1256 2058 primitim
1287 1987 1426 2042 viva:
1453 1988 1523 2043 ad
1546 1988 1745 2045 immo-

177 2077 364 2130 landum
392 2076 714 2131 nullatenus
744 2084 1056 2131 serventur:
1089 2084 1147 2130 ut
1176 2076 1265 2145 qui
1288 2076 1396 2130 vim
1437 2078 1644 2146 peccati
1694 2078 1751 2133 in

180 2172 506 2234 contemptum
540 2164 957 2219 oblectationum
990 2172 1236 2234 potenter
1281 2164 1519 2235 perimit,
1568 2165 1751 2222 vivere

182 2251 265 2305 sibi
296 2252 358 2307 ad
397 2251 793 2306 immolandum
855 2251 1041 2305 timeat
1086 2267 1305 2321 pinnam
1356 2252 1746 2308 delectationis.

182 2339 401 2396 Primitiae
428 2355 573 2412 ergo
599 2354 873 2395 caesorum
907 2339 1035 2410 quid
1060 2347 1202 2406 sunt,
1235 2339 1335 2394 nisi
1364 2340 1750 2398 delectationes

184 2429 529 2496 peccaminum
554 2429 582 2481 7
614 2429 723 2482 Has
753 2428 970 2498 quidem
995 2427 1192 2484 offerre
1210 2428 1422 2495 dicitur,
1448 2429 1537 2499 qui
1570 2445 1748 2484 coram

1855 1981 2090 2051 subdidi,
2124 1983 2221 2038 sed
2251 1982 2410 2037 etiam
2441 1984 2647 2054 praelati
2677 1986 2878 2041 intueri
2906 1987 3180 2043 subtiliter
3218 1987 3441 2046 debent.

1857 2071 2101 2140 Subjecti
2132 2070 2350 2141 quidem
2380 2079 2566 2128 notare
2587 2073 2858 2128 subtiliter
2876 2075 3075 2130 debent
3107 2091 3120 2131 :
3145 2077 3274 2147 quia
3296 2094 3365 2133 ex
3384 2093 3451 2134 eo

1857 2159 1986 2215 Saul
2020 2159 2131 2216 Deo
2179 2159 2471 2230 displicuit,
2530 2160 2674 2231 quod
2722 2161 3009 2219 immolare
3062 2173 3267 2234 praeter
3317 2182 3450 2238 pro—

1856 2248 2036 2319 pheta:
2067 2258 2401 2319 praeceptum
2433 2249 2682 2305 tentavit.
2708 2249 2991 2307 Subtiliter
3008 2257 3197 2308 notent
3215 2254 3449 2324 prtelati,

1859 2336 1986 2408 quia
2014 2336 2341 2392 demoliendi
2371 2337 2628 2394 Amalech
2659 2339 2917 2410 propheta
2948 2340 3069 2413 regi
3120 2351 3453 2413 pmceptum

1858 2422 2023 2477 dedit.
2057 2422 2149 2479 Sic
2171 2423 2317 2480 enim
2347 2423 2509 2480 debet
2528 2424 2725 2481 doctor
2752 2424 2974 2482 laudare
3003 2429 3332 2496 communia,
3388 2433 3453 2487 ut

1858 2510 2195 2583 singularum
2224 2511 2444 2583 propria
2473 2528 2581 2569 non
2599 2518 2938 2570 contemnat.
2958 2513 3061 2571 Illa
3077 2516 3294 2588 quidem
3311 2533 3457 2574 com-

1857 2599 2036 2653 munis
2063 2599 2175 2654 vita
2203 2599 2472 2666 laudatur,
2505 2617 2626 2672 quae
2646 2605 2814 2672 360
2844 2603 3108 2660 charitate
3163 2605 3460 2679 conjungi-

1858 2695 1959 2750 tur,
1980 2687 2125 2742 vitiis
2149 2688 2522 2744 mediantibus
2552 2706 2659 2745 non
2683 2690 2937 2747 fuscatur.
2961 2693 3202 2764 Apostoli
3238 2693 3457 2767 quidem

185 2515 278 2571 Deo
301 2515 671 2572 sacerdotibus
696 2514 999 2571 conﬁtetur.
1029 2516 1099 2571 Et
1138 2516 1320 2571 oblata
1376 2517 1746 2585 immolantur,

183 2604 366 2674 quando
376 2620 570 2661 eorum
591 2619 754 2673 paena
773 2603 1082 2674 paenitendo
1098 2604 1407 2659 destruitur.
1423 2604 1585 2673 Quasi
1606 2605 1748 2661 enim

182 2692 225 2744 in
249 2692 477 2761 primitiis
496 2708 650 2748 caesa
692 2691 1002 2758 otleruntur,
1054 2700 1109 2747 et
1162 2708 1261 2763 per
1305 2693 1606 2762 posteriora
1660 2695 1748 2748 vi-

182 2790 324 2835 vunt:
355 2781 579 2852 quando
603 2780 804 2851 aliquis
835 2788 1060 2850 peccata
1098 2780 1403 2844 confitetur,
1452 2789 1508 2837 et
1560 2782 1750 2837 immo-

181 2868 289 2935 lare,
306 2871 404 2925 hoc
429 2879 512 2925 est
542 2885 730 2925 coram
762 2870 878 2924 Deo
904 2877 1157 2932 mactare,
1190 2870 1505 2939 pcenitendo
1540 2886 1648 2925 non
1678 2871 1753 2926 ni-

182 2955 299 3010 titur.
321 2959 453 3013 Dnm
482 2974 629 3028 ergo
650 2972 915 3013 caesorum
944 2958 1194 3029 primitiae
1232 2957 1493 3013 reservari
1524 2960 1591 3014 ad
1640 2959 1748 3014 im-

180 3046 457 3101 molandum
489 3046 766 3113 dicuntur,
799 3045 1159 3115 quorumdam
1196 3062 1349 3101 error
1401 3047 1751 3103 confunditur

183 3134 255 3202 qui
280 3145 491 3204 peccata
524 3135 803 3198 deserunt,
824 3145 1115 3189 nectamen
1138 3134 1421 3205 plangunt.
1442 3135 1581 3203 Quia
1617 3151 1750 3207 ergo

181 3236 267 3275 non
290 3224 452 3278 solum
483 3222 797 3278 confitenda
828 3230 951 3277 sunt
978 3231 1218 3293 peccata,
1250 3222 1344 3276 sed
1377 3224 1537 3278 etiam
1569 3224 1747 3293 potni—

182 3310 330 3365 tentia:
356 3312 670 3366 austeritate
699 3310 950 3373 delenda,
991 3310 1120 3365 dum
1164 3309 1291 3365 boni
1331 3310 1567 3367 doctoris
1624 3311 1749 3365 Saul

185 3403 336 3465 typum
364 3398 609 3462 simulat,
662 3397 937 3467 subjectos
990 3414 1121 3453 suos
1176 3413 1441 3453 caesorum
1481 3399 1750 3470 primitias

184 3485 510 3541 immolandas
544 3486 733 3540 tulisse
770 3494 1067 3542 asseverat.
1126 3484 1263 3554 Quia
1320 3486 1482 3541 etiam
1538 3488 1750 3542 ratione

186 3572 539 3644 scripturarum
565 3574 762 3628 modus
801 3573 1129 3644 paenitentiae
1149 3573 1525 3629 decernendus
1551 3584 1651 3641 est,
1691 3576 1746 3630 in

188 3658 395 3731 Galgalis
418 3662 679 3733 primitiae
705 3661 1050 3716 immolanda!
1073 3662 1427 3717 deducuntur.
1452 3664 1626 3719 Bovrs
1646 3680 1749 3719 au-

186 3755 271 3802 tem
292 3766 387 3806 non
414 3753 618 3815 solum,
651 3750 749 3804 sed
768 3758 821 3803 et
850 3765 979 3804 oves
1007 3750 1074 3804 ad
1106 3751 1497 3805 immolandum
1528 3768 1751 3807 servan-

187 3843 253 3889 tur
269 3857 279 3891 :
298 3840 448 3909 utqui
463 3840 616 3895 circa
629 3837 853 3893 salutem
870 3854 1024 3893 suam
1043 3839 1266 3895 solliciti
1279 3848 1421 3904 sunt,
1461 3840 1540 3895 sic
1566 3840 1751 3895 delere

184 3926 450 3990 ptruitendo
479 3942 686 3997 magna
707 3928 980 3993 studeant,
1012 3927 1293 3981 utminora
1324 3927 1588 3999 plangere
1642 3943 1750 3984 non

185 4015 412 4068 amittant.
434 4016 514 4071 De
544 4015 796 4084 superbis
825 4023 1001 4070 autem
1037 4015 1377 4071 manifestum
1429 4024 1507 4071 est
1540 4034 1551 4069 :
1600 4016 1748 4086 quia,

188 4112 281 4153 cum
307 4118 515 4172 semper
544 4102 736 4175 magni
766 4102 934 4157 videri
966 4111 1240 4173 appetant,
1283 4104 1455 4158 notari
1491 4112 1749 4174 peccato-

186 4202 254 4241 res
276 4192 612 4247 erubescunt.
653 4192 986 4256 Deprehensi
1017 4193 1180 4246 etiam
1211 4191 1487 4260 resistunt,
1506 4201 1555 4247 et
1580 4195 1633 4247 in
1664 4193 1749 4248 his

190 4276 319 4331 etiam
342 4280 464 4349 justi
483 4294 752 4350 apparere
783 4279 1019 4349 sapiunt,
1070 4296 1192 4349 quae
1235 4289 1419 4352 agunt.
1469 4279 1609 4349 Quid
1668 4295 1748 4343 est

186 4377 307 4435 ergo,
326 4368 463 4437 quod
494 4368 601 4422 ait:
634 4366 754 4422 Ima
770 4367 965 4423 audivi
992 4384 1177 4423 vocem
1197 4370 1423 4424 Domini
1464 4369 1494 4421 ?
1533 4368 1749 4424 Samuel

185 4460 329 4507 autem
356 4457 482 4511 dicit
504 4457 669 4512 :Sine
682 4472 792 4523 me,
816 4460 872 4511 et
904 4456 1165 4513 indicabo
1188 4457 1309 4523 tibi,
1341 4457 1475 4527 quid
1525 4458 1746 4513 locutus

182 4541 239 4594 sit
257 4543 383 4598 mihi
410 4546 681 4600 Dominus
690 4549 873 4609 nocte,
888 4545 956 4599 Et
973 4553 1093 4613 post
1117 4560 1314 4614 pauca:
1343 4546 1523 4615 Quare
1556 4562 1746 4602 versus

1856 2775 2116 2830 sententia
2128 2783 2227 2831 est:
2237 2776 2377 2844 Quia
2390 2779 2772 2851 unusquisque
2784 2781 3287 2853 prapriumdonum
3299 2784 3455 2841 habet

1856 2880 1891 2918 a
1925 2863 2049 2929 Deo,
2081 2880 2232 2920 unus
2248 2865 2472 2937 quidem
2492 2867 2767 2935 sic,aliud
2789 2883 2913 2923 vero
2932 2870 3013 2925 sic
3026 2870 3075 2935 (I
3090 2870 3216 2926 Cor.
3246 2888 3340 2940 vn,
3376 2874 3451 2942 7).

1857 2949 2100 3019 Quorum
2130 2968 2263 3025 ergo
2294 2953 2398 3007 cibi
2429 2961 2482 3009 et
2512 2970 2699 3010 mensa
2728 2970 3048 3012 communes
3075 2966 3217 3027 sunt,
3250 2959 3451 3016 debent

1858 3039 2138 3094 attendere
2158 3056 2267 3097 non
2296 3041 2467 3096 solum
2515 3057 2803 3099 commune
2854 3044 3058 3100 bonum
3116 3046 3450 3121 refectionis,

1857 3128 1951 3182 sed
1984 3127 2366 3198 proprietatem
2392 3131 2696 3200 passionis:
2723 3141 2780 3187 ut
2798 3134 3000 3204 pariter
3017 3135 3327 3202 comedent,
3351 3139 3453 3195 sed

1857 3224 2044 3271 contra
2072 3216 2445 3274 fornicationis
2475 3219 2722 3276 stimulos
2767 3230 2975 3278 certare
3031 3239 3128 3295 per
3167 3224 3453 3282 abstinen-

1778 3272 1828 3335 Ο
1859 3303 1990 3358 tiam
2021 3304 2220 3373 pariter
2245 3321 2353 3361 non
2382 3308 2726 3363 contendant.
2748 3309 2878 3379 Ejus
2900 3272 3191 3368 verorcaro
3207 3314 3445 3380 ampulis

1859 3391 2132 3446 domanda
2162 3400 2259 3458 est,
2292 3393 2377 3448 cui
2405 3396 2585 3450 carnis
2612 3395 2862 3452 stimulus
2891 3398 3068 3471 magis
3097 3399 3323 3456 infestus
3342 3410 3448 3458 est.

1856 3480 1975 3534 Jam
1996 3495 2130 3552 ergo
2160 3497 2267 3536 non
2295 3482 2533 3538 excitare
2554 3485 2858 3541 communis
2888 3495 2964 3541 est
2993 3486 3123 3553 vita.
3163 3488 3255 3544 ubi
3298 3505 3448 3547 com-

1857 3569 2090 3623 munitas
2117 3568 2423 3625 refectionis
2449 3573 2759 3640 attenditur,
2778 3575 2874 3630 sed
2892 3580 3085 3631 contra
3123 3577 3453 3651 singularem

1857 3673 2097 3729 pugnam
2127 3673 2375 3730 pugnare
2395 3658 2741 3731 singulariter
2762 3663 3093 3732 perhibetur.
3118 3666 3234 3721 Nec
3254 3667 3451 3724 doctor

1859 3744 1997 3800 bene
2025 3747 2292 3815 praecipit,
2325 3747 2373 3802 si
2401 3762 2507 3804 non
2536 3750 2795 3820 praecipit,
2824 3751 2968 3807 unde
2997 3751 3260 3810 Amalech
3315 3772 3449 3826 per-

1856 3834 2075 3898 cutitur,
2114 3835 2211 3889 sed
2240 3835 2381 3890 unde
2418 3837 2570 3890 vivit.
2604 3838 2883 3907 Przecipiat
2912 3856 3045 3912 ergo
3076 3841 3287 3912 doctor,
3340 3845 3439 3901 sed

1859 3929 1917 3975 ut
1949 3919 2325 3977 fornicationis
2354 3923 2577 3992 spiritus
2607 3928 3035 3994 superetur.Non
3068 3929 3297 3987 obedire
3325 3931 3454 3987 sub—

1852 4005 1981 4073 jecti
2011 4006 2302 4078 refugiant,
2335 4008 2430 4063 sed
2462 4009 2550 4062 ubi
2581 4010 2856 4079 superbire
2888 4013 3095 4070 crimen
3146 4016 3440 4074 incurritur

1856 4110 1965 4149 non
1984 4095 2129 4149 unde
2172 4095 2443 4150 baratrum
2500 4099 2695 4152 mortis
2716 4098 3004 4157 devitatur.
3063 4103 3447 4162 lnobedientes

1857 4189 2036 4238 autem
2055 4182 2181 4236 dum
2204 4184 2425 4239 tumenti
2445 4185 2606 4240 corde
2626 4186 2898 4256 majorum
2912 4189 3079 4259 jussa
3098 4207 3207 4246 non
3237 4191 3448 4249 faciunt

1857 4285 1980 4327 cum
1997 4272 2280 4327 meliorare
2299 4273 2441 4345 quod
2453 4273 2532 4329 eis
2548 4273 2848 4344 injungitur
2859 4285 3140 4344 conantur,
3159 4296 3253 4335 sua
3275 4296 3446 4351 opera

1856 4360 1967 4414 Dea
1997 4360 2169 4416 offere
2197 4360 2325 4415 dum
2355 4362 2598 4432 cupiunt,
2657 4367 2977 4435 semetipsos
3029 4367 3241 4423 tollunt.
3302 4369 3445 4425 Nam

1854 4463 1955 4517 per
1973 4448 2106 4503 alias
2126 4449 2349 4504 virtutes
2365 4458 2551 4506 nostra
2571 4451 2620 4506 ei
2641 4451 3021 4523 impendimus,
3041 4471 3138 4526 per
3173 4455 3445 4514 obedien-

1857 4535 1984 4589 tiam
2016 4537 2371 4609 nosmetipsos
2401 4539 2737 4595 exhibemus.
2772 4542 2997 4599 Samuel
3055 4558 3187 4619 ergo
3213 4545 3446 4616 subjun-

183 4629 1064 4705 adpmdames,etfecistimalum
1081 4634 1459 4689 coramoculis
1475 4634 1741 4689 Domini?
1772 4623 1825 4683 D
1856 4639 2012 4695 gens.
2037 4624 2115 4679 ait
2146 4642 2157 4679 :

184 4714 300 4773 Patet
323 4736 471 4793 ergo,
502 4737 667 4791 quam
715 4720 1033 4776 mirabiliter
1087 4729 1308 4786 tumeat,
1368 4720 1459 4792 qui
1501 4729 1629 4777 tunc
1682 4738 1741 4778 se

180 4801 431 4867 iustiﬁcata
447 4809 681 4880 appetit,
698 4809 914 4880 quando
945 4808 1237 4863 Dominum
1260 4824 1318 4865 se
1338 4808 1740 4880 reprehendere

185 4889 238 4946 de
261 4907 464 4964 peccato
494 4895 853 4969 recognOScit.

235 4983 309 5036 Ἃ.
339 4985 395 5039 Si
425 5001 557 5041 vero
585 4985 792 5041 idcirco
819 4984 895 5040 sic
923 4985 1273 5055 respondisse
1310 4984 1566 5051 creditur,
1613 4983 1741 5057 quia

190 5068 318 5124 verba
341 5076 606 5144 prophtas,
662 5089 769 5128 non
828 5074 1044 5128 Domini
1098 5089 1216 5129 esse
1271 5074 1580 5142 crediderit,
1642 5074 1737 5128 sed

189 5158 416 5226 Propheta:
440 5160 694 5217 videmus
713 5162 889 5217 adhuc
925 5161 1227 5217 imitatores
1275 5160 1422 5230 Saul,
1472 5161 1561 5232 qui
1608 5161 1737 5217 dum

190 5238 230 5292 in
250 5249 442 5318 propria
460 5250 762 5305 eruditione
791 5249 1089 5318 conﬁdunt,
1113 5249 1376 5320 majorem
1415 5250 1576 5320 jussa
1618 5266 1739 5320 quae

1917 4729 2096 4799 (Vers.
2128 4729 2245 4802 22.)
2273 4733 2536 4807 Nunquid
2556 4736 2678 4792 vult
2699 4737 2845 4794 Deus
2863 4737 3191 4797 holocausta
3207 4744 3264 4799 et
3288 4743 3449 4802 victi-

1843 4832 1987 4882 mas,
2011 4822 2069 4873 et
2096 4835 2211 4875 non
2233 4823 2418 4889 potius
2435 4823 2809 4881 utobediatur
2838 4829 2957 4883 voci
2987 4828 3220 4886 Domini
3249 4830 3281 4883 ?

1918 4907 2006 4960 22.
2039 4906 2167 4977 quid
2190 4908 2332 4963 enim
2351 4917 2473 4965 sunt
2498 4911 2643 4967 bona
2659 4913 2955 4970 electorum
2972 4916 3253 4972 hominum
3297 4933 3439 4989 ope-

1847 5006 1925 5060 ra,
1957 4992 2060 5047 nisi
2090 4993 2323 5051 victimte
2340 5004 2394 5053 et
2414 4998 2725 5055 holocausta
2749 5002 2778 5054 7
2799 5002 2934 5058 Cum
2955 5018 3090 5075 ergo
3107 5002 3431 5063 holocausta

1848 5088 1899 5135 et
1927 5081 2182 5137 victimas
2212 5100 2308 5153 per
2334 5085 2508 5158 legem
2549 5087 2713 5143 offeri
2759 5089 3019 5146 Dominus
3065 5092 3433 5163 praecepisset,

1848 5168 1975 5239 quid
2007 5177 2105 5233 est,
2141 5172 2287 5240 quod
2316 5172 2580 5249 Dominus
2594 5175 2912 5233 holocausta
2931 5185 2982 5232 et
2998 5176 3245 5234 victimas
3283 5180 3436 5236 nolle

1841 5255 2052 5327 dicitur,
2083 5256 2225 5316 velle
2252 5268 2427 5316 autem
2461 5270 2515 5317 ut
2550 5262 2597 5318 ei
2634 5262 2920 5319 obediatur
2964 5264 3274 5335 pollicetur,
3335 5267 3438 5323 nisi

1835 5345 1961 5414 quia
1991 5363 2111 5417 quae
2133 5357 2326 5419 praeter
2352 5350 2719 5405 obedientiam
2752 5349 2902 5418 ﬁunt,
2928 5351 3243 5410 holocausta
3262 5360 3317 5411 et
3338 5356 3445 5414 vic-

1832 5432 1982 5488 timaa
2017 5449 2125 5489 non
2155 5436 2329 5492 sunt?
2359 5436 2528 5506 Quasi
2560 5438 2705 5493 dicat
2739 5456 2753 5494 :
2786 5439 2937 5496 Tunc
2974 5440 3116 5496 bona
3143 5452 3267 5498 sunt
3294 5443 3443 5503 bona

1835 5536 2021 5591 opera,
2057 5524 2271 5593 quando
2293 5541 2324 5579 a
2352 5526 2766 5596 praepositorum
2785 5528 3111 5584 conscientia
3144 5546 3253 5586 non
3311 5533 3434 5589 dis-

1836 5610 2085 5667 cordant.
2117 5610 2173 5666 Si
2203 5625 2333 5681 vero
2364 5614 2466 5668 hoc
2491 5613 2616 5669 ideo
2637 5614 2832 5671 dicitur
2850 5617 3094 5674 utvirtus
3110 5619 3436 5680 obedientite

1834 5698 2263 5771 commendetur,
2287 5699 2457 5773 liquet
2474 5716 2638 5775 quam
2668 5702 2915 5764 sublitum
2943 5705 3146 5764 bonum
3175 5706 3261 5779 sit,
3285 5710 3432 5785 quod

188 5331 381 5405 audiunt,
409 5346 465 5393 et
507 5354 609 5409 per
649 5346 913 5394 tumorem
960 5338 1282 5411 despiciunt,
1341 5346 1395 5393 et
1450 5339 1738 5394 meliorare

191 5426 505 5482 Mutando
523 5427 767 5482 credunt.
788 5426 929 5496 Quid
959 5435 1042 5483 est
1060 5442 1214 5500 ergo,
1243 5426 1387 5497 quod
1419 5426 1551 5482 dicit
1583 5445 1597 5481 :
1623 5428 1735 5484 [mo

187 5509 334 5568 “divi
346 5530 525 5572 vocem
538 5515 756 5572 Domini
762 5525 837 5584 ,et
851 5515 1070 5572 adduxi
1085 5520 1229 5588 Agag
1240 5530 1427 5588 regem
1442 5515 1739 5572 Amalech?

190 5589 268 5648 Sed
292 5601 383 5657 tale
408 5611 505 5668 est,
534 5619 597 5659 ac
623 5604 669 5659 si
699 5605 845 5661 dicat
875 5619 889 5659 :
947 5605 1016 5660 Et
1058 5605 1201 5677 quod
1230 5612 1557 5674 praeceptum
1614 5603 1735 5672 fuit,

193 5683 374 5754 implere
400 5693 602 5763 studui,
632 5701 686 5749 et
710 5693 856 5767 quod
876 5692 1054 5751 minus
1080 5701 1197 5752 erat
1221 5691 1499 5767 supplevi.
1548 5694 1738 5768 Agen-
