3996 6164
504 304 602 359 431

1716 286 1962 350 SANCTI
2002 282 2351 345 GREGORII
2387 284 2613 342 MAGNI

3676 283 3767 343 £32

503 425 740 484 victimis
754 431 807 499 et
825 420 1103 480 sacriﬁciis
1122 420 1358 480 excellit.
1378 420 1520 492 Quid
1555 428 1608 476 et
1624 435 1778 493 ergo,
1826 418 1970 488 quod
2015 417 2104 471 di-
2135 417 2188 476 Α
2220 414 2488 485 prOpriam
2509 413 2835 468 voluntatem
2864 409 3056 465 aliena
3085 424 3304 480 semper
3338 409 3576 465 voluntati
3615 412 3765 479 subji-

502 517 664 582 citur,
696 516 819 570 vult
842 519 905 569 ut
924 514 1217 569 obediatur
1239 514 1356 567 uoci
1378 510 1619 574 Domini,
1646 509 1756 563 nisi
1772 509 1901 578 quia
1921 505 2105 562 omnia

502 605 650 660 bona
678 619 842 674 opera
875 602 1251 673 postponenda
1280 608 1399 655 sunt
1430 600 1511 653 his
1541 597 1697 654 bonis
1726 612 1847 667 quae
1896 595 2105 665 juben-

503 701 589 749 tur
607 692 788 747 ‘lNam
810 708 932 746 cum
961 691 1101 746 bene
1121 688 1525 760 pi-aalatjubent
1557 686 1707 741 bona
1735 701 1856 756 quae
1902 700 1970 739 ex
2025 700 2109 737 ar-

513 780 683 837 bitrio
712 779 944 850 subjecti
976 779 1198 850 eligunt,
1234 777 1582 849 praelatorum
1610 774 1850 845 imperiis
1876 781 2108 843 postpo-

515 878 732 926 nuntur.
765 870 895 939 Ipsa
923 882 1057 923 vero
1088 883 1258 937 opera
1288 866 1394 920 illis
1421 862 1747 935 postposita,
1796 863 2113 918 holocausta

505 968 562 1017 et
591 958 826 1013 victimae
851 955 1215 1023 nominantur,
1238 959 1416 1009 utnon
1452 952 1624 1009 solum
1669 951 1967 1007 sentiantur
2006 967 2114 1006 non

506 1062 622 1103 esse
651 1045 981 1102 conterenda
1010 1043 1270 1113 majorem
1305 1042 1548 1113 imperiis
1590 1042 1863 1096 minorum
1920 1055 2111 1111 parva,

506 1136 607 1192 sed
636 1135 875 1190 maxima
903 1134 1222 1190 holocausta
1251 1133 1467 1202 quidem
1498 1147 1682 1186 eorum
1712 1138 1855 1197 sunt,
1905 1131 1999 1200 qui
2055 1145 2116 1184 es

512 1225 734 1281 omnino
765 1223 1082 1278 subtrahere
1120 1222 1301 1276 volunt
1329 1237 1361 1275 a
1387 1220 1608 1291 publico
1629 1235 1819 1289 opere,
1842 1227 1900 1273 ut
1929 1219 2043 1273 Deo
2059 1233 2118 1272 se

509 1306 651 1368 totos
679 1328 778 1382 per
808 1325 1046 1366 amorem
1079 1307 1391 1364 combustos
1421 1306 1648 1362 oﬂ‘erant
1677 1306 1730 1359 in
1761 1314 1970 1362 secreto
1991 1321 2118 1360 con-

513 1394 904 1471 temptationis.
928 1397 1173 1453 Victima;
1204 1406 1329 1451 sunt
1356 1411 1541 1452 corum
1560 1395 1650 1466 qui
1683 1410 1740 1449 se
1770 1410 1801 1448 a
1849 1394 2120 1449 communi

513 1480 736 1562 publico
767 1502 1112 1559 nequaquam
1170 1494 1452 1556 separant,
1485 1484 1578 1539 sed
1614 1483 1870 1555 singulari
1928 1484 2122 1537 virtute

520 1588 709 1651 agunt,
745 1584 803 1633 ut
828 1577 1052 1633 virtutes
1081 1575 1315 1629 aliorum
1362 1572 1660 1627 districtius
1699 1571 1933 1626 vivendo
1970 1579 2123 1625 tran—

515 1664 795 1724 SCendant.
838 1666 967 1720 Haec
997 1665 1241 1735 quidem,
1274 1669 1327 1716 et
1353 1661 1668 1732 hujusmodi
1691 1676 1818 1716 cum
1855 1661 2121 1715 honorum

2207 518 2328 559 cere
2360 518 2520 573 quam
2553 501 2766 572 magnis
2797 499 3020 568 jrjuniis
3067 515 3263 570 corpus
3291 506 3527 564 atterere,
3556 508 3639 554 aut
3687 517 3770 571 per

2205 589 2672 657 compunctionem
2702 589 2835 644 sein
2889 587 3172 644 secretiori
3237 587 3493 643 sacriﬁcio
3545 598 3768 645 mactare.

2209 680 2351 749 Quid
2385 689 2466 735 est
2485 680 2627 735 enim
2655 678 2824 748 adeps
2850 677 3081 732 arietum
3124 675 3228 731 nisi
3259 676 3466 748 pinguis
3493 685 3543 731 et
3590 677 3776 733 interna

2210 769 2427 825 devotio
2456 766 2749 823 electoris‘?
2790 766 2999 836 Alipem
3055 781 3186 838 ergo
3235 764 3457 819 arietum
3493 765 3661 833 offert,
3698 780 3778 837 qui

2210 859 2267 913 in
2286 858 2467 913 studio
2499 864 2723 912 secretae
2741 854 3168 912 conversationis
3196 853 3408 908 devotae
3434 854 3680 908 orationis
3703 856 3779 908 af-

2217 949 2410 1001 fectum
2433 944 2611 1001 habet.
2624 946 2812 1001 Melior
2831 948 2915 1000 est
2938 947 3130 999 tamen
3142 941 3458 998 obedientia
3475 958 3632 1013 quam
3644 943 3785 998 uicti-

2215 1039 2405 1097 maz.et
2419 1052 2583 1107 quam
2599 1034 2800 1104 offerre
2811 1034 3032 1104 adipem
3048 1028 3408 1098 arietum.Qu
3421 1029 3465 1084 ia
3477 1030 3562 1102 qui
3574 1030 3787 1100 perfecte

2217 1123 2918 1194 voluntatumprzeceptoris
2946 1120 3028 1174 sui
3046 1120 3275 1191 implere
3305 1118 3507 1187 didicit,
3527 1120 3575 1172 in
3604 1116 3788 1174 caelesti

2219 1228 2409 1285 regno,
2453 1219 2505 1266 et
2566 1210 2959 1266 abstinentibus
3004 1217 3057 1264 et
3105 1208 3362 1263 ﬂentibus
3415 1206 3637 1262 excellit.
3697 1206 3790 1261 Ho-

2219 1301 2525 1370 certe,quia
2542 1308 2730 1355 contra
2758 1298 3160 1369 superbientem
3201 1305 3363 1366 atque
3401 1303 3574 1365 aperte
3598 1294 3790 1349 Domini

2221 1392 2477 1445 mandata
2506 1397 2965 1445 contemnentem
3006 1386 3157 1449 dicit,
3204 1401 3313 1441 non
3359 1384 3560 1440 confert
3610 1383 3791 1438 bonum

2222 1478 2369 1550 quod
2402 1477 2527 1531 fecit
2556 1476 2700 1531 bono
2714 1475 2859 1547 quod
2889 1474 3248 1543 contempsit;
3279 1473 3375 1528 sed
3414 1472 3539 1528 boni
3590 1471 3794 1526 simula-

2225 1567 2424 1623 tionem
2450 1566 2706 1626 destruit,
2740 1563 2980 1619 melioris
3002 1563 3128 1617 boni
3149 1570 3363 1617 ostensa
3392 1560 3623 1616 veritate.
3647 1558 3795 1629 Quasi

2224 1658 2371 1711 dicat
2404 1673 2416 1718 ;
2442 1655 2507 1709 Et
2535 1655 2577 1708 si
2608 1669 2707 1723 pro
2736 1649 3104 1707 excellentiori
3128 1650 3379 1705 virtutum
3413 1649 3579 1721 gloria
3632 1648 3797 1704 excel-

504 1766 771 1814 rectorum
802 1753 1159 1825 permissione
1175 1758 1429 1823 aguntur,
1459 1749 1696 1805 victimae
1718 1754 1773 1804 et
1796 1749 2111 1805 holocausta
2141 1763 2194 1822 Β
2224 1746 2339 1801 lens
2368 1745 2571 1800 bonum
2601 1741 2901 1812 quaerebas,
2933 1739 3140 1795 bonum
3172 1737 3514 1802 obedientiae,
3548 1735 3681 1807 quod
3709 1752 3797 1790 ex-

507 1839 649 1914 eunt,
669 1859 791 1916 quae
812 1843 957 1896 Deus
972 1840 1165 1912 probat
1190 1859 1201 1894 :
1230 1855 1348 1894 cum
1379 1854 1508 1893 vero
1525 1838 1601 1892 sic
1632 1836 1785 1906 fiunt,
1824 1847 1880 1892 ut
1908 1854 2008 1908 per
2048 1854 2114 1894 ea

512 1935 779 2002 majorem
810 1938 1081 2000 praecepta
1114 1928 1482 2000 negligantur,
1506 1926 1728 1981 audiant
1748 1927 1837 1997 qui
1860 1925 2110 1996 offerunt,

517 2022 651 2095 quid
681 2036 712 2075 a
743 2018 974 2073 Domino
1003 2017 1204 2071 missus
1234 2016 1301 2069 ad
1334 2014 1731 2069 inobedientem
1763 2030 1943 2087 regem
1980 2031 2113 2086 pro-

516 2112 686 2182 pheta
704 2107 959 2179 loquitur:
983 2104 1245 2176 Nunquid
1266 2105 1387 2159 vult
1412 2104 1555 2159 Deus
1578 2102 1902 2159 holocausta
1932 2108 1987 2158 et
2009 2106 2115 2160 vic-

516 2201 709 2263 timas,
733 2201 788 2251 et
802 2211 918 2250 non
932 2195 1119 2266 potius
1143 2197 1205 2247 ut
1222 2191 1514 2247 obediatur
1530 2195 1647 2248 voci
1662 2193 1889 2247 Domini
1907 2192 1938 2245 ?
1954 2191 2116 2260 Quasi

515 2284 669 2353 jussa
698 2290 913 2352 patrum
944 2279 1091 2334 velut
1123 2280 1334 2332 minora
1352 2277 1735 2344 despicientes,
1766 2285 1819 2331 et
1840 2294 1936 2330 sua
1960 2277 2113 2347 quasi

513 2372 725 2441 majora
755 2367 1071 2423 exhibentes
1101 2372 1299 2420 terreat
1329 2408 1343 2433 ,
1377 2364 1561 2418 dicens
1594 2381 1608 2417 :
1656 2364 1768 2419 lloc
1817 2364 1940 2434 quia
1989 2381 2112 2419 ma-

506 2474 675 2532 gnum
698 2472 859 2529 agere
888 2454 1108 2525 putatis,
1142 2469 1390 2523 parvum,
1417 2461 1467 2507 et
1489 2452 1762 2522 abjectum
1792 2453 2071 2520 despicitis
2095 2472 2108 2518 ;

508 2547 606 2602 sed
636 2545 678 2600 si
718 2554 901 2614 aperte
931 2541 1143 2608 cerniti,
1174 2557 1275 2610 per
1314 2542 1423 2595 hoc
1462 2541 1694 2596 Domino
1721 2556 1831 2597 non
1863 2542 2106 2611 placetis.

505 2629 649 2689 Bene
677 2640 880 2699 autem,
922 2629 1043 2684 ium
1074 2629 1431 2698 superborum
1456 2644 1593 2698 opus
1634 2629 1936 2697 discutitur,
1982 2645 2112 2700 pro—

506 2710 674 2793 pheta
703 2730 859 2774 acute
889 2718 1140 2788 exquirit,
1159 2717 1376 2773 dicens:
1397 2717 1677 2787 Nunquid
1696 2719 1816 2772 vult
1839 2718 1988 2773 Deus
2011 2718 2114 2775 ho-

507 2811 765 2869 locausta
785 2813 842 2865 et
870 2810 1152 2867 victimas.
1177 2811 1232 2862 et
1253 2821 1366 2861 non
1385 2808 1576 2878 potius
1599 2811 1661 2860 ut
1678 2805 1975 2863 nbediatur
1996 2810 2113 2864 voci

504 2898 779 2957 Domini?
799 2898 956 2967 Exqu
982 2896 1047 2949 rit
1076 2895 1366 2965 siquidem,
1397 2902 1453 2948 ut
1481 2894 1755 2964 superbiae
1787 2902 1965 2949 tumor
1985 2912 2113 2963 pas-

505 2986 662 3044 torali
691 2993 1003 3042 auctoritate
1035 2984 1277 3039 feriatur.
1294 2983 1436 3037 Dicit
1468 2983 1769 3054 :Nunquid
1803 2985 1922 3039 vult
1966 2986 2115 3039 Deus

508 3077 836 3133 holocausta
848 3078 902 3128 et
919 3073 1208 3128 uictimas?
1222 3070 1356 3139 Quia
1370 3070 1458 3141 qui
1474 3072 1625 3139 sequi
1641 3087 1778 3141 prop
1787 3087 1918 3126 riam
1933 3071 2117 3127 volun-

510 3174 618 3220 tem
652 3165 759 3231 36
783 3172 811 3229 ι
850 3160 1076 3232 eligunt,
1110 3161 1221 3215 Deo
1251 3159 1467 3229 placere
1492 3176 1549 3212 se
1578 3166 1771 3228 putant
1804 3179 1815 3213 :
1850 3159 1945 3214 sed
1978 3162 2121 3215 Deus

502 3268 692 3310 eorum
729 3265 899 3322 opera
928 3264 1051 3303 cum
1101 3263 1302 3320 magna
1331 3256 1384 3301 et
1433 3248 1670 3319 ingentia
1729 3258 1869 3311 sunt,
1919 3264 2120 3320 nequa-

510 3357 671 3414 quam
704 3339 919 3410 probat.
960 3336 1071 3392 Sed
1098 3336 1214 3405 jam
1270 3335 1463 3407 quibus
1521 3335 1764 3389 [auditus
1814 3336 2123 3391 obedientia

509 3428 856 3502 praedicanda
876 3425 947 3480 sit
973 3425 1269 3494 subjuuxit,
1303 3431 1464 3493 atque
1486 3423 1557 3477 ait
1591 3440 1604 3477 :

542 3516 548 3521 ’
581 3505 758 3588 (vers.
790 3517 904 3583 22.)
938 3514 1129 3570 Melior
1142 3517 1227 3567 est
1255 3512 1405 3567 enim
1426 3511 1744 3567 obedientia
1763 3527 1934 3584 quam
1960 3513 2125 3568 victi—

511 3610 702 3673 ma,”
713 3623 742 3659 α
753 3605 1042 3659 uscultare
1057 3603 1241 3673 magis
1261 3615 1428 3673 quam
1440 3600 1609 3669 offrre
1621 3600 1844 3670 adipem
1857 3604 2123 3657 arietum.

585 3699 674 3750 23.
709 3691 846 3760 Quia
878 3693 1020 3746 enim
1050 3690 1297 3756 superius
1323 3688 1394 3743 ait
1446 3706 1459 3742 :
1519 3689 1782 3760 Nunquid
1831 3692 1949 3745 uult
1976 3690 2128 3746 Deus

517 3784 843 3840 holocausta
872 3784 929 3835 et
957 3783 1215 3834 victimas
1238 3778 1268 3829 ?
1290 3777 1547 3844 Nunquid
1570 3786 1850 3847 utrumque
1872 3779 2130 3835 obedien-

524 3871 615 3928 πίω
663 3871 914 3925 laudibus
942 3867 1264 3937 subjiciens,
1317 3866 1445 3920 dum
1506 3865 1754 3921 victimas
1805 3878 1856 3921 et
1904 3872 2127 3921 arietum

515 3960 737 4031 adipem
784 3958 985 4028 posuit,
1036 3957 1090 4009 in
1143 3955 1308 4026 adipe
1364 3956 1730 4009 holocaustum
1789 3955 2057 4011 intellexit
2103 3956 2131 4009 ε)

518 4047 795 4120 Quidquid
825 4046 1019 4101 melius
1048 4052 1148 4114 est,
1172 4043 1318 4099 bono
1348 4042 1533 4114 utique
1566 4043 1764 4100 melius
1791 4052 1890 4099 est.
1925 4045 2019 4098 Illa
2041 4061 2133 4099 au-

517 4144 625 4194 tem
661 4136 972 4190 holocausta
1003 4142 1059 4187 et
1088 4134 1343 4201 victimae,
1377 4148 1510 4202 quas
1536 4147 1645 4187 non
1672 4132 1786 4186 vult
1809 4135 1969 4200 Deus,
1997 4134 2135 4188 bona

520 4228 747 4281 minime
777 4232 950 4279 sumt.
985 4220 1127 4291 Quid
1154 4229 1237 4276 est
1265 4236 1418 4292 ergo,
1439 4220 1582 4291 quod
1606 4223 1656 4273 in
1676 4220 2001 4276 obedienttae
2022 4221 2136 4275 lau-

521 4314 622 4372 des
640 4313 1055 4369 dicitur.Melior
1069 4315 1153 4365 est
1165 4310 1480 4365 obedientia
1496 4324 1664 4379 quam
1677 4310 2002 4375 victima,“
2017 4326 2139 4365 aus-

528 4404 931 4473 cultarequam
950 4400 1120 4469 oﬁ‘ere
1136 4397 1640 4469 adipemarietum,
1675 4396 1778 4449 nlSl
1834 4397 1960 4466 quia
2014 4405 2139 4450 tunc

2221 1834 2540 1893 cellentibus
2568 1832 2730 1886 etiam
2760 1829 2994 1896 excellit,
3027 1828 3228 1900 eligere
3247 1827 3428 1898 potius
3457 1824 3697 1881 debuisti.
3723 1823 3803 1880 Sic

2223 1924 2467 1996 profecto
2499 1922 2729 1994 loquens
2752 1917 3154 1973 simulationem
3209 1915 3342 1970 boni
3397 1911 3802 1985 argumentando

2224 2012 2478 2072 destruit;
2511 2010 2611 2064 sed
2639 2007 3043 2077 subjungendo,
3077 2020 3273 2076 parens
3303 2002 3676 2060 inobedientia:
3695 2016 3804 2056 ma-

2225 2100 2336 2155 lum
2359 2108 2544 2170 aperte
2574 2095 2875 2163 confundit,
2908 2094 3097 2150 dicens
3127 2112 3139 2147 :

2294 2188 2470 2259 (Vers.
2504 2189 2592 2241 23.
2640 2187 2660 2255 )
2714 2185 2989 2253 Quoniam
3009 2187 3170 2255 quasi
3207 2186 3507 2255 peccatum
3547 2175 3810 2237 ariolandi

2228 2282 2332 2341 est,
2366 2290 2728 2346 repugnare;
2759 2276 2814 2329 et
2839 2274 3000 2345 quasi
3041 2272 3225 2328 scelus
3275 2271 3633 2338 idololatria,
3673 2267 3810 2324 nolle

2226 2368 2598 2437 acquiescere.

2295 2462 2364 2516 24
2409 2456 2679 2525 Quidnam
2707 2463 2811 2520 est,
2842 2454 2985 2527 quod
3017 2454 3205 2510 ariolis
3252 2462 3307 2511 et
3364 2451 3682 2520 idololatris,
3734 2463 3816 2505 re-

2224 2555 2547 2618 pugnantes,
2567 2554 2618 2600 et
2637 2545 2977 2614 acquiescere
2999 2544 3242 2599 nolentes
3256 2559 3287 2598 a
3298 2545 3574 2613 propheta
3590 2543 3664 2611 (α)
3686 2536 3817 2595 simi-

2225 2637 2419 2699 lantur,
2452 2635 2554 2689 nisi
2586 2635 2674 2705 qui
2698 2649 2729 2688 a
2758 2633 2913 2689 arioli
2934 2633 3119 2688 divina
3143 2648 3482 2704 cognoscere
3511 2641 3669 2703 atque
3697 2631 3815 2685 abs-

2224 2741 2388 2780 consa
2442 2724 2689 2778 divinare
2744 2723 3056 2777 nitebantur
3113 2736 3127 2790 ;
3187 2722 3441 2777 idolatras
3486 2732 3663 2776 autem
3716 2718 3814 2790 lig-

2225 2812 2420 2867 mentis
2446 2828 2506 2868 se
2537 2811 2842 2866 venerando
2881 2810 3164 2865 subsidere
3189 2811 3217 2863 ‘l
3265 2808 3375 2878 Qui
3433 2818 3611 2865 autem
3660 2823 3812 2879 repu-

2223 2909 2394 2973 gnant
2421 2902 2769 2969 prastatorum
2791 2899 3060 2968 imperiis,
3107 2898 3230 2954 ideo
3259 2900 3449 2969 utique
3505 2902 3808 2969 repugnant,

2224 2990 2350 3060 quia
2380 2988 2619 3043 divinam
2672 2988 2996 3042 voluntatem
3023 3002 3083 3042 se
3129 2987 3273 3042 scire
3307 2987 3509 3042 melius
3536 2986 3814 3042 mstimant.

2229 3076 2396 3146 Quasi
2427 3092 2559 3148 ergo
2598 3084 2882 3145 peccatum
2912 3075 3175 3131 ariolandi
3205 3084 3285 3131 est
3313 3090 3651 3147 repugnare:
3708 3071 3823 3142 quia

2230 3166 2377 3221 velut
2405 3172 2717 3233 contempto
2752 3164 2937 3218 divino
2990 3164 3166 3227 altari,
3224 3164 3295 3218 ad
3356 3180 3483 3218 aras
3530 3164 3823 3219 daemonum

2227 3269 2487 3323 responsa
2516 3252 2837 3322 percipiunt,
2870 3252 2998 3305 dum
3030 3252 3208 3307 cordis
3253 3254 3337 3307 sui
3398 3251 3720 3324 prmtigiosis
3769 3263 3826 3304 ac

2229 3341 2483 3412 superbis
2501 3339 2970 3395 allinventionibus
2983 3340 3232 3409 credunt,
3251 3349 3303 3396 et
3320 3342 3636 3397 salubribus
3649 3338 3831 3411 prela.

2231 3439 2409 3485 torum
2438 3428 2677 3485 consiliis
2706 3428 2971 3483 contraria
3001 3428 3283 3485 sentiendo
3311 3430 3676 3503 refragantur.
3701 3426 3826 3482 Nol-

2230 3518 2282 3573 le
2311 3525 2489 3572 antem
2517 3517 2880 3586 acquiescere,
2911 3516 3231 3573 idololatriae
3248 3518 3448 3574 sceleri
3490 3516 3669 3573 simile
3703 3512 3829 3569 dici-

2235 3614 2320 3661 tur
2348 3625 2363 3670 ;
2397 3606 2524 3675 quia
2550 3605 2801 3659 nimirum
2828 3605 2881 3658 in
2912 3605 3296 3661 inobedientise
3318 3623 3437 3662 suae
3485 3604 3832 3662 obstinatione

2235 3709 2395 3750 nemo
2426 3693 2748 3764 persisteret,
2770 3692 2816 3746 si
2848 3693 3109 3763 propositi
3138 3695 3217 3749 sui
3235 3693 3565 3766 ﬁgmentum
3586 3694 3638 3748 in
3659 3690 3828 3755 corde,

2237 3784 2389 3854 quasi
2411 3782 2617 3836 idolum
2634 3797 2741 3834 non
2769 3790 3030 3852 gestaret.
3056 3783 3227 3838 Deum
3246 3784 3396 3838 enim
3420 3783 3637 3856 agenda
3660 3782 3713 3834 in
3737 3792 3837 3833 cor-

2238 3872 2307 3926 de
2337 3870 2594 3941 concipit,
2623 3870 2778 3939 quasi
2815 3876 2977 3938 363
3011 3871 3213 3926 idolum
3248 3870 3406 3935 facit,
3439 3879 3496 3927 et
3536 3871 3668 3926 dum
3712 3881 3836 3923 con-

2241 3966 2454 4029 ceptum
2510 3959 2708 4014 mentis
2753 3959 3180 4029 propositumse
3253 3972 3509 4016 acturum
3567 3958 3836 4021 deliberat,

2241 4048 2393 4121 quasi
2422 4048 2495 4103 ad
2522 4048 2858 4103 adorandum
2893 4048 3242 4103 simulacrum
3270 4064 3331 4105 se
3380 4049 3629 4105 inclinat.
3687 4041 3840 4113 Quasi

2242 4153 2404 4209 ergos
2434 4137 2614 4192 scelus
2636 4136 2954 4192 idololatria).
2984 4145 3083 4203 est,
3108 4137 3252 4191 nolle
3306 4137 3662 4208 acquiescam
3687 4152 3700 4189 :
3731 4131 3845 4203 quia

2244 4226 2489 4297 quisquis
2519 4225 2572 4278 in
2604 4226 2825 4295 prOpria
2854 4224 3242 4280 deliberatione
3270 4225 3586 4281 obstinatus
3614 4232 3714 4289 est,
3761 4219 3843 4274 id-

2243 4315 2386 4370 circo
2426 4312 2557 4368 foris
2595 4313 2650 4367 in
2702 4313 2968 4382 majorum
3003 4320 3374 4383 contemptum
3427 4312 3680 4384 erigitur,
3726 4306 3847 4379 quia

2246 4401 2390 4456 intus
2414 4403 2497 4455 eis
2527 4417 2645 4471 quae
2691 4398 2947 4471 tingendo
3001 4400 3184 4455 statuit
3213 4401 3486 4471 propositi
3519 4402 3603 4456 sui
3642 4396 3847 4454 simula-

521 4465 825 4544 obedientia
854 4465 1049 4541 melior
1078 4493 1179 4544 est.
1212 4465 1336 4539 cum
1366 4483 1734 4538 holocaustum
1787 4465 1861 4539 et,
1893 4484 2136 4541 victima-
2163 4465 2216 4525 D
2250 4489 2355 4545 cris
2382 4465 2710 4544 incurvatur.
2744 4465 2857 4544 §ed
2911 4465 3259 4558 querendum
3300 4465 3470 4547 valde
3513 4494 3621 4555 est,
3661 4501 3753 4543 cur
3780 4498 3848 4541 re-

521 4576 668 4631 mala
698 4591 801 4629 non
841 4572 950 4629 est?
976 4572 1140 4641 Quasi
1166 4587 1301 4643 ergo
1357 4569 1748 4639 superbientes,
1806 4573 2126 4628 inobedien-

524 4672 712 4737 tesque
733 4661 801 4716 ad
826 4661 959 4715 tanti
981 4660 1105 4715 boni
1125 4659 1617 4714 considerationem
1636 4660 1881 4726 reducat,
1904 4660 2125 4716 dicens:

527 4753 596 4808 Et
624 4751 669 4805 si
699 4751 822 4804 nila
853 4748 1007 4805 vobis
1034 4747 1631 4818 perprresumptionem
1662 4745 1832 4816 ﬁeret,
1864 4749 2131 4803 obedien-

527 4842 622 4895 tiae
654 4841 825 4895 virtus
853 4837 1108 4908 operibus
1132 4851 1252 4906 quae
1286 4835 1491 4907 eligitis
1519 4834 1714 4891 melior
1742 4845 1901 4892 esset.
1946 4837 2134 4907 Liquet

523 4942 680 5001 ergo,
714 4942 822 4999 quo
853 4927 959 4981 sita
988 4926 1056 4980 sit
1085 4925 1346 4987 culmine.
1372 4939 1534 4994 quam
1556 4923 1750 4978 divinis
1771 4924 2135 4981 oblationibus

519 5017 786 5090 prapheta
816 5014 1233 5070 viditaltiorem.
1260 5010 1419 5080 Quod
1449 5014 1515 5073 si,
1548 5021 1605 5067 ut
1630 5029 1792 5083 supra
1823 5055 1837 5082 ,
1866 5014 2131 5085 spiritua-

520 5107 629 5162 lem
660 5120 878 5160 sensum
909 5102 1206 5173 sequimur,
1239 5101 1471 5155 victimae
1499 5100 1567 5155 ad
1600 5117 1814 5172 magna:
1847 5117 2133 5157 conversa—

519 5194 685 5251 tionis
731 5194 1119 5258 austeritatem,
1179 5189 1468 5245 holocauta
1519 5188 1587 5242 ad
1659 5189 2132 5258 compunctionem

518 5284 644 5338 vitm
672 5281 981 5338 secretioris
1006 5277 1292 5335 referenda
1321 5285 1460 5331 sunt.
1496 5274 1708 5332 Melior
1729 5283 1812 5332 est
1833 5280 1987 5333 enim
2014 5279 2132 5333 obe-

520 5367 737 5424 dientia
749 5386 915 5441 quam
929 5370 1254 5431 victimae,“
1266 5366 1592 5422 auscultare
1606 5369 1785 5436 magis
1796 5381 1960 5438 quam
1976 5367 2133 5438 σβεν-

520 5470 583 5512 re
610 5456 859 5512 arietum
881 5458 1127 5528 adipem.
1161 5454 1301 5523 Quia
1341 5454 1506 5524 longe
1565 5452 1770 5509 altioris
1818 5456 2000 5509 meriti
2052 5464 2135 5511 est

594 5605 671 5679 (a)
704 5605 974 5678 Corrupte
1002 5607 1058 5662 in
1085 5605 1209 5662 aliis
1235 5604 1394 5661 editis
1422 5603 1804 5663 simulantur.

2236 4592 2483 4650 pugnare
2510 4576 2774 4631 ariolaudi
2801 4586 3048 4647 peccato,
3081 4586 3133 4633 et
3163 4577 3308 4633 nolle
3348 4580 3707 4643 acquiescere
3734 4588 3846 4631 sce-

2237 4667 2334 4720 leri
2376 4665 2691 4720 idololatriae
2730 4675 3091 4735 comparatur,
3142 4666 3337 4723 Scelus
3389 4668 3601 4740 quippe
3646 4658 3850 4722 nonnisi

2239 4769 2502 4825 magnum
2555 4761 2839 4823 peccatum
2896 4754 3112 4821 dicitur,
3163 4764 3454 4825 peccatum
3515 4772 3648 4812 vero
3698 4755 3853 4809 etiam

2240 4842 2381 4913 quod
2411 4841 2531 4895 leve
2550 4849 2633 4895 est
2654 4842 2958 4897 nominatur
2989 4860 3004 4898 :
3036 4843 3129 4898 sed
3162 4844 3210 4898 si
3259 4843 3331 4897 ab
3391 4860 3493 4899 ara
3546 4842 3855 4898 dicebautur

2241 4929 2416 4994 arioli,
2441 4944 2506 4983 eo
2534 4929 2677 4998 quod
2706 4944 2965 5000 responsa
3006 4931 3284 5003 percipere
3319 4931 3673 4987 consulendo
3726 4942 3852 4983 con-

2240 5025 2543 5081 sueverant,
2569 5017 2892 5075 idololatriae
2920 5027 3201 5089 peccatum
3222 5019 3280 5073 in
3310 5019 3441 5091 ejus
3489 5016 3854 5090 comparatio-

2239 5122 2309 5161 ne
2336 5106 2513 5160 scelus
2538 5114 2655 5159 erat
2684 5106 2812 5177 quia
2852 5106 3157 5162 dementius
3194 5116 3309 5163 erat
3356 5108 3588 5180 lapides
3642 5109 3857 5163 adorare

2240 5210 2403 5267 quam
2432 5194 2530 5248 sub
2559 5196 2740 5263 specie
2768 5195 3078 5251 divinorum
3106 5194 3242 5250 falsa
3272 5195 3420 5252 bene
3462 5196 3690 5252 vivendi
3744 5210 3853 5250 res-

2240 5298 2411 5353 ponsa
2440 5281 2743 5352 percipere.
2777 5281 2884 5337 Cur
2910 5298 3045 5355 ergo
3078 5299 3384 5355 repugnare
3433 5293 3728 5355 peccatum
3766 5297 3860 5352 per

2241 5370 2646 5425 similitudinem
2678 5385 2797 5425 esse
2824 5371 3037 5440 dicitur,
3069 5373 3421 5442 acquiescere
3470 5381 3662 5430 autem
3719 5371 3857 5428 nolle

2241 5459 2418 5517 scelus
2445 5459 2473 5512 εἰ
2502 5457 2616 5514 Sed
2645 5474 2955 5531 repugnare
2996 5469 3075 5517 est
3097 5460 3167 5515 ab
3208 5460 3543 5532 imperantis
3590 5462 3864 5521 voluntate
