3996 6164
243 224 330 280 433

237 440 428 501 dentur.
464 435 591 491 dum
620 436 797 491 statim
837 436 1231 504 propositorum
1264 436 1490 506 imperia
1521 453 1626 490 non
1657 436 1796 490 reci-

234 528 387 597 piunt,
418 525 501 594 qui
531 533 708 579 tamen
740 526 943 579 eisdem
980 526 1223 592 imperiis
1252 533 1373 594 post
1400 526 1670 580 modicum
1698 541 1798 580 ac-

232 614 505 685 quiescunt.
537 612 693 666 Nolle
723 621 900 667 autem
933 613 1295 683 acquiescere,
1329 615 1458 684 quid
1484 621 1562 667 est
1588 613 1691 667 nisi
1748 620 1799 667 et

228 703 462 772 injunctze
489 700 815 756 obedientim
843 717 1169 771 repugnare,
1201 709 1252 755 et
1281 701 1333 755 in
1364 702 1483 769 ejus
1506 703 1609 755 lem
1645 718 1799 771 repu-

228 790 479 862 gnationis
498 789 867 844 obstinatione
890 790 1174 858 persistere
1193 793 1221 844 ‘?
1255 790 1373 845 Non
1397 791 1536 845 enim
1556 792 1799 860 acquies-

225 887 352 935 cunt.
376 879 463 948 qui
488 878 540 932 in
565 879 745 933 cordis
774 879 853 933 sui
886 880 1161 949 proposito
1200 879 1379 934 iuvinc
1408 880 1544 934 biles
1574 888 1715 945 sunt,
1748 888 1802 934 et

227 983 333 1038 quae
366 967 665 1021 decernunt
691 983 852 1038 agere
879 967 1076 1021 nullius
1122 968 1443 1023 auctoritate
1473 969 1799 1038 praetermit-

227 1064 344 1109 tunt.
371 1055 561 1109 Merito
590 1056 757 1127 igitur
785 1058 841 1111 in
871 1057 1274 1124 comparatione
1304 1058 1646 1125 repugnandi
1676 1075 1790 1113 sce-

224 1144 296 1198 lus
338 1144 479 1198 nolle
528 1146 843 1215 aquiescere
885 1146 1100 1210 dicitur,
1132 1146 1275 1216 quod
1321 1146 1496 1215 majus
1528 1148 1684 1202 valde
1714 1157 1801 1202 at-

224 1248 317 1305 que
348 1231 661 1288 horribilius
706 1235 977 1303 peccatori
1008 1250 1132 1289 esse
1181 1235 1448 1289 videatur.
1483 1235 1622 1304 Quia
1669 1252 1801 1308 ergo

224 1322 303 1391 qui
330 1321 640 1391 hujusmodi
666 1330 808 1386 sunt,
854 1312 1154 1377 rationibus
1198 1338 1306 1378 non
1337 1324 1660 1393 vincuntur,
1694 1340 1802 1397 qua

221 1425 365 1481 perna
390 1409 769 1477 cohibeantur,
803 1412 1063 1482 prepheta
1092 1412 1290 1479 intulit,
1322 1413 1510 1468 dicens
1536 1431 1547 1467 :

282 1526 450 1595 (Vers.
473 1527 589 1595 23.)
605 1528 710 1581 Pro
721 1544 781 1583 eo
797 1529 940 1599 quod
951 1528 1205 1597 abjecisti
1221 1546 1536 1587 sermonem
1556 1531 1803 1597 Domini,

222 1610 407 1680 abjecit
436 1614 494 1665 te
536 1611 833 1679 Dominus,
866 1629 937 1668 ne
964 1615 1042 1669 si:
1072 1630 1197 1670 rex.

1047 220 1120 278 IN
1158 222 1426 279 PRIMUM
1463 223 1709 280 REGUM
1748 221 2280 279 EXPOSITIONES.
2320 222 2391 264 -ὲ
2429 224 2556 280 LlB.
2597 222 2661 279 V.

236 348 491 404 dissidere.
524 347 767 417 Plerique
811 351 989 401 autem
1025 346 1088 400 ad
1132 348 1324 402 horam
1364 364 1668 420 repugnare
1706 347 1797 400 vi-
1821 347 1876 407 Α
1906 364 1973 402 ne
2036 347 2224 419 gloriae
2278 347 2491 402 culmen
2545 344 2777 415 perdant
2827 364 2838 401 :

3395 229 3500 283 434

2896 347 3038 403 unde
3080 358 3133 405 et
3188 349 3439 407 subditur
3479 368 3493 407 :

1976 464 2151 533 (Vers.
2203 464 2316 528 24.)
2348 462 2615 532 ὓπαιὶιᾳιιε
2666 461 2813 519 8ιαὶ
2842 465 2913 519 ad
2945 464 3313 521 Samuclcm:
3352 468 3490 523 Fec-

1904 555 2047 616 caui,
2065 555 2194 624 quia
2210 551 2753 617 prtzvnricatussum
2766 567 3046 610 sermones
3066 556 3287 610 Domini
3300 560 3357 612 ει
3376 572 3494 613 ver-

1908 644 1974 698 ba
2006 649 2127 698 tua.

1975 732 2067 786 26.
2108 729 2248 801 Quid
2276 738 2377 795 est,
2410 732 2555 801 quod
2582 730 2707 784 Saul
2740 745 2769 782 a
2795 732 3060 801 propheta
3093 747 3280 787 vocem
3305 734 3492 789 Domi-

1903 819 1957 874 ni
2010 836 2117 875 non
2172 820 2405 884 audisse,
2456 827 2509 874 et
2557 823 2755 872 malum
2811 819 2866 873 in
2912 820 3083 873 Oculis
3140 822 3255 885 ejus
3297 821 3494 878 fecisse

1903 909 2336 978 reprehenditur,
2386 915 2438 962 et
2469 924 2527 963 se
2560 923 2812 976 peccasse
2863 908 3064 962 minine
3093 907 3327 969 fatetur;
3374 912 3491 977 sed,

1905 1013 2028 1053 cum
2072 1014 2129 1051 se
2172 996 2332 1067 abjici
2364 997 2431 1051 de
2476 1012 2651 1069 regno
2695 996 2996 1065 conspicit;
3036 1013 3096 1053 se
3143 1014 3396 1068 peccasse
3445 1008 3500 1056 et

1903 1086 2291 1157 praevaricasse
2328 1085 2539 1141 Domini
2568 1100 2874 1139 sermonem
2916 1093 2969 1139 et
3000 1088 3119 1147 eius
3155 1086 3324 1141 verba
3355 1088 3497 1143 fate-

1904 1182 1991 1229 tur
2010 1177 2036 1228 ?
2066 1174 2177 1228 nisi
2209 1174 2333 1245 quia
2352 1173 2571 1241 superbi
2592 1174 2663 1227 ad
2685 1175 3103 1229 contemmenda
3125 1174 3291 1230 verba
3318 1176 3496 1232 humi-

1905 1263 2035 1318 lium
2084 1261 2322 1317 audaces
2372 1270 2517 1329 sunt,
2566 1262 2661 1317 sed
2717 1263 3014 1318 electorum
3046 1278 3195 1319 more
3239 1266 3495 1333 honores,

1906 1367 2041 1424 quos
2092 1352 2353 1419 ambiunt,
2412 1359 2758 1406 contemnere
2786 1367 2893 1406 non
2936 1360 3181 1420 possunt.
3239 1352 3499 1410 Audaces

1905 1440 2123 1511 quidem
2156 1446 2281 1493 sunt
2310 1446 2367 1493 ut
2416 1438 2692 1507 majorum
2722 1448 3070 1494 contemnant
3109 1440 3354 1510 imperia,
3399 1442 3501 1498 sed

1907 1528 2077 1598 parati
2109 1543 2214 1582 non
2267 1533 2391 1582 sunt
2426 1534 2482 1583 ut
2523 1528 2631 1581 alta
2684 1528 3006 1598 relinquant.
3063 1529 3296 1584 Econtra
3324 1538 3503 1586 autem

1908 1616 2141 1671 humiles
2189 1615 2259 1669 ad
2306 1616 2567 1686 majorum
2601 1615 2824 1683 imperia
2855 1616 3095 1685 prompti
3148 1626 3289 1682 sunt,
3322 1623 3378 1674 et
3428 1620 3502 1674 ad

283 1702 363 1753 25.
395 1697 546 1767 Quid
574 1705 655 1754 est
685 1702 849 1767 enim,
881 1701 1027 1771 quod
1068 1701 1192 1756 Saul
1220 1701 1483 1770 abjicitur,
1534 1703 1639 1758 nisi
1679 1704 1802 1773 quia
1831 1700 1886 1761 B
1912 1704 2023 1758 alta
2080 1704 2357 1773 perdenda
2398 1703 2596 1757 securi.
2630 1702 2769 1771 Quia
2815 1704 2959 1757 enim
2989 1720 3097 1758 non
3140 1714 3373 1774 terrena,
3406 1706 3504 1762 sed

229 1787 610 1860 incorrigibilis
642 1789 914 1856 judicatur
947 1792 975 1844 ?
1006 1789 1173 1859 Quasi
1222 1807 1355 1863 ergo
1409 1793 1552 1847 dicat
1599 1810 1609 1846 :
1671 1791 1811 1861 Quia

224 1885 397 1931 cuncta
428 1878 624 1931 salutis
646 1879 873 1933 consilia
904 1880 1138 1950 respuis,
1172 1896 1271 1949 pro
1302 1881 1466 1949 culpa
1499 1881 1813 1951 pervicacia

228 1979 318 2018 non
338 1966 504 2021 debes
526 1965 709 2020 verbis
730 1966 954 2021 ulterius
973 1967 1189 2040 corrigi,
1228 1969 1319 2022 sed
1360 1969 1678 2039 abjectionis
1698 1985 1814 2039 pm-

226 2068 285 2105 na
323 2052 599 2107 damnari.
649 2052 920 2122 Quantum
954 2055 1133 2126 itaque
1164 2055 1337 2111 timeri
1369 2056 1565 2111 debeat
1616 2057 1811 2112 inobe-

228 2139 422 2195 dientiae
443 2141 613 2212 culpa
634 2143 951 2211 ostemLtur,
985 2144 1028 2197 si
1061 2145 1159 2199 hoc
1192 2152 1397 2199 attente
1425 2145 1812 2213 consideretur,

228 2228 335 2298 quia
350 2237 591 2300 propter
607 2230 747 2286 hanc
767 2231 928 2285 etiam
962 2248 1123 2305 reges
1157 2231 1517 2303 deponuntur.
1541 2233 1683 2303 Quid
1713 2244 1813 2302 est,

227 2318 353 2386 quod
381 2319 458 2370 ait
486 2336 500 2372 :
531 2319 970 2389 Quiaproiecisti
987 2336 1303 2376 sermonem
1325 2322 1564 2386 Domini,
1581 2325 1819 2393 projecit

227 2410 274 2460 te
298 2406 623 2463 Dominus?
651 2408 756 2463 Sed
790 2424 968 2463 sermo
1018 2410 1322 2479 projicitur,
1366 2411 1580 2480 quando
1624 2411 1678 2464 in
1727 2411 1810 2465 sui

221 2493 543 2550 sublimitate
590 2496 977 2551 venerabiliter
1022 2512 1134 2551 nou
1176 2505 1420 2552 servatur
1460 2517 1474 2564 ;
1546 2499 1813 2569 projicere

223 2584 374 2652 enim,
405 2589 491 2639 est
524 2583 596 2639 de
627 2600 790 2639 manu
828 2585 1116 2655 aliquando
1141 2584 1248 2640 labi
1281 2587 1335 2640 in
1369 2595 1564 2642 terram
1587 2596 1677 2642 aut
1707 2604 1808 2643 ne-

220 2671 475 2743 gligenter
502 2663 709 2741 sinere,
740 2680 830 2727 aut
858 2674 1121 2729 violenter
1142 2674 1369 2744 jactare.
1403 2676 1595 2730 Sermo
1628 2681 1810 2731 autem

224 2759 440 2828 Domini,
469 2760 602 2832 quia
633 2761 875 2816 salubria
912 2761 1150 2832 loquitur
1177 2764 1413 2818 cmlestis
1443 2772 1533 2818 aut
1561 2764 1811 2819 sublimis

223 2856 328 2908 est;
377 2850 466 2918 qui
519 2849 581 2901 in
613 2858 813 2905 terram
862 2850 1202 2922 negligenter
1253 2850 1559 2922 projicitur,
1594 2852 1810 2923 quando

226 2951 310 3006 per
351 2937 625 2991 desidiam
655 2953 764 2993 non
805 2938 1075 3008 impletur.
1127 2940 1236 2993 Per
1275 2948 1646 3010 contemptum
1678 2957 1809 2997 vero

1912 1792 2153 1848 omlestia
2182 1798 2464 1861 appetunt,
2516 1798 2743 1847 terrenae
2773 1791 3122 1846 sublimitatis
3176 1794 3284 1847 alta
3313 1794 3497 1863 despi-

1914 1881 2080 1942 ciunt,
2114 1879 2356 1934 laborare
2405 1895 2501 1949 pro
2534 1879 2843 1933 ccelestibus
2891 1888 3193 1943 conantur;
3242 1881 3400 1936 subdi
3433 1882 3506 1937 li-

1917 1968 2105 2023 benter
2134 1968 2341 2035 volunt,
2376 1966 2618 2035 praeferri
2643 1968 2943 2038 refugiunt.
2963 1968 3089 2023 Saul
3120 1984 3255 2042 ergo
3284 1970 3509 2026 obedire

1917 2057 2030 2111 Deo
2059 2054 2364 2127 refugiens,
2399 2055 2631 2125 perdere
2659 2071 2885 2126 regnum
2919 2056 3144 2124 timens,
3202 2057 3328 2129 quid
3361 2059 3512 2114 aliud

1918 2144 2096 2210 nobis,
2128 2159 2291 2214 quam
2338 2143 2697 2213 superborum
2745 2159 2928 2199 mores
2973 2144 3227 2214 insinuat,
3257 2148 3514 2219 quicum

1918 2232 2212 2305 praevalent
2242 2231 2415 2286 videri
2474 2232 2624 2301 parvi
2650 2238 2743 2286 aut
2784 2239 3102 2302 peccatores
3132 2233 3308 2288 vitant
3341 2253 3354 2296 ;
3388 2251 3512 2292 cum

1919 2331 2203 2393 ceguutur,
2237 2320 2556 2375 humilitatis
2587 2319 2835 2375 virtutem
2881 2320 3154 2375 simulant.
3204 2321 3335 2387 Sed,
3382 2339 3509 2378 cum

1920 2410 2187 2480 compulsi
2244 2407 2585 2474 conﬁtentur,
2644 2418 2924 2480 peccatum
2956 2409 3099 2479 quod
3140 2419 3393 2465 accusant
3423 2411 3513 2468 lo-

1920 2499 2136 2571 quendo
2186 2497 2452 2552 minuunt.
2486 2497 2625 2567 Quia
2653 2497 2749 2552 etsi
2778 2513 3030 2567 peccasse
3060 2514 3364 2554 sermonem
3398 2500 3511 2556 Do-

1918 2588 2048 2641 mini
2080 2586 2481 2657 przevaricando
2509 2586 2803 2656 perhibuit,
2833 2586 3086 2641 eamdem
3114 2587 3510 2657 prmvaricatio-

1918 2692 2042 2731 nem
2072 2674 2469 2744 dispensatione
2498 2674 2674 2744 potius
2717 2690 2881 2745 quam
2921 2675 3196 2730 voluntate
3235 2691 3295 2731 se
3324 2675 3510 2732 incur-

1919 2766 2059 2819 risse
2088 2763 2431 2830 memoravit,
2472 2762 2661 2817 dicens
2688 2780 2701 2815 :
2728 2763 2950 2818 Timens
2976 2766 3272 2834 populum,
3303 2769 3361 2822 et
3389 2765 3513 2826 oba-

1919 2853 2077 2908 diens
2099 2852 2215 2907 υοεὶ
2235 2867 2455 2907 eorum.
2488 2848 2649 2919 Quasi
2666 2849 2807 2905 dicat
2831 2869 2843 2905 :
2870 2852 3155 2906 Peccatum
3173 2853 3318 2923 quod
3341 2853 3509 2911 fecis-

1918 2956 1976 2995 se
2028 2938 2421 3010 reprehendor,
2482 2947 2628 2993 tanto
2681 2938 2871 2993 leviori
2931 2954 3092 3009 pcena
3144 2940 3288 2995 teriri
3321 2941 3503 3011 debet,

223 3025 515 3094 projicitur,
545 3026 768 3095 quando
817 3028 956 3081 hunc
984 3026 1202 3097 superbi
1224 3036 1277 3082 et
1306 3028 1682 3084 inobedientes
1714 3038 1809 3083 tu-
1839 3054 1889 3115 α
1919 3036 2119 3098 quanto
2135 3026 2487 3081 commissum
2507 3042 2611 3081 non
2633 3034 2846 3082 constat
2866 3044 2961 3097 per
2981 3026 3262 3095 malitiam,
3294 3029 3388 3083 sed
3415 3046 3513 3100 per

221 3113 369 3166 menti
389 3113 566 3169 corde
584 3114 869 3184 repellunt,
892 3119 945 3169 et
969 3130 1130 3169 manu
1167 3117 1496 3184 operationis
1516 3119 1807 3173 observare

217 3199 592 3273 dedignantur.
641 3201 778 3271 Quia
826 3219 952 3258 vero
985 3219 1089 3257 non
1132 3204 1415 3274 projicere,
1448 3205 1540 3259 sed
1573 3205 1809 3276 abjicere

217 3305 502 3345 sermonem
539 3292 977 3360 reprehenditur,
1011 3294 1113 3346 hoc
1151 3293 1375 3363 signat;
1409 3294 1535 3364 quia
1565 3294 1694 3348 dum
1726 3311 1809 3349 su-

215 3377 353 3446 perbi
384 3379 669 3449 proprium
700 3378 984 3434 arbitrium
1028 3389 1306 3452 sequntur,
1340 3397 1371 3436 a
1410 3383 1645 3438 Domino
1676 3383 1802 3438 lon-

215 3481 275 3536 ge
300 3465 446 3520 ﬁunt.
481 3467 735 3535 Abjicere
766 3467 932 3533 enim,
980 3477 1061 3524 est
1086 3468 1288 3541 aliquid
1320 3469 1481 3541 longe
1517 3470 1801 3541 repellere.

218 3551 305 3621 Qui
320 3556 459 3610 enim
482 3555 730 3610 aliorum
753 3555 1010 3612 ducatum
1040 3557 1210 3629 digne
1236 3558 1561 3629 suscipiunt,
1596 3574 1703 3615 non
1723 3573 1805 3614 so-

219 3642 316 3696 lum
336 3660 430 3714 per
448 3644 826 3700 obedientiam
864 3645 977 3701 Deo
1007 3645 1169 3701 vicini
1188 3655 1330 3715 sunt,
1363 3647 1459 3702 sed
1490 3647 1653 3703 etiam
1681 3648 1806 3703 illos

221 3738 265 3784 et
288 3732 489 3787 vicinos
521 3732 751 3799 faciunt,
784 3734 880 3805 qui
908 3749 1005 3806 per
1032 3735 1162 3789 vitia
1183 3743 1235 3790 et
1262 3734 1469 3791 scelera
1498 3735 1566 3790 ab
1597 3752 1660 3790 eo
1692 3736 1806 3791 lon-

219 3834 277 3889 ge
300 3829 436 3875 sunt.
465 3821 608 3877 Tale
637 3828 718 3876 est
752 3821 932 3894 igitur,
958 3839 1022 3878 ac
1048 3823 1090 3877 si
1123 3823 1264 3879 dicat
1288 3841 1302 3877 :
1336 3824 1532 3896 Longe
1561 3824 1632 3878 ab
1660 3824 1805 3879 ordi-

219 3922 276 3962 ne
300 3908 585 3981 dignitatis
613 3910 920 3981 expelleris,
948 3912 1073 3982 quia
1102 3911 1381 3984 dignitatis
1408 3913 1653 3983 ejusdem
1685 3929 1794 3968 me-

216 3996 308 4052 rito
336 4015 587 4068 praesens
617 4014 739 4054 esse
774 3999 1018 4055 noluisti.
1056 4001 1303 4054 Meritum
1334 4000 1532 4072 quippe
1558 4001 1802 4072 dignita-

219 4084 275 4138 tis
292 4095 387 4154 cst,
419 4087 741 4143 observatio
762 4087 928 4142 divini
961 4088 1141 4143 verbi.
1181 4088 1340 4158 Quod
1368 4106 1494 4144 cum
1529 4090 1801 4161 abjicitur,

217 4174 326 4241 quia
353 4176 619 4230 meritum
641 4174 919 4248 dignitatis
934 4177 1212 4247 amittitur,
1244 4178 1361 4249 ipsa
1392 4195 1605 4249 quoque
1635 4178 1807 4251 digni-

215 4267 288 4315 tas
314 4270 625 4319 amovetur.
658 4264 814 4320 Libet
835 4279 972 4338 ergo
1001 4266 1215 4334 intueri,
1249 4274 1448 4339 quanta
1481 4283 1580 4339 per
1608 4267 1803 4323 inobe-

216 4350 453 4407 dientiam
477 4351 740 4423 superbis
753 4361 993 4423 pereant,
1016 4353 1252 4409 humiles
1275 4362 1475 4426 quanta
1503 4355 1799 4412 lucrentur.

1919 3115 2304 3171 inﬁrmitatem.
2324 3114 2514 3169 Studio
2543 3124 2720 3170 autem
2751 3123 2804 3169 et
2831 3116 3110 3171 voluntate
3136 3131 3367 3187 peccare
3396 3133 3511 3173 ma-

1917 3221 2029 3277 gna
2053 3203 2438 3275 praevaricatio
2464 3212 2578 3265 est;
2613 3202 2920 3258 infirmitate
2934 3219 3068 3259 vero
3088 3219 3329 3274 peccare,
3360 3214 3507 3262 tanto

1917 3293 2245 3349 tolerabilius
2264 3301 2363 3360 est,
2387 3300 2587 3364 quanto
2612 3292 2680 3359 is,
2699 3292 2788 3362 qui
2811 3301 3028 3362 peccato
3059 3292 3327 3362 subjacet,
3360 3295 3504 3364 ejus-

1915 3382 2038 3437 dem
2072 3380 2278 3450 peccati
2306 3380 2511 3434 viribus
2536 3379 2715 3449 impar
2740 3387 2839 3434 est.
2868 3380 2931 3434 Et
2959 3379 3086 3451 quia
3107 3380 3299 3435 eadem
3320 3381 3503 3437 cordis

1914 3469 1995 3525 sui
2030 3470 2269 3525 versutia
2296 3484 2355 3524 se
2386 3469 2685 3539 prmvalere
2731 3468 3058 3539 simplicium
3086 3469 3364 3525 doctorum
3395 3472 3503 3528 hu-

1913 3557 2125 3613 militati
2170 3557 2457 3625 aestimant,
2516 3556 2673 3627 quasi
2749 3556 2870 3628 jam
2940 3557 3142 3613 suasim
3198 3558 3500 3629 subjunxit,

1914 3647 2101 3702 dicens
2124 3664 2136 3700 :

1986 3735 2160 3804 (Vers.
2181 3739 2292 3803 25.)
2306 3734 2414 3792 Sed
2426 3750 2582 3790 nunc
2588 3737 3276 3807 porta,quwso,peccatum
3293 3753 3512 3810 meum,

1913 3826 1970 3878 et
1998 3827 2277 3877 revertere
2305 3839 2546 3889 mecum,
2579 3826 2644 3878 ut
2670 3822 2899 3878 adorem
2930 3825 3248 3881 Dominum.

1983 3912 2071 3966 27.
2102 3909 2448 3982 Corrigibilia
2483 3910 2737 3981 equidem
2769 3920 2990 3980 peccata
3026 3918 3331 3982 portantur,
3373 3914 3506 3986 quia

1910 4005 2197 4071 postquam
2225 4014 2258 4051 a
2285 3997 2645 4067 delinquentis
2666 3998 2946 4055 voluntate
2960 3999 3260 4070 discedunt,
3292 4018 3503 4075 purga-

1909 4087 1955 4141 ri
1976 4084 2340 4141 satisfactione
2358 4085 2651 4141 salubriter
2665 4095 2910 4156 possunt.
2956 4088 3080 4142 Non
3095 4096 3277 4144 autem
3293 4099 3502 4159 portano

1910 4184 1998 4231 tur
2018 4185 2241 4246 peccata
2268 4190 2473 4238 eorum,
2497 4174 2553 4228 in
2578 4189 2804 4246 quorum
2828 4175 3099 4229 mentibus
3129 4192 3226 4246 per
3253 4179 3503 4247 impaeni-

1909 4264 2155 4319 tudinem
2184 4263 2515 4319 iuviscerata
2541 4267 2685 4318 sunt.
2721 4264 2870 4319 Unde
2902 4271 2954 4319 et
2979 4263 3219 4320 Joannes
3265 4266 3373 4321 ait:
3408 4269 3508 4325 Est

1906 4358 2205 4426 peccatum
2222 4351 2296 4409 ad
2324 4356 2557 4408 mortem
2569 4393 2584 4410 .
2602 4367 2674 4408 ne
2689 4367 2793 4424 pro
2812 4352 2913 4408 illo
2928 4355 3048 4408 oret
3065 4355 3187 4423 quis
3202 4355 3251 4424 (Ι
3265 4356 3425 4412 Ιοαη.
3444 4372 3499 4425 v,

216 4437 289 4492 Illi
317 4440 442 4494 dum
475 4440 710 4510 implere
748 4442 977 4512 propriae
1007 4442 1291 4499 voluntatis
1320 4442 1599 4498 arbitrium
1631 4447 1794 4514 363
1834 4454 1885 4516 ι)
1918 4442 2029 4514 16).
2072 4443 2356 4498 Peccatum
2385 4440 2583 4512 quippe
2612 4440 2681 4494 ad
2712 4448 2941 4496 mortem
2997 4448 3096 4509 est,
3144 4440 3291 4513 quod
3340 4443 3413 4499 ab
3441 4458 3508 4500 eo

218 4528 461 4597 gaudent,
496 4529 622 4584 Deo
661 4545 891 4601 magnos
928 4545 1153 4601 cperum
1186 4531 1403 4587 labores
1430 4533 1712 4600 exhibent,
1755 4541 1809 4589 et

218 4611 452 4670 laborum
474 4617 706 4688 praemia
725 4617 873 4672 nulla
900 4617 1104 4674 habent
1130 4637 1146 4687 ς
1178 4620 1269 4675 isti
1299 4622 1430 4675 dum
1451 4638 1509 4677 se
1536 4622 1808 4687 deserunt,

220 4702 338 4758 dum
366 4704 567 4762 alienae
595 4705 888 4762 voluntatis
919 4707 1195 4763 arbitrium
1226 4721 1545 4780 sequuntur,
1597 4718 1811 4767 aalernae

221 4793 561 4849 sublimitatis
616 4795 852 4865 gloriam
918 4806 1328 4866 promerentur;
1400 4800 1545 4855 unde
1612 4808 1663 4855 et
1717 4814 1816 4871 per

222 4878 587 4938 beatissimam
644 4884 869 4939 Mariam
920 4884 1136 4939 Domini
1206 4886 1587 4957 Redemptoris
1647 4888 1813 4943 nostri

219 4970 556 5041 genitricem,
612 4971 812 5027 dicitur
868 4991 879 5026 :
928 4975 1193 5046 Deposuit
1235 4979 1497 5047 potentes
1544 4976 1610 5031 de
1666 4976 1811 5042 sede,

221 5063 269 5113 et
296 5064 587 5117 exultavit
624 5059 871 5118 humiles
911 5062 1071 5117 (Luc.
1108 5080 1148 5130 ι,
1173 5066 1289 5133 52).
1322 5065 1567 5118 Potentes
1598 5062 1816 5133 quidem

224 5146 287 5202 de
302 5151 433 5205 sede
465 5150 742 5205 Dominus
769 5148 1012 5218 deponit.
1062 5166 1188 5206 cum
1214 5151 1592 5206 inobedientes
1621 5167 1818 5221 super-

229 5234 315 5291 bos
341 5238 558 5306 abjicit,
589 5248 642 5292 et
682 5239 914 5294 humiles
963 5241 1205 5304 exaltat;
1265 5241 1354 5312 qui
1395 5250 1599 5295 aeterna
1642 5239 1821 5312 gloria

231 5324 544 5381 obedientes
587 5325 874 5398 glorificat,
924 5328 1189 5392 superbos
1233 5343 1414 5383 autem
1467 5329 1635 5383 verba
1713 5343 1823 5382 non

233 5414 525 5487 corrigunt,
561 5414 654 5470 sed
687 5425 913 5484 tantum,
948 5417 1076 5470 dum
1109 5417 1351 5471 amittere
1383 5421 1616 5471 honores
1648 5416 1821 5486 trepi-

233 5499 369 5573 dant,
425 5503 817 5576 humilitatem,
879 5521 1042 5578 quam
1112 5521 1222 5565 non
1291 5505 1512 5573 habent,
1570 5504 1824 5561 simulant

1916 4532 2292 4597 committitur,
2325 4529 2415 4600 qui
2446 4528 2767 4599 resipiscere
2804 4545 3075 4600 nunquam
3105 4538 3309 4601 potest.
3349 4530 3509 4600 Quod

1920 4618 2176 4675 nimirum
2234 4627 2506 4690 peccatum
2536 4633 2569 4673 a
2598 4618 2899 4690 praepositis
2950 4634 3058 4675 non
3092 4628 3351 4690 portatur,
3383 4622 3513 4693 quia

1920 4707 2263 4764 sacerdotum
2284 4706 2617 4763 orationibus
2636 4715 2729 4763 aut
2752 4705 3116 4763 oblationibus
3144 4724 3254 4765 non
3282 4709 3513 4767 deletur.

1923 4795 2051 4851 Saul
2071 4805 2253 4851 autem
2281 4811 2382 4866 per
2410 4795 2596 4851 omnia
2640 4796 2905 4866 superbos
2919 4796 3328 4871 obstinatosque
3363 4798 3510 4856 desi-

1924 4900 2117 4957 gnans,
2150 4892 2203 4939 et
2227 4892 2436 4941 tumere
2454 4900 2563 4939 non
2591 4892 2788 4950 cessat,
2810 4891 2862 4940 et
2881 4892 3163 4954 peccatum
3191 4902 3345 4942 suum
3373 4902 3508 4956 por-

1925 4973 2029 5028 tari
2055 4974 2338 5041 obsecrat;
2371 4971 2716 5043 importabile
2745 4989 2882 5028 onus
2929 4972 3196 5045 congerit,
3255 4983 3308 5030 et
3355 4974 3513 5045 quasi

1926 5062 2044 5116 leve
2066 5062 2269 5132 portari
2290 5061 2441 5132 petit.
2472 5061 2587 5116 Hoc
2603 5060 2822 5132 quidem
2846 5059 3001 5114 toties
3030 5060 3080 5113 in
3111 5058 3360 5115 Ecclesia
3388 5062 3512 5132 agi-

1927 5157 2033 5217 tur,
2061 5150 2272 5219 quoties
2303 5149 2375 5213 hi,
2408 5150 2497 5220 qui
2529 5166 2732 5222 magna
2777 5149 2985 5204 scelera
3013 5146 3242 5203 libenter
3267 5148 3516 5203 commit-

1931 5243 2065 5306 tunt,
2097 5254 2282 5293 eorum
2312 5238 2740 5311 magnitudinem
2772 5252 2877 5292 non
2907 5234 3210 5290 attendunt.
3243 5237 3516 5305 lmporta-

1929 5326 2060 5380 bilia
2090 5335 2447 5399 coogregant,
2479 5335 2532 5381 et
2560 5328 2678 5380 haec
2731 5324 2898 5392 levia,
2930 5327 3090 5392 atque
3135 5327 3291 5393 354
3321 5325 3520 5382 nullius

1931 5430 2053 5470 esse
2106 5416 2361 5484 ponderis
2392 5422 2638 5485 pensant.
2674 5414 2900 5467 Peccata
2954 5427 3053 5465 sua
3081 5411 3191 5466 suis
3220 5414 3521 5485 praepositis

1931 5504 2292 5572 abscondunt,
2331 5509 2384 5558 et
2403 5510 2459 5561 ut
2481 5503 2570 5561 vix
2589 5500 2822 5561 inveniri
2848 5499 3053 5574 possint
3080 5508 3134 5557 et
3162 5503 3339 5580 argui,
3361 5519 3526 5576 quer.
