3996 6164
471 175 577 230 ως»

1673 170 1919 226 SANCTI
1952 158 2296 224 GREGORII
2330 161 2556 218 MAGNI

3637 158 3725 210 £36

475 306 589 355 tum
643 304 889 369 possunt,
919 298 1111 354 eadem
1158 303 1380 368 peccata
1435 295 1694 368 levigant,
1727 308 1795 349 ne
1853 292 1941 362 qui
1991 290 2070 346 eis
2096 290 2151 352 A
2182 296 2233 345 et
2254 287 2407 361 quasi
2424 286 2772 343 recendentes
2792 282 3181 351 veniunt,dum
3203 280 3617 350 lapsossubditos
3637 298 3728 351 pa-

476 391 735 460 prmsunt,
765 402 951 442 eorum
999 385 1439 456 granditudiuem
1470 383 1772 439 attendant.
1810 381 1899 436 Ad
1939 394 2069 449 pec-

478 483 660 533 catum
690 474 859 530 etiam
888 472 1054 529 fortes
1082 477 1227 541 sunt,
1269 474 1341 527 ad
1370 472 1545 527 ﬂenda
1571 478 1793 541 peccata
1820 468 2067 534 debiles;

479 562 672 631 volunt
700 561 923 634 quidem
954 562 1161 631 peccati
1206 559 1652 616 delectationibus
1704 556 1921 622 resolvi,
1975 554 2071 610 sed

479 649 812 722 pmnitentiae
842 649 1028 705 nolunt
1052 649 1343 705 acerbitate
1368 647 1609 720 purgari.
1642 646 1782 715 Quid
1804 654 1885 699 est
1909 659 2069 715 ergo,

482 738 630 818 quod
643 737 967 804 dicit,Porta
978 742 1272 809 peccatum
1289 735 1607 803 meum,nisi
1620 734 1749 805 quia
1761 741 1813 788 et
1830 740 2075 804 peccato-

486 843 605 883 rum
636 825 981 882 dulcedinem
1034 826 1088 879 in
1120 841 1176 881 se
1206 824 1340 896 ipsis
1385 824 1679 895 excipiunt,
1727 822 1825 877 sed
1856 834 2078 877 onerare

484 914 745 985 pralatos
775 929 945 969 onere
974 913 1286 969 eorumdem
1317 921 1660 983 peccator-um
1682 909 1915 965 volunt?
1945 907 2081 976 Qui-

489 1002 614 1058 dam
673 1001 838 1057 etiam
868 1010 1059 1073 sponte
1089 1002 1160 1057 ad
1188 999 1551 1057 conﬁtendum
1579 999 1821 1063 veniunt,
1853 997 1945 1052 sed
1983 1011 2084 1067 pro

493 1090 693 1163 quibus
747 1106 805 1145 se
863 1098 1134 1157 accusant,
1168 1106 1275 1146 non
1307 1089 1411 1160 ipsi
1444 1090 1647 1161 lugent,
1704 1088 1802 1142 sed
1834 1086 2087 1157 paenitere

494 1179 630 1235 alios
643 1178 952 1245 obsecrant,
976 1178 1083 1234 ﬁde
1107 1179 1223 1233 sola
1251 1178 1445 1233 salvari
1476 1177 1761 1239 aestimant,
1786 1190 1882 1245 per
1909 1172 2091 1245 paeni-

505 1266 731 1323 tentiam
764 1275 1034 1322 revertere
1082 1267 1281 1337 abjecti
1311 1281 1419 1321 non
1446 1272 1655 1320 curant.
1703 1263 1857 1320 Unde
1884 1271 1936 1317 et
1967 1260 2093 1317 Saul

504 1354 715 1423 subdit,
732 1355 921 1410 dicens
941 1372 952 1408 :
976 1356 1045 1410 Et
1065 1358 1346 1410 revertere
1357 1369 1575 1410 mecum
1597 1356 1662 1408 ut
1674 1352 1900 1408 adorem
1913 1351 2098 1406 Domi-

497 1459 659 1499 num.
698 1441 861 1511 Quasi
891 1442 1035 1498 enim
1065 1442 1329 1497 recedens
1358 1449 1438 1496 est
1466 1440 1800 1511 praedicator,
1835 1455 1958 1494 cum
1989 1439 2096 1491 im-

503 1532 769 1601 pudentes
796 1529 1022 1600 abjicit;
1079 1529 1210 1584 dicit
1235 1544 1366 1601 ergo
1394 1546 1406 1583 :
1466 1531 1757 1585 Revertere
1788 1543 2005 1584 mecum
2036 1529 2101 1581 ut

2176 386 2325 433 terna
2383 375 2672 432 afﬂictione
2704 373 3072 431 comitantur?
3128 372 3265 426 Cum
3294 369 3367 425 eis
3394 385 3518 441 ergo
3556 384 3724 424 rever-

2177 474 2382 535 tuntur,
2406 480 2531 521 cum
2560 473 2785 536 peccata
2817 463 3152 517 subditorum
3189 468 3244 514 et
3288 458 3389 529 ipsi
3419 457 3623 521 subditi,
3653 458 3731 527 qui

2175 562 2561 625 peccaverunt,
2609 561 2662 608 et
2693 553 2903 623 praelati
2932 552 3021 623 qui
3062 556 3341 609 steterunt.
3368 545 3561 616 pariter
3590 546 3730 614 plan-

2179 652 2339 716 gunt.
2378 643 2507 698 Tale
2538 650 2619 697 est
2664 642 2828 713 igitur
2856 657 2919 696 ac
2946 640 2991 693 si
3048 639 3227 693 dicat:
3285 637 3402 689 1am
3447 643 3496 689 te
3524 633 3736 702 paternis

2181 732 2477 787 visceribus
2505 731 2783 786 adhaerere
2818 731 2977 799 365
3005 744 3098 797 per
3117 724 3530 795 increpationem
3560 722 3739 793 praedi-

2185 820 2412 876 cationis
2441 820 2570 873 mihi
2611 819 2831 891 agnovi,
2865 834 3024 887 quem
3054 832 3153 870 nec
3182 815 3394 886 longius
3419 827 3630 884 peccare
3657 826 3740 866 re-

2189 908 2409 980 liquisti.
2469 907 2608 977 Quia
2637 923 2788 978 ergo,
2839 915 2889 962 te
2918 906 3259 976 objurgante,
3310 901 3523 972 resipui,
3554 915 3742 954 mecum

2192 998 2370 1053 redire
2404 1005 2452 1051 te
2493 1011 2647 1067 rogo,
2680 997 2807 1065 quia
2839 995 3066 1065 prOpriis
3094 992 3298 1049 viribus
3317 992 3384 1044 ad
3414 998 3566 1043 tantze
3589 988 3745 1058 pravi-

2194 1086 2317 1140 tatis
2358 1084 2782 1154 magnitudinem
2827 1082 3114 1137 delendam
3165 1093 3501 1149 nequaquam
3530 1076 3743 1131 sufficio.

2200 1174 2309 1229 Sed
2362 1173 2493 1228 tanti
2523 1172 2741 1227 affectus
2788 1186 2976 1242 preces
3032 1168 3355 1239 recipienda:
3405 1174 3596 1228 essent,
3633 1165 3671 1218 si
3699 1180 3757 1218 ex

2200 1263 2380 1318 cordis
2427 1261 2655 1317 veritate
2712 1261 3108 1330 procederent;
3163 1265 3287 1327 apte
3316 1270 3449 1325 ergo
3494 1253 3759 1325 hypocrita:

2204 1365 2527 1420 responsum
2568 1357 2683 1404 est:
2720 1350 2845 1404 Non
2875 1351 3128 1403 revertar
3159 1351 3364 1401 tecum.
3406 1343 3562 1411 Quasi
3608 1341 3758 1395 dicat:

2205 1439 2312 1493 Pro
2342 1447 2391 1493 te
2417 1436 2721 1493 sacriﬁcare
2751 1438 2865 1491 Deo
2896 1436 3099 1500 nescio,
3131 1450 3292 1505 quem
3325 1432 3540 1487 veritate
3569 1428 3766 1482 humili~

2210 1529 2332 1583 tatis
2364 1529 2480 1583 Deo
2510 1526 2784 1581 subditum
2806 1540 2915 1579 non
2945 1523 3201 1586 attendo;
3235 1530 3287 1577 et
3307 1536 3425 1592 qua:
3443 1520 3613 1589 priora
3641 1519 3765 1588 inge-

503 1619 733 1675 adorem
778 1619 1099 1675 Dominum.
1158 1617 1290 1672 Cum
1321 1632 1388 1673 eo
1419 1624 1624 1671 tantum
1656 1632 1688 1670 a
1715 1614 2098 1672 communione
2126 1642 2179 1703 B
2208 1616 2556 1683 minans,ait:
2585 1616 2724 1684 Quia
2741 1613 3032 1685 projecisti
3059 1626 3371 1667 sermonem
3398 1608 3628 1672 Domini,

506 1706 801 1763 electorum
833 1722 942 1761 non
968 1705 1141 1761 dividi
1186 1709 1362 1775 putat,
1394 1706 1539 1777 quod
1570 1704 1731 1759 fidem
1752 1717 2098 1759 communem

509 1803 688 1851 servat
714 1813 730 1861 ;
781 1794 868 1849 vel
899 1802 1049 1851 certe
1092 1794 1385 1850 Dominum
1415 1793 1645 1849 adorare
1673 1800 1755 1848 est
1782 1792 1941 1847 subdi
1969 1791 2102 1846 reli-

505 1883 656 1955 gioni
689 1881 816 1937 fidei
835 1923 849 1951 ,
879 1890 931 1938 et
961 1882 1220 1938 custodum
1249 1881 1407 1937 bonae
1428 1881 1777 1953 operationis.
1801 1879 1941 1949 Quia
1967 1892 2105 1934 vero

511 1970 674 2027 lictos
703 1970 1008 2041 hypocritas
1030 1971 1160 2026 Saul
1182 1970 1438 2035 insinuat,
1479 1970 1747 2040 sequitur:

588 2060 770 2129 (Vers.
803 2062 915 2129 26.)
940 2061 1032 2115 Ait
1060 2059 1289 2115 Samuel
1306 2059 1380 2114 ad
1397 2056 1543 2114 Saul
1561 2076 1579 2110 :
1609 2058 1730 2114 Non
1759 2060 2111 2113 revertarte-

510 2163 661 2214 cum,
684 2150 815 2220 quia
825 2147 1117 2219 projecisti
1131 2162 1448 2203 sermonem
1465 2147 1707 2213 Domini,
1728 2150 1784 2203 et
1794 2146 2033 2218 projecit
2058 2147 2110 2201 te

513 2236 809 2301 Dominus,
840 2250 913 2290 ne
951 2235 1029 2289 sis
1057 2250 1184 2291 rex.

584 2327 675 2380 28.
693 2322 837 2392 Quid
853 2330 933 2379 est
963 2337 1115 2395 ergo,
1140 2323 1285 2395 quod
1308 2323 1575 2394 propheta
1601 2330 1820 2394 portare
1834 2330 2114 2393 peccatum

513 2411 830 2483 ptenitentis
857 2413 1003 2483 regis
1031 2412 1228 2480 renuit,
1261 2412 1363 2466 nisi
1394 2411 1517 2483 quia
1546 2412 1689 2466 hunc
1709 2426 1817 2465 non
1845 2426 1976 2466 vere
2006 2425 2115 2480 poe-

494 2500 785 2556 nitentem
817 2498 950 2555 vidit
988 2503 1011 2555 2
1040 2498 1139 2554 Cui
1169 2515 1230 2554 ea
1260 2515 1383 2571 quae
1408 2500 1557 2569 prius
1584 2498 1908 2569 abjectionis
1954 2497 2119 2552 verba

521 2586 822 2659 respondit,
842 2586 969 2659 quia
989 2603 1111 2643 eum
1143 2587 1535 2642 immutandum
1559 2588 1639 2657 (a)
1658 2586 1883 2641 minime
1910 2601 2120 2658 cogno-

520 2674 623 2732 vit.
661 2673 782 2743 Qua
801 2674 1054 2729 nimirum
1076 2675 1358 2747 pmphelm
1386 2676 1683 2731 constantia
1713 2674 1931 2747 quidam
1960 2672 2122 2729 nimis

524 2762 830 2819 clementes
860 2761 1025 2832 hujus
1053 2763 1315 2835 temporis
1342 2763 1652 2819 sacerdotes
1681 2771 2000 2836 arguuntur,
2032 2762 2122 2835 qui

524 2850 946 2908 conversatione
976 2848 1175 2905 inﬁrmi
1204 2859 1348 2919 sunt,
1381 2851 1680 2908 temeritate
1726 2851 1917 2908 fortes.
1949 2852 2020 2907 Se
2066 2866 2124 2906 se

523 2937 611 2994 vix
668 2939 953 3006 sustinent,
1003 2946 1058 2994 et
1087 2937 1352 3010 portanda
1401 2939 1669 3011 suscipere
1699 2940 1925 2995 aliorum
1956 2955 2119 2995 onera

524 3026 762 3093 audent;
822 3026 965 3083 levia
992 3043 1092 3082 sua
1143 3041 1252 3083 non
1280 3027 1479 3095 ferunt,
1513 3036 1565 3084 et
1593 3027 2030 3099 importabilibus
2060 3043 2116 3082 se

517 3114 833 3184 subjiciunt.
856 3114 993 3171 Ecce
1014 3114 1166 3170 fortis
1185 3116 1449 3187 propheta
1468 3115 1671 3188 refugit
1685 3116 1959 3187 suscipere
1978 3130 2117 3170 onus

519 3200 725 3274 regalis
756 3202 985 3273 peccati,
1017 3210 1074 3257 ut
1102 3203 1356 3259 sacerdos
1385 3203 1641 3259 Ecclesiae
1668 3204 1873 3267 timeat,
1902 3211 1955 3259 et
1983 3217 2115 3273 pec-

506 3297 768 3346 catorum
796 3289 1225 3362 importabilium
1255 3292 1495 3361 pondera
1544 3291 1721 3346 subire
1753 3292 2114 3363 pertimescat.

526 3379 853 3451 Plerumque
883 3385 1062 3433 autem
1094 3378 1172 3434 sic
1202 3379 1379 3435 aliena
1408 3387 1629 3450 peccata
1656 3380 1940 3450 suscipiat,
1974 3387 2031 3434 ut
2052 3388 2123 3434 ta-

521 3482 653 3523 men
680 3483 747 3523 ea
776 3482 900 3538 quae
928 3467 1197 3539 expianda
1224 3467 1469 3538 suscipit,
1502 3467 1630 3523 flere
1647 3484 1791 3533 eum,
1823 3484 1854 3523 a
1883 3482 1990 3539 quo
2020 3468 2124 3522 sint

524 3557 842 3622 commissa,
865 3556 1157 3626 permittat.
1182 3557 1337 3612 Unde
1357 3564 1407 3611 et
1429 3556 1649 3612 Samuel
1678 3563 1892 3626 portare
1924 3571 2123 3628 pecca-

531 3652 651 3699 tum
675 3644 827 3716 regis
845 3643 1069 3701 minime
1117 3645 1389 3715 promisit,
1417 3652 1473 3700 et
1493 3653 1671 3700 tamen
1693 3660 1836 3713 eum,
1857 3661 2023 3717 quem
2047 3660 2126 3700 re-

526 3732 666 3799 tulit,
697 3731 970 3803 abjectum
994 3732 1220 3802 planxit.
1243 3733 1385 3787 Nam
1408 3733 1476 3789 de
1502 3748 1567 3789 eo
1597 3741 1721 3804 post
1743 3748 1918 3805 pauca
1947 3733 2124 3804 scrip-

526 3828 639 3876 turn
661 3828 742 3876 est
764 3837 779 3878 :
812 3819 1076 3893 Lugebat
1097 3819 1336 3878 Samuel
1361 3822 1518 3888 Saul,
1538 3824 1806 3895 quoniam
1826 3821 2129 3877 Dominum

529 3908 1007 3982 paenitebat,qu
1017 3910 1400 3966 constituisset
1413 3925 1542 3966 eum
1556 3925 1738 3982 regem
1749 3924 1918 3982 super
1932 3908 2128 3966 Israel.

526 3998 648 4053 Non
678 3997 901 4069 quidem
930 3997 1183 4069 promisit
1220 3998 1269 4053 ei
1300 4006 1523 4069 portare
1567 4004 1851 4068 peccatum
1881 3997 2047 4069 regis,
2078 4007 2134 4053 ut

531 4101 626 4141 rex
655 4084 790 4140 illud
837 4083 965 4142 flere
995 4086 1260 4142 studeret.
1301 4085 1410 4142 Sed
1441 4093 1622 4141 tamen
1652 4101 1813 4157 quem
1870 4087 2134 4141 retulerat

512 4171 707 4241 ilebat,
729 4181 789 4229 ut
806 4173 1096 4230 Dominum
1127 4173 1175 4230 ei
1203 4174 1500 4245 propitium
1533 4174 1754 4229 faceret.
1786 4174 1867 4229 Ad
1896 4173 2131 4229 litteram

530 4276 684 4330 vero,
717 4262 846 4319 dum
875 4263 1196 4320 sententiam
1231 4263 1494 4334 propheta
1523 4263 1841 4334 ingeminat,
1867 4263 2135 4317 irrevoca-

2149 2989 2199 3052 Ο

2208 1706 2345 1774 iecit
2369 1709 2421 1760 te
2433 1704 2729 1766 Dominus,
2749 1718 2821 1757 ne
2840 1703 2918 1756 sis
2940 1716 3044 1756 rex
3062 1721 3083 1763 ,-
3114 1708 3184 1759 et.
3204 1698 3333 1769 quia
3352 1696 3545 1751 versuti
3572 1703 3623 1751 et
3648 1694 3769 1763 abji-

2212 1793 2394 1850 ciendi
2428 1796 2483 1846 et
2510 1790 2791 1846 deserendi
2820 1797 2960 1855 sunt,
2991 1788 3266 1861 sequitur:

2283 1882 2463 1953 (Vers.
2493 1881 2604 1948 2‘1.)
2637 1879 2718 1933 Et
2746 1893 3044 1935 conversus
3075 1884 3160 1932 est
3188 1875 3442 1939 Samuel,
3476 1877 3537 1928 ut
3558 1872 3739 1927 abiret.

2286 1971 2345 2024 In
2377 1985 2482 2039 qua
2509 1968 2757 2038 proiecto
2791 1966 3057 2035 majorum
3085 1965 3399 2020 decessione
3428 1962 3593 2032 magis
3618 1961 3777 2029 hypo—

2216 2060 2365 2117 critaa
2393 2058 2743 2112 amissionem
2776 2054 3087 2124 temporalis
3112 2052 3338 2108 honoris
3384 2052 3586 2115 timent,
3634 2062 3776 2117 quam

2216 2157 2429 2204 aeternas
2462 2144 2810 2200 haereditatis.
2844 2144 2995 2199 Unde
3043 2150 3095 2197 et
3140 2145 3418 2212 quiescere
3447 2139 3604 2193 etiam
3634 2136 3778 2189 dere-

2217 2236 2327 2291 lieti
2367 2250 2471 2290 non
2503 2240 2759 2303 possunt,
2793 2232 2890 2286 sed
2920 2247 2983 2286 ea
3014 2247 3137 2301 qua:
3164 2244 3329 2302 agere
3360 2244 3454 2299 per
3490 2243 3551 2281 se
3578 2240 3678 2279 non
3703 2239 3784 2277 au-

2221 2320 2374 2388 dent,
2406 2320 2696 2388 impetrare
2724 2316 2844 2371 aliis
2886 2313 3373 2371 intervenientibus
3404 2310 3631 2367 student.
3664 2308 3787 2365 Bene

2224 2419 2357 2475 ergo
2398 2402 2515 2472 subj
2525 2404 2746 2474 ungitur
2772 2421 2786 2456 :

2257 2498 2434 2569 (Vers.
2451 2499 2561 2567 27.)
2583 2496 2688 2552 Ille
2698 2499 2892 2551 autem
2905 2493 3277 2567 apprehendit
3293 2492 3674 2548 summitatem
3683 2487 3789 2559 pal-

2229 2587 2293 2643 lii
2314 2588 2452 2657 ejus,
2490 2602 2613 2656 quw
2637 2586 2810 2641 scissa
2850 2591 2959 2640 est.

2299 2679 2386 2731 29.
2419 2674 2551 2743 Quae
2579 2683 2703 2729 sunt
2733 2674 3050 2729 vestimenta
3079 2672 3341 2739 doctoris,
3364 2671 3467 2725 nisi
3498 2669 3684 2723 docere
3704 2662 3793 2717 sibi

2229 2763 2617 2819 adhcerentium
2639 2761 2975 2817 subditorum
3008 2762 3293 2832 qualitates
3314 2761 3344 2813 ‘I
3368 2760 3445 2814 De
3471 2756 3658 2828 quibus
3676 2767 3792 2823 pro-

2231 2854 2372 2909 fecto
2416 2853 2651 2907 vestibus
2679 2866 2879 2923 magno
2908 2851 3103 2922 pastori
3136 2866 3235 2921 per
3264 2850 3593 2920 prophetam
3623 2857 3794 2913 repro-

2231 2942 2491 2997 mittitur:
2530 2940 2676 2997 Vivit
2695 2942 2985 3003 Dominus,
3017 2941 3149 3013 quia
3171 2939 3258 2995 his
3277 2938 3535 2995 omnibus
3553 2935 3694 2989 velut
3713 2944 3794 2986 ve-

2227 3032 2493 3087 stimento
2524 3031 2743 3086 vestiris
2775 3031 2905 3099 (lsa.
2933 3045 3079 3096 χιιι,
3115 3029 3221 3097 18).
3256 3028 3325 3082 Et
3356 3042 3451 3097 per
3483 3021 3798 3079 Psalmistam

2226 3118 2439 3175 canitur
2462 3135 2475 3172 :
2498 3120 2763 3174 Dominus
2793 3118 3071 3189 regnavit,
3095 3116 3348 3173 decorem
3392 3113 3598 3178 induit,
3629 3107 3803 3165 induit

2228 3209 2496 3263 Dominus
2513 3206 2917 3278 fortitudinem
2939 3207 3111 3276 (Psal.
3136 3219 3305 3271 xcxu,
3336 3206 3409 3269 l).
3430 3198 3802 3270 Induitquippe

2230 3297 2501 3365 decorem,
2527 3296 2615 3366 qui
2641 3295 2707 3349 ad
2728 3294 2965 3365 seipsum
2991 3292 3302 3365 splendidas
3324 3291 3563 3346 fidelium
3592 3292 3803 3345 mentes,

2231 3384 2383 3456 quasi
2409 3384 2729 3440 vestimenta
2745 3383 3054 3453 conjunxit.
3092 3379 3220 3438 Saul
3251 3395 3385 3450 ergo
3417 3374 3675 3435 Samuelis
3700 3371 3805 3442 pal.

2234 3472 2361 3526 lium
2392 3471 2773 3542 apprehendit,
2806 3486 2929 3527 cum
2959 3468 3221 3541 superbus
3242 3467 3475 3538 quisque
3500 3472 3556 3521 et
3582 3463 3805 3532 abjectus

2233 3561 2498 3616 honorem
2516 3558 2771 3613 culminis
2801 3558 2901 3612 sibi
2933 3557 3133 3612 deferri
3177 3572 3210 3611 a
3238 3555 3467 3610 summis
3482 3553 3609 3608 viris
3637 3566 3723 3622 per
3736 3561 3807 3603 co-

2234 3650 2499 3706 haerentes
2528 3647 2633 3702 sibi
2662 3646 2890 3702 dilectos
2938 3654 2992 3701 et
3022 3646 3317 3700 familiares
3346 3642 3559 3716 querit,
3605 3647 3654 3696 et
3695 3634 3808 3706 quia

2235 3754 2338 3809 pro
2368 3738 2602 3807 reprobo
2633 3736 2985 3808 perfectorum
3015 3735 3318 3789 auditorum
3352 3732 3532 3787 nullus
3564 3729 3809 3787 obsecrat,

2240 3841 2345 3881 non
2374 3825 2620 3896 pallium,
2650 3825 2747 3880 sed
2778 3824 2925 3896 pallii
2949 3822 3398 3882 summitatem.id
3430 3828 3511 3876 est
3540 3812 3805 3874 extremita

2241 3923 2351 3970 tem
2387 3913 2810 3984 apprehendisse
2862 3912 3212 3982 perhibetur;
3263 3911 3361 3965 sed
3415 3926 3481 3965 ea
3518 3902 3817 3964 extremitas

2243 4002 2523 4069 scinditur,
2547 4002 2675 4071 quia
2699 4002 2787 4072 qui
2813 4000 3021 4055 inutilia
3041 3999 3303 4073 suggerit,
3325 3998 3664 4070 reprobatur.
3683 3991 3819 4045 Cum-

2245 4090 2389 4146 enim
2419 4091 2598 4145 minor
2625 4088 2917 4144 indiscreta
2945 4104 3146 4160 rogans
3176 4087 3479 4159 repellitur,
3513 4083 3657 4141 velut
3685 4076 3825 4134 vesti-

2244 4179 2413 4234 menti
2434 4178 2719 4233 summitas
2741 4177 2913 4233 scindi
2942 4176 3278 4246 perhibetur.
3324 4175 3488 4232 Velut
3534 4172 3680 4228 enim
3707 4179 3821 4238 pars

2248 4267 2397 4337 pallii
2425 4264 2617 4320 summi
2653 4266 2932 4336 propheta:
2963 4266 3132 4320 scissa
3160 4270 3257 4331 est,
3286 4264 3511 4333 quando
3540 4259 3675 4316 male
3702 4271 3821 4326 sug-

530 4349 704 4406 bilcm
731 4349 933 4407 divina
958 4350 1231 4423 requitatis
1260 4350 1588 4407 sententiam
1628 4357 1887 4407 monstrat
1918 4364 2026 4421 qua
2053 4349 2132 4405 sic
2159 4336 2213 4396 D
2244 4336 2455 4428 gerenti
2509 4354 2662 4408 Petro
2709 4352 3022 4424 respondit,
3074 4352 3259 4407 dicens
3292 4369 3303 4404 :
3370 4350 3510 4407 Vade
3552 4354 3700 4405 retro
3746 4358 3822 4399 me

532 4446 793 4508 peccator
810 4439 1108 4508 projicitur,
1131 4444 1189 4493 ut
1214 4438 1390 4493 redire
1424 4437 1496 4493 ad
1520 4437 1718 4495 divinae
1750 4437 2138 4495 misericordias

534 4537 759 4578 manum
788 4539 1072 4595 nunquam
1100 4524 1469 4594 permittatur.
1531 4526 1711 4581 Potest
1752 4528 1807 4580 et
1844 4524 2000 4580 aliter
2048 4525 2136 4579 in—

537 4609 734 4683 telligi,
782 4610 931 4683 quod
986 4612 1184 4667 reverti
1234 4625 1421 4667 secum
1458 4614 1805 4684 prophetam,
1863 4620 1922 4667 ut
1953 4613 2140 4669 adoret

509 4696 855 4766 .Dominum,
920 4706 1098 4772 rogat.
1155 4699 1295 4754 Nam
1334 4700 1503 4755 sancti
1560 4700 1680 4769 viri,
1713 4701 1802 4772 qui
1850 4702 2141 4757 Dominum

511 4813 522 4819 -
550 4786 832 4857 peccando
862 4802 971 4843 non
996 4788 1266 4852 deserunt,
1298 4791 1368 4844 ad
1396 4803 1517 4845 eum
1556 4804 1777 4846 necesse
1807 4805 1912 4846 non
1944 4791 2142 4846 habent

541 4882 602 4930 ut
620 4873 941 4946 paenitendo
963 4883 1315 4932 revertantur.
1348 4876 1563 4932 Reverti
1588 4877 1732 4933 enim
1752 4877 2006 4933 abeuntis
2036 4886 2138 4933 est.

548 4963 708 5035 Quod
736 4964 1000 5021 nimirum
1020 4966 1399 5036 peccatoribus
1419 4981 1519 5037 per
1536 4975 1819 5037 peccatum
1851 4983 1883 5022 a
1914 4966 2147 5023 Domino

512 5053 935 5111 -recedentibus
1008 5054 1286 5122 convenit,
1325 5054 1484 5126 justis
1532 5055 1974 5127 permanentibus
2031 5072 2141 5110 non

545 5143 825 5200 convenit.
863 5142 1006 5213 Quid
1026 5150 1108 5200 est
1138 5158 1290 5216 ergo,
1324 5144 1469 5217 quod
1500 5145 1694 5200 reverti
1727 5161 1849 5200 cum
1882 5153 2140 5214 peccante

546 5230 677 5289 Saul
700 5231 881 5302 justus
907 5233 1126 5288 Samuel
1157 5232 1372 5302 petitur,
1406 5232 1508 5287 nisi
1540 5233 1667 5305 quia
1696 5232 1851 5288 electi
1884 5232 2142 5301 praedica-

550 5326 695 5376 tores
722 5335 824 5392 pro
853 5320 1025 5393 lapsis
1051 5320 1280 5377 subditis
1310 5321 1457 5378 velut
1475 5321 1797 5394 pmnitentes
1827 5319 2142 5393 afﬂiguntur

2248 4444 2493 4505 Satana,
2513 4458 2628 4497 non
2649 4442 2803 4498 enim
2815 4442 2967 4512 sapis
2982 4457 3046 4497 ea
3059 4457 3178 4513 quia
3200 4441 3298 4495 Dei
3318 4444 3479 4507 sunt,
3499 4438 3594 4494 sed
3605 4452 3718 4510 qua
3731 4434 3820 4488 ho-

2245 4532 2467 4587 minum
2489 4532 2708 4599 (Matth.
2732 4546 2845 4594 xvr,
2866 4529 2975 4599 23).
2998 4529 3138 4584 Hinc
3158 4528 3287 4583 item
3316 4526 3586 4597 prmeipit,
3620 4526 3819 4580 dicens:

2252 4618 2321 4675 Si
2352 4636 2555 4675 manus
2580 4623 2699 4683 tua,
2735 4619 2821 4673 vel
2840 4633 2935 4690 pes
2958 4622 3061 4673 ιαμ
3080 4616 3440 4673 scandalizat
3478 4620 3549 4682 te,
3582 4607 3824 4669 abscinde

2249 4723 2398 4772 eum,
2420 4712 2475 4763 et
2489 4708 2698 4778 profice
2714 4707 2809 4763 abs
2831 4711 2885 4760 te
2906 4727 2927 4770 ,-
2947 4706 3093 4771 item,
3109 4706 3158 4760 si
3177 4706 3377 4761 oculus
3399 4711 3534 4759 tuus
3547 4697 3827 4759 scandali-

2251 4801 2343 4851 zat
2360 4799 2436 4859 te,
2452 4810 2745 4861 erueeum,
2768 4797 2824 4849 et
2844 4794 3055 4867 projice
3072 4795 3164 4850 abs
3187 4798 3239 4850 te
3265 4791 3487 4864 (Matth.
3512 4810 3565 4857 v,
3587 4791 3691 4851 30).
3715 4785 3829 4855 Qui-

2254 4885 2355 4939 bus
2377 4882 2631 4937 nimirum
2662 4882 2840 4936 verbis
2871 4898 2978 4936 non
3009 4882 3184 4936 solum
3215 4882 3499 4935 summitas
3541 4877 3707 4951 pallii,
3746 4873 3831 4930 sed

2247 4972 2412 5027 etiam
2457 4968 2637 5024 media
2680 4969 3052 5024 abscindenda
3100 4970 3498 5041 designantur:
3547 4968 3671 5041 quia
3721 4979 3831 5020 cum

2249 5059 2393 5114 male
2423 5066 2740 5129 suggerunt,
2792 5056 3015 5127 perfecti
3048 5057 3209 5112 etiam
3267 5056 3544 5112 auditores
3600 5062 3832 5111 contem-

2251 5148 2415 5201 nendi
2449 5154 2592 5201 sunt.
2625 5146 2759 5201 Ilinc
2790 5162 3022 5218 namque
3055 5154 3155 5214 est,
3193 5147 3336 5218 quod
3367 5145 3618 5201 Zebedmi
3649 5143 3737 5198 ﬁlii
3775 5140 3836 5195 si-

2250 5236 2361 5290 mul
2408 5251 2531 5291 cum
2580 5242 2754 5289 matre
2812 5251 2955 5290 unus
3002 5234 3070 5289 ad
3100 5234 3394 5300 dexteram,
3442 5234 3582 5288 alter
3611 5246 3741 5287 vero
3770 5228 3832 5284 ad

2250 5323 2518 5379 sinistram
2538 5323 2915 5394 Redemptoris
2943 5323 3133 5378 sedere
3153 5331 3343 5393 petunt
3362 5338 3375 5391 ;
3397 5321 3492 5377 sed
3517 5320 3667 5394 quasi
3683 5319 3830 5374 bona

616 5477 692 5547 (a)
715 5477 886 5536 Vatic.
913 5487 967 5536 et
993 5480 1289 5551 Gussanv.,
1309 5483 1541 5542 nomine
1569 5484 1842 5557 cognovit.
1875 5483 2040 5539 Error
2066 5492 2166 5555 est,
2201 5499 2364 5557 quem
2389 5499 2456 5541 ex
2485 5481 2654 5541 Gilot.
2699 5484 3128 5542 emendavimus.
