3996 6164
233 300 319 355 437

1120 294 1194 348 ΙΝ
1225 295 1496 352 PRIMUM
1527 296 1771 353 REGUM
1804 298 2342 355 EXPOSITIONES.
2375 330 2391 338 -
2414 330 2446 340 ~
2483 300 2606 354 LIB.
2643 299 2714 357 V.

3384 301 3490 356 438

233 422 470 495 petitionis
497 419 690 490 ignari,
711 419 1298 489 repellunturtMatlh.
1324 424 1437 489 xx).
1467 421 1620 475 Velut
1638 423 1776 475 enim
1811 424 1863 483 A
1894 431 2052 476 eunte
2080 424 2219 477 Juda
2275 425 2536 478 Dominus
2588 425 2714 480 dicit
2747 442 2758 476 :
2803 425 2962 480 Nune
2992 424 3347 489 clariﬁcatus
3395 430 3481 481 est

227 520 410 583 partem
439 511 729 580 chlamydis
759 509 1019 564 Dominus
1049 511 1225 572 scidit,
1261 525 1380 564 cum
1413 525 1478 564 ea
1512 512 1774 571 membra,

229 617 328 670 quae
355 599 976 664 movebautscandalum,
1010 598 1345 662 increpando
1375 599 1690 652 confutavit.
1716 599 1779 651 Et

227 688 485 744 uelandum
518 689 642 759 quia
673 703 778 742 non
811 696 978 740 totum
1010 687 1258 756 pallium.
1292 687 1386 740 sed
1443 703 1569 756 pars
1627 686 1777 754 pallii

222 778 450 832 scinditur
480 795 492 829 :
525 779 612 846 qui
642 778 770 830 dum
805 777 978 830 bouus
1011 777 1152 830 mala
1173 776 1415 846 suggerit
1462 777 1513 828 in
1542 791 1605 830 eo
1636 774 1776 844 quod

225 866 344 920 male
365 866 595 937 suggerit
619 865 804 934 repelli
833 864 1014 929 debet,
1047 873 1099 918 et
1129 864 1187 918 in
1210 879 1274 918 eo
1307 863 1454 934 quod
1486 863 1642 918 aliter
1682 864 1775 918 bo-

224 971 305 1008 nus
330 961 417 1017 est,
449 970 510 1006 ex
543 954 832 1008 dilectione
855 952 1087 1007 retineri.

278 1046 352 1096 30.
386 1044 480 1097 Per
510 1042 884 1096 vestimentum
941 1044 1098 1096 etEa-n
1161 1041 1386 1095 rectoris
1443 1039 1779 1095 conversatio

223 1131 519 1202 designatur,
557 1132 837 1184 Psalmis-ta
861 1140 1166 1189 attestante.
1203 1131 1293 1201 qui
1325 1131 1390 1183 ait
1417 1148 1428 1185 :
1458 1129 1781 1186 Sacerdotes

219 1222 289 1274 tui
314 1220 621 1274 indumtur
642 1222 941 1292 justitiam
961 1221 1131 1287 (Psat.
1167 1235 1366 1281 cxxxn,
1392 1223 1466 1286 8).
1491 1218 1783 1274 Summitas

216 1325 326 1380 ergo
352 1309 489 1378 pallii
513 1310 968 1378 apprehenditur,
1002 1309 1219 1377 quando
1250 1308 1440 1362 doctor
1469 1306 1535 1359 de
1583 1321 1782 1375 magna

219 1398 466 1451 sanctitate
494 1397 759 1462 laudatur,
791 1413 911 1451 cum
943 1396 1075 1450 illud
1107 1397 1161 1450 in
1193 1396 1309 1464 ejus
1329 1394 1546 1449 laudem
1563 1394 1777 1458 dicitur,

217 1485 337 1556 quod
369 1485 624 1539 decorum
681 1484 816 1539 foris
873 1484 1129 1539 ostendit.
1173 1484 1282 1536 Sed
1341 1483 1466 1551 quia
1515 1483 1780 1551 justorum

217 1573 348 1642 plura
374 1581 496 1626 sunt
526 1573 674 1627 bona
704 1589 828 1644 qum
859 1572 1042 1635 latent.
1079 1571 1223 1640 pallii
1257 1576 1463 1625 tantum
1493 1569 1780 1623 summitas

210 1662 521 1729 apprehendi
554 1669 772 1730 potest:
808 1661 932 1730 quia
963 1675 1151 1730 parum
1184 1667 1266 1712 est
1295 1657 1440 1729 quod
1494 1657 1564 1712 de
1621 1655 1780 1711 electi

1883 512 2303 576 ﬁlius/mminit:
2335 514 2518 580 (Imm.
2563 529 2682 575 xui,
2716 517 2802 573 3|)
2841 531 2854 570 ;
2911 513 3032 582 quia
3080 526 3298 569 noctem
3357 515 3482 569 vitae

1885 600 2029 653 illius
2062 600 2189 653 vidit
2237 601 2529 658 discedere.
2591 609 2644 654 et
2704 617 2887 670 puram
2933 603 3104 656 lucem
3157 603 3377 668 justitite
3407 604 3491 678 lin

1887 689 2008 742 aliis
2062 687 2342 758 discipulis
2396 704 2728 756 permanere.
2793 690 2994 744 Dicitur
3040 691 3202 744 etiam
3237 709 3249 744 :
3285 692 3482 757 Hodie,

1887 792 2012 846 quia
2039 786 2219 832 amoto
2239 777 2493 846 superbo,
2524 777 2641 848 regi
2675 777 2858 831 humili
2893 794 3116 850 regnum
3148 779 3477 836 tradebatur.

1888 865 2042 919 Unde
2073 875 2122 918 et.
2153 865 2398 918 subditur
2429 883 2442 919 ε

1957 951 2136 1016 (Vers.
2153 954 2268 1016 23.)
2289 952 2368 1005 Et
2387 953 2625 1008 tradidit
2641 954 2785 1009 illud
2803 955 3164 1024 prnzimotuo
3181 956 3397 1011 meliori
3415 961 3486 1012 te.

1959 1041 2090 1094 Cun
2122 1056 2255 1109 ergo
2287 1042 2402 1096 dies
2431 1041 2640 1108 dicitur,
2678 1057 2784 1096 non
2819 1043 3014 1111 abjecti
3049 1045 3191 1113 regis
3248 1043 3485 1098 lucidum

1888 1128 2087 1198 aliquid
2123 1131 2378 1190 cernitur,
2412 1131 2508 1185 sed
2529 1131 2805 1184 substituti
2830 1131 3002 1195 gloria
3029 1131 3373 1200 pradica'ur,
3399 1133 3492 1201 qui

1887 1220 1954 1274 de
1991 1223 2138 1289 regni
2168 1220 2402 1274 culmine
2432 1235 2641 1290 magna»
2675 1219 2882 1274 virtutis
2912 1221 3145 1274 debebat
3195 1221 3486 1290 splendore

1886 1308 2116 1361 radiare.
2180 1309 2240 1360 Et
2289 1307 2486 1363 divinze
2532 1309 2812 1362 sententiae
2892 1309 3487 1365 incemmutabilitatem

1889 1410 2136 1450 asserens
2167 1396 2368 1461 subdit,
2402 1395 2588 1451 dicens
2623 1415 2633 1448 :

1960 1485 2138 1553 (Vers.
2172 1485 2300 1553 2).)
2344 1487 2513 1540 Porro
2557 1485 2945 1556 triumphator
2993 1486 3056 1540 in
3124 1486 3301 1542 Israel
3365 1503 3482 1543 non

1887 1577 2104 1643 parcet,
2130 1576 2185 1626 et
2206 1572 2556 1640 paenitudine
2578 1588 2691 1627 non
2720 1573 3006 1641 ﬂectetur.

1960 1663 2047 1713 32.
2079 1659 2210 1728 Quis
2241 1659 2382 1714 enim
2415 1661 2578 1729 hujus
2622 1661 3032 1725 triumphatoris
3087 1662 3327 1728 nomine,
3388 1663 3491 1718 nisi

211 1748 415 1830 doctoris
436 1750 652 1830 iustitia
680 1749 945 1815 cernitur,
979 1748 1202 1802 multum
1237 1763 1366 1800 vero
1398 1747 1542 1817 quod
1593 1744 1779 1800 occul—
1818 1772 1868 1830 Β
1899 1748 2157 1802 Conditor
2183 1748 2405 1801 humani
2424 1749 2642 1820 generis
2663 1749 3045 1820 intelligendus
3075 1760 3156 1804 est
3182 1751 3209 1802 ί)
3240 1751 3379 1804 Nam
3404 1767 3495 1807 οο-

212 1844 344 1891 tatur.
377 1822 544 1889 366
581 1838 760 1906 Ipsum
803 1852 928 1892 vero
979 1851 1167 1905 parum
1216 1835 1362 1903 quod
1424 1834 1608 1897 scitur,
1657 1849 1781 1888 eum

211 1927 620 1995 apprehenditur,
651 1926 917 1980 scinditur
941 1943 954 1978 :
986 1924 1110 1995 quia
1125 1924 1259 1994 justi
1277 1922 1386 1976 suis
1399 1922 1650 1976 laudibus
1676 1938 1782 1976 non

213 2022 446 2068 tenentur.
483 2013 626 2083 Quia
658 2015 803 2068 enim
826 2030 918 2067 eas
972 2013 1029 2067 in
1082 2021 1355 2067 momento
1411 2020 1779 2077 contemnunt,

211 2104 334 2173 quasi
359 2103 595 2156 scissura
628 2102 774 2172 pallii
819 2101 984 2155 teneri
1018 2109 1306 2171 nequeunt.
1367 2101 1603 2153 Tenetur
1658 2098 1782 2169 qui-

213 2191 312 2243 dem
337 2206 450 2259 pars
475 2191 652 2245 scissa
688 2190 1014 2252 vestimenti,
1048 2189 1313 2258 propheta
1370 2203 1474 2240 non
1525 2195 1731 2241 tenetur
1765 2205 1778 2239 :

209 2279 307 2348 quia
333 2295 522 2332 verum
546 2287 647 2342 est,
685 2277 828 2348 quod
859 2278 926 2332 de
942 2278 1074 2344 justi
1107 2276 1266 2331 laude
1295 2276 1507 2340 dicitur,
1536 2282 1584 2328 et
1604 2284 1782 2329 tamen

207 2366 333 2434 justi,
362 2368 484 2421 dum
514 2375 867 2421 contemnunt
897 2367 1041 2435 quod
1086 2364 1329 2432 audiunt,
1379 2363 1532 2434 quasi
1589 2363 1782 2418 scissu-

207 2471 298 2508 ram
326 2456 374 2508 in
394 2456 632 2510 tenentis
658 2455 908 2509 manibus
938 2455 1264 2522 relinquunt.
1326 2453 1590 2521 Majorum
1645 2467 1783 2523 ergo

205 2544 306 2610 quia
333 2544 596 2614 quaedam.
616 2542 739 2598 sciri
775 2549 1019 2612 possunt,
1053 2542 1205 2613 quasi
1230 2557 1358 2609 pars
1401 2540 1778 2609 apprehendi-

201 2639 285 2684 tur.
310 2632 436 2686 Cum
467 2649 603 2687 vero
635 2637 808 2686 totum
839 2631 1003 2686 scitur
1032 2647 1062 2684 a
1093 2630 1336 2698 parvulis
1363 2628 1508 2699 quod
1565 2637 1780 2699 agetur,

201 2719 236 2772 si
261 2720 520 2789 laudatur,
554 2720 903 2775 nihilominus
928 2719 1293 2790 abjiciendum
1321 2730 1400 2776 est
1433 2741 1446 2784 ;
1508 2723 1637 2790 quia
1682 2719 1785 2772 ali-

208 2808 315 2877 quid
344 2809 614 2864 bonorum
642 2824 867 2878 operum
887 2824 987 2878 per
1014 2813 1305 2864 vanitatem
1331 2811 1620 2866 tenendum
1677 2826 1785 2864 non

203 2905 286 2948 est.
316 2897 444 2951 Hinc
472 2913 717 2966 namque
745 2900 847 2963 est,
872 2897 1015 2967 quod
1046 2897 1173 2951 dum
1197 2899 1434 2954 Joannes
1448 2901 1626 2953 adhuc
1655 2899 1785 2954 ado-

202 2982 384 3040 lescens
407 2987 868 3056 comprehensum
895 2986 1010 3055 jam
1057 2987 1345 3041 Dominum
1404 2989 1669 3056 sequitur,
1733 2995 1785 3042 et

201 3088 283 3142 per
308 3075 525 3141 pallium
557 3083 786 3140 tenetur,
819 3083 870 3128 et
895 3075 1085 3130 relicto
1135 3076 1304 3145 pallio
1354 3077 1531 3130 nudus
1581 3076 1784 3147 fugisse

1897 1837 2070 1892 cultos
2098 1837 2432 1891 adversarios
2476 1838 2780 1909 quicunque
2837 1847 3070 1907 superat,
3113 1839 3232 1906 ejus
3289 1839 3491 1905 _virtute

1891 1926 2073 1991 vineit,
2107 1925 2196 1995 qui
2237 1925 2285 1978 ei
2316 1926 2550 1994 gratiam
2578 1927 2902 1994 superanda}
2933 1926 3239 1982 tentatiouis
3268 1927 3486 2000 impen-

1889 2015 1986 2068 dit.
2021 2013 2162 2082 Quid
2193 2021 2276 2067 est
2302 2013 2451 2083 quod
2483 2014 2841 2082 triumphator
2870 2031 2976 2068 n-m
3009 2031 3040 2084 p
3060 2031 3228 2071 treere
3259 2017 3472 2083 dicitur,

1891 2119 2012 2158 cum
2047 2102 2263 2157 Samuel
2307 2110 2528 2172 rogatur
2559 2102 2586 2152 ‘?
2615 2103 2736 2170 quia
2761 2118 2882 2155 cum
2911 2103 3293 2170 praedicatores
3347 2120 3480 2175 pec-

1891 2191 2139 2246 cantibus
2169 2190 2399 2244 subditis
2431 2190 2758 2256 irascuntur,
2783 2207 2903 2245 cum
2935 2192 3202 2260 superbus
3245 2201 3336 2248 aut
3398 2193 3487 2248 lu-

1891 2280 2075 2333 bricos
2097 2278 2281 2332 divina
2313 2277 2575 2331 sententia
2606 2277 2824 2345 feriunt,
2879 2294 2987 2332 non
3046 2279 3246 2350 impetu
3288 2280 3484 2336 furoris

1893 2367 1995 2433 sui,
2028 2367 2122 2420 sed
2182 2366 2380 2420 divinae
2436 2366 2726 2420 voluntatis
2775 2366 3042 2436 judicium
3079 2377 3480 2438 exsequuntur.

1893 2455 2062 2524 Quasi
2092 2463 2235 2508 certe
2264 2455 2409 2509 dicat
2442 2471 2454 2507 :
2489 2456 2608 2523 Ego
2627 2455 2846 2524 quidem
2866 2471 2972 2508 non
2992 2471 3188 2518 meam,
3221 2455 3484 2512 sedillius

1891 2544 2214 2598 sententiam
2236 2543 2456 2612 protuli,
2490 2544 2580 2611 qui
2614 2543 2758 2613 quod
2781 2543 3124 2598 decernendo
3154 2544 3386 2612 profert,
3415 2561 3498 2600 re-

1893 2631 2071 2684 vocari
2104 2647 2212 2684 non
2241 2637 2439 2700 potest.
2479 2630 2599 2684 Non
2626 2646 2757 2700 ergo
2778 2630 2976 2700 parcit,
3022 2617 3186 2683 367
3224 2640 3277 2687 et
3317 2632 3498 2701 paeni-

1894 2719 2080 2772 tudine
2103 2735 2209 2774 non
2236 2717 2469 2772 flectitur
2499 2736 2513 2783 ;
2547 2718 2663 2772 seid
2694 2719 2770 2772 eis
2829 2720 2943 2789 qui,
3006 2735 3106 2774 nec
3160 2734 3194 2774 a
3249 2720 3492 2790 peccatis

1890 2808 2000 2862 suis
2023 2808 2291 2882 desinere,
2326 2821 2426 2860 nec
2456 2815 2798 2876 peccatorum
2831 2816 3060 2876 possunt
3087 2825 3209 2879 qua
3255 2809 3495 2882 diligunt

1892 2897 2151 2967 poenitere
2185 2915 2198 2960 ;
2232 2903 2286 2950 et
2315 2911 2532 2950 causam
2557 2895 2866 2964 subjiciens,
2900 2897 2978 2950 ait
3011 2913 3022 2948 :

1963 2986 2137 3050 (Vers.
2170 2987 2282 3054 29.)
2315 2985 2498 3056 Neque
2527 2986 2679 3039 enim
2703 2984 2863 3040 homo
2893 2990 3000 3052 est,
3035 2990 3098 3042 ut
3127 2989 3261 3057 agat
3311 2989 3491 3060 pomi-

1899 3076 2166 3128 tentiam.

202 3124 271 3142 τη
308 3124 525 3141 r~--——~-
559 3124 786 3140 -----v—»,
824 3124 1080 3130 --ηηυν
1137 3124 1299 3145 τ-ν--ν
1354 3124 1530 3130 νην-ν
1582 3124 1782 3147 --ο--ντ-

202 3161 507 3218 describitur
539 3163 712 3230 (Mare
773 3163 903 3231 xxv).
964 3164 1062 3217 Per
1114 3164 1493 3218 vestimentum
1552 3179 1791 3235 namque
1821 3124 1870 3185 Ο
1966 3162 2133 3230 Quasi
2165 3163 2308 3216 dicat
2339 3179 2350 3215 :
2386 3162 2450 3216 Et
2480 3162 2675 3216 iterum
2701 3177 2818 3217 esse
2847 3163 2896 3217 ei
2927 3171 3028 3228 est,
3063 3163 3150 3218 cui
3209 3164 3492 3220 mutabili-

202 3250 484 3306 adolescens
517 3252 751 3320 capitur,
785 3253 1000 3323 quando
1032 3253 1099 3306 de
1150 3253 1307 3307 home
1364 3253 1790 3308 conversationis

205 3336 335 3392 initio
360 3339 699 3394 collaudatur
731 3359 744 3400 ;
775 3341 873 3393 sed
904 3340 1090 3395 relicta
1117 3341 1344 3396 sindone
1368 3341 1543 3395 nudus
1596 3341 1784 3412 profu-

204 3427 284 3495 git,
311 3429 396 3496 qui
427 3429 627 3482 laudes
660 3443 798 3497 quas
829 3429 976 3482 audit
1005 3428 1305 3498 vilipendit.
1366 3429 1579 3484 Nudum
1636 3443 1787 3483 nam-

209 3515 521 3587 quet’ugere,
558 3525 642 3571 est
667 3516 999 3571 laudabilem
1029 3520 1193 3572 vitam
1217 3519 1441 3581 habere,
1471 3519 1568 3573 sed
1599 3519 1786 3573 electae

202 3603 311 3657 vita:
336 3605 558 3659 laudem
591 3605 888 3674 despicere.
922 3604 1089 3674 Quasi
1122 3607 1266 3660 enim
1298 3608 1473 3661 nudus
1505 3607 1659 3679 fugit,
1693 3610 1785 3677 qui

198 3688 251 3743 de
272 3702 452 3747 ornatu
483 3694 751 3747 virtutum
783 3693 886 3747 sibi
919 3709 1014 3763 per
1041 3711 1233 3749 vanam
1268 3695 1498 3766 gloriam
1534 3695 1783 3748 nihilas-

198 3779 347 3834 cribit.
373 3783 554 3837 Potest
586 3783 750 3836 etiam
785 3783 989 3837 idcirco
1047 3785 1222 3838 nudus
1276 3784 1483 3855 fugisse
1533 3783 1780 3854 intelligi,

199 3867 304 3935 quia
323 3871 408 3939 qui
451 3887 556 3940 per
587 3879 764 3941 partes
793 3871 1034 3925 sindonis
1080 3879 1269 3942 captus
1333 3875 1609 3939 asseritur,
1646 3872 1780 3926 reli-

195 3957 350 4024 quisse
370 3959 662 4013 sindonem
690 3960 1003 4028 perhibetur
1034 3979 1045 4022 ;
1075 3962 1203 4032 quia
1232 3961 1547 4031 plerumque
1566 3960 1618 4014 in
1643 3961 1780 4016 elec-

196 4048 345 4098 torum
374 4047 720 4102 couscientia
751 4047 944 4119 agitur,
979 4057 1035 4103 ut
1064 4064 1159 4116 per
1183 4049 1283 4104 hoc
1311 4050 1457 4120 quod
1502 4066 1569 4103 ex
1626 4056 1780 4118 parte

195 4129 481 4199 laudantur,
516 4151 627 4190 non
656 4150 778 4204 pars
809 4136 1142 4202 meritorum,
1173 4137 1268 4190 sed
1300 4153 1460 4192 omne
1478 4137 1635 4192 bonae
1655 4137 1780 4192 vitae

200 4222 429 4276 meritum
458 4222 768 4292 perdidisse
797 4224 1158 4290 suspicentur.
1199 4224 1462 4279 Samuelis
1489 4241 1624 4296 ergo
1671 4224 1782 4295 pal-

199 4305 310 4361 lium
337 4311 628 4374 scinditur,
655 4311 784 4379 quia
813 4311 1001 4367 laudes
1030 4328 1153 4366 suas
1181 4312 1336 4367 electi
1368 4313 1621 4368 doctores
1652 4313 1778 4366 vili-

188 4398 426 4462 pendunt.
460 4401 531 4455 Et
561 4399 690 4470 quia
718 4399 968 4454 laudibus
996 4416 1101 4455 non
1147 4401 1451 4468 fleetuntur,
1511 4401 1777 4456 severita-

191 4488 275 4536 tem
305 4488 506 4557 prioris
538 4487 818 4544 sententiae
849 4489 1094 4558 replicat,
1123 4489 1311 4544 dicens
1343 4506 1355 4542 :

243 4573 410 4636 (Vers.
465 4580 582 4644 28.)
621 4577 845 4633 Scindit
876 4576 1153 4633 Dominus
1189 4593 1424 4649 regnum
1467 4576 1646 4634 Israel
1695 4577 1760 4634 de

184 4667 455 4719 manutua
487 4666 670 4720 hodie.

240 4749 319 4803 3t.
353 4751 584 4806 Perfeeti
617 4754 813 4807 etenim
844 4751 969 4816 viri,
989 4753 1116 4822 quia
1132 4753 1352 4825 arigore
1365 4753 1589 4824 justitiaa
1610 4753 1762 4808 nulla

185 4835 322 4892 laude
350 4839 698 4906 mollescunt,
731 4841 864 4896 tales
892 4851 1015 4896 ante
1045 4842 1236 4914 quales
1264 4851 1390 4912 post
1418 4841 1594 4897 laudis
1649 4858 1760 4897 sua:

183 4925 530 4982 testimonium
559 4937 702 4992 sunt,
734 4936 786 4983 et
815 4946 936 5000 quae
965 4931 1117 5000 prius
1145 4930 1411 4994 dixerant,
1433 4931 1623 4986 eadem
1640 4937 1762 5001 post

188 5016 461 5081 repetendo
492 5015 831 5073 conﬁrmant.
857 5018 962 5074 Sed
984 5019 1328 5089 quaerendum
1358 5029 1458 5086 ast,
1513 5020 1640 5089 quid
1680 5020 1760 5073 si-

187 5099 382 5169 gniﬁcet
415 5104 541 5170 hoc,
573 5106 720 5176 quod
751 5107 974 5160 dicitur:
1010 5108 1197 5162 Hodie.
1223 5108 1277 5162 Si
1311 5109 1452 5162 enim
1497 5108 1760 5170 reprobo-

189 5202 288 5243 mm
316 5192 427 5246 vita
456 5208 563 5246 nox
590 5203 690 5258 est,
723 5194 848 5263 quid
879 5203 957 5249 est
978 5197 1122 5265 quod
1154 5195 1204 5250 in
1227 5196 1314 5249 die
1347 5197 1470 5250 Saul
1528 5213 1758 5267 regnum

191 5277 440 5334 scinditur
471 5282 501 5334 ?
529 5282 635 5336 Sed
659 5283 700 5335 si
733 5298 843 5337 nox
868 5292 952 5338 est
983 5286 1095 5338 vita
1125 5284 1353 5354 pastoris
1383 5285 1614 5354 reprobi,
1638 5302 1760 5338 cum

188 5364 286 5429 ejus
314 5385 548 5439 regnum
573 5370 852 5438 scinditur,
875 5372 1016 5426 diem
1047 5372 1360 5428 facit."Dies
1389 5375 1594 5443 quippe
1653 5389 1758 5428 non

190 5450 254 5516 ﬁt,
282 5457 379 5510 nisi
412 5473 538 5511 eum
560 5473 675 5514 nox
705 5460 924 5515 recedit.
957 5461 1097 5515 Dicit
1123 5477 1276 5532 ergo,
1306 5463 1490 5522 Hodie.
1521 5461 1647 5532 quia
1677 5477 1759 5516 ca-

189 5537 286 5613 ligo
313 5545 682 5602 inobedienlis
709 5549 954 5603 damnari
985 5550 1311 5621 perhibetur.
1349 5550 1502 5606 Unde
1546 5557 1599 5606 et
1655 5567 1759 5606 ex-

1901 3260 1981 3306 tas
2025 3251 2170 3305 nulla
2216 3259 2316 3306 est.
2351 3252 2535 3305 Potest
2590 3251 2756 3305 etiam
2814 3250 3222 3310 triumphatoris
3279 3254 3500 3310 nomine

1895 3340 2158 3394 substituti
2191 3339 2338 3411 regis
2363 3339 2620 3409 perfectio
2653 3339 2950 3410 designari,
2987 3341 3077 3410 qui
3116 3348 3170 3396 et
3202 3341 3497 3396 multorum

1896 3431 2289 3498 triumphorum
2309 3428 2536 3498 gloriam
2581 3427 2859 3482 habiturus
2887 3437 3019 3494 erat,
3055 3437 3110 3484 et
3154 3435 3337 3484 contra
3393 3445 3497 3484 vo-

1894 3516 2154 3571 luntatem
2212 3516 2516 3571 Conditoris
2565 3531 2790 3586 parcere
2834 3516 2991 3571 alicui
3057 3532 3166 3572 non
3249 3517 3492 3586 auderet.

1892 3605 2048 3659 Unde
2076 3613 2124 3658 et
2157 3605 2211 3658 in
2244 3607 2344 3658 hoc
2364 3604 2483 3671 ipso
2503 3604 2694 3659 eodem
2723 3604 2879 3668 libro,
2901 3605 2970 3659 de
2986 3621 3049 3660 eo
3070 3606 3333 3675 scriptum
3352 3615 3435 3660 est
3481 3625 3494 3661 :

1892 3694 1960 3747 Et
2002 3695 2355 3765 percutiebat
2394 3693 2567 3748 Dauid
2599 3709 2824 3748 omnem
2865 3697 3098 3752 terram.
3143 3711 3247 3750 nec
3306 3695 3491 3750 relin-

1891 3785 2090 3855 quebat
2111 3784 2608 3846 viventemvirum,
2632 3790 2688 3836 et
2730 3784 3031 3837 mulierem
3095 3783 3140 3847 (Ι
3162 3785 3284 3854 Reg.
3315 3800 3495 3837 xxvu.

1893 3875 1976 3938 9).
2019 3871 2095 3924 De
2120 3885 2184 3923 eo
2207 3869 2365 3923 etiam
2396 3869 2589 3923 dicitur
2621 3886 2633 3922 :
2659 3869 2841 3940 Neque
2859 3870 3014 3924 enim
3046 3869 3206 3925 homo
3261 3875 3365 3936 est,
3424 3874 3491 3925 ut

1889 3963 2022 4030 ngat
2046 3957 2475 4028 paenitentiam.
2497 3955 2641 4024 Quid
2672 3957 2816 4010 enim
2849 3958 2950 4012 hoc
2981 3957 3100 4012 loco
3159 3960 3342 4023 homo,
3387 3959 3490 4013 nisi

1892 4046 2203 4103 carnalibus
2232 4044 2574 4115 passiouibus
2603 4044 2850 4099 subditus
2878 4045 3199 4114 designatur
3225 4047 3254 4102 τ
3317 4045 3486 4114 Quasi

1887 4135 2063 4190 adhuc
2089 4133 2380 4203 superbum
2415 4132 2674 4196 mordeat,
2708 4133 2899 4188 dicens
2933 4151 2944 4188 :
2970 4135 3045 4189 Te
3076 4134 3239 4189 modo
3271 4150 3474 4203 pecca-

1884 4231 2056 4279 torum
2090 4222 2329 4291 poenitet,
2353 4237 2474 4275 cum
2491 4221 2733 4277 audaciae
2754 4229 2859 4276 tute
2875 4222 3192 4295 sententiam
3206 4222 3440 4294 percipis
3469 4239 3484 4292 ;

1885 4312 1981 4367 sed
2007 4312 2098 4366 ille
2128 4309 2496 4380 paenitentiam
2523 4325 2629 4364 non
2656 4318 2801 4382 aget,
2831 4311 2940 4380 qui,
2977 4319 3034 4364 ut
3061 4311 3223 4366 homo
3260 4318 3312 4366 et
3351 4309 3477 4367 ino-

1883 4400 2192 4467 bedientiae,
2226 4407 2278 4454 et
2307 4399 2504 4453 tumori
2534 4414 2644 4454 non
2672 4398 2934 4470 subjacet.
2977 4399 3048 4454 Et
3075 4399 3168 4456 ille
3198 4399 3377 4458 adhuc
3419 4401 3477 4457 in

1799 4475 1850 4536 D
1881 4503 1976 4544 ore
2005 4503 2101 4544 suo
2131 4487 2432 4551 comitetur,
2466 4487 2687 4542 dicens:

1947 4578 2126 4647 (Vers.
2173 4580 2237 4631 30
2251 4616 2264 4630 .
2287 4591 2297 4634 ι
2329 4577 2578 4632 Peccavi.
3241 4642 3247 4646 ἠ

1942 4666 2120 4736 Ipsius
2143 4671 2324 4719 autem
2354 4664 2712 4720 confessionis
2729 4664 3048 4736 qualitatem
3067 4666 3327 4736 ostendit,
3341 4669 3474 4742 quia

1871 4754 2173 4821 subjunxit,
2205 4751 2394 4808 dicens
2428 4772 2440 4808 :

1939 4843 2116 4912 (Vers.
2149 4843 2275 4910 30.)
2305 4841 2410 4898 Sed
2427 4859 2595 4899 mune
2614 4841 2825 4899 honora
2854 4860 2942 4900 me
2972 4861 3162 4903 coram
3218 4847 3472 4903 seniori-

1871 4933 1969 4987 bus
1999 4931 2194 5002 populi
2217 4934 2348 4994 mei,
2375 4935 2431 4986 et
2452 4946 2642 4986 coram
2666 4933 2861 4989 Israel.

1940 5024 2026 5073 33.
2053 5021 2258 5089 Liquet,
2291 5037 2453 5090 quam
2493 5021 2885 5090 paenitudinem
2923 5026 3097 5094 gerat,
3147 5023 3239 5092 qui
3297 5022 3477 5079 adhuc

1871 5109 2439 5163 honoraridesiderat.
2465 5111 2603 5163 Nam
2634 5110 2677 5163 si
2707 5111 2788 5165 sui
2821 5113 3029 5180 peccati
3056 5113 3202 5165 hunc
3216 5111 3479 5167 veraciter

1869 5198 2167 5266 pmniteret.
2204 5197 2513 5252 inhonorari
2539 5197 2712 5260 potius
2745 5215 2905 5267 quam
2947 5198 3202 5254 honorari
3268 5215 3475 5255 concu-

1866 5286 2110 5354 pivisset.
2154 5286 2422 5340 Admirari
2471 5286 2634 5356 igitur
2690 5286 2818 5340 libet
2850 5287 3073 5356 projecti
3105 5287 3282 5342 cordis
3311 5289 3470 5342 duri-

1870 5374 2022 5428 tiam.
2056 5376 2121 5430 Ut
2151 5377 2234 5428 vir
2265 5375 2364 5428 Dei
2400 5374 2710 5428 mandatum
2769 5374 3073 5429 Conditoris
3130 5391 3196 5430 ex
3252 5393 3476 5447 equens,

1869 5463 2032 5517 dicit:
2075 5464 2319 5532 Projecit
2356 5467 2410 5517 te
2453 5463 2742 5526 Dominus,
2795 5479 2865 5518 ne
2916 5464 2994 5519 sis
3035 5481 3138 5520 rex
3193 5487 3211 5519 :
3256 5476 3478 5523 econtra

1868 5567 1994 5608 vero
2013 5552 2101 5624 qui
2115 5552 2435 5621 abjeetionis
2452 5550 2771 5607 sententiam
2793 5551 3037 5624 suscipit,
3053 5569 3150 5626 per
3171 5557 3475 5629 appetitum
