3996 6164
494 260 597 319 439

1693 265 1936 325 SANCTI
1965 263 2306 322 GREGORII
2335 266 2530 320 MAGN
2536 267 2558 320 Ι

3652 276 3736 328 MO

493 386 764 456 elationis,
797 389 1032 447 honores
1061 394 1273 463 quierit.
1298 391 1438 463 Quid
1458 400 1541 449 est
1569 408 1727 465 ergo,
1758 392 1899 464 quod
1919 390 2082 446 dicit:
2114 392 2166 453 Α
2193 389 2352 460 rique
2382 389 2592 445 illorum
2623 388 2749 443 dum
2782 388 3186 460 quodammodo
3214 391 3283 446 ad
3311 407 3401 446 cor
3424 393 3647 464 redeunt,
3688 415 3740 454 se

495 479 726 535 Peccavi
756 479 787 531 Ρ
816 480 1229 537 Confessionem
1261 481 1481 555 quidem
1503 482 1715 552 peccati
1750 497 1859 537 non
1912 483 2085 535 honor

492 571 586 620 aut
613 567 811 639 gloria,
833 568 926 623 sed
954 568 1157 624 utilitas
1186 577 1241 625 et
1285 577 1630 640 contemptus
1685 569 1838 641 sequi
1895 568 2078 623 debet.

489 653 633 725 Quid
670 656 815 711 enim
844 657 1070 728 prodest
1098 656 1586 729 conﬂteriﬂagitia,
1634 658 1677 713 si
1724 656 2084 713 confessionis

442 760 449 761 ί
488 757 679 800 vocem
710 758 818 799 non
836 745 1076 816 sequitur
1102 745 1329 803 afﬂictio
1348 747 1683 817 poenitentiae
1698 746 1863 801 ‘ITria
1882 744 2085 818 quippe

488 831 543 887 in
568 847 902 905 unoquoque
917 834 1312 890 consideranda
1331 844 1455 891 sunt
1482 835 1751 891 veraciter
1762 835 2079 906 poenitente,

485 918 756 991 videlicet,
789 922 1077 978 conversio
1107 924 1325 990 mentis,
1359 924 1628 979 confessio
1648 924 1779 991 oris,
1847 931 1901 979 et
1958 922 2084 977 vin-

489 1007 631 1064 dicta
660 1009 889 1080 peccati.
927 1011 1087 1079 Nam,
1120 1012 1210 1085 qui
1241 1012 1404 1068 corde
1428 1028 1532 1068 non
1561 1011 1911 1083 convertitur,
1954 1009 2084 1081 quid

483 1098 706 1169 prodest
725 1098 856 1167 ei,si
883 1108 1109 1169 peccata
1164 1100 1483 1157 conﬁteatur
1511 1107 1539 1156 τ
1592 1103 1876 1157 Peccatum
1935 1100 2080 1170 quod

482 1184 1042 1259 diligiturconﬁtendo
1071 1189 1290 1245 minime
1319 1190 1543 1245 deletur.
1577 1188 1832 1245 Nonnulli
1852 1188 2080 1260 quidem

483 1283 609 1330 sunt
636 1274 726 1347 qui
764 1284 982 1347 peccata
1009 1278 1319 1333 confitendo
1349 1278 1618 1349 aperiunt,
1651 1277 1747 1333 sed
1775 1293 1883 1333 non
1938 1293 2074 1333 con-

480 1363 746 1419 vertendo
768 1380 1109 1438 nequaquam
1138 1365 1492 1424 detestantur.
1544 1367 1610 1421 lii
1668 1366 1917 1437 profecto
1951 1381 2078 1421 con-

480 1449 683 1509 ﬁtendo
703 1453 839 1508 nihil
880 1461 1071 1526 agunt,
1129 1454 1259 1527 quia
1314 1454 1461 1527 quod
1512 1455 1784 1527 loquendo
1834 1453 2072 1522 ejiciunt,

482 1541 717 1596 amando
747 1540 1115 1597 introducunt.
1148 1544 1305 1599 Unde
1335 1551 1389 1598 et
1404 1543 1689 1598 salubriter
1715 1542 1959 1599 conﬁteri
1983 1558 2073 1598 vo-

484 1628 720 1685 lentibus
748 1629 1030 1700 Scriptura
1056 1629 1308 1695 insinuat,
1343 1630 1525 1687 dicens
1558 1646 1571 1686 :
1615 1632 1790 1688 Corde
1818 1631 2073 1686 creditur

2191 492 2401 532 errasse
2428 476 2764 533 conﬁtentur.
2794 477 2898 546 Qui
2930 486 3107 534 tamen
3139 479 3217 536 sic
3250 480 3428 535 volunt
3476 491 3647 539 contra
3694 503 3742 542 se

2190 575 2417 637 peccata
2447 566 2710 637 proferre,
2744 575 2799 621 ut
2831 566 2995 622 velint
3025 568 3202 622 adhuc
3231 569 3301 623 de
3329 568 3494 624 oﬂicio
3509 573 3639 629 sacri
3658 590 3743 629 or--

2197 654 2342 709 diuis
2372 655 2631 710 honorari
2666 673 2681 722 ;
2716 661 2899 727 turpes
2928 656 2986 710 in
3018 665 3225 712 secreto
3248 674 3305 711 se
3334 658 3609 728 proferunt,
3664 662 3747 717 sed

2190 742 2323 799 foris
2353 752 2553 814 praeter
2579 744 2790 799 ordinis
2821 744 3197 800 celsitudinem
3227 745 3395 816 videri
3417 747 3628 804 humiles
3641 766 3749 805 eru-

2190 830 2442 886 bescunt.
2481 830 2623 900 Quid
2656 847 2788 903 ergo
2811 832 2894 887 isti
2923 833 3026 887 nisi
3052 833 3291 903 abjectos
3306 851 3364 889 se
3388 835 3577 903 vident,
3606 845 3655 893 et
3685 846 3751 893 ta.

2192 934 2317 974 men
2347 918 2486 975 velle
2516 920 2767 975 honorari
2830 922 3085 976 audent?
3142 922 3305 993 Saepe
3357 932 3526 978 autem
3581 941 3674 981 non
3725 943 3751 981 a

2191 1008 2388 1078 seipsis
2418 1009 2664 1078 veniunt,
2694 1010 2790 1064 sed
2820 1010 2973 1065 inviti
3003 1012 3637 1083 capiuntur;abjeclionis
3656 1031 3753 1070 suae

2191 1098 2445 1151 mandata
2470 1097 2790 1169 percipiunt,
2824 1108 2876 1153 et
2910 1106 3087 1154 tamen
3116 1108 3329 1170 rogant,
3363 1110 3417 1155 ut
3432 1102 3751 1156 honorantur.

2187 1184 2384 1241 Volunt
2414 1186 2613 1258 quippe
2639 1186 2922 1241 immunda
2975 1203 3157 1260 agere,
3215 1188 3309 1243 sed
3368 1188 3555 1243 audent
3610 1190 3756 1244 sacris

2187 1274 2443 1328 altaribus
2471 1275 2760 1330 inhaerere.
2829 1276 2974 1331 Ecce
3005 1284 3137 1348 quot
3192 1277 3385 1332 Saules
3441 1278 3755 1345 attendimus,

2186 1366 2318 1434 quot
2349 1379 2503 1435 reges
2532 1362 2717 1434 lapsos
2741 1380 2773 1418 a
2802 1373 3002 1421 sanctae
3016 1365 3270 1421 Ecclesiae
3300 1365 3531 1421 culmine
3544 1375 3757 1421 contem-

2185 1450 2424 1521 plamur.
2458 1451 2697 1520 Quorum
2728 1453 2975 1522 profecto
3013 1453 3252 1525 singulis
3310 1454 3593 1509 dicendum
3645 1463 3717 1508 est
3746 1471 3757 1509 :

2183 1539 2317 1609 quia
2329 1539 2656 1609 projecistis
2675 1555 2995 1596 sermonem
3018 1541 3499 1614 Domini,projecit
3517 1547 3569 1596 te
3600 1542 3763 1597 Domi.

2183 1642 2311 1693 nus,
2344 1643 2415 1682 ne
2436 1628 2514 1682 sis
2534 1643 2640 1683 rex
2670 1647 2689 1683 :
2724 1637 2779 1682 ut
2812 1628 3174 1684 ministerium
3205 1631 3425 1686 cmleste
3454 1644 3559 1685 non
3598 1637 3764 1700 agant,

482 1719 554 1774 ad
589 1718 906 1790 justitiam,
955 1734 1050 1776 ore
1107 1723 1301 1776 autem
1343 1722 1593 1791 confesso
1616 1721 1685 1790 ﬁt
1717 1719 1790 1776 ad
1824 1721 2072 1776 salutem
2104 1738 2159 1798 Β
2184 1730 2320 1785 quos
2353 1721 2567 1769 terrena
2601 1715 2801 1788 ﬂagitia
2833 1717 3114 1786 inquinare
3146 1733 3252 1772 non
3283 1725 3521 1773 cessant.
3559 1718 3656 1773 Sed
3675 1719 3768 1772 hoc

477 1808 656 1876 (Rom.
688 1822 747 1874 x,
782 1807 899 1877 10).
936 1806 1079 1877 Quid
1106 1816 1189 1864 est
1216 1808 1381 1865 corde
1411 1808 1634 1865 credere
1658 1809 1730 1864 ad
1787 1808 2073 1878 justitiam,

477 1895 583 1951 nisi
604 1894 934 1951 voluntatem
968 1896 1206 1968 dirigere
1230 1897 1298 1951 ad
1345 1896 1530 1963 ﬁdem,
1582 1912 1679 1968 per
1725 1895 2073 1953 dilectionem

479 1983 848 2055 operantem?
877 1984 1011 2038 Cum
1035 2000 1170 2057 ergo
1226 1986 1345 2056 quis
1388 1986 1571 2042 cordis
1614 1985 1958 2042 intentionem
2006 1985 2075 2042 ad

467 2071 727 2140 justitiam
759 2088 857 2143 per
889 2088 1137 2128 amorem
1169 2074 1382 2146 dirigit,
1414 2090 1514 2146 per
1541 2073 1755 2129 initium
1778 2074 1937 2131 bonae
1970 2090 2071 2132 vo-

471 2160 712 2227 luutatis,
745 2160 975 2217 fructum
1005 2161 1171 2218 habet
1199 2162 1363 2218 bonae
1393 2163 1786 2219 conversionis.
1813 2164 1909 2219 Hic
1929 2174 2074 2220 certe

467 2247 584 2320 jam
613 2249 684 2303 ad
707 2249 938 2305 salutem
986 2249 1288 2319 conﬁtetur,
1336 2251 1464 2323 quia
1512 2252 1637 2323 plus
1677 2252 1950 2323 loquendo
2006 2253 2075 2308 de

466 2338 692 2394 vulnere
721 2338 866 2408 ejicit
908 2355 1070 2409 quam
1101 2341 1453 2396 conversione
1492 2342 1837 2411 compunxit.
1894 2342 2074 2397 Tertia

463 2441 597 2497 ergo
628 2427 858 2496 species,
891 2426 944 2480 id
974 2436 1057 2481 est
1084 2428 1342 2499 vindicta,
1377 2429 1530 2500 quasi
1562 2429 1831 2485 medicina
1881 2445 2071 2485 neces-

467 2515 610 2570 saria
629 2523 711 2570 est
733 2533 747 2579 ;
782 2523 839 2570 ut
867 2523 1148 2585 apostema
1169 2526 1363 2585 reatus,
1396 2517 1539 2588 quod
1556 2518 1910 2575 conversione
1927 2534 2074 2575 com-

468 2603 747 2675 pungitur,
776 2602 1081 2659 conﬁtendo
1112 2613 1391 2677 purgetur,
1432 2606 1854 2676 afﬂictionisque
1906 2607 2073 2662 medi-

471 2691 593 2747 cina
621 2699 858 2747 sanetur.
884 2693 1028 2765 Ergo
1059 2693 1149 2763 qui
1177 2694 1342 2750 corde
1371 2695 1439 2750 ad
1461 2695 1725 2765 justitiam
1750 2711 1856 2750 non
1876 2697 2069 2763 credit,

467 2778 868 2837 confessionem
898 2781 965 2836 ad
989 2782 1220 2837 sulutem
1251 2799 1589 2856 nequaquam
1622 2784 1762 2853 facit,
1787 2785 1915 2856 quia
1930 2785 2075 2840 velut

468 2866 632 2924 malae
659 2868 871 2926 arboris
901 2868 1032 2925 folia
1060 2870 1316 2939 ostendit,
1348 2872 1505 2942 cujus
1534 2872 1669 2927 altas
1696 2873 1908 2930 radices
1952 2874 2074 2943 figit

469 2955 526 3012 in
547 2956 729 3013 corde.
763 2956 998 3031 Signum
1028 2974 1160 3031 ergo
1191 2976 1336 3016 verae
1356 2961 1712 3017 confessionis
1752 2978 1861 3018 non
1892 2971 1973 3018 est
2016 2964 2072 3016 in

471 3043 582 3100 oris
598 3044 960 3116 confessione,
984 3047 1081 3103 sed
1114 3047 1169 3103 in
1198 3048 1488 3106 afﬂictione
1521 3050 1865 3122 poenitentiae.
1915 3052 2063 3106 Tunc
2096 3090 2153 3152 ε

476 3145 718 3203 namque
746 3133 890 3190 bene
918 3150 1239 3193 conversum
1259 3146 1598 3210 peccatorem
1628 3139 1913 3208 cernimus,
1944 3157 2065 3196 cum

474 3218 642 3292 digna
665 3220 970 3279 afﬂictionis
997 3225 1302 3281 austeritate
1332 3226 1512 3282 delere
1541 3227 1746 3293 nititur,
1782 3229 1926 3300 quod
1983 3230 2070 3284 lo-

472 3309 686 3379 quando
714 3310 1019 3368 conﬁtetur.
1041 3313 1195 3369 Unde
1213 3314 1447 3369 Joannes
1464 3314 1701 3385 Baptista
1726 3320 1773 3386 3
1791 3318 1891 3386 68
1932 3316 2073 3374 male

477 3410 751 3455 converso
778 3398 996 3456 Iudaeos
1025 3400 1095 3456 ad
1124 3415 1182 3456 se
1210 3401 1541 3459 conﬂuentes
1600 3404 1907 3477 increpans,
1948 3408 2024 3463 ait
2057 3427 2068 3463 :

476 3486 779 3543 Genimiaa
808 3489 1155 3560 viperarum,
1180 3490 1304 3562 quis
1323 3493 1568 3548 ostendit
1613 3494 1759 3550 vobis
1801 3499 1997 3567 fugere
2038 3514 2071 3552 a

475 3578 720 3632 uentura
746 3577 835 3633 ira
866 3581 890 3633 ?
921 3578 1110 3635 Facite
1124 3595 1249 3650 ergo
1270 3656 1273 3657 ν
1293 3580 1490 3651 dignos
1536 3587 1762 3653 [ructus
1788 3586 2072 3657 paeniten-

481 3662 577 3717 tiae
603 3663 810 3735 Matth.
849 3681 928 3746 ιιι,
957 3668 1031 3737 7).
1082 3669 1145 3722 In
1166 3656 1334 3723 fructu
1365 3685 1519 3742 ergo,
1554 3687 1658 3727 non
1691 3672 1741 3727 in
1790 3656 1933 3730 foliis
1983 3682 2077 3730 aut

472 3750 642 3806 ramis
668 3752 983 3823 poenitentia
1002 3758 1383 3829 cognoscenda
1400 3758 1679 3829 esthuasi
1696 3762 1856 3817 arbor
1876 3764 2077 3835 quippe

475 3837 621 3896 bona
639 3842 889 3898 voluntas
918 3851 1016 3900 est.
1050 3844 1419 3903 Confessionis
1448 3864 1583 3921 ergo
1608 3850 1777 3906 verba
1799 3850 1926 3922 quid
1957 3858 2080 3906 sunt

478 3927 644 3997 aliud,
676 3929 780 3985 nisi
807 3930 937 3987 folia
965 3933 994 3985 ‘I
1023 3934 1145 3991 Non
1162 3949 1294 4008 ergo
1310 3936 1468 3992 nobis
1487 3937 1615 3993 folia
1636 3947 1854 4009 propter
1875 3941 2074 4011 seipse,

479 4016 575 4073 sed
606 4020 1073 4090 propterfructum
1132 4024 1436 4095 expetenda
1482 4031 1644 4090 sunt;
1692 4027 1822 4099 quia
1874 4028 2077 4086 idcirco

476 4121 652 4162 omnis
681 4108 948 4167 confessio
978 4116 1323 4182 peccatorum
1354 4113 1629 4186 recipitur,
1656 4125 1712 4171 ut
1742 4117 2077 4189 fructuspoc-

478 4195 716 4254 nitentia
735 4198 1114 4272 subsequatur.
1142 4200 1300 4256 Unde
1326 4210 1378 4256 et
1397 4202 1658 4259 Dominus
1679 4205 1928 4260 arborem
1943 4206 2080 4261 foliis

481 4283 757 4353 decoram,
787 4287 964 4343 fructu
994 4288 1235 4345 sterilem
1265 4290 1551 4347 maledixit
1579 4292 1768 4358 (Marc.
1804 4294 1921 4363 xi);
1952 4295 2079 4362 quia

476 4373 830 4430 confessionis
875 4385 1128 4433 ornatum
1188 4393 1296 4433 non
1329 4377 1520 4449 recipit
1548 4378 1662 4433 sine
1691 4378 1864 4436 fructu
1894 4381 2076 4437 aftlic-

2185 1803 2430 1875 profecto
2461 1806 2645 1859 dicere
2676 1820 2983 1876 possumus,
3014 1806 3233 1862 lubricis
3289 1815 3476 1862 tamen
3529 1806 3769 1861 ministris

2183 1892 2411 1947 suadere
2443 1908 2548 1948 non
2570 1909 2881 1963 possumus.
2922 1895 3061 1948 Nam
3095 1895 3222 1949 Saul
3239 1904 3290 1950 et
3309 1894 3650 1965 abjectumse
3676 1909 3768 1948 au-

2182 1980 2313 2036 divit
2345 1989 2399 2035 et
2426 1982 2672 2055 regnavit
2707 2001 2720 2048 ;
2756 1987 2879 2052 quia
2909 1983 3173 2038 immundi
3193 1985 3767 2039 sacerdotessesacer-

2187 2070 2356 2125 dotali
2387 2071 2621 2125 culmine
2653 2070 2893 2142 dejectos
2941 2087 3041 2141 per
3092 2071 3321 2127 luxuriae
3381 2071 3772 2144 inquinamenta

2183 2167 2554 2231 cognoscunt;
2588 2168 2641 2214 et
2669 2170 2847 2215 tamen
2880 2169 3068 2215 contra
3098 2159 3195 2215 Dei
3251 2161 3583 2215 voluntatem
3628 2172 3774 2213 sacra

2188 2248 2445 2319 mysteria
2479 2257 2705 2302 tractare
2737 2264 2843 2304 non
2876 2249 3143 2303 desinunt.
3176 2248 3284 2303 Sed
3318 2265 3416 2304 rex
3456 2256 3638 2303 contra
3667 2248 3772 2302 Do-

2183 2336 2315 2390 mini
2348 2336 2676 2391 voluntatem
2696 2353 3070 2408 regnans,non
3095 2344 3175 2392 est
3197 2353 3312 2398 rex,
3372 2337 3469 2391 sed
3519 2346 3767 2407 tyrannus

2185 2423 2285 2478 fuit
2319 2442 2332 2485 ;
2368 2424 2497 2495 quia
2528 2425 2785 2480 sacerdos
2820 2426 3093 2496 indiguus,
3126 2426 3213 2496 qui
3249 2425 3448 2480 merito
3479 2423 3771 2495 suminqui-

2183 2512 2418 2567 nationis
2446 2512 2721 2580 abjicitur,
2755 2529 2873 2567 cum
2890 2513 3191 2569 ministrare
3208 2514 3509 2584 praesumit,
3530 2512 3596 2566 ad
3620 2520 3769 2567 tantae

2180 2600 2369 2673 gloriae
2397 2601 2610 2655 culmen
2641 2602 2719 2671 (τι)
2749 2601 3092 2656 damnandus
3122 2603 3393 2657 ascendit.
3442 2602 3599 2659 Unde
3620 2609 3670 2656 et
3701 2609 3779 2671 ly-

2181 2705 2379 2744 rannos
2402 2694 2613 2744 tet-reue
2628 2690 2812 2744 volens
2832 2690 2954 2744 cmli
2986 2690 3074 2747 ille
3107 2706 3340 2762 magnus
3371 2702 3626 2745 senator:
3680 2689 3779 2756 Qui

2181 2778 2493 2833 manducet
2520 2794 2751 2850 panem,
2776 2778 2968 2850 inquit,
3000 2782 3055 2833 et
3093 2779 3230 2833 bibit
3282 2781 3636 2850 sanguinem
3675 2779 3778 2832 Do-

2179 2868 2325 2921 mini
2340 2867 2594 2938 indigne,
2599 2868 2883 2939 judicium
2894 2869 3000 2923 sibi
3012 2866 3345 2935 mandarat,
3367 2873 3427 2923 et
3443 2868 3580 2922 bibit
3598 2866 3644 2935 (ι
3668 2868 3780 2920 Cor.

2181 2970 2261 3022 ιιι,
2292 2956 2411 3015 27).
2434 2955 2751 3027 Plerumque
2768 2963 2949 3010 autem
2970 2956 3179 3011 instanti
3209 2956 3561 3011 confessione
3584 2953 3781 3025 agitur,

2182 3051 2239 3098 ut
2276 3041 2655 3098 conﬁtentibus
2696 3044 2763 3099 de
2786 3044 2967 3099 cordis
2995 3044 3157 3099 etiam
3208 3043 3634 3098 conversatione
3663 3057 3781 3096 cre-

2182 3130 2357 3186 datur.
2391 3131 2701 3201 Aliquando
2752 3132 3110 3203 reproborum
3169 3131 3369 3186 falsam
3432 3130 3785 3185 humilitatem

2182 3219 2337 3275 electi
2359 3219 2745 3290 praedicatores
2775 3220 3064 3292 accipiunt,
3095 3228 3151 3273 ut
3181 3219 3441 3291 exemplo
3474 3234 3664 3274 eorum
3699 3216 3786 3270 alii

2182 3307 2252 3363 ad
2280 3308 2506 3363 salutem
2535 3308 2918 3379 perducantur.
2951 3309 3074 3362 Duo
3125 3308 3330 3379 quippe
3390 3309 3448 3361 in
3507 3304 3789 3379 hypocritis

2182 3404 2502 3468 agnoscunt,
2525 3413 2691 3451 unum
2715 3396 2876 3461 intus,
2904 3397 3130 3451 alterum
3166 3396 3324 3450 foris.
3370 3397 3524 3450 Intus
3583 3394 3790 3466 quidem

2183 3501 2376 3556 purum
2414 3486 2633 3552 malum,
2666 3485 2799 3540 foris
2830 3485 3032 3539 bonum
3081 3483 3423 3539 simulatum.
3496 3485 3791 3551 Utrumque

2185 3574 2537 3641 detestantur,
2567 3573 2662 3628 sed
2694 3589 2841 3643 saepe
2863 3579 3184 3642 praetextum
3214 3573 3344 3627 boni
3379 3573 3438 3626 in
3499 3572 3582 3627 eis
3630 3572 3792 3626 simu-

2187 3663 2302 3716 lant
2338 3681 2350 3725 ;
2382 3661 2555 3732 utqui
2587 3662 2783 3716 bonum
2842 3661 2972 3717 foris
3028 3668 3256 3717 cernunt
3305 3660 3518 3715 malum
3576 3657 3793 3715 interius

2186 3750 2448 3816 nesciunt,
2482 3750 2605 3804 boni
2631 3751 2776 3818 quod
2820 3749 3089 3820 aspiciunt
3138 3751 3398 3820 exempla
3454 3753 3786 3822 sequantur.

2185 3841 2327 3896 Bene
2355 3855 2488 3911 ergo
2517 3838 2866 3907 subjunctum
2895 3847 2976 3894 est
3000 3856 3013 3893 :

2257 3939 2440 4007 (Vers.
2510 3937 2623 4009 3t.)
2671 3939 2938 3993 Reversus
2985 3952 3112 4009 ergo
3164 3937 3402 3993 Samuel
3444 3941 3682 3993 secutus
3723 3936 3804 3991 est

2191 4027 2330 4083 Saul
2350 4029 2405 4082 et
2435 4026 2693 4081 adoravit
2724 4027 2862 4082 Saul
2891 4028 3214 4082 Dominum.

2259 4119 2352 4171 35.
2389 4115 2490 4169 Per
2528 4112 2727 4168 malum
2785 4115 3005 4186 quippe,
3065 4114 3211 4185 quod
3268 4114 3525 4170 interius
3583 4110 3800 4174 latebat,

2189 4205 2355 4273 369
2386 4202 2572 4258 audire
2601 4203 2793 4259 meruit
2824 4221 2836 4256 :
2868 4203 3109 4273 Projecit
3146 4207 3201 4258 te
3239 4204 3549 4269 Dominus,
3616 4216 3688 4256 ne
3733 4200 3806 4255 si:

2187 4308 2311 4347 rex.
2346 4291 2453 4347 Sed
2484 4300 2539 4346 ut
2568 4298 2828 4362 prietextu
2851 4291 3059 4347 boniad
3081 4291 3323 4361 ejusdem
3346 4291 3489 4347 boni
3519 4289 3804 4348 veritatem

2188 4379 2325 4436 alios
2350 4381 2603 4448 traheret,
2638 4379 2857 4435 Samuel
2908 4379 3033 4435 Saul
3089 4379 3244 4450 sequi
3304 4379 3514 4447 voluit,
3578 4387 3633 4433 ct
3688 4389 3806 4430 eum

479 4456 664 4510 tionis.
698 4457 828 4514 Saul
857 4474 1009 4533 ergo,
1041 4462 1131 4533 qui
1159 4448 1522 4518 conﬁteturiet
1543 4463 1792 4518 honorari
1811 4465 1941 4535 vult,
1967 4482 2073 4523 non
2106 4448 2156 4506 D
2186 4469 2425 4524 adorare
2458 4467 2743 4523 Dominum
2776 4467 2929 4523 vidit.
2963 4448 3306 4539 Quandoque
3326 4468 3503 4522 etiam
3540 4466 3689 4521 mala
3720 4477 3809 4518 re-

482 4543 656 4617 aﬂligi
683 4552 738 4601 et
766 4547 1056 4617 humiliari,
1098 4550 1226 4620 quid
1255 4550 1522 4623 designat,
1567 4550 1670 4606 nisi
1702 4567 1796 4609 eos
1823 4555 1914 4624 qui
1936 4571 2074 4611 con-

480 4631 771 4689 fessionem
800 4635 1035 4691 sterilem
1065 4638 1282 4707 habent,
1315 4645 1369 4694 et
1400 4638 1629 4695 fructum
1673 4656 1781 4696 non
1821 4644 2020 4699 habent
2056 4659 2071 4715 ;

484 4720 583 4793 qui
610 4722 867 4780 decorem
895 4723 1254 4782 confessionis
1292 4727 1472 4792 verbis
1516 4728 1813 4785 humilibus
1867 4733 2075 4802 praefe-

477 4819 623 4878 runt,
645 4813 746 4868 sed
774 4812 1069 4869 verborum
1102 4815 1354 4882 virorem,
1387 4829 1497 4871 non
1542 4818 1839 4876 humilitate
1893 4822 2075 4893 poeni-

484 4900 684 4971 tentia,
717 4911 1013 4974 sequuntur
1030 4904 1058 4959 ?

554 4994 641 5049 34.
675 4991 784 5049 Sed
813 4992 941 5065 quid
971 4993 1223 5068 antiquos
1251 4997 1596 5066 attendimus,
1625 5015 1748 5055 cum
1780 5014 1928 5056 nunc
1954 5008 2077 5054 tan-

484 5089 593 5136 tam
621 5082 912 5155 lapsorum
944 5099 1138 5157 regum
1170 5086 1573 5142 multitudinem
1605 5088 1887 5143 videamus
1907 5089 1936 5143 ?
1967 5090 2076 5144 Ca-

483 5171 729 5228 tervatim
756 5187 989 5244 namque
1007 5187 1152 5228 nunc
1180 5173 1234 5229 in
1246 5173 1453 5248 ﬂagitia
1474 5184 1748 5244 corruunt,
1780 5192 1889 5232 non
1906 5177 2076 5232 solum

484 5259 708 5330 subjecti
728 5260 957 5325 debiles,
990 5261 1086 5317 sed
1111 5262 1275 5317 etiam
1306 5265 1510 5335 przelati
1539 5273 1593 5320 et
1619 5264 1930 5320 sacerdotes
1979 5281 2080 5320 ne-

486 5344 771 5418 gligentes.
795 5349 1025 5406 Lubrica
1047 5352 1326 5421 peccando
1357 5360 1541 5424 agunt,
1575 5352 1667 5424 qui
1699 5352 1884 5407 ordine
1915 5352 2080 5406 mini—

487 5434 632 5489 sterii
661 5438 1006 5494 sacramentis
1035 5439 1349 5496 caelestibus
1379 5440 1617 5512 deputati
1633 5447 1775 5501 sunt.
1796 5440 1905 5498 Sed
1958 5441 2081 5513 ple-

559 5556 637 5629 (a)
660 5556 849 5630 Gilot.,
880 5561 1189 5621 damnatus
1203 5562 1481 5621 ascendit.

2182 4573 2332 4629 gum,
2364 4563 2418 4611 et
2448 4564 2602 4613 terra:
2632 4555 3256 4629 magnorumtoleranda
3284 4563 3440 4621 sunt,
3475 4572 3549 4611 ne
3579 4567 3811 4623 exaspe-

2184 4646 2285 4701 rati
2316 4645 2384 4701 ad
2416 4647 2603 4716 pejora
2632 4646 2959 4700 dilabantur.
2986 4645 3134 4700 Deos
3162 4643 3369 4716 quippe
3403 4644 3668 4716 gentium
3723 4634 3814 4693 ﬁlii

2186 4733 2350 4789 Israel
2366 4749 2510 4805 saepe
2530 4734 2829 4788 coluerunt.
2848 4732 3003 4788 Unde
3027 4740 3080 4787 et
3110 4732 3180 4786 de
3197 4732 3540 4787 conversisa
3563 4728 3815 4787 Samuele

2185 4823 2428 4893 superius
2452 4822 2662 4878 dictum
2690 4829 2772 4877 est
2794 4821 3195 4877 :Abstuterunt
3216 4820 3327 4888 filii
3362 4821 3555 4875 Israel
3578 4820 3647 4875 de
3694 4830 3807 4871 me-

2186 4912 2275 4967 dio
2305 4913 2397 4967 sui
2428 4912 2647 4967 Baalim
2670 4915 2724 4967 et
2749 4909 3013 4965 Astaroth
3036 4907 3085 4976 (1
3102 4911 3227 4981 Reg.
3257 4923 3353 4975 vn,
3374 4911 3455 4977 4).
3487 4909 3557 4964 Et
3583 4908 3821 4962 fortasse

2187 5000 2233 5055 si
2269 5000 2509 5067 abjectus
2537 5016 2634 5054 rex
2664 5015 2846 5054 secum
2877 4999 2948 5053 ad
2977 4997 3313 5053 adorandum
3349 4998 3666 5052 Dominum
3722 5008 3814 5048 re-

2188 5096 2483 5145 vertentem
2519 5088 2840 5158 prophetam
2871 5101 2978 5141 non
2999 5092 3268 5148 cerneret,
3288 5084 3621 5139 daemonum
3646 5083 3819 5139 simu-

2188 5177 2337 5233 lacra
2365 5177 2635 5231 adoraret.
2672 5176 2735 5229 Et
2759 5175 2982 5245 projicit
2998 5190 3129 5243 ergo
3151 5189 3294 5239 eum,
3315 5182 3367 5226 et
3392 5189 3527 5228 cum
3543 5189 3614 5228 eo
3630 5186 3819 5227 rever-

2189 5266 2321 5320 titur
2348 5284 2361 5331 ;
2395 5266 2527 5338 quia
2549 5264 2601 5318 in
2632 5263 2945 5334 potentibus
2973 5261 3134 5331 hujus
3164 5260 3345 5316 saculi
3384 5261 3476 5318 sic
3514 5272 3606 5316 est.
3651 5260 3816 5315 dam-

2189 5352 2365 5407 nanda
2392 5353 2663 5423 iniquitas,
2681 5357 2739 5405 ut
2758 5353 2958 5407 bonum
2977 5349 3117 5421 quod
3138 5348 3345 5403 habent
3369 5349 3700 5419 exasperati
3715 5362 3822 5401 non

2187 5440 2440 5513 perdant.
2470 5439 2627 5511 Saepe
2644 5437 2788 5493 enim
2814 5436 2941 5491 mali
2961 5444 3086 5491 sunt
3122 5434 3181 5489 in
3205 5434 3453 5505 occulto,
3497 5444 3557 5491 et
3619 5435 3823 5491 bonum
