3996 6164
263 244 349 298 Hi
676 238 683 239 ί
1064 240 1138 295 ΙΝ
1179 240 1443 295 PRIMUM
1485 238 1727 296 REGUM
1769 238 2308 296 EXPOSITIONES.
2353 271 2426 282 --
2461 242 2588 297 LIB.
2630 242 2693 296 V.

3428 239 3531 292 442

264 367 392 436 quod
422 365 655 420 cernitur
683 366 771 420 alii
801 364 1361 421 devotiusimitantur.
1396 366 1540 421 Mala
1560 372 1703 420 certe
1726 381 1827 434 po-
1862 364 1916 425 A
1941 364 2207 435 plerique,
2241 366 2369 420 dum
2398 348 2661 422 convertit
2692 365 2971 435 incipiunt.
3013 368 3400 433 expavereunt.
3461 362 3529 416 Et

261 458 446 506 lentum
478 450 686 514 saeculi,
720 466 918 523 magna
945 452 1022 505 eis
1051 451 1194 505 mala
1223 460 1339 505 sunt
1367 465 1380 511 ς
1414 452 1508 505 sed
1540 450 1683 504 bona
1713 467 1835 520 quae

261 538 545 609 proferunt,
578 539 645 592 ad
676 539 984 608 exemplum
1016 539 1277 601 ﬁdelium,
1312 539 1488 610 magis
1515 556 1673 608 quam
1694 539 1835 592 bona

259 628 477 682 aliorum
509 634 748 695 prosunt.
770 628 913 682 Bene
934 642 1066 699 ergo
1088 628 1305 683 Samuel
1338 644 1457 682 cum
1477 627 1685 694 abjecto
1706 643 1834 697 rege

257 715 556 777 revertitur;
590 714 716 784 quia
748 714 908 770 electi
937 716 1341 784 praedicatores,
1376 716 1557 771 saeculi
1590 724 1836 785 potentes

259 812 304 861 et
332 818 426 874 pro
455 804 740 873 iniquitate
770 805 1093 874 percutiunt,
1149 808 1203 858 et
1240 820 1342 874 pro
1387 805 1638 874 exemplo
1696 804 1835 858 bona

252 908 402 963 agere
431 892 679 961 quaedam
712 893 915 946 sinunt.
951 893 1104 949 Unde
1134 899 1186 947 et
1217 892 1467 963 sequitur
1505 912 1516 946 :

312 980 481 1049 (Vers.
523 980 641 1048 32.)
690 980 966 1052 Dixitque
1019 979 1311 1036 Samuel:
1358 983 1628 1037 Adducite
1673 981 1835 1052 Agag

249 1085 414 1139 regem
443 1070 729 1124 Amalech.
754 1071 824 1124 Et
843 1070 1062 1125 oblatus
1083 1075 1165 1126 est
1189 1072 1239 1125 ei
1262 1072 1409 1142 Agag
1427 1070 1835 1143 pinguissimus

254 1161 507 1212 tremens.

316 1248 397 1299 36.
433 1246 615 1317 Reges
655 1247 946 1301 Dominum
978 1247 1231 1315 adorant,
1266 1247 1484 1318 quando
1512 1246 1729 1316 superbi
1785 1254 1836 1301 et

248 1338 644 1403 contemptores
673 1351 732 1390 se
762 1336 832 1389 ad
860 1336 1075 1390 Domini
1108 1336 1365 1390 mandata
1395 1336 1643 1390 facienda
1662 1335 1838 1389 humi-

248 1420 389 1475 liant.
426 1421 673 1477 Adorant
716 1423 933 1487 lubrici,
967 1425 1184 1493 quando
1218 1425 1329 1478 Deo
1357 1423 1714 1493 subjiciuntur
1740 1439 1839 1493 per

246 1510 603 1566 obedientiam
636 1511 922 1567 castitatis.
961 1512 1277 1582 Aliquando
1307 1520 1481 1566 autem
1515 1511 1749 1566 adorare
1780 1526 1837 1565 se

240 1598 514 1667 simulant;
552 1602 681 1669 quia
710 1600 957 1655 nonnulli
994 1608 1314 1670 praztextum
1364 1600 1687 1654 humilitatis
1742 1606 1834 1653 aut

1944 452 2069 523 quia
2097 454 2338 509 carnales
2364 456 2562 525 quique
2590 455 2891 524 relinquere
2922 453 3317 508 oblectamenta
3347 450 3531 505 carnis

1942 541 2097 596 solita
2126 543 2245 597 sine
2274 559 2505 598 moerore
2535 558 2641 597 non
2670 550 2919 612 possunt,
2953 540 3225 611 sequitur:

2015 630 2189 697 (Vers.
2216 634 2326 701 32.)
2344 632 2637 702 Dixitque:
2655 632 2871 686 Siccine
2883 634 3107 700 separat
3121 645 3317 683 amara
3331 644 3481 683 mors
3502 628 3531 678 1’

2015 722 2101 773 37.
2139 720 2250 773 Hoc
2280 720 2483 789 quippe
2513 720 2692 773 dicere
2723 719 2920 773 carnali
2942 717 3139 781 sensui,
3162 725 3240 771 est
3271 725 3525 785 mentem,

1945 822 2040 876 pro
2071 807 2364 863 amissione
2385 808 2674 878 voluptatis
2720 806 2911 870 solitae,
2948 806 3151 859 tristitae
3179 804 3535 858 conversione

1943 894 2177 964 pulsare.
2208 895 2347 963 Quia
2377 897 2519 950 enim
2552 911 2747 966 magna
2776 893 3145 948 amaritudinis
3203 893 3306 946 tela
3361 907 3532 960 nuper

1943 984 2187 1037 conversi
2246 986 2534 1054 patiuntur,
2597 983 2748 1053 quasi
2797 999 2913 1051 rex,
2960 982 3045 1035 cui
3093 980 3410 1045 servierant,
3462 979 3531 1033 de

1945 1081 2121 1127 morte
2152 1073 2393 1141 queritur
2426 1093 2437 1127 :
2473 1072 2595 1143 quia
2627 1074 2678 1125 in
2711 1072 2789 1127 eis
2846 1071 3135 1125 carnalitas
3161 1069 3277 1123 sine
3334 1083 3534 1139 magna

1946 1161 2291 1215 tribulatione
2324 1161 2547 1215 minime
2604 1169 2843 1215 necatur.
2904 1162 3244 1229 Interrogare
3275 1173 3406 1228 ergo
3464 1157 3532 1211 de

1943 1253 2282 1319 separatione
2310 1248 2520 1316 mortis,
2555 1247 2755 1303 carnali
2788 1249 2992 1312 sensui,
3029 1256 3109 1302 est
3130 1248 3339 1301 tristem
3357 1246 3533 1300 adhuc

1943 1338 2189 1393 conversi
2222 1347 2453 1392 mentem
2487 1339 2555 1393 de
2602 1339 2885 1407 praeteritae
2936 1335 3304 1390 delectationis
3358 1333 3530 1388 amis-

1943 1426 2093 1480 sione
2122 1426 2365 1496 pulsare.
2396 1426 2501 1481 Sed
2532 1435 2585 1480 et
2614 1426 2804 1480 modus
2833 1424 3186 1496 separationis
3214 1422 3529 1493 exquiritur,

1942 1531 2063 1567 cum
2094 1515 2222 1568 dicit
2257 1532 2268 1568 :
2302 1515 2511 1571 siccine
2538 1515 2566 1567 .9
2595 1514 2758 1582 Quasi
2783 1515 2925 1569 enim
2960 1514 3087 1566 visis
3110 1509 3531 1576 austeritatibus,

1942 1603 2139 1673 quibus
2167 1602 2448 1659 subdenda
2477 1608 2581 1671 est,
2613 1603 2756 1658 dicat
2788 1602 2951 1656 menti
3007 1600 3327 1656 sensualitas
3383 1613 3481 1652 sua
3513 1611 3527 1652 :

242 1687 490 1741 castitatis
531 1687 753 1752 habent,
777 1690 872 1743 sed
904 1688 1032 1743 dum
1066 1689 1265 1743 habere
1295 1688 1349 1743 in
1375 1689 1597 1743 veritate
1629 1688 1826 1743 bonum
1859 1714 1914 1773 Β
1946 1692 2087 1746 Lmta
2118 1706 2213 1759 pro
2256 1700 2361 1745 tam
2402 1691 2647 1746 tristibus
2684 1692 2897 1761 spernis
2922 1692 2949 1742 ‘?
2979 1691 3126 1744 Hanc
3163 1694 3307 1742 certe
3343 1701 3533 1741 vocem

242 1774 546 1840 creduntur,
577 1777 666 1831 alii
696 1793 794 1847 per
818 1778 1019 1832 bonum
1053 1779 1198 1848 quod
1227 1779 1450 1833 credunt
1475 1777 1601 1831 mali
1652 1780 1831 1846 aperis

242 1880 383 1918 usum
414 1865 673 1935 perdunt.
705 1868 863 1938 Agag
891 1882 1025 1938 ergo
1081 1883 1267 1939 regem
1326 1866 1565 1921 Samueli
1592 1866 1827 1932 tradunt,

245 1952 354 2022 quia
382 1953 757 2009 sensualitatis
785 1970 899 2009 suae
931 1955 1171 2027 vigorem
1192 1953 1501 2010 conﬁtendo
1533 1954 1826 2025 proferunt.

249 2038 460 2108 Quando
492 2041 647 2097 enim
704 2042 1027 2098 conﬁtentur
1062 2051 1283 2113 peccata
1313 2042 1556 2107 luxuriae,
1585 2059 1705 2113 quae
1736 2058 1831 2112 per

248 2129 481 2200 vigorem
514 2130 699 2186 carnis
728 2132 1132 2199 commiserunt,
1158 2133 1283 2201 quid
1302 2132 1471 2191 aliud.
1497 2147 1654 2200 quam
1677 2134 1831 2184 Ama-

248 2217 357 2271 lech
385 2235 580 2290 regem
612 2219 1042 2275 interﬁciendum
1090 2221 1365 2291 prophetis
1393 2220 1622 2274 oﬁ'eiunt
1651 2221 1678 2272 ‘l
1721 2221 1829 2274 Sed

245 2306 359 2375 quid
387 2316 465 2362 est
495 2308 647 2377 quod
682 2308 1070 2380 pinguissimus
1100 2313 1259 2381 Agag
1285 2309 1495 2375 dicitur,
1550 2309 1646 2361 sed
1700 2324 1828 2363 scn—

246 2395 495 2450 sualitatis
526 2397 694 2466 vigor
724 2398 777 2451 in
809 2398 927 2453 aliis
957 2399 1193 2470 pinguis,
1226 2398 1278 2450 in
1310 2397 1431 2451 aliis
1486 2413 1671 2451 macer
1697 2406 1772 2451 est
1802 2397 1830 2450 ?

244 2480 369 2549 Quid
403 2493 483 2538 est
518 2500 678 2557 ergo,
712 2488 857 2555 quod
888 2487 1103 2557 pinguis
1124 2486 1365 2553 oﬂ‘ertur,
1386 2487 1483 2539 nisi
1508 2486 1829 2555 quiaasub-

248 2571 359 2626 ditis
388 2574 539 2643 regis
571 2575 787 2642 reprobi
821 2574 1118 2629 ducebatur
1145 2575 1173 2627 ‘?
1207 2576 1344 2629 Nam
1376 2591 1521 2644 saepe
1550 2575 1830 2646 negligen-

248 2665 317 2713 tes
344 2670 463 2716 sunt
493 2661 700 2716 subditi
727 2677 740 2731 ;
775 2680 815 2716 se
836 2664 869 2715 d
902 2663 1029 2716 dum
1058 2663 1213 2718 electi
1256 2665 1483 2732 pastoris
1537 2663 1615 2717 sui
1639 2680 1829 2718 exem-

238 2748 315 2817 pla
342 2750 708 2819 conspiciunt,
739 2751 880 2806 inter
908 2752 1051 2806 mala
1079 2768 1199 2822 qua:
1228 2751 1429 2806 faciunt
1450 2751 1826 2824 ingemiscunt.

248 2836 335 2890 Per
361 2837 720 2910 fragilitatem
753 2839 934 2894 carnis
962 2840 1029 2894 ad
1057 2839 1422 2894 immunditias
1452 2842 1681 2903 cadunt;
1732 2842 1829 2895 sed

244 2927 467 2993 percussi
498 2928 775 2997 exemplis
803 2929 1089 2997 majorum,
1122 2929 1343 2984 omnino
1398 2929 1639 3001 gaudere
1694 2929 1831 2983 inter

235 3012 585 3069 immunditiae
617 3015 1024 3072 oblectamenta
1067 3033 1175 3072 non
1223 3025 1468 3088 possunt.
1530 3020 1589 3070 ln
1634 3016 1827 3087 quibus

235 3116 355 3171 ergo
384 3103 786 3175 pinguissimus
812 3112 892 3159 est
920 3108 1099 3177 Agag,
1134 3105 1230 3159 nisi
1265 3107 1319 3158 in
1350 3105 1454 3159 illis
1508 3106 1576 3159 de
1634 3105 1824 3174 quibus

237 3189 417 3244 dicitur
438 3209 450 3244 :
473 3193 801 3260 Lwlantur,
818 3210 946 3248 cum
964 3194 1113 3248 male
1130 3194 1393 3265 fecerint,
1411 3197 1464 3248 et
1479 3195 1748 3249 exultant
1763 3196 1824 3249 in

234 3278 382 3334 rebus
396 3281 915 3351 pessimis?(Prov.
940 3298 998 3349 ιι,
1035 3284 1145 3352 lt).
1187 3282 1425 3351 Subjecti
1457 3299 1693 3353 namque
1714 3282 1824 3335 las-

237 3367 330 3420 civi
362 3369 605 3424 doctoris
638 3377 787 3424 tanto
810 3372 1073 3426 audacius
1102 3379 1347 3441 peccant,
1400 3379 1599 3440 quanto
1643 3370 1824 3439 majo-

242 3469 345 3506 rum
384 3472 612 3511 suorum
654 3456 802 3511 nulla
843 3471 1025 3512 coram
1081 3458 1257 3527 posita
1312 3457 1511 3511 habent
1554 3458 1825 3526 exempla,

240 3556 344 3609 quae
382 3542 634 3598 videant.
686 3543 793 3598 Sed
836 3545 993 3599 valde
1032 3544 1333 3599 dementius
1370 3561 1427 3599 se
1463 3544 1825 3614 prmeipitant,

236 3644 342 3682 cum
374 3631 428 3684 in
459 3631 778 3701 pastoribus
806 3631 916 3686 suis
951 3632 1169 3696 bonum,
1204 3632 1347 3702 quod
1376 3640 1668 3703 sequantur
1719 3647 1826 3686 non

240 3716 424 3783 vident,
458 3727 510 3774 et
543 3720 698 3787 cujus
728 3721 985 3790 exemplo
1022 3727 1246 3790 pereant
1280 3720 1481 3774 malum
1521 3721 1731 3775 vident.
1767 3724 1827 3775 In

238 3804 308 3858 his
333 3808 536 3878 quippe
570 3808 739 3881 Agag
766 3808 1071 3880 pinguescit
1104 3826 1115 3862 :
1140 3810 1269 3879 quia
1287 3810 1609 3880 gaudenter,
1632 3825 1825 3864 secure

235 3900 280 3946 et
299 3893 460 3951 libere
490 3896 657 3968 vigor
685 3898 863 3952 carnis
894 3897 948 3952 in
978 3896 1202 3951 luxuriae
1233 3897 1510 3963 voluptate
1557 3898 1823 3952 distendi-

237 3990 325 4047 tur,
354 3986 441 4054 qui
477 4001 581 4039 usu
612 3984 906 4053 illecebrae,
938 3986 1085 4040 nulla
1113 4001 1168 4040 re
1196 3986 1471 4052 obviante,
1521 3986 1820 4041 fraudatur.

239 4069 630 4143 Pinguissimus
683 4088 814 4145 ergo
862 4072 1265 4129 interﬁciendos
1311 4073 1549 4143 oﬂertur,
1608 4075 1824 4145 quando

240 4157 309 4212 illi
360 4169 772 4228 convertuntur,
832 4164 926 4234 qui
978 4162 1033 4216 in
1092 4163 1366 4232 voluptate
1404 4163 1628 4217 luxuriae
1665 4163 1824 4217 valde

242 4243 394 4301 laetati
424 4257 552 4303 sunt
583 4267 595 4302 :
631 4250 782 4319 quasi
814 4250 957 4304 enim
990 4250 1215 4305 traditur
1241 4266 1356 4319 rex,
1389 4252 1605 4321 quando
1635 4252 1696 4316 is,
1734 4250 1824 4321 qui

240 4337 387 4390 menti
413 4337 739 4407 imperabat,
772 4338 1002 4393 carnalis
1031 4355 1243 4406 sensus,
1281 4339 1476 4393 Christi
1522 4340 1820 4394 sacerdoti-

237 4419 327 4476 bus
352 4440 450 4493 per
478 4426 880 4481 confessionem
909 4427 1188 4482 reveletur.
1208 4427 1428 4482 Nutrice
1459 4428 1617 4482 etiam
1636 4428 1817 4498 ignem
1846 4407 1900 4468 D

234 4511 495 4584 pinguedo
525 4515 688 4569 solet.
734 4516 877 4569 Bene
907 4531 1042 4587 ergo
1073 4516 1427 4572 Amalechitaa
1471 4517 1588 4588 regi
1645 4516 1819 4570 ascri-

236 4597 367 4654 bitur
396 4620 409 4654 :
442 4602 571 4672 quia
598 4604 729 4657 dum
759 4611 997 4658 mentem
1058 4603 1431 4659 fornicationis
1458 4604 1676 4674 spiritus
1713 4605 1820 4658 ob-

235 4687 373 4751 tinet,
401 4707 510 4761 quo
542 4691 753 4745 dulcius
782 4707 846 4746 ac
875 4691 1076 4762 saepius
1108 4692 1219 4747 illic
1248 4708 1348 4761 per
1373 4701 1553 4762 turpes
1608 4693 1818 4761 cogita-

237 4775 397 4831 tiones
421 4779 682 4849 pascitur,
717 4780 781 4833 ad
797 4782 875 4850 (α)
894 4781 1408 4853 augendumignem
1439 4781 1821 4850 concupiscen-

241 4863 319 4918 tiae
346 4866 602 4923 uberiora
630 4867 733 4921 sibi
764 4868 1005 4923 fomenta
1035 4869 1364 4923 tribuuntur.
1403 4868 1665 4924 Tremens
1691 4886 1819 4925 vero

238 4955 391 5022 370
425 4956 649 5021 dicitur,
682 4956 805 5026 quia
863 4956 1091 5011 carnalis
1139 4974 1344 5020 sensus,
1379 4957 1594 5029 quando
1644 4957 1818 5028 spiri-

241 5041 473 5097 tualibns
502 5044 630 5099 viris
656 5060 758 5113 per
781 5045 1176 5101 confessionem
1210 5046 1453 5112 traditur,
1484 5046 1808 5101 inﬁrmatur.

243 5126 458 5199 Signum
488 5147 622 5203 ergo
650 5132 744 5186 dat
770 5140 1022 5198 tremens,
1072 5133 1198 5203 quia
1245 5133 1609 5188 membrorum
1656 5135 1821 5189 robur

237 5229 333 5270 non
361 5218 544 5273 habet.
579 5221 716 5274 Dum
765 5235 897 5293 ergo
953 5220 1208 5276 inﬁrmari
1248 5223 1404 5293 vigor
1457 5223 1818 5278 sensualitatis

235 5300 425 5374 incipit,
460 5307 594 5379 quid
624 5308 793 5375 aliud,
824 5324 982 5378 quam
1031 5325 1124 5362 rex
1182 5309 1643 5365 Amalecbitarum
1702 5319 1814 5365 tre-

238 5388 367 5443 mit?
397 5391 495 5446 Vel
526 5401 757 5448 tremere
785 5392 1001 5457 dicitur,
1024 5394 1150 5465 quia
1194 5393 1431 5466 rigorem
1488 5394 1813 5465 poenitentiae

292 5539 369 5611 (α)
400 5542 537 5600 Male
561 5544 617 5599 in
648 5544 818 5601 νεαρ.
849 5552 902 5600 et
932 5544 1116 5612 Guss.,
1148 5545 1215 5602 ab
1243 5546 1541 5619 agendum.

1859 3061 1909 3125 C

1942 1780 2161 1833 Samuel
2192 1782 2341 1835 audit
2377 1797 2389 1834 :
2422 1781 2550 1850 quia
2582 1786 2843 1834 tentatum
2902 1794 2995 1834 cor
3022 1777 3243 1842 subditi,
3300 1776 3529 1845 quibus-

1938 1868 2063 1922 dam
2096 1868 2308 1921 incidiis
2337 1869 2536 1923 electus
2566 1869 2890 1938 praedicator
2940 1865 3210 1939 agnoscit.
3250 1864 3359 1919 Sed
3402 1862 3530 1933 quid

1938 1956 2155 2027 prodest
2188 1972 2507 2028 agnoscere,
2541 1957 2584 2010 si
2616 1965 2798 2011 contra
2829 1957 2904 2024 id,
2935 1956 3081 2026 quod
3114 1956 3253 2008 intus
3280 1953 3334 2006 in
3366 1953 3531 2007 corde

1937 2044 2164 2109 subjecti
2197 2045 2455 2114 infremit,
2498 2045 2703 2116 aliquid
2732 2046 2851 2118 ipse
2881 2062 2989 2100 non
3038 2043 3164 2098 dicit
3193 2044 3220 2095 ἢ
3278 2042 3533 2111 Sequitur

1936 2148 2070 2206 ergo
2095 2150 2111 2188 :

2011 2223 2189 2291 (t'crs.
2229 2224 2338 2287 33.)
2367 2224 2431 2278 Et
2451 2224 2533 2278 ait
2557 2223 2784 2279 Samuel
2815 2242 2833 2275 :
2856 2222 3023 2278 Sicut
3072 2223 3213 2291 fecit
3259 2219 3527 2275 mulieres

1937 2311 2139 2383 absque
2161 2313 2350 2367 liberis
2367 2314 2595 2384 gladius
2623 2318 2774 2377 tuus,
2819 2315 2900 2367 sic
2941 2312 3143 2382 absque
3178 2308 3367 2364 liberis
3415 2310 3527 2364 erit

1937 2402 2095 2454 inter
2126 2402 2392 2455 mulieres
2421 2405 2742 2456 matertua.

2013 2493 2095 2542 38.
2132 2488 2263 2556 Quae
2290 2497 2381 2544 est
2404 2498 2577 2544 mater
2604 2489 2830 2543 carnalis
2859 2503 3064 2551 sensus,
3103 2485 3202 2541 nisi
3244 2483 3527 2556 originalis

1939 2579 2100 2646 culpa
2135 2579 2162 2630 ἰ)
2191 2576 2329 2646 Quia
2393 2579 2538 2632 enim
2579 2586 2702 2632 ante
2751 2585 3027 2646 peccatum
3094 2574 3253 2644 primi
3293 2573 3529 2628 hominis

1939 2667 2084 2720 nulla
2125 2667 2383 2721 membris
2440 2667 2610 2721 lubido
2650 2668 2840 2733 inerat,
2900 2682 3000 2720 rex
3049 2664 3377 2719 Amalechita
3424 2677 3530 2717 non

1940 2763 2075 2810 erat.
2107 2756 2238 2809 Erat
2268 2756 2468 2825 quippe
2508 2772 2696 2809 sensus
2732 2754 2923 2817 carnis,
2966 2753 3063 2808 sed
3100 2753 3270 2822 turpis
3301 2768 3366 2806 ac
3392 2750 3525 2804 libi-

1938 2843 2157 2897 dinosus
2186 2859 2294 2897 non
2323 2852 2470 2907 erat;
2504 2842 2599 2898 sed
2628 2843 2809 2898 statim
2839 2851 2895 2896 ut
2925 2842 2994 2896 ad
3041 2841 3254 2911 culpam
3311 2838 3522 2907 cecidit,

1938 2932 2197 3001 pruritum
2228 2931 2594 2985 membrorum
2623 2931 2791 2986 sensit
2821 2948 2831 2983 ε
2866 2930 2996 3001 quia
3032 2928 3381 2983 obedientem
3411 2942 3523 2980 mo-

1940 3026 2051 3073 tum
2109 3021 2287 3075 carnis
2344 3020 2542 3074 habere
2602 3035 2712 3073 non
2750 3018 2952 3088 potuit,
2994 3018 3216 3087 quando
3255 3017 3374 3086 ipse
3414 3016 3527 3068 Deo

1938 3107 2259 3163 inobediens
2287 3107 2405 3162 fuit.
2441 3108 2611 3177 Culpa
2642 3122 2775 3178 ergo
2805 3105 3086 3178 originalis
3123 3112 3298 3159 mater
3334 3111 3528 3158 contu-

1938 3196 2145 3250 meliosi
2176 3212 2368 3251 sensus
2407 3196 2584 3250 carnis
2622 3204 2765 3249 recte
2802 3193 3131 3265 intelligitur,
3168 3191 3290 3262 quia
3319 3207 3382 3246 ex
3434 3192 3531 3246 illa

1933 3285 2209 3339 nascendo
2246 3284 2446 3355 prodit,
2489 3284 2576 3353 qui
2617 3300 2736 3338 esse
2782 3282 2851 3337 ab
2902 3282 2996 3336 illa
3046 3284 3239 3351 coepit.
3285 3280 3438 3336 Unde
3475 3287 3529 3335 et

1934 3373 2222 3444 Apostolus
2259 3373 2410 3443 quasi
2448 3371 2775 3428 severissimi
2818 3371 3028 3442 tyranni
3070 3372 3249 3442 legem
3288 3368 3529 3424 carnalis

1935 3477 2123 3515 sensus
2153 3463 2465 3529 exborrens,
2500 3477 2607 3517 non
2637 3461 2811 3514 solum
2844 3460 3020 3528 ipsum
3048 3475 3255 3529 regem,
3285 3458 3380 3511 sed
3414 3472 3524 3510 ma-

1934 3554 2072 3603 trem
2102 3549 2358 3617 ostendit,
2390 3550 2576 3604 dicens
2609 3568 2621 3602 :
2654 3550 2846 3619 Itaque
2866 3549 2992 3618 jam
3045 3564 3159 3602 non
3193 3561 3286 3617 ego
3328 3560 3526 3617 operor

1933 3640 2098 3707 illud,
2113 3640 2206 3693 sed
2226 3639 2371 3710 quod
2392 3637 2676 3694 inhabitat
2697 3638 2755 3692 in
2776 3652 2865 3692 me
2894 3641 3188 3709 peccatum
3213 3638 3387 3699 (Rom.
3425 3648 3519 3701 vn,

1933 3730 2045 3796 29).
2063 3727 2343 3782 Peccatum
2364 3741 2620 3795 namque,
2646 3726 2788 3796 quod
2809 3740 2864 3779 se
2880 3741 2995 3778 non
3008 3723 3218 3792 cperari
3230 3721 3522 3792 perhibuit,

1935 3823 2136 3870 motum
2168 3816 2344 3868 carnis
2372 3815 2667 3879 intellexit;
2699 3821 2983 3882 peccatum
3014 3820 3192 3866 autem
3223 3811 3277 3864 in
3296 3826 3353 3864 se
3376 3810 3527 3864 inha-

1934 3899 2132 3957 bitans.
2165 3899 2487 3968 originalem
2528 3899 2766 3966 culpam.
2808 3896 2948 3965 Quia
2986 3911 3119 3967 ergo
3158 3911 3226 3949 ex
3272 3891 3522 3965 originali

1932 3988 2091 4057 culpa
2116 3986 2172 4039 ﬁt
2200 3993 2486 4055 peccatum
2517 3985 2772 4039 motionis
2800 3984 2997 4047 carnis,
3027 3983 3155 4036 dum
3182 3998 3368 4053 regem
3398 3997 3525 4036 car-

1930 4076 2107 4129 nalem
2131 4090 2349 4128 sensum
2373 4073 2722 4144 attendimus,
2746 4081 2977 4126 matrem
2999 4072 3117 4140 ejus
3134 4086 3255 4124 esse
3282 4071 3519 4139 primam

1931 4164 2143 4233 culpam
2177 4171 2320 4216 recte
2348 4162 2710 4217 nominamus.
2748 4160 2919 4214 Liberi
2952 4167 3129 4213 autem
3161 4157 3316 4223 hujus
3334 4157 3521 4210 matris

1931 4259 2055 4305 sunt
2085 4266 2276 4305 omnes
2306 4250 2777 4322 concupiscentiae,
2806 4256 3048 4319 peccata,
3082 4252 3133 4300 et
3162 4245 3318 4302 vitia.
3373 4244 3519 4298 Abs-

1931 4358 2035 4414 que
2064 4341 2250 4396 liberis
2279 4343 2461 4412 utique
2492 4341 2551 4395 lit
2579 4348 2767 4406 mater,
2801 4337 3018 4412 quando
3048 4337 3224 4391 omnis
3251 4351 3281 4389 a
3338 4349 3517 4400 carne,

1930 4431 2105 4486 omnis
2134 4446 2165 4485 a
2196 4438 2373 4485 mente
2398 4430 2514 4501 jam
2544 4428 2703 4499 culpa
2732 4442 3015 4482 remanere
3045 4426 3273 4481 videtur.
3293 4422 3419 4478 Sine
3446 4421 3520 4475 li-

1932 4520 2071 4573 beris
2098 4534 2333 4590 namque
2365 4527 2489 4572 tunc
2519 4524 2614 4582 est,
2647 4516 2774 4587 quia
2802 4516 2897 4571 etsi
2935 4530 2965 4570 a
2994 4530 3153 4570 carne
3205 4512 3352 4567 nulla
3403 4512 3519 4582 jam

1931 4608 2204 4678 turpitudo
2235 4616 2332 4674 est,
2366 4607 2415 4661 si
2447 4606 2591 4660 nulla
2617 4606 2734 4676 jam
2764 4612 2954 4676 regnat
2999 4601 3436 4673 concupiscentia
3464 4601 3521 4654 in

1929 4705 2129 4761 mente,
2164 4712 2392 4750 manens
2423 4702 2599 4749 tamen
2640 4696 2693 4749 in
2748 4711 2845 4748 nos
2882 4694 2977 4747 illa
3015 4693 3192 4763 culpa,
3235 4707 3374 4746 nunc
3411 4689 3517 4744 do-

1928 4784 2091 4840 ctoris
2120 4784 2316 4839 virtute
2345 4784 2496 4853 perdi
2528 4801 2637 4839 non
2667 4792 2867 4852 potest.
2907 4780 3050 4851 Quid
3079 4789 3159 4838 est
3185 4782 3348 4847 enim,
3372 4778 3517 4848 quod

1928 4874 2002 4928 ait
2031 4873 2328 4942 Apostolus
2361 4890 2374 4926 :
2407 4874 2531 4927 Jam
2561 4889 2675 4927 non
2701 4888 2794 4944 ego
2821 4888 3016 4945 aperor
3046 4870 3209 4935 illud,
3241 4868 3339 4923 sed
3377 4864 3518 4936 quod

1927 4961 2210 5016 inhabitat
2224 4963 2287 5016 in
2302 4977 2387 5016 me
2397 4962 2817 5033 peccatum?Ex
2833 4960 2922 5013 illa
2937 4959 3154 5028 quidem
3169 4958 3517 5023 culpa.quam

1927 5065 1989 5103 ex
2014 5049 2205 5103 vitiosa
2223 5058 2428 5103 naturae
2458 5059 2653 5105 nostra:
2684 5049 2870 5102 radice
2900 5045 3291 5110 contrahimus,
3338 5041 3515 5095 habe-

1926 5154 2046 5191 mus
2074 5147 2130 5190 ut
2160 5139 2437 5207 corrumpi
2458 5138 2710 5192 vitiorum
2735 5133 3073 5204 passionibus
3096 5131 3387 5185 valeamus.
3405 5129 3518 5183 Lex

1926 5242 2057 5297 ergo
2088 5226 2389 5280 inordinata
2418 5225 2782 5278 membrorum
2815 5220 3029 5290 quando
3057 5227 3257 5290 praeter
3274 5218 3516 5273 volunta-

1926 5323 2029 5369 tem
2060 5322 2303 5369 nostram
2336 5315 2792 5376 membramovet,
2812 5325 2909 5364 nos
2931 5323 3037 5363 non
3063 5310 3166 5363 hoc
3199 5323 3513 5378 operemur,

1924 5403 2019 5459 sed
2050 5404 2192 5476 quod
2225 5402 2488 5458 inhabitat
2518 5401 2572 5455 in
2601 5415 2699 5453 nos
2726 5406 3038 5468 peccatum.
3097 5398 3247 5453 Velle
3295 5397 3515 5469 quidem
