3996 6164
418 186 423 191 ’
467 230 567 289 iis

1656 236 1901 293 SANCTI
1924 235 2277 294 GREGORII
2317 239 2535 293 .llAGNI

3626 249 3716 302 ιιι

466 358 627 412 nobis
653 366 777 414 tunc
806 361 1038 431 adjacet,
1073 364 1171 417 sed
1201 362 1379 417 adhuc
1398 378 1679 434 possenon
1704 364 2045 429 invenimus;
2078 364 2132 424 Α
2164 370 2263 428 tur,
2298 364 2423 432 quia
2448 361 2663 434 quoties
2701 362 2899 432 pulsat,
2940 371 3181 419 necatur.
3232 364 3366 418 Dum
3413 381 3536 437 ergo
3583 369 3719 424 vices

467 444 734 515 liquidem
764 449 1042 514 vellemus,
1074 454 1129 505 ut
1158 453 1314 506 nobis
1344 453 1544 519 invitis,
1574 453 1778 520 aliquid
1808 454 1863 508 in
1902 454 2057 508 nobis

472 536 676 590 moveri
724 553 829 592 non
872 548 1070 608 posset.
1108 541 1169 593 Et
1214 542 1264 594 hi
1328 542 1553 596 fortasse
1590 546 1689 609 37
1716 547 1747 610 ι
1808 543 2061 611 pessimae

470 625 657 678 matris
687 635 997 695 conceptus,
1032 628 1223 697 quibus
1251 630 1409 699 culpa
1439 630 1528 684 illa
1568 632 1981 701 imprtegnatur,
2016 632 2061 684 si

471 711 526 765 in
557 720 738 784 turpes
768 724 918 769 actus
947 723 998 770 et
1022 717 1301 773 obsczenos
1330 719 1583 773 sinuntur
1627 719 1848 787 effundi,
1908 726 2056 790 qumi

472 801 620 855 nasci
665 802 1033 872 perhibentur.
1096 806 1192 859 Fili
1258 823 1389 878 ergo
1427 816 1549 862 sunt
1587 818 1784 877 motus,
1826 810 1914 881 qui
1961 827 2065 865 non

475 890 651 943 solum
683 892 997 947 naturaliter
1027 893 1169 948 intus
1196 904 1335 961 sunt,
1370 898 1464 951 sed
1496 897 1589 966 qui
1638 899 1692 951 in
1741 901 1985 969 turpibus
2014 908 2069 955 et

478 978 749 1032 obscaenis
778 982 1039 1049 operibus
1068 983 1498 1039 manifestantur.
1551 988 1718 1041 Mater
1744 1004 1883 1058 ergo
1915 993 2071 1061 Agag

476 1066 591 1121 sine
618 1066 800 1122 liberis
829 1068 906 1136 ﬁt,
941 1072 1155 1139 quando
1186 1074 1463 1143 originalis
1491 1076 1648 1145 culpa
1678 1076 1755 1132 sic
1785 1078 2066 1148 restringi—

481 1162 581 1211 tur.
606 1163 663 1209 ut
684 1157 858 1212 nullOs
879 1165 1031 1213 actus
1062 1169 1151 1215 aut
1182 1170 1360 1215 motus
1387 1163 1545 1218 edere
1573 1165 1927 1233 permittatur.
1978 1168 2069 1227 Vel

478 1241 701 1299 fortasse
728 1245 845 1301 sine
875 1246 1057 1303 liberis
1087 1248 1164 1317 ﬁt,
1199 1251 1324 1321 quia
1355 1252 1551 1306 liberos
1582 1253 1788 1309 habuit.
1840 1255 2071 1319 Quando

484 1347 614 1401 ergo
645 1343 959 1403 peccatores
989 1340 1385 1407 conversi,esse
1399 1349 1580 1410 turpes
1612 1350 1718 1396 tam
1749 1351 1892 1412 actu,
1911 1361 2071 1415 quam

482 1420 723 1490 gestibus
751 1423 979 1479 luxuria
1011 1426 1278 1495 desinunt,
1312 1429 1462 1498 quasi
1512 1438 1683 1485 mater
1721 1431 1961 1486 habitant
2017 1433 2072 1486 in

481 1509 562 1564 eis
590 1509 748 1579 culpa
774 1510 897 1566 ﬁliis
920 1514 1156 1569 orbatur.

554 1626 641 1677 39.
676 1625 739 1679 Et
768 1628 1085 1694 notandum,
1115 1630 1242 1699 quia
1264 1632 1376 1687 sine
1399 1632 1523 1687 filiis
1552 1633 1663 1688 fieri
1694 1633 1890 1689 dicitur
1905 1643 2075 1689 mater

2168 461 2407 505 motuum
2437 452 2726 507 convenire
2755 469 2860 507 non
2890 453 3159 515 sinuntur,
3182 452 3328 522 quasi
3350 454 3568 509 cadaver
3587 460 3722 529 Agag

2169 539 2221 592 in
2256 538 2423 593 frusta
2454 540 2769 594 conciditur.
2808 541 2899 594 Vel
2933 540 3158 595 fortasse
3190 541 3314 596 talis
3344 551 3421 595 est
3449 546 3591 615 Agag
3616 544 3722 616 iste,

2171 636 2229 681 ut
2258 628 2366 680 nisi
2387 629 2634 683 concisus
2666 630 2717 681 in
2751 629 2915 682 frusta
2946 630 3084 682 mori
3116 644 3222 683 non
3255 630 3440 698 possit.
3493 631 3555 686 Ut
3600 632 3726 687 enim

2173 718 2417 785 superius
2447 716 2579 783 dixi,
2613 732 2760 771 more
2790 716 2931 789 ignis
2962 716 3131 772 libido
3161 717 3519 779 succenditur;
3570 727 3636 784 et,
3686 721 3726 773 si

2173 805 2516 875 negligenter
2551 806 2929 875 exstinguitur,
2963 806 3222 875 adjacens
3262 805 3451 874 stipula
3496 806 3727 863 velociter

2174 891 2562 946 inflammatur.
2603 893 2829 963 Magnus
2868 909 3085 963 quoque
3120 893 3271 964 ignis
3314 894 3572 963 dispersus
3603 912 3732 964 saepe

2175 981 2446 1051 exstingui
2502 980 2691 1035 melius
2729 990 2919 1049 potest.
2960 983 3101 1035 Nam
3132 998 3255 1035 cum
3320 982 3374 1035 in
3409 998 3562 1036 unum
3596 984 3731 1037 multi

2177 1070 2438 1123 carbones
2482 1070 2827 1135 conveniunt,
2862 1070 3144 1140 ingentem
3188 1086 3421 1125 massam
3471 1087 3732 1138 prunarum

2180 1157 2402 1211 faciunt.
2434 1160 2514 1212 Ne
2543 1174 2675 1229 ergo
2700 1158 3053 1222 exstinguens
3077 1159 3443 1227 comburatur,
3469 1174 3733 1229 prunarum

2180 1262 2357 1299 massa
2382 1255 2503 1300 ante
2532 1248 2804 1317 sapienter
2831 1246 3175 1316 dispergitur,
3211 1250 3373 1316 372
3405 1255 3461 1302 ut
3504 1264 3595 1317 per
3632 1248 3735 1301 sin-

2178 1335 2426 1404 gulorum
2490 1335 2786 1389 carbonum
2861 1337 3025 1389 trusta
3055 1335 3316 1390 velociter
3368 1337 3735 1407 exstinguatur.

2179 1421 2323 1490 Quid
2345 1422 2490 1477 enim
2513 1424 2872 1494 cogitationes
2910 1423 3158 1488 luxurias,
3190 1423 3321 1492 quid
3348 1432 3467 1478 sunt
3495 1423 3741 1478 libidinosi

2179 1511 2422 1579 corporis
2452 1518 2650 1576 motus,
2684 1511 2783 1565 nisi
2814 1511 3081 1566 carbones
3116 1512 3257 1582 ignis
3281 1513 3313 1564 ?
3357 1511 3458 1581 Qui
3513 1511 3743 1566 nimirum

2178 1598 2222 1651 si
2251 1599 2306 1651 in
2335 1599 2500 1655 corde
2530 1608 2621 1653 aut
2650 1600 2703 1653 in
2734 1614 2896 1655 carne
2926 1600 3278 1661 conveniunt,
3309 1599 3616 1654 comburere
3648 1598 3746 1654 cito

484 1727 587 1780 per
615 1687 1096 1784 comparationem.
1133 1687 1324 1787 ‘Sicut,
1344 1720 1533 1792 inquit,
1565 1723 1689 1778 sine
1718 1724 1904 1778 liberis
1934 1726 2073 1795 fecit
2101 1714 2155 1774 Β
2185 1695 2432 1795 Ρ⁰ῗ³υ⁰ῑ’
2465 1687 2735 1787 “iulg”?
2772 1688 3233 1795 fu,Cile,nunqu.a,m_
3260 1696 3507 1795 posfufn'

482 1802 752 1858 mulieres
768 1805 993 1874 gladius
1013 1811 1165 1875 tuus,
1186 1809 1266 1863 sic
1286 1811 1394 1865 erit
1408 1812 1531 1866 sine
1553 1812 1738 1867 liberis
1757 1817 1940 1868 mater
1956 1821 2074 1870 tua.

485 1889 719 1946 Virtutes
748 1895 960 1957 mentis,
1007 1912 1070 1949 ev
1121 1897 1315 1967 quibus
1354 1898 1492 1954 bona
1529 1915 1694 1969 opera
1749 1902 2075 1971 procedunt,

487 1986 691 2034 matres
719 1990 837 2035 sunt
869 2000 881 2035 :
916 1983 1128 2053 gladius
1156 2001 1285 2041 vero
1313 1988 1471 2058 Agag
1499 1988 1727 2044 luxuriae
1756 1990 1919 2044 telum
1940 1990 2079 2045 dici-

489 2067 598 2130 tur,
632 2068 719 2138 qui
751 2070 1007 2125 nimirum
1040 2073 1290 2129 mulieres
1318 2075 1519 2146 absque
1554 2076 1741 2132 liberis
1773 2078 1919 2142 facit,
1953 2080 2081 2148 quia

490 2163 683 2210 cuncta
742 2156 879 2211 bona
936 2174 1101 2229 opera
1152 2161 1323 2217 libido
1355 2162 1619 2218 interﬁcit.
1655 2165 1749 2220 Vel
1777 2175 1923 2222 certe
1954 2184 2080 2221 mu-

493 2241 651 2297 lieres
680 2243 914 2300 ﬁdelium
949 2258 1154 2303 mentes
1184 2250 1571 2323 intelliguntur,
1592 2253 1681 2307 ﬁlii
1714 2270 1841 2309 vero
1871 2265 2081 2310 sancta-

490 2346 613 2385 rum
645 2334 902 2389 mentium
953 2337 1109 2391 bonaa
1150 2339 1524 2410 cogitationes,
1575 2341 1795 2397 virtutes
1843 2350 1894 2398 et
1941 2344 2082 2399 bona

493 2434 661 2488 opera
687 2429 827 2475 sunt.
861 2425 1020 2494 Agag
1049 2441 1179 2480 vero
1209 2427 1424 2496 gladius
1454 2437 1654 2483 matres
1670 2431 1875 2500 absque
1897 2432 2083 2486 liberis

492 2505 653 2570 fecit;
687 2510 817 2577 quia
845 2510 1131 2566 delectatio
1161 2513 1409 2583 luxurias,
1440 2516 1483 2570 si
1501 2518 1781 2589 evagineri
1794 2521 1942 2589 quasi
1964 2521 2082 2585 gla-

495 2595 617 2648 dius
644 2596 854 2665 sinitur,
887 2599 958 2653 ab
988 2601 1068 2654 eis
1111 2601 1362 2657 nimirum
1422 2620 1612 2661 omnes
1665 2607 1822 2662 bona:
1869 2608 2081 2680 cogita-

491 2682 686 2752 tiones,
720 2701 909 2741 omnes
938 2687 1174 2757 virtutes,
1207 2691 1410 2746 etbona
1428 2708 1595 2763 Opera
1616 2703 1895 2751 necantur.
1915 2700 2085 2753 Acuta

494 2772 696 2843 quippe
725 2776 893 2843 pestis
924 2778 1078 2844 hujus
1106 2778 1439 2847 deiectionis,
1471 2783 1513 2836 si
1570 2798 1603 2837 a
1651 2793 1827 2839 mente
1881 2787 2082 2856 recipi-

496 2871 596 2929 tur,
618 2864 747 2918 dum
770 2864 900 2921 libet
923 2867 1177 2921 attentius
1197 2868 1533 2924 immundum
1546 2886 1788 2937 cernere,
1823 2876 2082 2928 mundum

494 2961 547 3008 et
575 2961 819 3009 sanctum
851 2954 1089 3026 cogitare
1117 2955 1248 3010 nihil
1296 2966 1509 3027 potest;
1560 2968 1609 3014 et
1659 2962 1789 3015 dum
1837 2963 2085 3017 ardenter

494 3042 565 3095 ad
596 3042 784 3096 nefarii
814 3045 997 3114 operis
1025 3044 1388 3114 expletionem
1434 3049 1716 3117 pertrahit,
1747 3050 1959 3106 virtutis
1984 3051 2083 3105 ali-
2114 3060 2162 3125 Ο

502 3128 627 3197 quid
658 3145 821 3201 agere
848 3132 979 3185 nihil
1010 3133 1294 3202 permittit.
1329 3134 1397 3189 Et
1427 3136 1552 3205 quia
1581 3153 1681 3205 per
1706 3138 1823 3206 ejus
1853 3139 2085 3193 combu-

503 3216 735 3273 stionem
785 3218 961 3273 omnia
992 3229 1241 3290 pereunt,
1290 3237 1397 3276 non
1438 3223 1613 3277 solum
1662 3227 1821 3297 Agag
1848 3224 1962 3295 ﬁlii,
1989 3227 2084 3282 sed

496 3320 688 3362 omnes
742 3307 1029 3362 mulierum
1090 3306 1182 3361 ﬁlii
1227 3310 1575 3366 trucidantur.
1617 3312 1835 3383 Absque
1899 3314 2086 3370 liberis

498 3411 631 3467 ergo
663 3403 861 3451 matres
892 3397 1039 3463 facit,
1072 3397 1200 3465 quia
1229 3398 1521 3454 delectatio
1551 3400 1778 3456 luxuriae
1805 3401 1873 3455 ad
1922 3403 2088 3459 instar

498 3484 666 3554 gladii
697 3485 824 3538 dum
856 3483 1055 3539 fructus
1083 3485 1344 3540 mentium
1375 3487 1621 3555 percutit,
1644 3489 1861 3544 virtutis
1884 3493 2088 3563 cogita-

495 3572 671 3626 tiones
696 3580 784 3626 aut
834 3571 1018 3641 operis
1055 3572 1256 3627 bonum
1305 3574 1486 3628 vivere
1542 3591 1885 3647 nequaquam
1942 3581 2083 3635 sinit.

497 3659 649 3714 Sicut
690 3674 826 3731 ergo
872 3660 1076 3729 absque
1104 3660 1286 3716 liberis
1319 3661 1441 3716 fecit
1468 3671 1685 3726 matres.
1720 3665 1792 3718 ita
1824 3675 1875 3720 et
1914 3676 2088 3723 mater

500 3748 622 3817 ejus
649 3746 709 3801 ﬁt
736 3747 942 3816 absque
973 3748 1174 3813 liberis,
1207 3765 1325 3804 cum
1356 3750 1433 3805 sic
1463 3760 1713 3820 peccator
1737 3756 2084 3823 convertitur,

492 3843 552 3890 ut
590 3844 788 3906 praeter
815 3836 1028 3905 culpam
1061 3837 1215 3892 nobis
1244 3838 1456 3893 insitam
1488 3841 1804 3908 naturalem,
1846 3845 1918 3897 nil
1950 3861 2086 3899 con-

496 3925 666 3979 versis
695 3925 763 3979 de
792 3925 1061 3980 obscaenis
1100 3926 1374 3996 operibus,
1407 3937 1497 3983 aut
1526 3929 1761 3985 motibus
1807 3948 2088 3990 remanere

492 4012 762 4068 videatur.
796 4014 952 4070 Unde
982 4022 1033 4069 et
1064 4022 1186 4085 apte
1215 4015 1559 4089 subjungitur
1588 4033 1603 4073 :

566 4128 746 4195 (Vers.
782 4128 896 4198 33.)
931 4128 997 4182 Et
1028 4129 1089 4183 in
1118 4132 1310 4199 frusta
1357 4132 1607 4187 concidit
1661 4133 1816 4205 Agag
1861 4136 2089 4193 Samuel

488 4232 678 4274 coram
693 4217 927 4273 Domino
944 4217 1005 4271 in
1023 4216 1265 4288 Gatgalis
1277 4256 1291 4271 .

561 4333 652 4385 40.
685 4330 841 4399 Quod
881 4332 936 4386 in
974 4330 1143 4386 frusta
1180 4333 1503 4401 conciditur,
1535 4351 1631 4403 per
1661 4353 1860 4406 parvas
1913 4339 2087 4407 parti-

498 4419 653 4474 culas
689 4427 936 4474 mortuus
995 4429 1223 4475 secatur.
1288 4423 1447 4493 Agag
1501 4424 1701 4493 quippe
1740 4424 2082 4491 interﬁcitur,
2114 4411 2174 4474 Β

496 4507 715 4576 quando
746 4506 925 4560 carnis
974 4507 1137 4579 vigor
1188 4508 1543 4577 abstinentiis,
1592 4511 1814 4582 vigiliis,
1846 4530 1909 4568 ac
1936 4515 2090 4584 spiri-

502 4592 742 4648 tualibus
788 4594 1177 4650 meditionibus
1221 4596 1300 4651 sic
1342 4596 1573 4662 eliditur,
1627 4607 1684 4653 ut
1736 4600 1870 4655 nihil
1924 4603 2089 4657 lasci-

500 4697 650 4747 vum,
684 4681 817 4736 nihil
846 4682 1191 4738 lihidinosum
1231 4700 1451 4740 movere
1497 4687 1784 4742 sentiatur.
1853 4689 2089 4748 Interﬁci

500 4769 706 4842 quippe
733 4769 873 4838 ejus,
904 4778 985 4826 est
1011 4786 1229 4827 carnem
1260 4772 1492 4843 turpiter
1519 4789 1742 4830 movere
1770 4791 1877 4831 non
1902 4793 2084 4847 posse.

496 4858 604 4914 Sed
642 4856 906 4914 interfecti
944 4860 1177 4916 cadaver
1214 4862 1484 4934 integrum
1523 4869 1624 4926 est,
1686 4865 1908 4935 quando
1969 4866 2089 4936 ejus

489 4950 669 5004 motus
696 4955 959 5004 remanet.
1002 4948 1191 5003 Libido
1236 4965 1343 5005 non
1383 4958 1643 5014 remanet,
1685 4955 1901 5022 quando
1966 4955 2085 5009 solo

504 5037 749 5108 pondere
783 5046 1017 5092 mentem
1071 5046 1294 5109 gravat;
1348 5055 1469 5094 cum
1532 5040 1781 5097 videlicet
1830 5043 2092 5098 membris

495 5126 720 5198 simplex
752 5140 817 5181 ac
842 5126 1103 5181 naturalis
1156 5126 1351 5182 insidet
1392 5136 1570 5183 motus
1611 5129 1808 5197 carnis,
1841 5130 1939 5184 sed
1961 5131 2089 5185 libi-

502 5216 675 5271 dinosi
709 5215 785 5269 nil
819 5215 981 5269 habet
1019 5215 1255 5269 ardoris.
1310 5217 1426 5270 Hoc
1482 5217 1653 5286 ipsum
1708 5226 1907 5282 autem,
1963 5222 2091 5289 quia

496 5306 789 5359 electorum
823 5315 1034 5359 mentes
1062 5305 1304 5376 graviter
1334 5307 1583 5369 tolerant,
1608 5308 1758 5374 quasi
1783 5308 1926 5378 regis
1949 5324 2091 5362 mor-

501 5392 576 5443 tui
605 5391 880 5459 integrum
912 5394 1146 5449 cadaver
1168 5403 1405 5463 portant.
1437 5393 1579 5463 Quid
1627 5410 1760 5449 vero
1789 5406 1889 5463 est,
1944 5396 2090 5466 quod

503 5477 559 5529 in
593 5476 756 5530 frusta
784 5482 1110 5549 conciditur,
1141 5483 1239 5537 nisi
1262 5484 1386 5554 quia
1409 5499 1507 5537 nec
1523 5484 1622 5553 ipsi
1664 5483 1893 5537 naturali
1924 5483 2092 5538 motui

489 5563 792 5636 relinquere
837 5565 1081 5637 vigorem
1123 5572 1358 5627 volunt?
1385 5574 1445 5626 In
1480 5572 1652 5627 frusta
1682 5587 1811 5643 ergo
1841 5572 2089 5628 concidi-

2184 1783 2344 1846 gatur
2371 1791 2502 1847 ergo
2532 1776 2691 1847 ignis,
2724 1777 2778 1830 in
2807 1777 2977 1830 frusta
2994 1776 3307 1831 concidatur
3332 1779 3507 1848 Agag,
3528 1784 3578 1830 et
3596 1782 3751 1831 custo-

2187 1863 2365 1918 diatur
2393 1881 2572 1931 mens,
2604 1874 2660 1919 ut
2685 1865 2993 1919 immundus
3014 1865 3372 1937 cogitationes
3391 1864 3672 1934 dispergat,
3693 1878 3753 1918 ne

2186 1969 2345 2006 unam
2370 1953 2524 2007 alteri
2555 1954 2830 2008 adhazrere
2856 1953 3147 2022 permittat.
3175 1952 3311 2021 Quia
3334 1952 3475 2008 enim
3487 1967 3644 2023 agere
3656 1966 3753 2006 non

2187 2049 2384 2111 potest,
2417 2050 2473 2095 ut
2498 2042 2715 2096 innoxia
2744 2058 3019 2113 nunquam
3049 2042 3271 2112 cogitet,
3305 2049 3434 2112 agat
3473 2039 3613 2111 quod
3664 2054 3754 2110 po-

2190 2137 2311 2194 test,
2346 2138 2405 2182 ut
2433 2129 2611 2183 statim
2643 2130 3024 2200 cogitationem
3054 2129 3256 2199 ejiciat,
3289 2145 3419 2200 quae
3446 2129 3757 2201 negligenter

2189 2218 2260 2272 ad
2291 2226 2522 2273 mentem
2553 2218 2738 2272 intrat.
2776 2218 2870 2273 Sic
2900 2218 3151 2271 nimirum
3184 2218 3335 2288 quasi
3368 2218 3547 2290 ignem
3594 2216 3758 2270 maxi-

2189 2323 2335 2360 mum
2386 2306 2442 2360 in
2487 2307 2752 2361 carbones
2801 2306 3048 2375 singulos
3080 2314 3133 2360 et
3179 2306 3442 2361 velociter
3486 2304 3684 2371 dividit,
3712 2309 3761 2357 et

2190 2396 2436 2451 celeriter
2457 2395 2771 2467 exstinguit,
2803 2395 2845 2449 si
2876 2390 3068 2449 omnes
3096 2394 3350 2450 ﬂammas
3403 2393 3763 2465 cogitationum

2192 2485 2271 2538 sic
2301 2491 2535 2553 separat,
2569 2491 2626 2538 ut
2657 2483 2913 2554 conjungi
2944 2484 2997 2536 in
3028 2492 3206 2538 mente
3233 2499 3417 2554 neque
3463 2498 3558 2553 per
3602 2478 3763 2550 negli-

2191 2573 2456 2645 gentiam,
2490 2588 2665 2643 neque
2696 2588 2794 2642 per
2827 2571 3152 2625 desiderium
3184 2571 3353 2626 sinat.
3393 2571 3482 2626 Sic
3534 2569 3767 2624 nimirum

2192 2670 2244 2716 et
2273 2669 2452 2716 motus
2482 2660 2729 2730 corporis
2752 2659 2999 2731 vigorem
3030 2660 3224 2715 mentis
3251 2658 3512 2730 reprimit,
3571 2674 3685 2713 cum
3708 2656 3769 2711 ad

2193 2750 2419 2804 invicem
2451 2748 2741 2804 convenire
2769 2750 2992 2804 minime
3019 2748 3298 2818 permittit.
3366 2749 3534 2803 Motus
3586 2746 3772 2817 quippe

2190 2838 2537 2893 illecebrosus
2566 2837 2763 2907 carnis,
2789 2838 2830 2892 si
2873 2853 2970 2907 per
2996 2837 3380 2909 cogitationem
3405 2836 3627 2892 minime
3675 2848 3769 2905 pa-

2190 2926 2377 2992 scitur,
2408 2929 2707 2982 convenire
2736 2943 2858 2981 cum
2889 2926 3061 2981 altero
3091 2942 3200 2980 non
3229 2926 3467 2980 videtur.
3510 2924 3769 2979 Glutinum

2194 3017 2395 3086 quippe
2428 3016 2874 3071 illecebrosorum
2906 3018 3171 3079 motuum,
3203 3014 3485 3069 immunda
3531 3010 3769 3085 negitatio

2194 3114 2273 3159 est
2298 3122 2309 3158 :
2335 3105 2459 3175 quia
2483 3104 2571 3175 qui
2592 3104 2823 3158 libenter
2850 3103 3129 3158 immunda
3159 3102 3327 3169 videt,
3361 3102 3540 3158 statim
3567 3114 3770 3157 carnem

2194 3195 2260 3250 ad
2292 3201 2469 3248 amata
2499 3192 2931 3263 concupiscendo
2953 3192 3212 3248 violenter
3233 3201 3459 3258 movet;
3483 3206 3588 3263 quo
3606 3190 3767 3245 liben-

2195 3285 2300 3338 tius
2329 3299 2392 3338 ac
2420 3282 2691 3343 morosius
2720 3282 2944 3354 cogitat,
2977 3282 3129 3353 quasi
3149 3282 3418 3338 carbones
3437 3279 3765 3337 carbonibus.

2195 3382 2378 3450 turpes
2399 3371 2729 3441 turpioribus
2758 3379 2934 3425 motus
2964 3370 3123 3441 ligat.
3163 3372 3369 3427 Teneat
3412 3385 3545 3443 ergo
3592 3370 3768 3424 fortem

2196 3462 2500 3516 custodiam
2532 3459 2723 3527 animi,
2758 3460 3111 3531 quipotenter
3125 3459 3573 3532 vultdispergere
3591 3456 3767 3512 fortem

2194 3550 2494 3604 custodiam
2525 3550 2708 3613 animi,
2741 3550 2833 3619 qui
2861 3556 3107 3618 potenter
3133 3547 3247 3603 vult
3292 3548 3608 3620 dispergere
3657 3559 3769 3600 mo-

2196 3647 2279 3692 tus
2307 3638 2669 3693 carnis.lntus
2692 3637 2889 3707 quippe
2920 3644 3043 3690 ante
3076 3639 3240 3708 Agag
3260 3636 3543 3701 dividitur,
3574 3642 3629 3689 nt
3655 3631 3772 3687 foris

2195 3726 2398 3797 pariter
2425 3726 2480 3778 in
2529 3726 2696 3779 frusta
2742 3724 3056 3793 dividatur;
3103 3725 3229 3795 quin
3274 3725 3365 3795 qui
3423 3721 3771 3795 cogitationes

2195 3814 2364 3869 malas
2382 3814 2673 3869 convenire
2699 3828 2806 3867 non
2837 3813 3054 3883 patitur,
3087 3813 3136 3868 ei
3163 3812 3420 3867 nimirum
3452 3821 3638 3882 turpes
3659 3823 3770 3863 mo—

2198 3912 2281 3958 tus
2310 3902 2507 3966 carnis,
2541 3901 2693 3973 quasi
2723 3902 2777 3954 in
2808 3902 2973 3956 frusta
3001 3901 3342 3956 dividuntur.
3393 3901 3486 3957 Sic
3530 3898 3773 3954 nimirum

2195 3997 2352 4064 Agag
2382 3990 2767 4062 pinguissimus
2791 3990 3072 4059 occiditur,
3105 3989 3148 4043 si
3179 3990 3233 4044 in
3264 3990 3436 4045 frusta
3475 3988 3769 4045 dividatur;

2197 4080 2321 4151 quia
2351 4095 2572 4134 sensum
2603 4077 2781 4133 carnis
2808 4093 2929 4132 cum
2960 4077 3262 4133 immundis
3292 4078 3552 4144 motibus,
3581 4090 3697 4131 cum
3726 4073 3772 4126 in

2196 4183 2444 4237 corpore,
2479 4174 2588 4221 tum
2623 4168 2676 4219 in
2703 4166 2885 4221 anima
2916 4174 3040 4222 tunc
3070 4174 3321 4236 potenter
3368 4164 3774 4237 exstinguimus,

2197 4252 2241 4307 si
2271 4251 2342 4305 ad
2368 4252 2486 4321 ejus
2516 4250 2765 4323 singulas
2790 4250 3015 4305 insidias
3042 4250 3304 4321 singulari
3325 4249 3628 4305 intentione
3656 4244 3777 4317 vigi-

2195 4340 2395 4394 lemus.
2433 4339 2587 4395 Unde
2614 4347 2664 4393 et
2692 4339 2922 4408 Sapiens
2951 4338 3040 4394 ille
3068 4338 3367 4411 diligenter
3394 4337 3670 4401 admonet,
3697 4333 3778 4387 di-

2200 4443 2326 4482 cens
2343 4444 2356 4481 :
2376 4428 2542 4483 Omni
2562 4428 2812 4484 custodia
2828 4443 2984 4483 serva
2997 4442 3094 4482 cor
3106 4430 3290 4493 tuum,
3305 4428 3440 4499 quia
3452 4442 3528 4482 ea:
3543 4428 3660 4498 ipso
3673 4423 3779 4478 vita

2199 4516 2472 4587 procedit,
2496 4519 2552 4571 et
2575 4516 2641 4571 de
2669 4518 2921 4587 neglecto
2934 4530 3083 4571 mors
3099 4517 3223 4571 exit
3243 4514 3531 4585 (Proverb.
3558 4528 3633 4579 Iv,
3661 4510 3771 4578 23).

2201 4603 2322 4658 Vita
2351 4618 2584 4672 namque
2614 4603 2876 4671 procedit,
2908 4618 3033 4659 cum
3064 4619 3159 4658 cor
3185 4612 3451 4667 servatur,
3479 4602 3622 4672 quia,
3661 4598 3780 4653 dum

2198 4691 2537 4745 immunditia
2569 4691 2745 4745 omnis
2766 4689 3063 4761 repellitur,
3103 4690 3169 4745 ad
3214 4691 3443 4746 virtutes
3492 4700 3780 4747 converso-

2199 4796 2314 4833 rum
2347 4779 2568 4849 spiritus
2597 4779 2893 4834 animatur.
2930 4780 2987 4834 In
3022 4780 3187 4834 frusta
3215 4795 3354 4851 ergo
3421 4782 3582 4851 Agag
3610 4793 3643 4833 a
3668 4789 3783 4846 pro—

2197 4869 2360 4938 pheta
2415 4868 2735 4935 conciditur,
2791 4867 3008 4939 quando
3046 4884 3144 4938 per
3179 4867 3465 4923 doctorum
3511 4865 3783 4922 consilium

2198 4956 2430 5028 singulae
2458 4956 2927 5012 immunditiarum
2958 4956 3260 5027 particulas,
3279 4964 3331 5011 et
3360 4956 3415 5010 in
3439 4970 3663 5025 corpore
3690 4967 3780 5005 au-

2199 5045 2457 5107 ditorum,
2491 5054 2543 5098 et
2582 5046 2635 5098 in
2693 5054 2872 5100 mente
2924 5045 3285 5114 perimuntur.
3343 5043 3490 5098 Bene
3538 5044 3785 5097 autemet

2201 5149 2383 5188 coram
2416 5133 2646 5187 Domino
2679 5142 2731 5186 et
2760 5133 2815 5185 in
2875 5132 3117 5201 Galgalis
3173 5132 3382 5188 concidi
3441 5130 3782 5202 perhibetur;

2202 5221 2325 5291 quia
2379 5220 2454 5273 illi
2512 5221 2767 5273 minutias
2796 5220 3238 5275 illecebrosarum
3270 5220 3686 5292 cOgitationum.
3739 5223 3788 5269 et

2201 5307 2435 5376 turpium
2468 5315 2707 5362 motuum
2735 5308 2974 5362 dividere
3027 5316 3276 5378 potenter
3326 5317 3578 5377 possunt,
3610 5306 3701 5376 qui
3741 5309 3790 5356 et

2201 5396 2270 5450 de
2299 5395 2675 5464 omnipotente
2705 5396 2839 5461 Deo,
2864 5404 2916 5450 et
2970 5395 3039 5450 de
3084 5395 3285 5451 sanctis
3314 5395 3609 5463 Scripturis
3637 5390 3784 5462 cogi-

2200 5493 2321 5539 tare
2350 5484 2627 5554 sapienter
2653 5484 2851 5539 sciunt.
2886 5484 3013 5540 Sed.
3064 5492 3117 5539 ut
3166 5484 3297 5554 dixi,
3354 5483 3612 5537 simulata
3652 5481 3786 5535 bona

2200 5573 2492 5644 malorum,
2524 5588 2673 5646 saepe
2700 5574 2951 5630 doctores
2977 5588 3087 5630 non
3106 5588 3210 5647 pro
3237 5571 3390 5645 ipsis,
3415 5573 3514 5627 sed
3534 5586 3635 5644 pro
3664 5566 3781 5624 aliis
