3996 6164
254 212 347 264 445

1036 213 1111 267 ΙΝ
1151 212 1421 268 PRIMUM
1457 212 1704 267 REGUM
1742 206 2272 277 EXPOSITIONES.
2313 240 2384 249 —-
2422 210 2550 263 LIB.
2593 210 2661 264 V.

3427 216 3533 269 H6

248 333 525 395 sustinent;
556 334 681 404 quia
704 335 855 405 quod
887 335 1134 390 simulate
1163 343 1328 407 agunt
1360 352 1466 391 non
1522 336 1806 389 simulato-
1841 335 1891 393 A
1922 332 2298 388 emendatione
2329 333 2534 387 invitati
2569 334 2814 387 redeunt.
2850 333 3011 387 Abire
3056 350 3192 407 ergo
3254 337 3515 404 doctoris,

248 422 399 489 ribus,
428 421 520 477 sed
548 423 851 478 videntibus
878 424 1112 493 prodest.
1161 424 1326 495 Stepe
1381 425 1599 494 quidem
1656 423 1812 478 electi

243 511 481 565 simulata
511 511 648 566 bona
679 513 943 568 malorum
978 513 1159 567 vident
1184 532 1197 572 ;
1230 515 1328 568 sed
1359 514 1485 584 quia
1513 514 1677 568 corda
1707 528 1807 565 ne-

241 598 420 665 sciunt,
452 599 669 665 bonum,
692 601 837 671 quod
869 601 1074 673 fulgere
1105 603 1315 657 videtur
1344 601 1579 656 exterius
1600 601 1811 654 imitan-

240 690 332 741 tur.
362 686 489 742 Saul
517 688 826 743 Samuelem
858 703 917 743 ut
943 706 1127 744 secum
1155 690 1225 744 ad
1255 689 1586 743 adorandum
1618 688 1809 743 Domi-

240 791 356 829 num
391 784 765 842 reverteretur,
795 779 1002 846 rogavit
1028 797 1041 839 ;
1104 780 1199 832 sed
1230 778 1317 833 ille
1348 794 1594 832 reversus
1654 780 1810 848 Λέξις

233 863 283 917 in
307 864 465 919 frusta
495 866 747 929 concidit,
782 867 908 936 quia
949 867 1104 921 electi
1161 867 1411 921 doctores
1471 881 1563 935 per
1618 881 1803 936 opera,

231 967 341 1019 quae
370 953 585 1021 reprobi
616 953 837 1017 faciunt,
874 955 1076 1010 electos
1103 955 1172 1009 ad
1205 956 1352 1009 bene
1382 954 1599 1008 videndi
1625 954 1802 1007 studia

239 1050 557 1095 convertunt.
594 1042 697 1096 Sed
732 1043 861 1114 quia
905 1043 1133 1112 idipsum
1192 1042 1579 1112 dispensative,
1612 1042 1665 1095 id
1721 1050 1807 1095 est

226 1137 425 1197 prapter
451 1128 601 1183 aliud
631 1130 853 1191 faciunt.
886 1147 1005 1185 cum
1036 1130 1456 1201 dispensationis
1510 1129 1802 1184 necessitas

224 1216 409 1281 transit,
434 1217 594 1287 ipsos
624 1218 903 1288 reprobos,
923 1235 1063 1290 quos
1080 1219 1233 1290 quasi
1264 1219 1334 1273 ad
1362 1218 1505 1273 bona
1524 1234 1691 1288 opera
1711 1235 1794 1273 se-

228 1312 460 1374 quuntur,
495 1306 563 1360 ad
596 1307 817 1377 reprobi
861 1307 1043 1362 cordis
1100 1307 1567 1379 impmnitudinem
1625 1308 1805 1378 lapsos

217 1392 474 1447 deserunt.
521 1394 660 1449 Bene
692 1395 873 1467 itaque
904 1396 1185 1450 subditur:

276 1482 436 1543 (Vers.
462 1485 492 1534 3
513 1484 565 1549 4,
596 1484 709 1549 35.)
733 1484 879 1539 Abiit
900 1487 1091 1541 autem
1127 1485 1364 1541 Samuel
1409 1485 1471 1539 in
1505 1486 1800 1553 Ramatha,

221 1567 355 1623 Saul
374 1585 501 1625 vero
526 1572 789 1627 ascendit
808 1572 870 1627 in
891 1574 1115 1629 domum
1138 1590 1301 1628 suam
1321 1575 1384 1628 in
1408 1572 1670 1639 Gabaa,et
1688 1588 1802 1628 non

211 1657 336 1713 vidit
361 1661 597 1715 Samuel
618 1659 778 1716 ultra
802 1678 973 1731 usque
992 1662 1067 1716 ad
1086 1662 1234 1716 diem
1258 1663 1454 1717 mortis
1480 1677 1618 1716 sum.

269 1749 347 1800 tt.
378 1747 521 1814 Qua:
554 1756 636 1803 est
663 1747 858 1802 domus
888 1750 1293 1821 trangressoris,
1327 1750 1426 1803 nisi
1457 1750 1787 1804 consuetudo

210 1834 338 1904 pravi
366 1835 852 1907 operis?Quisquis
867 1838 1012 1892 enim
1044 1838 1097 1891 in
1122 1853 1372 1909 perversa
1399 1839 1786 1894 consuetudine

208 1921 439 1989 eluditur,
471 1925 633 1993 quasi
664 1925 718 1979 in
746 1926 911 1980 domo
939 1934 1305 1980 conversatur.
1340 1928 1398 1980 In
1458 1928 1563 1994 37
1582 1930 1624 1991 3
1681 1926 1785 1981 do-

205 2025 329 2064 mum
356 2027 492 2083 ergo
530 2028 683 2066 suam
735 2012 863 2068 Saul
920 2014 1186 2080 ascendit,
1247 2014 1465 2085 quando
1523 2013 1785 2084 reprobus

205 2099 404 2168 quisque
434 2109 563 2171 post
593 2100 1012 2170 increpationem
1042 2102 1324 2157 doctorum
1353 2102 1420 2157 ad
1453 2101 1581 2156 mali
1601 2102 1785 2172 operis

203 2201 333 2240 usum
360 2188 519 2243 redit.
557 2188 727 2257 Quasi
758 2190 903 2244 enim
934 2191 1004 2245 ad
1036 2190 1197 2261 plana
1226 2190 1532 2253 descendit,
1566 2192 1781 2259 quando

203 2273 549 2331 humilitatem
578 2277 821 2346 simulat,
854 2286 910 2331 ut
936 2279 1228 2349 prtesulum
1260 2279 1511 2332 mandata
1570 2294 1780 2350 cogno-

200 2370 318 2416 scat.
354 2363 497 2432 Quid
533 2373 617 2419 est
647 2381 796 2433 vero,
826 2366 973 2437 quod
1005 2367 1151 2438 prius
1184 2366 1399 2421 Samuel
1434 2366 1777 2438 abire,quam

203 2449 310 2504 Saul
337 2452 389 2505 in
418 2453 652 2507 domum
682 2469 833 2507 suam
865 2454 1156 2509 ascendere
1186 2454 1412 2509 dicitur?
1431 2455 1621 2521 Sed,ut
1646 2454 1775 2518 dixi,

202 2551 309 2593 cum
343 2541 896 2596 necessitasaliorum
928 2550 1152 2610 nonest,
1170 2558 1387 2597 manere
1416 2557 1540 2598 cum
1561 2550 1780 2598 versuto

199 2625 389 2681 electus
419 2628 754 2699 pradicator
783 2645 891 2683 non
922 2638 1134 2700 potest;
1167 2637 1216 2684 et
1246 2630 1372 2701 quia
1426 2631 1481 2683 in
1538 2629 1779 2685 absentia

197 2712 412 2769 doctoris
440 2716 735 2771 simulator
761 2716 991 2787 proﬁcit,
1010 2717 1139 2772 Saul
1170 2717 1226 2771 in
1243 2718 1465 2773 domum
1492 2734 1600 2773 non
1623 2718 1774 2783 abiit,

196 2802 277 2855 sed
304 2804 568 2858 ascendit.
602 2805 905 2860 Ascendere
938 2805 1135 2876 quippe
1149 2807 1413 2876 reprobis,
1435 2810 1518 2860 est
1548 2806 1615 2861 de
1633 2807 1775 2861 malo

195 2889 253 2941 ad
278 2891 429 2960 pejus
457 2891 752 2962 proﬁcere.
784 2896 918 2949 Cum
950 2894 1078 2948 item
1112 2895 1450 2949 descendere
1507 2895 1774 2964 superbus

194 2976 383 3043 dicitur,
412 2980 719 3037 ascendere
751 2982 1088 3053 perhibetur.
1130 2984 1444 3037 Ascendere
1491 2984 1691 3054 quippe
1722 2983 1773 3035 in

1916 428 1997 473 est
2053 420 2454 488 impmnitentes
2513 422 2707 487 impios
2737 431 2997 491 perpetua
3051 423 3519 478 animadversione

1912 508 2178 563 deserere.
2214 510 2305 563 Sic
2338 510 2482 562 enim
2515 519 2737 580 peccata
2770 510 2840 563 ad
2875 519 3105 565 mortem
3138 527 3233 579 per
3259 511 3368 578 imp
3388 512 3514 567 eni-

1910 596 2150 650 tudine'n
2177 606 2471 667 operante-3
2493 598 2832 660 deserunt,ut
2863 600 2930 651 al
2963 614 3057 653 eos
3089 600 3268 653 redire
3288 601 3514 654 ulterius

1909 700 2018 737 non
2048 693 2329 756 cogantur.
2372 687 2514 740 33118
2544 702 2680 754 ergo
2712 686 2849 739 dixit.
2875 704 2887 739 :
2917 688 3033 741 Non
3058 688 3197 741 uidit
3220 690 3360 743 Saul
3402 688 3518 743 Sa-

1911 775 2157 828 muelem
2176 777 2327 829 ultra
2355 791 2523 846 usque
2544 775 2617 829 ad
2636 776 2695 829 di
2711 793 2785 829 rm
2807 777 3004 830 martis
3026 777 3233 831 sum.Et
3263 777 3389 846 quia
3412 776 3519 832 hoc

1910 876 2029 916 esse
2055 863 2326 933 agendum
2361 863 2412 916 in
2471 879 2693 917 sumente
2752 865 2996 918 veritatis
3066 865 3519 934 contemplatione

1907 950 2228 1020 percipiunt,
2263 952 2311 1004 in
2344 952 2603 1005 Rimitha
2634 952 2784 1005 abire
2816 961 3166 1005 memiratur.
3237 951 3510 1006 Consum-

1912 1046 2053 1091 mnta
2084 1054 2316 1110 namque
2343 1040 2808 1103 visio,estintim'e
2831 1041 3076 1094 veritatis
3099 1040 3236 1094 ratio
3273 1040 3524 1105 perfecta

1908 1125 1989 1179 Ne
2019 1142 2150 1196 ergo
2185 1128 2599 1196 prmdncatorum
2652 1129 2916 1183 districtio
2952 1129 3111 1182 nimia
3136 1144 3253 1182 esse
3285 1130 3519 1182 carnali-

1904 1212 2006 1266 bus
2029 1213 2452 1283 judicetur,cum
2469 1217 2534 1270 ab
2553 1218 2807 1271 Ecclesiae
2828 1219 3213 1272 communione
3245 1218 3510 1286 reprobos

1904 1300 1960 1354 in
1991 1311 2306 1373 perpetuum
2338 1314 2611 1375 separant,
2644 1306 2907 1366 audiant;
2942 1305 3063 1376 quia
3089 1318 3377 1375 p05tquam
3412 1305 3510 1359 Sa-

1906 1391 2051 1444 muel
2084 1394 2134 1444 in
2162 1393 2425 1447 Barnatha
2455 1394 2621 1456 venit,
2656 1394 2783 1448 Saul
2813 1393 2949 1446 ultra
2981 1408 3086 1446 non
3139 1393 3308 1460 vidit;
3384 1393 3510 1462 quia

1906 1473 2056 1528 illum
2086 1476 2276 1532 doctor
2302 1479 2635 1533 aeternaliter
2664 1479 2872 1540 dividit,
2907 1495 3069 1549 quem
3100 1479 3374 1549 pertinere
3433 1480 3502 1533 ad

1908 1561 2199 1618 electorum
2228 1581 2513 1621 numerum
2545 1584 2651 1622 non
2684 1568 2984 1639 cognoscit.
3019 1568 3126 1622 Sed
3160 1570 3257 1621 hoc
3278 1567 3507 1621 fiducia-

1907 1647 2028 1704 liter
2054 1653 2310 1717 creditur,
2346 1654 2389 1708 si
2422 1654 2473 1708 in
2506 1654 2686 1709 forma
2744 1657 3018 1711 Samuelis
3077 1657 3500 1725 praedicatorum

1904 1747 2105 1793 sanctae
2139 1741 2393 1796 Ecclesiae
2423 1744 2696 1797 charitatis
2728 1742 2948 1799 allectus
2995 1744 3267 1798 districtus
3296 1745 3492 1798 videa-

1895 1833 1999 1880 tur.
2035 1828 2391 1884 Districtionis
2420 1832 2619 1900 quippe
2650 1831 2795 1886 zelus
2835 1833 3158 1899 ostenditur,
3199 1832 3329 1904 quia
3384 1848 3493 1886 non

1891 1914 2095 1970 vidisse
2125 1916 2253 1972 Saul
2284 1935 2451 1987 usque
2482 1919 2550 1973 ad
2581 1920 2727 1973 diem
2760 1922 2924 1974 moris
2983 1937 3095 1975 suae
3147 1928 3494 1976 memoratur.

1892 2002 1973 2057 De
2004 2002 2201 2059 affectu
2224 2021 2349 2059 vero
2379 2007 2652 2060 charitatis
2682 2008 3026 2078 subjunctnm
3061 2018 3141 2063 est
3172 2026 3184 2063 :

1959 2091 2674 2161 (Veis.35.)Verumtamen
2698 2096 2919 2165 lugebat
2938 2097 3166 2151 Samuel
3194 2097 3499 2169 Saul.quo-

1891 2178 2049 2233 niam
2070 2181 2371 2236 Dominum
2388 2183 2829 2255 paenitebat,quo
2846 2185 2880 2239 d
2901 2186 3294 2241 constituisset
3317 2201 3506 2257 regem

1889 2266 2027 2321 Saul
2056 2284 2226 2336 super
2256 2269 2450 2325 Israel.

1957 2357 2045 2408 43.
2079 2354 2221 2423 Quid
2248 2358 2391 2411 enim
2423 2365 2525 2420 est,
2559 2359 2705 2428 quod
2740 2358 2908 2428 luget,
2943 2373 3109 2429 quem
3141 2376 3361 2415 cernere
3391 2361 3494 2417 de-

1888 2440 2157 2513 dignatur,
2190 2444 2290 2498 nisi
2323 2447 2449 2516 quia
2480 2454 2533 2499 et
2574 2462 2698 2501 cum
2754 2450 2866 2502 zelo
2925 2448 3256 2503 rectitudinis
3312 2451 3481 2505 sancti

1882 2529 2137 2585 doctores
2168 2532 2367 2587 habent
2396 2532 2648 2589 affectum
2679 2550 2893 2603 magna:
2924 2536 3350 2607 charitatis,ipsa
3380 2553 3483 2591 au-

1883 2624 1990 2672 tem
2021 2619 2295 2674 charitatis
2326 2622 2643 2692 magnitudo
2667 2624 2983 2691 ostenditur,
3022 2624 3148 2693 quia
3177 2626 3483 2694 projectum

1882 2721 2071 2777 regem
2121 2710 2287 2777 374
2313 2709 2575 2781 plangere
2606 2711 2966 2779 perhibetur?
2998 2710 3117 2779 Quo
3149 2728 3283 2783 ergo
3300 2711 3493 2767 aﬂ‘ectu

1879 2793 2171 2848 electorum
2217 2797 2559 2851 subditorum
2618 2807 2835 2867 peccata
2894 2799 3178 2870 plangunt,
3241 2801 3331 2870 qui
3392 2815 3489 2869 pro

1880 2881 2140 2950 projectis
2169 2885 2415 2954 reprobis
2446 2886 2709 2956 plangere
2754 2892 2863 2940 tam
2920 2886 3213 2941 affectuose
3268 2887 3483 2943 didice-

1882 2969 2051 3022 runt?
2080 2972 2337 3025 Instantis
2366 2987 2600 3042 namque
2632 2974 2799 3027 luctus
2829 2974 3146 3040 ostenditur,
3181 2975 3310 3046 quia
3340 2975 3473 3029 sub-

200 3065 400 3121 domum
429 3083 593 3123 suam
623 3047 878 3138 superbo,
923 3079 1007 3124 est
1055 3070 1421 3141 superbiendo
1482 3047 1650 3141 usque
1707 3072 1777 3125 ad
1808 3047 1856 3110 Ο
1883 3055 2131 3125 Ξουθίυηῖ
2155 3066 2233 3113 εει
2263 3078 2273 3113 ε

202 3157 712 3228 mensuram,(a)qua
734 3157 1071 3212 damnandus
1088 3168 1189 3224 est,
1206 3175 1264 3213 se
1285 3159 1780 3214 extollere.Domns

196 3256 405 3311 namque
433 3245 690 3315 superbi,
735 3254 814 3300 est
842 3246 1098 3317 nequitiae
1147 3263 1259 3301 sua:
1316 3263 1598 3302 mensura.
1638 3248 1776 3301 Dum

196 3328 320 3383 enim
346 3347 446 3401 per
474 3348 748 3402 prospera
776 3335 958 3389 saeculi
990 3350 1154 3405 agere
1186 3335 1769 3406 tyrannidem,turbare

194 3421 384 3488 terram,
438 3436 700 3491 premere
730 3421 923 3490 bonos,
957 3424 1274 3479 innocentes
1302 3423 1524 3494 aﬂigere
1544 3423 1773 3492 permit-

199 3510 377 3575 tuntur,
410 3508 547 3580 quid
578 3509 921 3582 aliud,quam
952 3511 1243 3566 ascendere
1258 3511 1477 3582 superbi
1501 3512 1766 3567 videntur.

192 3592 421 3665 Sedquia
453 3595 788 3667 praeﬁnitum
838 3608 891 3653 et
947 3616 978 3653 a
1032 3601 1150 3655 Deo
1206 3608 1470 3670 quantum
1519 3609 1767 3666 noceant,

191 3691 427 3749 quantum
488 3685 740 3751 saeviant,
802 3696 1059 3757 quantum
1142 3704 1239 3757 per
1319 3688 1653 3760 tyrannidem
1710 3705 1768 3743 se

191 3771 451 3839 extollant,
489 3788 669 3845 usque
699 3774 767 3828 ad
796 3774 1019 3830 domum
1072 3792 1236 3831 suam
1290 3776 1585 3831 ascendere
1641 3793 1767 3848 per-

196 3856 473 3914 mittuntur.
522 3862 731 3916 Domus
790 3878 1025 3935 namque
1083 3879 1293 3928 eorum,
1354 3880 1609 3919 mensura
1659 3881 1762 3919 ne-

188 3946 344 4012 quitia:
394 3958 501 4015 est,
538 3949 595 4003 in
651 3965 756 4021 qua
812 3967 1027 4022 semper
1085 3961 1242 4008 erunt
1292 3968 1304 4007 :
1364 3954 1488 4025 quia
1545 3953 1638 4008 ubi
1690 3954 1761 4008 ad

183 4032 324 4099 plena
349 4037 563 4109 ﬂagitia
593 4039 861 4106 venerint,
909 4040 1193 4111 rapiuntur
1250 4058 1344 4112 per
1399 4050 1646 4107 mortem,
1708 4049 1762 4097 et

183 4136 264 4189 per
286 4133 487 4181 aeterna
518 4135 790 4182 tormenta
821 4129 1135 4198 puniuntur.
1178 4129 1346 4198 Quasi
1396 4130 1539 4185 enim
1570 4129 1625 4184 in
1653 4131 1758 4185 do-

2512 3149 2736 3205 CAPUT
2774 3150 2869 3204 ΙΙΙ.

1943 3250 1988 3318 (Ι
2012 3252 2152 3321 Reg.
2207 3267 2322 3322 xw,
2353 3255 2428 3321 1.)
2471 3255 2629 3309 Dixit
2679 3257 2949 3312 Dominus
2998 3257 3069 3312 ad
3116 3256 3487 3313 Samuetem:

1876 3340 2157 3410 Usquequo
2180 3343 2244 3395 tu
2266 3341 2418 3412 luges
2437 3343 2600 3411 Saul,
2633 3359 2660 3399 ε
2686 3360 2781 3399 um
2805 3360 2902 3414 ego
2916 3346 3249 3418 projecerim
3268 3360 3492 3411 eum,ne

1873 3431 2065 3496 regnet
2097 3444 2265 3498 super
2297 3431 2473 3484 Israel
2494 3430 2524 3482 ?

1942 3534 1998 3583 1.
2030 3530 2130 3584 Cui
2160 3531 2303 3586 enim
2336 3533 2562 3588 dicitur:
2587 3536 2731 3609 Usqu
2758 3552 2894 3609 equo
2926 3546 2990 3592 tu
3014 3538 3165 3609 luges
3189 3536 3495 3594 ?instanter

1868 3617 2057 3689 lugere
2085 3620 2408 3675 declaratur.
2436 3622 2662 3695 Magnus
2688 3640 2825 3696 ergo
2855 3641 2915 3679 es
2938 3631 2957 3679 t
2985 3624 3209 3680 affectus
3266 3631 3490 3682 sancto-

1866 3721 2006 3769 rum,
2040 3708 2198 3762 etiam
2231 3724 2352 3764 cum
2384 3711 2767 3766 austeritatem
2801 3712 3054 3768 vindicta:
3085 3713 3321 3768 exterius
3348 3731 3485 3785 pro-

1865 3793 2062 3848 ferunt.
2097 3797 2236 3850 Nam
2268 3795 2398 3850 foris
2433 3798 2685 3866 saeviunt,
2723 3816 2749 3853 s
2777 3799 2843 3854 ed
2872 3801 3013 3854 intus
3039 3817 3140 3871 per
3168 3817 3407 3857 amorem
3429 3804 3490 3857 1i-

1864 3891 2147 3951 quescunt.
2211 3885 2369 3939 More
2425 3894 2655 3939 matrum
2722 3888 2977 3957 parvulos
3035 3889 3333 3955 verberant,
3391 3893 3486 3947 sed

1858 3967 2058 4023 affectu
2085 3974 2312 4042 gemunt
2341 3988 2465 4027 cum
2491 3973 2893 4045 parvulis,quos
2932 3976 3332 4048 castigant.Sed
3354 3980 3483 4048 quid

1859 4064 1959 4125 est,
1991 4058 2134 4128 quod
2166 4058 2427 4113 Dominus
2463 4061 2545 4114 ait
2576 4078 2587 4113 :
2628 4063 2908 4134 Usquequo
2933 4067 2998 4118 tu
3020 4064 3172 4134 luges
3198 4066 3368 4121 Saul?
3395 4069 3482 4120 An

1859 4152 2036 4214 potest
2065 4154 2241 4199 mater
2272 4144 2438 4201 tilium
2472 4149 2802 4203 morientem
2833 4165 3079 4218 cernere,
3102 4159 3155 4205 et
3198 4167 3297 4223 per
3340 4153 3477 4208 scis-

180 4223 254 4263 ωο
280 4224 476 4279 manet.
514 4215 608 4287 qui
640 4231 671 4270 ἃ
700 4218 1133 4272 conversationis
1164 4234 1277 4272 sua!
1332 4219 1513 4288 PfRniS
1572 4219 1761 4291 egredi
1856 4232 2070 4287 sionem
2100 4234 2364 4288 viscerum
2401 4251 2751 4307 nequaquam
2791 4237 2968 4291 ﬂere?
3024 4239 3292 4292 Mortuum
3349 4240 3468 4295 sine

179 4311 429 4396 ιωιξίιιξεω
462 4311 662 4396 potest.
695 4302 853 4374 Quod
884 4320 991 4396 non
1021 4307 1197 4361 solum
1227 4306 1294 4396 de
1325 4307 1597 4377 superbis,
1657 4309 1754 4362 sed
1855 4319 2001 4375 luctu
2034 4322 2241 4389 tolerat,
2294 4338 2412 4393 quae
2445 4302 2703 4392 m-orit'ur,
2732 4325 2827 4379 sed
2861 4324 3178 4380 infirmatur.
3202 4326 3344 4394 Quid
3370 4335 3470 4396 est,

179 4388 304 4443 etde
331 4390 638 4455 luxuriosis,
673 4401 727 4448 et
755 4394 1007 4448 omnibus
1060 4395 1309 4465 reprobis
1367 4396 1794 4455 convenienterl

1896 4408 2002 4463 uod
2033 4409 2163 4464 dicit
2188 4428 2198 4463 :
2233 4388 2517 4483 Usquequo
2532 4388 2755 4482 tuluqes
2778 4414 2915 4468 Saul
2932 4414 2963 4466 ?
2990 4413 3105 4467 Nisi
3125 4388 3252 4485 quia
3272 4388 3467 4486 perditi

176 4470 378 4550 intelligi
405 4488 606 4550 potest.
641 4482 699 4535 In
728 4496 955 4537 ascensu
987 4483 1208 4554 quippe,
1242 4487 1295 4537 et
1327 4499 1432 4539 non
1483 4485 1536 4538 in
1590 4484 1752 4540 domo

178 4562 335 4621 adhuc
361 4576 539 4633 erant,
554 4570 623 4624 de
653 4570 847 4640 quibus
870 4571 1349 4627 dicitur:Nondum
1368 4574 1601 4641 impleta
1615 4577 1753 4628 sunt

176 4658 395 4719 peccata
419 4657 873 4715 Aman/wearum
895 4659 1155 4729 (Gen.xv,
1186 4662 1295 4730 t6).
1322 4660 1595 4715 Hincitcm
1615 4660 1751 4715 bea-

181 4746 251 4793 tus
270 4743 462 4798 Paulus
481 4746 760 4816 apostolus
787 4747 916 4803 dicit
940 4766 952 4801 :
980 4750 1041 4806 Ut
1065 4749 1341 4820 impleant
1361 4754 1597 4819 peccata
1648 4766 1751 4804 sua

179 4828 220 4895 (l
234 4831 475 4897 Thesmr,
508 4835 625 4903 16).
666 4835 809 4907 Ergo
837 4835 903 4891 ad
934 4836 1153 4891 domum
1184 4836 1503 4902 ascendunt,
1535 4838 1751 4908 quando

177 4920 405 4984 profectu
438 4923 570 4977 mali
624 4923 695 4978 ad
753 4940 920 4994 opera
972 4925 1236 4995 nequiora
1293 4924 1597 4996 proficiunt,
1652 4941 1751 4997 pro

179 5006 352 5073 quibus
384 5019 588 5066 aeterna
618 5021 886 5068 tormenta
915 5013 1276 5068 sustinebunt.

235 5097 317 5151 42.
348 5098 567 5155 Samuel
599 5108 776 5156 autem
810 5103 862 5155 in
896 5102 1157 5157 Ramatlia
1212 5102 1359 5156 abire
1418 5101 1634 5157 dicitur.
1697 5105 1749 5158 A

179 5186 406 5251 reprobis
428 5191 631 5258 quippe
661 5190 825 5244 divisi
853 5191 1102 5246 doctores
1130 5206 1236 5246 non
1255 5191 1506 5257 cunt,sed
1528 5192 1746 5246 abeunt.

185 5267 377 5327 Vadunt
405 5276 634 5346 quippe,
666 5279 888 5347 quando
917 5278 1269 5350 corrigendos
1322 5278 1596 5345 deserunt,
1630 5280 1754 5350 quia

181 5372 299 5426 quos
329 5364 476 5418 velut
505 5365 619 5419 irati
650 5365 940 5433 dimittunt,
975 5367 1043 5420 ab
1074 5367 1153 5422 eis
1199 5367 1549 5438 postmodum
1605 5367 1749 5425 bona

238 5518 311 5590 (α)
349 5523 542 5595 Gilot.,
573 5543 682 5602 qua
710 5527 1015 5587 damnatus
1044 5530 1151 5585 est.

1862 4497 2022 4549 nimis
2050 4498 2270 4570 lugendi
2303 4515 2408 4554 non
2441 4508 2563 4553 sunt
2591 4501 2619 4553 ‘I
2653 4502 2792 4555 Nam
2824 4517 2973 4572 saepe
3005 4503 3195 4558 doctor
3215 4504 3283 4557 de
3304 4504 3481 4573 perdi-

1863 4582 2005 4637 tione
2065 4585 2268 4639 subditi
2319 4588 2669 4642 vehementer
2728 4587 3013 4660 affligitur,
3082 4590 3179 4645 sed
3228 4600 3479 4662 respectu

1860 4686 2087 4726 summae
2111 4673 2336 4742 justitiae
2368 4676 2699 4730 consolatur.
2743 4676 2858 4730 Hoc
2883 4692 3017 4749 ergo
3050 4677 3234 4733 dicere
3264 4679 3360 4734 Dei
3410 4682 3481 4737 ad

1861 4765 2178 4828 prophetam
2212 4763 2340 4832 quid
2372 4770 2471 4827 est,
2506 4763 2607 4818 nisi
2655 4765 3034 4833 praedicatoris
3092 4773 3328 4821 mentem
3382 4786 3483 4838 per

1857 4846 2127 4901 internum
2158 4849 2415 4904 solatium
2444 4851 2512 4904 ab
2539 4850 2830 4907 aﬁlictione
2892 4852 3140 4907 relevare
3162 4855 3189 4905 ‘t
3235 4855 3299 4908 Et
3354 4858 3481 4927 quia

1862 4933 2035 5003 lapsis
2067 4937 2304 5006 praelatis
2360 4938 2513 4993 electi
2582 4956 2680 5008 per
2746 4939 2987 4994 divinam
3047 4941 3478 4997 misericordiam

1859 5023 2246 5095 subrogantur,
2276 5025 2613 5098 subjungens
2659 5027 2950 5094 Dominus,
2979 5027 3049 5082 ait
3074 5045 3085 5081 :

1928 5111 2185 5182 (Vers.t.)
2219 5114 2390 5186 Imple
2406 5131 2589 5170 cornu
2610 5120 2769 5170 tuum
2793 5117 2931 5183 oleo,
2960 5119 3015 5170 et
3034 5117 3161 5170 veni
3184 5136 3203 5171 ε
3236 5118 3466 5174 mittam

1865 5203 1916 5253 te
1936 5200 2010 5254 ad
2035 5201 2145 5256 Isai
2163 5203 2647 5259 Bethtehemitem.
2678 5203 2907 5258 Providi‘
2927 5204 3081 5257 enim
3103 5206 3162 5258 in
3186 5205 3327 5272 ﬁliis
3343 5205 3470 5276 ejus

1865 5289 2011 5343 mihi
2042 5304 2254 5361 regem.

1930 5398 1961 5449 2
1991 5394 2158 5467 Quasi
2179 5397 2322 5453 enim
2353 5396 2629 5471 lugentem
2659 5395 2969 5467 consolans,
3020 5396 3130 5453 ait:
3194 5396 3301 5455 Cur
3331 5416 3466 5471 pro-
