3996 6164
487 223 591 280 447

1670 228 1915 283 SANCTI
1955 225 2295 283 GREGORII
2332 223 2556 279 MAGN'I

3617 231 3724 283 ’418

479 350 607 417 jecti
636 367 868 421 persona
895 353 1329 426 plangitur.cum
1352 355 1543 411 melior
1571 354 2083 426 subrogatur‘tUnde
2114 354 2168 415 A
2197 350 2297 421 niS,
2331 349 2548 420 quando
2579 354 2632 404 et
2662 347 2909 403 sublimis
2938 346 3149 419 gradus
3178 346 3481 417 ascenditur,
3528 351 3612 404 sed
3651 354 3727 422 qui

486 445 540 491 et
567 438 693 493 Saul
724 456 832 494 non
869 443 1131 510 provisus.
1161 443 1329 497 David
1352 452 1532 497 autem
1563 444 1807 513 provisus
1837 443 2081 498 ostendi-

485 532 584 579 tur.
618 525 859 595 Quantus
903 539 1115 601 ergo,et
1141 531 1315 599 qualis
1361 531 1542 591 fuerit,
1575 539 1737 585 citata
1768 530 2080 585 considera-

483 615 628 669 tione
655 625 937 684 pensetur,
970 619 1057 686 qui
1084 618 1293 685 judicio
1325 620 1665 674 etelectioue
1700 618 1795 673 Dei
1829 618 2079 687 omnipo-

485 703 647 757 tentis
668 703 1141 773 decernitur.Quid
1173 715 1254 760 est
1274 714 1453 761 autem
1473 708 1620 777 quod
1640 708 1783 762 Deus
1804 706 2077 776 providet,

484 798 538 845 et
566 799 826 861 propheta
854 793 922 846 ad
954 794 1265 865 ungendum
1300 795 1561 848 mittitur:
1597 795 1694 848 nisi
1727 795 1851 866 quia
1882 803 2080 849 sanctae

483 879 745 935 Ecclesia
771 881 1080 950 spirituales
1110 897 1287 937 mores
1317 882 1713 948 describuntur,
1768 899 1889 952 quae
1942 898 2077 937 con-

483 967 699 1021 stituere
730 969 875 1022 nulla
902 970 1260 1031 cerniturmisi
1289 987 1411 1042 quae
1440 971 1766 1041 praeeligere
1797 980 1847 1025 et
1869 986 2077 1041 praeor-

479 1054 665 1109 dinare
699 1057 865 1110 Deum
896 1059 1331 1126 contemplatur“?
1372 1061 1517 1116 Veni.
1545 1059 1736 1129 inquit,
1761 1062 1993 1113 mittam
2025 1063 2079 1113 te

478 1143 553 1197 ad
576 1143 683 1198 Isai
700 1143 1181 1200 Bethlehemitem.
1210 1147 1429 1202 Prouidi
1455 1149 1608 1202 enim
1633 1149 1692 1202 in
1707 1148 1844 1216 ﬁliis
1856 1149 1978 1219 ejus
1996 1162 2080 1202 re-

474 1247 619 1301 gem.
653 1230 815 1299 Quasi
845 1233 1027 1288 dicat:
1062 1236 1106 1288 A
1138 1241 1186 1288 te
1218 1234 1349 1287 nihil
1381 1251 1698 1304 praesumus,
1750 1235 1844 1289 sed
1903 1235 2074 1303 illum,

475 1330 635 1383 quem
667 1315 907 1382 prmvidi,
939 1316 1240 1372 ordinando
1272 1318 1634 1390 subsequeris.
1666 1320 1819 1375 Unde
1841 1326 1893 1374 et
1916 1318 2080 1388 paulo

468 1409 597 1472 post
621 1402 819 1468 subdit,
852 1404 1134 1461 dicenszEt
1155 1422 1327 1477 unges
1351 1423 1515 1478 quem
1536 1413 1923 1463 monstravere
1949 1407 2075 1461 tibi.

475 1488 617 1558 Quid
646 1491 870 1560 esthoc,
901 1493 1003 1547 nisi
1035 1496 1169 1563 quia
1198 1497 1473 1565 propheta:
1506 1511 1623 1550 esse
1654 1496 1874 1559 debent,
1901 1497 1995 1565 qui
2026 1495 2081 1548 in

475 1578 710 1634 culmine
739 1579 992 1635 Ecclesiae
1018 1583 1156 1637 alios
1206 1583 1392 1637 volunt
1441 1584 1740 1638 ordinare?
1789 1582 2077 1638 Prmvisum

475 1682 706 1735 namque
734 1684 765 1721 a
796 1669 908 1723 Deo
937 1685 1271 1742 cognoscere
1301 1679 1544 1741 possunt,
1578 1672 1622 1725 si
1681 1671 1748 1724 ad
1782 1671 2068 1726 invenien-
2099 1696 2152 1755 Β

473 1754 600 1809 dum
630 1771 914 1824 personam
956 1758 1194 1830 eligendi
1242 1758 1511 1828 pontiﬁcis
1558 1774 1737 1814 sacras
1785 1759 2073 1815 consulunt.

467 1843 791 1912 Scripturas.
812 1845 976 1914 Quasi
1006 1848 1150 1901 enim
1180 1847 1433 1919 loquente
1464 1849 1579 1903 Deo
1596 1849 1914 1915 ostenditur,
1950 1864 2072 1903 cum

469 1932 589 1986 talis
643 1933 839 1987 Pastor
890 1935 1129 2007 eligitur,
1190 1936 1365 2005 qualis
1393 1952 1493 2005 per
1521 1951 1734 1991 sacrum
1791 1936 2068 2007 eloquium

462 2023 896 2078 commendatur.
941 2024 1021 2077 Ad
1053 2024 1287 2078 litteram
1332 2040 1461 2079 vero
1512 2025 1752 2079 Samueli
1808 2026 1992 2080 venire
2039 2040 2072 2079 a

459 2107 698 2163 Domino
729 2110 953 2175 dicitur,
988 2118 1095 2165 uta
1127 2113 1341 2181 reprobi
1373 2122 1426 2167 et
1470 2113 1678 2183 abgecti
1719 2113 1866 2186 regis
1913 2129 2068 2168 com-

464 2196 716 2266 passione
744 2207 1043 2253 revocetur.
1079 2199 1133 2254 Si
1169 2216 1297 2255 vero
1328 2201 1474 2255 luctu
1500 2202 1722 2258 assiduo
1756 2202 1892 2271 lapsi
1919 2201 2071 2255 resli-

469 2284 729 2339 tutionem
762 2287 1038 2355 poscebat,
1080 2287 1127 2341 ei
1159 2304 1341 2343 venire
1392 2289 1509 2350 fuit.
1542 2306 1571 2343 a
1629 2290 1717 2344 tali
1775 2290 2070 2345 intentione

473 2373 767 2441 quiescere.
800 2374 860 2426 Et
886 2390 1052 2428 cornu
1069 2391 1225 2430 suum
1246 2378 1368 2431 oleo
1395 2377 1657 2449 Implevit,
1681 2378 1801 2447 quia
1821 2386 2069 2446 pastora-

474 2459 584 2513 lem
613 2460 999 2514 sublimitatem
1030 2463 1084 2515 in
1109 2464 1362 2535 ungendo
1385 2482 1516 2537 rege
1536 2466 1709 2519 laudis
1734 2465 1909 2519 nitore
1933 2473 2067 2518 tem-

475 2547 700 2616 peravit.
736 2549 918 2603 Cornu
937 2548 1138 2621 quippe
1160 2568 1351 2622 aspero
1381 2553 1505 2608 Saul
1524 2554 1776 2623 impetiit,
1792 2553 1917 2623 quia
1934 2567 2067 2623 pec-

474 2641 686 2690 cantem
714 2636 868 2691 velut
896 2654 1092 2709 magno
1117 2641 1316 2711 impetu
1333 2642 1643 2712 prostravit,
1677 2642 1897 2697 dicens:
1928 2642 2069 2710 Quia

475 2724 763 2793 projeristi
801 2741 1120 2783 sermonem
1146 2730 1393 2796 Domini,
1423 2730 1661 2802 projecit
1694 2735 1748 2786 te
1779 2731 2065 2797 Dominus,

467 2826 540 2865 ne
570 2812 648 2866 sis
680 2829 785 2868 rex
801 2812 853 2886 (Ι
870 2816 1098 2886 Reg.xv,
1135 2816 1241 2879 23).
1276 2816 1417 2885 Quid
1449 2826 1530 2872 est
1552 2833 1703 2890 ergo,
1731 2819 1876 2889 quod
1899 2833 2066 2873 cornu

470 2898 683 2968 impleri
714 2901 835 2956 oleo
865 2903 1197 2973 praecipitur,
1232 2905 1337 2958 nisi
1369 2905 1496 2975 quia
1527 2906 1762 2977 ungendi
1794 2907 1936 2977 regis
1979 2906 2067 2974 ju-

468 2987 612 3041 stitia
659 2990 1114 3045 commendatur?
1160 2990 1327 3060 Quasi
1358 2992 1536 3048 dicat:
1588 2996 1720 3062 Rex,
1754 2995 1842 3064 qui
1898 2994 2061 3049 modo

467 3074 708 3146 ungitur,
748 3092 854 3130 non
884 3078 985 3131 erit
1017 3078 1382 3148 increpatione
1426 3081 1715 3146 feriendus,
1758 3084 1855 3137 sed
1910 3084 2060 3137 mirae
2094 3074 2142 3107 ’λ

461 3161 645 3217 laudis
677 3164 865 3218 favore
890 3165 1284 3233 praedicandus,
1320 3184 1427 3223 non
1456 3177 1580 3240 eget
1609 3170 1818 3240 impeti,
1854 3171 1950 3225 sed
1974 3170 2062 3224 fa—

464 3251 600 3305 veri.
622 3252 703 3306 Ad
736 3252 841 3306 Isai
867 3253 1307 3310 Bethlehemitem
1341 3257 1594 3321 mittitur.
1616 3266 1802 3325 utrex,
1837 3258 1927 3328 qui
1951 3258 2057 3313 eli-

461 3338 625 3410 gitur,
673 3356 1051 3410 permansuros
1094 3358 1215 3397 esse
1262 3347 1426 3413 375
1475 3345 1780 3401 doceretur.
1819 3348 1914 3401 Per
1969 3362 2060 3415 pa-

461 3428 755 3483 triarcham
784 3428 983 3499 quippe
1008 3431 1179 3485 Jucob
1209 3432 1373 3503 longe
1431 3442 1555 3488 ante
1614 3436 1767 3499 regni
1820 3436 2060 3488 mansuri

461 3522 628 3568 status
654 3522 896 3569 ostensus
925 3518 1168 3588 es_t,quia
1196 3519 1331 3573 dixit
1355 3538 1366 3572 :
1392 3521 1513 3576 Non
1529 3521 1751 3590 deﬁciet
1773 3528 2060 3591 sceptrum

463 3602 529 3657 de
553 3603 717 3669 Iuda,
749 3609 805 3658 et
827 3605 948 3659 dua:
979 3604 1051 3661 de
1082 3608 1390 3677 femoribus
1410 3610 1730 3677 eius,donec
1743 3612 2061 3683 ueniat,qui

461 3686 776 3741 mittendus
796 3692 881 3742 est
910 3687 1078 3754 (Gen.
1105 3706 1253 3758 κως,
1292 3694 1473 3761 10).Ιη
1505 3692 1632 3747 ﬁliis
1664 3710 1799 3766 ergo
1830 3696 1930 3749 Isai
1966 3711 2060 3751 rex

461 3769 729 3840 praevisus
755 3772 1027 3841 asseritur,
1062 3782 1119 3827 ut
1146 3790 1260 3840 rex,
1283 3776 1374 3844 qui
1406 3777 1534 3849 ungi
1570 3778 1897 3848 praecipitur,
1952 3795 2059 3834 non

462 3866 522 3911 ut
546 3857 671 3912 Saul
701 3874 1034 3929 recessurus,
1086 3861 1184 3916 sed
1239 3863 1500 3918 durabilis
1559 3865 1834 3921 doceatur.
1895 3866 2060 3935 Quasi

462 3946 781 4015 prOphetam
812 3947 864 4002 in
894 3949 1094 4019 abjecti
1123 3953 1375 4023 angustia
1414 3953 1784 4010 tabescentem
1837 3957 2056 4021 excitet,

461 4032 681 4089 dicens:
716 4036 823 4091 Cur
849 4037 1092 4107 abjectus
1122 4055 1219 4111 pro
1248 4042 1409 4111 culpa
1435 4041 1734 4115 plangitur,
1769 4060 1892 4099 cum
1932 4045 2055 4100 lau-

460 4122 668 4178 dandus
695 4126 1019 4199 subrogetur
1038 4128 1066 4179 ‘i

528 4232 581 4284 3.
613 4230 745 4286 Haec
771 4239 947 4287 autem
974 4233 1042 4287 ad
1090 4233 1325 4289 litteram
1382 4235 1696 4307 tetigimus;
1759 4254 1900 4294 nunc
1955 4239 2056 4294 sub

456 4311 648 4368 litterae
676 4316 983 4370 narratione
1010 4318 1354 4385 praelatorum
1393 4328 1703 4375 nostrarum
1736 4322 2054 4377 electionem

455 4400 762 4453 videamus.
797 4400 939 4469 Quid
968 4411 1068 4468 est,
1102 4404 1247 4474 quod
1276 4421 1446 4460 cornu
1470 4407 1594 4461 oleo
1614 4408 1841 4477 implere
1861 4411 2054 4479 praeci-
2084 4397 2134 4455 Π

455 4483 617 4552 pitur,
649 4488 751 4539 nisi
783 4489 907 4556 quia
937 4490 1059 4542 talis
1090 4491 1145 4543 in
1173 4500 1360 4547 sancta
1381 4494 1621 4549 Ecclesia
1639 4507 1823 4565 pastor
1850 4499 2054 4570 eligen-

454 4568 559 4625 dus
585 4581 689 4638 est,
720 4574 812 4643 qui
838 4590 948 4629 non
973 4577 1126 4648 argui
1157 4579 1304 4633 velut.
1336 4590 1707 4652 transgressor
1737 4568 2054 4653 debeat,sed

453 4658 525 4712 ad
553 4661 860 4730 exemplum
889 4663 1114 4718 aliorum
1144 4666 1297 4721 miris
1325 4669 1576 4725 laudibus
1627 4675 1994 4728 commendari
2027 4677 2055 4728 εἶ

454 4746 630 4802 Cornu
661 4764 894 4821 namque
921 4751 1086 4806 telum
1116 4754 1429 4810 animalium
1460 4768 1557 4813 est.
1592 4762 1897 4816 Auctoritas
1957 4780 2046 4817 au-

453 4843 563 4891 tem
590 4844 640 4891 et
661 4836 958 4907 increpatio
987 4842 1179 4895 summi
1229 4844 1481 4900 antistitis
1527 4848 1654 4919 quid
1712 4858 1833 4903 sunt
1885 4851 2050 4919 aliud,

451 4924 552 4979 nisi
586 4927 685 4981 tela
706 4926 733 4979 εἰ
764 4926 940 4981 Cornu
972 4928 1172 4998 quippe
1204 4929 1416 5000 feriunt,
1450 4937 1664 5006 quando
1677 4938 2056 5008 peccatoribus

449 5031 550 5085 per
577 5014 1005 5084 increpationem
1036 5020 1293 5073 acumina
1314 5024 1926 5096 conjunguntur.l"erire
1947 5040 2056 5082 ete-

446 5105 559 5159 nim
585 5120 772 5169 cornu,
807 5113 890 5158 est
922 5114 1233 5175 peccatores
1280 5118 1437 5165 acute
1478 5113 1831 5181 redarguere.
1874 5115 2053 5170 Cornu

454 5194 576 5247 oleo
607 5193 881 5263 impletur,
916 5195 1133 5265 quando
1170 5198 1547 5264 praedicatoris
1594 5203 1901 5258 sublimitas
1945 5220 2052 5258 non

449 5280 609 5333 habet
640 5282 989 5349 asperitatem
1022 5283 1308 5349 minarum,
1360 5289 1455 5342 sed
1502 5289 1872 5345 blandimenta
1908 5292 2054 5346 favo-

449 5378 591 5415 rum.
629 5367 720 5419 Vel
752 5383 921 5422 cornu
949 5369 1071 5423 oleo
1097 5371 1377 5440 impletur,
1409 5376 1630 5443 quando
1654 5378 1833 5432 electo
1857 5379 2055 5448 pastori

456 5448 616 5502 simul
646 5451 803 5507 datur
831 5464 883 5509 et
911 5456 1232 5513 sublimatus
1259 5462 1533 5529 culminis,
1555 5471 1608 5518 et
1637 5466 1810 5521 virtus
1838 5468 2052 5524 unctio-

2189 441 2256 492 ad
2314 440 2423 493 alti
2472 438 2783 501 sustollitnr,
2845 437 3158 491 meritorum
3215 434 3444 491 ubertate
3504 439 3727 508 repletur.

2190 525 2373 581 Cornu
2398 542 2529 595 ergo
2559 526 2719 596 pleno
2750 526 3063 579 sacerdotes
3110 532 3394 595 unguntur,
3424 525 3508 594 qui
3537 526 3596 579 ad
3614 544 3733 580 sum-

2190 630 2335 668 mum
2366 614 2591 681 gradum
2629 613 2943 683 perveniunt
2973 628 3094 667 cum
3117 610 3430 681 plenitudine
3456 613 3731 683 gratiarum.

2191 700 2329 769 Quia
2362 716 2488 757 vero
2519 702 2640 756 oleo
2661 703 2805 773 ignis
2834 698 3347 764 accenditur,oleum
3371 700 3588 755 doctoris
3608 716 3740 756 amor

2186 798 2271 844 est
2305 790 2504 844 cordis.
2544 790 2605 842 In
2634 806 2749 859 quo
2810 788 2949 859 ignis
3006 788 3338 853 accenditur,
3384 788 3499 857 quia
3546 790 3592 842 in
3628 790 3740 858 pin-

2194 878 2432 948 guedine
2463 877 2573 931 oris
2603 877 2707 931 virt
2730 895 2772 930 IS
2798 886 2849 932 et
2879 877 3057 943 gratia
3096 877 3249 931 ardet
3307 877 3522 945 Spiritus
3574 878 3741 933 sancti.

2187 964 2325 1033 Quia
2366 981 2499 1036 ergo
2530 965 2915 1037 pinguedinem
2942 980 3157 1036 magna:
3175 964 3438 1017 Chai-italis
3468 965 3647 1021 habere
3665 967 3748 1021 do-

2186 1064 2307 1107 ctor
2338 1054 2520 1117 debet,
2574 1069 2692 1118 rex,
2725 1053 2817 1123 qui
2868 1053 2995 1122 ungi
3053 1053 3376 1121 praecipitur,
3407 1052 3555 1122 pleno
3602 1069 3751 1107 cornu

2188 1141 2317 1212 ungi
2357 1141 2695 1210 perhibetur.
2730 1142 2938 1195 Dicitur
2967 1141 3127 1195 etiam
3162 1139 3429 1210 plenitudo
3469 1156 3620 1196 cornu
3665 1157 3747 1209 pro

2190 1230 2601 1299 perseverantia
2633 1229 2930 1300 gratiarum
2958 1248 2970 1295 ;
3004 1245 3131 1282 nam
3162 1228 3253 1299 qui
3284 1238 3404 1283 ante
3433 1228 3584 1283 ﬁnem
3628 1228 3752 1284 deti-

2187 1316 2352 1382 cinnt,
2388 1317 2517 1388 ungi
2542 1332 2707 1371 cornu
2739 1316 3075 1386 plenitudine
3107 1333 3215 1372 non
3265 1324 3553 1371 merentur.
3590 1317 3755 1372 Adhuc

2187 1420 2402 1474 quoque
2424 1404 2712 1459 dicendum
2746 1405 2813 1457 de
2841 1419 3007 1458 cornu
3068 1406 3227 1472 hujus
3283 1404 3605 1474 plenitudine
3648 1412 3754 1467 est;

2191 1492 2316 1561 quia
2341 1492 2539 1547 idcirco
2572 1492 3031 1562 praecipitur,quia
3056 1507 3257 1564 magna
3286 1493 3534 1546 unctione
3553 1492 3757 1563 indiget,

2192 1580 2280 1649 qui
2315 1579 2385 1634 de
2416 1596 2516 1634 sua
2548 1580 2884 1651 plenitudine
2916 1580 3126 1651 replere
3154 1580 3292 1635 alios
3321 1580 3504 1636 debet.
3539 1580 3680 1637 Unde
3715 1587 3762 1634 et

2186 1668 2398 1735 Moyses
2432 1675 2539 1722 tam
2573 1669 2763 1739 plenus
2793 1669 3064 1724 exstitisse
3095 1669 3315 1735 dicitur,
3364 1677 3421 1723 ut
3475 1669 3540 1724 de
3593 1667 3762 1737 spiritu

2181 1755 2296 1824 eius
2327 1757 2590 1811 Dominus
2621 1757 2808 1811 tulisse
2838 1765 2891 1811 et
2919 1756 3036 1810 aliis
3064 1756 3287 1811 dedisse
3316 1756 3572 1811 doceatur
3589 1756 3760 1824 (Num.

2181 1846 2283 1912 χι).
2323 1845 2415 1897 Vel
2448 1860 2619 1899 cornu
2649 1846 2931 1913 prophetae
2964 1845 3235 1911 impletur,
3288 1860 3413 1900 cum
3468 1842 3766 1912 pontiﬁcalis

2180 1931 2483 1985 sublimitas
2497 1931 2563 1985 ad
2586 1933 2912 2001 perfectiora
2932 1933 3175 1988 docenda
3195 1931 3764 2003 praeparaturQuanJo

2180 2034 2327 2073 enim
2360 2018 2615 2074 Ecclesia:
2646 2020 2921 2090 principes
2943 2021 3283 2089 ordinantur,
3317 2021 3421 2091 eis,
3454 2014 3577 2091 qua!
3620 2033 3769 2091 agere

2181 2106 2438 2175 debeant,
2495 2107 2799 2178 semiplena
2851 2107 3199 2179 praedicanda
3256 2124 3367 2164 non
3424 2117 3562 2163 sunt.
3611 2107 3771 2162 Cornu

2179 2210 2314 2267 ergo
2341 2195 2627 2266 pontitices
2659 2197 2900 2266 implent,
2935 2198 3149 2269 quando
3194 2198 3392 2267 plenas
3446 2204 3604 2267 atque
3653 2211 3773 2266 per-

2184 2283 2348 2339 fectas
2378 2284 2603 2339 virtutes
2636 2284 2933 2355 proferunt,
2968 2302 3103 2357 quas
3135 2286 3294 2340 electi
3326 2284 3588 2341 Ecclesiae
3634 2283 3774 2354 prin-

2177 2372 2326 2441 cipes
2357 2372 2650 2427 imitentur.
2685 2372 2824 2442 Quia
2879 2389 3006 2428 vero
3062 2375 3186 2442 ipsn,
3247 2376 3344 2446 qui
3396 2379 3622 2445 ungunt,
3666 2384 3781 2426 esse

2179 2459 2447 2529 spiritales
2494 2460 2713 2527 debent,
2760 2477 2926 2516 cornu
2979 2461 3248 2531 jubentur
3298 2462 3556 2528 implere.
3620 2460 3783 2515 Cornu

2177 2547 2396 2617 quidem
2428 2549 2495 2602 de
2524 2563 2686 2604 carne
2717 2556 2814 2616 est,
2849 2549 2945 2603 sed
2976 2550 3222 2604 clausum
3256 2551 3312 2604 in
3342 2566 3509 2604 carne
3543 2564 3651 2603 non
3689 2553 3784 2615 est,

2177 2635 2355 2690 Cornu
2384 2651 2514 2707 ergo
2545 2636 2849 2706 spirituales
2879 2638 3225 2693 conversatio
3242 2638 3489 2693 doctoris
3508 2637 3785 2691 est.Cornu

2177 2739 2309 2778 vero
2355 2724 2536 2779 oleum
2570 2725 2816 2794 effundit,
2850 2743 2970 2781 cum
3001 2726 3092 2780 ille
3123 2727 3233 2780 alta
3264 2726 3647 2796 pradicat,qui
3676 2725 3789 2778 time

2176 2812 2286 2865 alta
2317 2826 2419 2866 con
2432 2814 2734 2868 versatione
2765 2815 3113 2869 demonstrat.
3147 2815 3331 2869 Cornu
3363 2830 3501 2886 ergo
3544 2815 3662 2868 oleo
3692 2813 3790 2866 im-

2174 2899 2428 2970 plere,est
2456 2902 2899 2971 praedicationem
2931 2918 3251 2973 magnarum
3325 2903 3593 2958 virtutum
3611 2901 3664 2955 in
3686 2900 3785 2953 alta

2173 2990 2585 3045 conversatione
2607 2990 2990 3060 suscipere.Et
3019 2992 3073 3045 in
3094 2992 3277 3061 capite
3297 2990 3560 3060 effundit,
3585 2986 3790 3060 quando

2171 3077 2227 3130 in
2259 3086 2438 3132 mente
2467 3079 2611 3132 illius
2640 3079 2920 3148 imprimit,
2954 3081 3051 3151 qui
3079 3080 3150 3134 ad
3202 3096 3489 3135 summum
3548 3078 3787 3133 ordinem

2168 3181 2340 3221 novus
2373 3172 2549 3222 venit.
2589 3167 2819 3235 Quando
2850 3184 2981 3241 ergo
3011 3169 3166 3223 electi
3185 3178 3611 3240 promoventur,
3634 3166 3787 3237 pleno

2167 3268 2335 3309 cornu
2364 3263 2653 3326 unguntur,
2686 3257 2814 3327 quia
2842 3256 2911 3310 ad
2954 3257 3304 3312 altitudinem
3358 3257 3576 3312 ordinis
3626 3252 3791 3324 proﬁ-

2167 3341 2314 3395 ciunt
2343 3342 2538 3397 virtute
2567 3344 2940 3413 perfectionis.

2239 3448 2291 3501 4.
2326 3446 2432 3501 Sed
2463 3450 2726 3519 prOpbeta
2756 3451 2824 3504 ad
2871 3450 2976 3505 Isai
3026 3452 3496 3507 Bethlehemitem
3553 3450 3791 3515 mittitur,

2166 3549 2263 3590 rex
2291 3534 2345 3589 in
2375 3535 2493 3604 ejus
2518 3536 2643 3591 filiis
2674 3538 3007 3607 providetur,
3040 3540 3168 3609 quia
3198 3540 3296 3596 ille
3330 3554 3532 3611 pastor
3554 3538 3787 3611 eligitur,

2168 3623 2263 3693 qui
2289 3624 2655 3680 ecclesiastica
2684 3626 2947 3697 religione
3003 3629 3257 3683 eruditus
3317 3638 3425 3685 est.
3480 3628 3789 3684 Bethlehem

2166 3710 2349 3782 igitur,
2383 3728 2502 3781 qua:
2534 3714 2728 3769 domus
2774 3715 2927 3784 panis
2983 3715 3197 3780 dicitur,
3232 3716 3377 3787 quid
3437 3716 3617 3785 aliud,
3647 3727 3802 3786 quam

2168 3814 2614 3872 unamquamque
2663 3803 2910 3873 designat
2969 3803 3180 3858 donum
3249 3805 3604 3878 religionis?
3650 3800 3801 3857 Panis

2167 3902 2402 3959 namque
2451 3889 2675 3944 nomine
2733 3891 2982 3946 doctrina
3038 3891 3410 3962 perfectionis
3473 3890 3798 3954 ostenditur,

2167 3976 2334 4031 Paulo
2363 3984 2668 4042 attestante,
2701 3978 2791 4050 qui
2823 3979 2895 4035 ad
2925 3981 3350 4036 conversionem
3385 3982 3611 4037 debiles
3651 3977 3803 4033 exci-

2167 4071 2304 4130 tans,
2337 4065 2411 4119 ait
2434 4082 2445 4117 :
2473 4066 2580 4121 Lac
2598 4067 2744 4121 vobis
2764 4072 2962 4138 potum
2979 4068 3125 4135 dedi,
3143 4084 3264 4124 non
3284 4086 3515 4126 escam.
3534 4065 3795 4148 Nondum

2166 4155 2321 4208 enim
2342 4156 2645 4225 poteratis,
2667 4155 2764 4210 sed
2811 4157 3052 4211 necdum
3069 4160 3321 4228 potestis
3373 4158 3429 4229 (Ι
3466 4160 3592 4214 Cor.
3620 4173 3702 4223 tu,
3735 4156 3804 4222 2).

2179 4239 2345 4306 376
2380 4239 2436 4294 Si
2466 4241 2612 4294 enim
2635 4240 2722 4296 lac
2754 4241 3105 4311 parvulorum
3131 4251 3235 4310 est,
3261 4244 3435 4313 panis
3469 4259 3587 4299 non
3609 4250 3694 4297 est
3714 4238 3809 4294 nisi

2161 4324 2546 4393 perfectorem.
2587 4328 2739 4384 Unde
2769 4336 2822 4384 et
2848 4329 2917 4384 de
2945 4329 3174 4399 perfecti
3206 4334 3321 4386 viri
3353 4331 3573 4387 robore
3606 4331 3809 4385 dictum

2161 4419 2261 4466 est:
2274 4412 2341 4468 In
2356 4415 2598 4469 excelsis
2614 4416 3290 4481 habitabit,rnuuirnentu
3317 4435 3621 4475 saxorum
3633 4416 3810 4473 subli-

2163 4502 2339 4556 mitas
2358 4504 2499 4571 ejus,
2529 4503 2696 4573 panis
2711 4506 2763 4559 ei
2780 4504 3046 4561 datusest
3065 4504 3230 4575 (Isai.
3264 4522 3420 4576 xxv,
3447 4508 3637 4577 12).ln
3658 4506 3817 4562 domo

2163 4603 2297 4659 ergo
2323 4590 2477 4658 panis
2507 4606 2603 4643 rex
2633 4591 2705 4645 ad
2735 4594 3049 4663 ungendum
3072 4593 3369 4665 quaeritur,
3428 4596 3569 4666 quia
3620 4594 3821 4649 utiliter

2162 4688 2579 4747 promoventur,
2629 4680 2717 4749 qui
2748 4679 2803 4733 in
2830 4680 3086 4749 perfectae
3114 4683 3587 4741 conversationis
3633 4681 3823 4740 ordine

2168 4766 2499 4821 nutriuntur.
2519 4766 2614 4821 Ille
2645 4767 2843 4822 etenim
2874 4768 3056 4824 facere
3086 4769 3257 4824 fortes
3293 4772 3454 4828 alios
3490 4781 3696 4845 potest,
3731 4770 3822 4841 qui

2168 4854 2392 4908 remissa
2420 4862 2473 4909 et
2503 4855 2802 4927 negligenti
2833 4858 3252 4913 conversatione
3287 4862 3550 4918 nutritus
3581 4878 3697 4918 non
3718 4867 3818 4917 est.

2164 4943 2224 4996 In
2255 4942 2424 4997 domo
2463 4943 2631 5014 igitur
2659 4946 2918 5014 qumritur
2943 4946 3121 5016 panis,
3144 4948 3286 5017 quia
3320 4948 3381 5003 in
3418 4951 3826 5022 promovendo

2164 5031 2433 5095 antistite,
2470 5034 2827 5101 quaerendum
2858 5041 2937 5087 est
2993 5034 3159 5089 robur
3211 5041 3713 5096 conversationis.
3748 5039 3828 5094 De

2161 5120 2587 5191 congregatione
2625 5122 2844 5191 quidem
2878 5122 3046 5176 debili
3079 5124 3191 5177 fere
3211 5140 3533 5196 nunquam
3552 5110 3830 5200 accipitur

2165 5223 2393 5277 persona
2427 5208 2655 5264 virtutis.
2692 5210 2850 5265 Unde
2879 5209 3017 5265 bene
3050 5211 3105 5264 in
3166 5212 3280 5266 Isai
3343 5213 3486 5269 ﬁliis
3541 5219 3824 5289 queritur,

2163 5295 2253 5364 qui
2279 5296 2421 5348 salus
2454 5296 2783 5359 Domini,aut
2812 5306 2957 5353 certe
2987 5298 3130 5352 salus
3160 5300 3445 5358 absolute
3479 5314 3827 5360 nominatur.

2163 5382 2321 5438 Salus
2359 5384 2579 5453 quidem
2602 5399 2744 5440 recte
2776 5387 3029 5456 praelatus
3058 5386 3284 5441 dicitur.
3323 5389 3488 5458 Quid
3525 5394 3685 5447 enim
3706 5400 3833 5448 sunt

2161 5480 2388 5543 peccata
2418 5483 2471 5527 et
2502 5474 2653 5542 vitia,
2686 5475 2788 5529 nisi
2818 5475 3111 5551 languores
3150 5476 3495 5538 animarum
3520 5483 3553 5537 ?
3605 5484 3840 5545 Electus
