3996 6164
252 368 343 424 449
1058 354 1132 412 IN
1170 351 1439 412 PRIMUM
1475 342 1721 405 REGUM
1758 336 2311 404 EXPOSITIONES.
2344 378 2412 388 ——
2446 338 2574 404 LIB.
2618 342 2680 404 ν.

3422 364 3524 419 450

248 500 412 545 autem
445 486 762 560 praedicator
806 499 903 556 per
947 480 1314 553 integritatem
1357 491 1506 531 sana
1550 471 1827 536 doctrina,
1858 469 1914 530 A
1945 486 2073 560 vera
2103 471 2310 537 dicens,
2343 471 2584 525 duledat.
2614 469 2751 540 Quia
2782 475 2924 529 enim
2965 477 3340 536 immolaturus
3369 484 3525 554 abiit,

248 595 337 650 per
361 577 682 632 soliditatem
715 571 1064 635 innocentia,
1094 585 1194 638 per
1225 565 1578 636 splendorem
1640 560 1830 613 electa

242 665 532 733 vita,salus
547 662 763 718 Domini
786 668 932 715 recte
969 657 1298 713 nominatur.
1330 652 1433 707 Alii
1467 650 1683 721 quidem
1706 653 1835 700 sunt

243 757 495 819 doctores,
510 766 741 822 quorum
759 764 941 804 sermo
971 745 1158 816 serpit,
1204 744 1343 798 sicut
1371 755 1581 796 cancer.
1616 737 1695 791 De
1724 735 1831 789 ho-

245 859 355 899 rum
379 840 583 912 quippe
628 838 837 892 familia
874 852 965 892 rex
998 850 1105 889 non
1137 830 1447 897 assumitur,
1481 825 1607 897 quia
1651 838 1834 895 agras

242 938 438 986 mentes
467 928 537 982 ad
568 927 798 982 salutem
830 940 938 979 non
967 923 1134 989 ducit,
1169 919 1264 975 sed
1295 914 1560 972 interﬁcit.
1604 914 1669 968 Et
1724 926 1830 965 no-

240 1019 466 1084 tandum,
486 1014 732 1086 quialsai
773 1012 884 1069 alio
920 1012 1141 1067 nomine
1181 1010 1335 1064 Jesse
1366 1005 1584 1060 dicitur.
1618 1001 1832 1071 Duplex

247 1106 452 1178 quidem
484 1119 687 1160 nomen
716 1102 902 1169 habet,
921 1100 1047 1170 quia
1064 1098 1240 1154 bonus
1261 1096 1452 1151 doctor
1479 1108 1585 1147 non
1614 1106 1754 1159 sem}
1776 1104 1836 1143 er

234 1177 283 1251 in
308 1210 437 1266 pace
463 1201 567 1248 est.
590 1193 651 1246 In
677 1191 834 1261 pacis
864 1189 1085 1261 quidem
1118 1196 1367 1256 tempore
1416 1182 1566 1236 salus
1614 1177 1829 1233 Domini

233 1283 431 1350 dicitur,
464 1289 526 1336 ut
555 1279 829 1334 bellorum
860 1291 1108 1335 munera.
1143 1273 1299 1344 quasi
1334 1272 1472 1325 intra
1502 1269 1700 1323 domus
1738 1281 1830 1319 se-

232 1387 348 1427 cura
375 1370 644 1426 vestibula
674 1382 866 1422 sanare
895 1366 1180 1420 doceatur.
1208 1362 1267 1415 In
1288 1360 1435 1415 bello
1483 1364 1660 1412 autem
1686 1355 1831 1409 Jesse

230 1475 412 1516 nomen
466 1457 657 1523 habet,
732 1454 859 1526 quia
914 1460 967 1508 et
1022 1451 1262 1521 seipsum
1302 1448 1511 1504 fortiter
1548 1444 1741 1510 munit,
1781 1449 1834 1496 et

233 1548 355 1605 alios
383 1547 645 1601 valenter
666 1543 926 1616 protegit.
956 1542 1108 1596 Iesse
1138 1539 1336 1610 quippe
1367 1535 1556 1590 insula
1586 1533 1834 1587 levamen

230 1638 430 1691 dicitur.
471 1634 623 1702 Quid
650 1641 833 1687 autem
860 1630 1048 1685 insula
1077 1628 1319 1691 nomine,
1351 1624 1453 1679 nisi
1486 1631 1700 1677 mentes
1723 1628 1830 1674 ten-

233 1729 477 1779 tationum
510 1721 765 1777 ﬂuctibus
795 1718 1006 1775 vallata
1036 1712 1457 1788 intelliguntur?
1487 1710 1682 1765 Insula
1714 1706 1827 1777 qui-

1939 558 2104 630 paulo
2132 565 2257 628 post
2286 559 2569 614 manifeste
2589 561 2825 630 exponit,
2858 564 2947 617 ubi
2976 566 3103 621 dicit
3134 586 3148 622 :
3185 570 3528 641 Sanctiﬁca-

1944 646 2028 704 vit
2042 664 2170 718 ergo
2184 649 2311 716 lsai,
2328 652 2383 703 et
2397 648 2545 717 ﬁlios
2561 649 2766 720 ejus,et
2784 655 2999 708 vocavit
3022 671 3111 711 eos
3131 659 3203 712 ad
3222 662 3306 714 υὶε
3322 663 3521 717 imam.

2016 738 2069 791 6.
2104 736 2208 791 Sed
2234 736 2348 806 jam
2380 737 2573 791 melius
2604 739 2810 808 agitur,
2840 741 2881 792 si
2914 742 3042 811 quid
3070 745 3422 812 spintualiter
3437 751 3530 806 de-

1940 824 2156 921 signent
2184 824 2305 893 ista,
2325 824 2625 880 videamus.
2660 824 2800 893 Quid
2831 837 2911 881 est
2939 844 3092 901 ergo,
3126 835 3270 903 quod
3301 838 3533 894 vitulum

1942 913 1995 966 in
2027 928 2189 967 manu
2218 914 2494 983 propheta
2524 913 2681 981 tollit,
2714 924 2762 969 et
2794 915 2871 970 sic
2900 917 2967 971 ad
2999 923 3319 991 ungendum
3348 942 3534 999 regem

1940 1002 2188 1070 pervenit
2215 1004 2242 1055 ‘l
2274 1002 2379 1055 Sed
2410 1001 2611 1056 vitulus
2643 1003 2769 1074 quid
2803 1013 2901 1066 est.
2935 1006 3038 1061 nisi
3066 1009 3326 1078 splendor
3340 1013 3533 1088 imagi-

1942 1088 2025 1143 nis
2056 1089 2438 1160 Redemptoris
2462 1092 2490 1143 ‘2
2520 1090 2658 1158 Quia
2687 1093 2829 1146 enim
2860 1109 3004 1163 eum,
3038 1112 3197 1165 quem
3219 1100 3391 1173 eligit,
3410 1121 3535 1160 con-

1942 1176 2170 1232 formem
2203 1178 2381 1232 facere
2410 1178 2758 1249 Redemptori
2790 1182 2982 1249 studet,
3034 1188 3251 1255 quando
3302 1191 3533 1249 formam

1938 1263 2113 1334 ipsam
2145 1265 2528 1335 Redemptoris
2555 1269 2831 1335 pra-dicat,
2859 1273 3011 1343 quasi
3042 1275 3272 1332 vitulum
3293 1280 3345 1334 in
3371 1298 3534 1338 manu

1939 1362 2137 1423 portat.
2158 1353 2229 1408 Et
2246 1354 2369 1425 quia
2390 1355 2730 1424 splendorem
2749 1357 3053 1416 Dominicae
3082 1370 3511 1426 conversationis

1940 1458 2097 1513 quem
2131 1442 2407 1512 pradicat,
2435 1443 2489 1496 in
2508 1444 2704 1499 virtute
2725 1448 2902 1515 operis
2920 1460 3220 1523 monstrat;
3280 1416 3531 1528 vitulum:

1942 1545 2102 1598 quem
2138 1531 2205 1585 de
2236 1540 2480 1586 armento
2510 1533 2755 1603 suscipit,
2786 1550 2886 1604 per
2912 1553 3131 1594 manum
3182 1542 3347 1600 ducit.
3384 1548 3535 1603 Vitu-

1939 1617 2316 1716 laria-namque
2345 1618 2397 1672 in
2430 1636 2589 1673 manu
2623 1621 2827 1692 tollere,
2860 1632 2938 1679 est
2964 1628 3404 1695 pradicationem
3425 1636 3531 1691 Do-

1938 1708 2150 1761 minica
2180 1708 2608 1763 conversationis
2647 1726 2864 1765 servare
2896 1713 2948 1766 in
2981 1715 3172 1771 virtute
3199 1722 3401 1789 operis.
3445 1725 3534 1781 Sic

230 1813 340 1868 dem
367 1819 515 1879 sunt,
575 1811 703 1881 quia
759 1808 858 1863 etsi
915 1821 1148 1878 magnos
1204 1802 1486 1859 conﬂictus
1533 1798 1820 1861 sustinent,
1853 1802 1907 1861 Β
1940 1794 2197 1848 nimirum
2253 1796 2438 1850 valens
2492 1811 2602 1851 non
2641 1798 2924 1868 occiditur,
2963 1803 3123 1859 aliter
3159 1808 3530 1868 occideretur:

227 1917 323 1957 non
348 1907 659 1955 moventur.
691 1897 849 1953 Unde
909 1903 962 1950 et
1019 1895 1317 1949 electorum
1348 1888 1629 1945 victoriam
1674 1884 1828 1939 Psal-

227 2000 366 2046 mxsta
376 1988 714 2060 praedicans,
729 1986 804 2040 ait
825 2000 837 2039 :
855 1986 1126 2041 Dominus
1146 1980 1428 2052 regnavit,
1447 1978 1703 2034 exsultet
1719 1978 1830 2029 ter-

228 2096 302 2146 ra,
320 2076 812 2133 lctenturinsula:
830 2072 1220 2143 multa(Psal.
1255 2083 1402 2135 xcvr,
1450 2067 1526 2136 1).
1569 2062 1832 2118 Dominus

232 2168 427 2239 quidem
451 2175 675 2235 regnat,
698 2162 912 2234 quando
933 2160 1053 2230 ejus
1070 2159 1284 2221 sedem,
1309 2157 1511 2211 electas
1568 2152 1828 2208 videlicet

232 2265 435 2320 mentes,
460 2256 629 2309 turbo
655 2254 893 2308 hostium
911 2249 1090 2304 nullus
1119 2247 1390 2318 inquierat
1420 2259 1434 2313 ;
1469 2243 1566 2298 sed
1624 2242 1833 2296 latatur

229 2352 376 2410 tem,
393 2343 534 2415 quia
565 2341 746 2397 solida
776 2340 942 2395 corda
971 2338 1260 2393 doctorum
1307 2332 1662 2407 gratulantur.
1702 2329 1829 2383 La-

233 2441 393 2488 tantur
412 2431 638 2499 insula,
663 2430 790 2500 quia
819 2444 941 2484 cum
971 2428 1089 2498 ejus
1118 2425 1355 2498 gratiam
1388 2426 1724 2477 tentamenta
1741 2434 1830 2471 su-

229 2529 425 2592 perant,
447 2520 741 2589 majorum
760 2517 1035 2571 auditores
1052 2514 1397 2570 hilarescunt.
1420 2511 1590 2564 Terra
1611 2506 1830 2577 quidem

242 2619 313 2664 est
334 2625 487 2663 mens
511 2608 696 2675 fortis,
715 2614 768 2660 et
791 2604 946 2660 ﬁrma
974 2604 1155 2675 lingua
1196 2599 1450 2656 doctoris.
1491 2596 1672 2651 Insula
1698 2609 1832 2648 vero

233 2697 433 2763 dicitur,
463 2713 571 2751 cor
602 2695 743 2750 forte
799 2692 1051 2762 subjecti,
1079 2690 1223 2763 quod
1255 2690 1432 2744 adhuc
1483 2681 1834 2740 tentamentis

233 2784 522 2855 impetitur,
557 2799 659 2838 nec
689 2791 873 2838 tamen
904 2789 1172 2835 movetur.
1209 2777 1353 2846 Quid
1382 2783 1463 2831 est
1500 2788 1654 2845 ergo,
1687 2769 1832 2841 quod

234 2872 374 2928 Iesse
400 2874 660 2927 levamen
691 2869 886 2924 insula
914 2868 1132 2935 dicitur,
1165 2866 1266 2923 nisi
1297 2864 1423 2936 quia
1443 2878 1540 2935 per
1558 2860 1721 2917 robur
1738 2860 1835 2912 do-

230 2968 424 3016 ctorum
456 2961 737 3015 minorum
766 2958 927 3013 corda
958 2953 1364 3011 sublevantur?
1395 2954 1535 3006 Nam
1589 2951 1729 3004 inter
1758 2955 1835 3001 tot

236 3048 415 3104 ﬂuctus
442 3056 913 3104 tentamentorum
946 3052 1274 3103 corruerent.
1308 3042 1354 3097 si
1401 3057 1511 3096 non
1563 3038 1831 3108 majorum

238 3136 424 3193 robore
453 3137 528 3191 ad
563 3135 687 3192 alia
717 3135 843 3190 vita
891 3133 1219 3188 desiderium
1266 3145 1453 3186 eorum
1484 3126 1649 3183 corda
1676 3126 1827 3179 leva-
1860 3148 1911 3210 Ο

238 3234 426 3280 rentur.
451 3227 516 3279 1n
540 3225 641 3279 lsai
671 3239 827 3296 ergo,
851 3232 904 3277 et
927 3224 1076 3277 Jesse
1096 3220 1222 3275 ﬁliis
1252 3236 1341 3274 rex
1370 3219 1540 3273 latere
1560 3212 1828 3270 describi-

235 3320 328 3378 tur,
349 3313 474 3384 quia
499 3313 582 3366 illi
615 3313 820 3367 utiliter
838 3310 905 3365 ad
932 3309 1193 3365 Ecclesia
1225 3309 1444 3364 culmen
1472 3304 1715 3366 veniunt,
1741 3301 1830 3371 qui

231 3401 513 3457 electorum
550 3400 867 3472 magisterio
896 3407 949 3453 et
979 3414 1170 3470 pacem
1206 3397 1471 3452 custodire
1528 3402 1581 3449 et
1639 3392 1829 3461 dispo-

231 3506 364 3560 nere,
390 3491 507 3546 sive
539 3488 807 3545 conﬁcere
838 3488 1147 3557 spiritualia
1178 3486 1321 3541 bella
1364 3483 1628 3539 didicere.
1693 3482 1831 3536 Bene

236 3594 357 3650 ergo
387 3577 876 3634 diciturzProvidi
897 3578 1048 3631 enim
1070 3577 1133 3630 in
1149 3576 1287 3645 ﬁliis
1300 3575 1421 3645 ejus
1450 3572 1821 3642 mihiregem.

233 3665 283 3718 ln
312 3666 388 3720 his
417 3668 630 3739 quippe
662 3681 769 3720 non
800 3665 854 3718 in
885 3665 1011 3718 aliis
1065 3680 1161 3719 rex
1211 3662 1549 3733 providetur,
1582 3659 1703 3729 quia
1761 3656 1832 3711 ad

231 3753 432 3809 culmen
466 3753 734 3809 Ecclesia
765 3768 866 3821 per
917 3751 1156 3806 divinam
1222 3750 1459 3823 gratiam
1489 3748 1619 3802 nulli
1650 3761 1834 3818 perve-

234 3842 393 3911 niunt,
424 3843 517 3913 qui
555 3842 856 3897 electorum
888 3840 1254 3906 magisterium
1286 3854 1387 3909 per
1441 3852 1632 3893 omnes
1685 3843 1831 3891 tem-

247 3945 425 4000 porrm
458 3931 686 3986 ordines
718 3946 823 3983 non
842 3938 1153 3997 sequuntur.
1182 3928 1437 3998 Sequitur
1463 3943 1476 3980 :

298 4019 471 4089 (Vers.
507 4023 563 4086 2,
591 4020 670 4089 3.)
704 4018 771 4072 Et
792 4020 879 4073 ait
930 4017 1206 4073 Samuel:
1254 4015 1530 4083 Quomodo
1577 4013 1779 4069 vadam
1803 4009 1834 4066 ?

223 4107 585 4165 Audietcnim
607 4105 776 4175 Saul,
801 4113 857 4162 et
874 4107 1181 4174 interﬁciat
1197 4121 1305 4160 me.
1327 4105 1392 4159 Et
1406 4105 1489 4159 ait
1507 4104 1775 4159 Dominus
1805 4120 1821 4157 :

232 4195 467 4252 Vilulam
498 4198 567 4252 de
579 4200 842 4252 armento
862 4197 1026 4251 tolles
1050 4196 1109 4250 in
1129 4211 1307 4250 manu
1332 4197 1449 4261 tua,
1471 4197 1526 4248 ct
1544 4193 1695 4247 dices
1714 4211 1729 4243 :
1751 4190 1830 4247 Ad

224 4284 630 4341 immolandum
664 4285 894 4339 Domine
922 4284 1070 4339 veni.
1094 4284 1160 4338 Et
1186 4284 1399 4338 vocabis
1424 4283 1535 4337 Isai
1562 4281 1635 4336 ad
1671 4280 1826 4335 victi-

223 4387 365 4428 mam
393 4379 451 4429 et
474 4389 575 4445 ego
605 4373 901 4428 ostendam
932 4374 1037 4428 tibi
1064 4373 1198 4445 quid
1221 4373 1430 4442 facias.

1943 1882 2065 1952 quia
2097 1883 2186 1953 qui
2216 1882 2367 1948 dicit,
2401 1892 2453 1938 et
2481 1901 2590 1939 non
2620 1886 2769 1943 facit.
2805 1889 2917 1942 oris
2944 1892 3150 1962 proprii
3182 1896 3366 1966 gladio
3394 1916 3533 1956 con-

1941 1970 2249 2026 demnatur.
2289 1970 2430 2039 Quid
2461 1980 2559 2040 est,
2593 1976 2743 2040 quod
2775 1976 3212 2047 dicerejubetur:
3234 1985 3532 2048 Adimmo-

1943 2059 2175 2148 landum
2206 2060 2438 2115 Domino
2459 2062 2584 2115 veni
2599 2060 2779 2130 ?Quid
2803 2072 2884 2118 est
2904 2066 3061 2135 item,
3077 2070 3205 2139 quia
3220 2072 3367 2142 facit,
3385 2081 3531 2148 quod

1940 2146 2085 2213 dicit,
2122 2146 2250 2201 dum
2281 2148 2426 2201 venit
2456 2154 2509 2201 et
2538 2149 2804 2218 immolat,
2845 2152 2944 2207 nisi
2976 2156 3101 2224 quia
3156 2167 3313 2216 tanta
3370 2146 3535 2223 debet

1941 2251 2059 2291 esse
2088 2234 2348 2291 efﬁcacia~
2380 2237 2468 2306 qui
2499 2237 2635 2291 alios
2662 2249 2966 2308 promovet,
2991 2252 3049 2297 ut
3067 2244 3210 2301 bona
3231 2266 3335 2306 non
3358 2256 3534 2311 solum

1940 2324 2105 2390 dicat,
2137 2324 2233 2379 sed
2247 2326 2575 2394 persuadeat
2593 2329 2620 2380 ‘2
2641 2328 3032 2386 lmmolationis
3054 2334 3273 2405 quidem
3297 2340 3513 2400 victima

1942 2429 2062 2482 qua
2091 2412 2146 2465 in
2172 2412 2457 2483 prepheta
2487 2429 2650 2469 manu
2682 2416 2912 2487 videtur,
2928 2419 2982 2473 in
2995 2387 3149 2477 altari
3164 2387 3534 2498 cognosciiii:

1940 2498 2083 2567 Quid
2112 2508 2189 2555 est
2215 2500 2359 2554 enim
2393 2516 2489 2556 cor
2516 2501 2672 2556 electi
2702 2504 2981 2575 auditoris,
3026 2508 3126 2563 nisi
3157 2513 3322 2571 altare
3378 2518 3477 2575 Dei
3506 2522 3535 2575 ?

1942 2587 2175 2655 Quando
2200 2588 2343 2642 enim
2367 2587 2511 2643 bona
2540 2588 2730 2645 doctor
2756 2592 2994 2662 loquitur
3036 2612 3148 2666 ore,
3201 2609 3253 2655 et
3304 2611 3539 2665 ostendit

1943 2691 2133 2766 opere,
2166 2676 2369 2730 vitulus
2399 2677 2645 2766 ingmanu
2677 2687 2776 2733 est.
2812 2680 3042 2748 Quando
3080 2696 3260 2743 autem
3287 2701 3339 2746 et
3389 2700 3533 2766 quod

1941 2764 2090 2831 dicit,
2117 2772 2168 2818 et
2197 2767 2331 2835 agit,
2365 2764 2705 2820 auditoribus
2735 2771 3041 2838 persuadet,
3058 2775 3277 2833 victima
3300 2782 3357 2835 in
3377 2764 3536 2842 altari

1943 2861 2044 2907 est.
2077 2853 2227 2906 Tunc
2258 2868 2393 2925 ergo
2425 2853 2690 2919 immolat,
2738 2859 2952 2925 quando
3001 2861 3173 2917 electa
3223 2870 3387 2924 corda
3436 2890 3537 2943 per

1942 2956 2182 3032 amorem
2210 2942 2528 3011 suscipiunt,
2562 2944 2663 2997 hoc
2721 2946 2863 3015 quod
2898 2947 2948 3000 in
2981 2950 3147 3007 verbo
3176 2962 3231 3010 et
3283 2942 3534 3032 exemplo

1941 3029 2119 3084 dOt'lOI
2135 3030 2180 3083 is
2202 3030 2393 3098 radiat,
2414 3033 2481 3084 de
2498 3031 2795 3087 imitatione
2822 3034 3219 3108 Redemptoris.
3239 3029 3529 3116 Sequitur:

1940 3120 2009 3173 Et
2024 3117 2239 3173 vocabis
2258 3119 2366 3172 lsai
2382 3120 2453 3173 ad
2476 3121 2766 3175 victimam
2782 3141 2799 3175 :
2820 3121 3004 3179 Fortes
3019 3142 3077 3180 se
3116 3130 3220 3184 hoc
3264 3132 3413 3190 locus
3430 3138 3531 3195 iste

1940 3206 2194 3269 insinuat,
2232 3206 2375 3276 quod
2406 3216 2607 3276 prater
2631 3209 2977 3277 praclalnrum
3007 3218 3392 3277 conscientiam
3416 3228 3536 3283 sub-

1941 3294 2036 3349 diti
2067 3295 2424 3363 promovendi
2455 3310 2561 3350 non
2591 3305 2731 3350 sunt.
2752 3299 3017 3369 Isaiprius
3043 3304 3396 3365 advictimam
3432 3331 3532 3371 vo-

1939 3392 2110 3445 catur,
2142 3391 2199 3437 ut
2224 3382 2445 3452 bonum,
2479 3384 2623 3454 quod
2652 3385 2832 3441 subire
2860 3388 3130 3459 subjectus
3161 3399 3414 3469 cernitur,
3471 3404 3527 3459 in

1939 3472 2184 3543 magistri
2212 3471 2289 3525 sui
2324 3480 2506 3526 mente
2538 3472 2807 3529 fundetur.
2846 3476 2988 3533 Bene
3016 3479 3363 3555 subjungitur
3393 3507 3408 3544 :
3469 3493 3538 3548 Et

1938 3560 2171 3658 ostende
2184 3576 2232 3614 γη
2252 3560 2350 3615 tibi
2363 3560 2496 3632 quid
2505 3563 2708 3631 facias.
2725 3563 2801 3617 ldi
2810 3580 2964 3635 psum
2976 3583 3190 3641 quoque
3202 3576 3534 3647 exprimens,

1937 3656 2010 3701 ait
2041 3664 2053 3700 τ

2011 3754 2188 3820 (Vers.
2223 3756 2302 3825 3.)
2336 3755 2405 3810 Et
2427 3772 2624 3828 unges,
2657 3774 2819 3831 quem
2850 3767 3240 3825 monstravere
3274 3771 3394 3828 tibi.

2011 3844 2065 3895 7.
2101 3842 2217 3896 Nisi
2249 3844 2393 3897 enim
2423 3845 2526 3899 [sai
2559 3845 2712 3915 prius
2742 3858 2982 3920 vocetur,
3017 3854 3088 3918 ei,
3144 3874 3265 3927 qua
3296 3861 3540 3921 facienda

1941 3937 2084 3997 sunt,
2116 3946 2228 3985 non
2257 3932 2564 3999 pandentur
2594 3951 2606 3986 :
2642 3936 2765 4004 quia
2798 3938 2915 3993 sine
2967 3944 3212 4014 magistri
3269 3949 3541 4010 voluntate

1941 4017 2153 4088 aliquid
2185 4019 2252 4073 de
2284 4018 2510 4089 subjecti
2543 4037 2775 4091 persona
2805 4025 3117 4084 faciendum
3149 4050 3257 4089 non
3286 4048 3382 4092 est.
3436 4041 3538 4097 lllo

1939 4121 2076 4177 ergo
2110 4114 2318 4198 vocato,
2354 4108 2499 4198 quod
2529 4116 2610 4164 est
2640 4110 2967 4181 faciendum,
3027 4123 3350 4193 ostenditur,
3410 4130 3537 4198 quia

1940 4211 2065 4251 cum
2099 4195 2375 4250 voluntate
2406 4196 2647 4269 religiosi
2676 4199 2930 4269 doctoris,
2979 4205 3206 4277 subjecti
3261 4195 3534 4272 humilitas

1939 4284 2012 4337 ad
2044 4300 2223 4339 arcem
2251 4283 2554 4339 sustollitur
2608 4287 2961 4356 pralationis.
3021 4292 3161 4362 Quid
3208 4308 3288 4354 est
3332 4311 3507 4359 autem

1937 4372 2082 4444 quod
2116 4373 2342 4427 dicitur:
2363 4375 2713 4446 Ungesquem
2735 4384 3115 4440 monstravere
3150 4387 3266 4455 tibi,
3286 4390 3381 4444 nisi
3404 4347 3531 4461 quia

294 4464 344 4515 5_
376 4460 525 4529 Quid
553 4461 636 4515 his
665 4460 857 4550 verbis
878 4461 1199 4550 ostendijur,
1216 4461 1314 4514 nisi
1332 4459 1460 4532 quia
1482 4467 1827 4550 tyrannorum
1856 4490 1910 4550 D
1940 4462 2097 4517 electi
2133 4462 2363 4532 pastoris
2393 4463 2631 4532 aquales
2668 4465 2920 4538 discipuli
2962 4486 3157 4529 omnes
3201 4492 3307 4532 non
3358 4459 3479 4536 sunt
3506 4482 3535 4535 εἰ

240 4551 468 4603 versutia
500 4560 661 4618 atque
689 4549 896 4604 savitia
928 4548 1250 4619 quandoque
1279 4557 1360 4603 est
1385 4551 1477 4617 pia
1506 4547 1697 4602 fraude
1727 4550 1831 4601 de-

224 4630 792 4706 ludenda‘tPracepto
824 4652 1059 4707 namque
1090 4636 1310 4691 Domini
1340 4636 1408 4690 de
1433 4641 1678 4690 armento
1738 4635 1827 4691 vi-

227 4724 358 4778 tulus
388 4726 613 4790 tollitur,
667 4725 967 4780 immolatio
1008 4724 1319 4792 simulatur,
1380 4731 1433 4777 et
1491 4724 1559 4777 ad
1618 4722 1829 4795 regiam

224 4812 531 4867 unctionem
562 4813 898 4883 pervenitur,
942 4813 1071 4883 quia
1099 4813 1230 4867 dum
1262 4827 1459 4867 nocere
1487 4814 1695 4882 tyranni
1729 4828 1829 4865 cu-

228 4899 392 4969 piunt,
424 4900 743 4970 objicienda
773 4910 895 4956 sunt
925 4902 1004 4955 eis
1035 4900 1306 4971 quadam,
1332 4916 1453 4972 qua
1501 4900 1741 4969 credant,
1773 4907 1832 4953 ut

227 4990 453 5044 nocendi
486 4991 695 5045 aditum
721 5005 828 5044 non
859 4990 1153 5045 inveniant.
1173 4988 1263 5045 Sic
1289 4988 1500 5060 tyranni
1531 4991 1635 5058 37
1647 4993 1694 5059 7
1735 4988 1826 5043 de-

237 5075 451 5132 ludendi
486 5088 627 5145 sunt,
660 5087 719 5132 ut
744 5087 1001 5133 caveatur
1028 5078 1190 5148 culpa
1219 5078 1507 5133 mendacii.
1529 5076 1683 5146 Quod
1708 5086 1832 5133 tunc

233 5161 364 5220 bene
392 5164 695 5235 perﬁcitur,
727 5181 850 5222 cum
864 5166 999 5221 illud
1023 5165 1100 5233 ﬁt,
1118 5165 1261 5237 quod
1278 5165 1557 5235 asseritur,
1580 5165 1673 5221 sed
1687 5165 1831 5236 quod

234 5248 288 5304 ﬁt
314 5254 393 5309 sic
422 5255 642 5323 dicitur,
675 5263 735 5309 ut
763 5255 983 5322 celetur,
1017 5254 1144 5325 quia
1173 5268 1241 5309 ex
1298 5262 1448 5325 parte
1503 5254 1720 5323 dicitur,
1779 5259 1833 5309 et

231 5352 291 5392 ex
303 5349 461 5409 parte
477 5342 750 5398 reticetur.
769 5343 1056 5413 Propheta
1071 5359 1305 5412 namque
1321 5342 1558 5398 Samueli
1573 5342 1831 5413 pracipi-

233 5432 329 5496 tur,
356 5437 417 5483 ut
442 5430 512 5484 ad
535 5431 852 5503 ungendum
873 5447 1059 5502 regem
1086 5432 1268 5500 vadat,
1287 5438 1339 5485 et
1355 5446 1410 5486 se
1426 5431 1830 5486 immolaturum

224 5514 482 5586 Domino,
503 5535 609 5575 non
633 5536 824 5592 regem
848 5529 1132 5575 uncturum
1170 5529 1380 5575 asserat
1405 5538 1418 5582 ;
1452 5527 1509 5574 ut
1539 5520 1831 5575 immolans

225 5617 405 5661 verum
428 5606 594 5681 dicat,
621 5611 676 5663 et
706 5607 1018 5665 unctionem
1039 5607 1242 5679 celans,
1266 5606 1481 5680 tyranni
1537 5608 1826 5678 saevitiam,

1945 4550 2080 4605 Sunt
2112 4565 2345 4621 namque
2374 4567 2435 4605 ex
2463 4550 2590 4620 illis,
2651 4554 2741 4608 alii
2792 4555 2949 4613 utiles
3012 4561 3080 4615 ad
3123 4560 3484 4624 obediendum
3522 4588 3534 4625 :

1940 4638 2030 4691 alii
2062 4646 2115 4692 et
2144 4638 2422 4693 humiliter
2451 4640 2734 4713 obcdrunt,
2768 4653 2822 4699 et
2845 4645 3041 4713 jubere
3069 4651 3301 4710 discrete
3324 4656 3536 4716 didice-

1940 4735 2089 4780 runt.
2126 4727 2275 4781 Dicit
2304 4743 2437 4799 ergo
2469 4747 2481 4782 :
2524 4731 2700 4801 Unges
2725 4750 2883 4803 quem
2908 4743 3294 4800 monstravere
3314 4748 3443 4805 tibi:
3459 4757 3514 4804 ut

1942 4830 2060 4870 cum
2093 4815 2159 4869 ad
2192 4817 2407 4871 culmen
2463 4819 2752 4875 sacerdotii
2808 4839 3046 4891 persona
3102 4792 3537 4899 quariturreuuni

1941 4920 2141 4977 magna
2165 4902 2457 4961 subtilitate
2488 4908 2805 4978 requiratur.
2832 4910 3037 4979 Quibus
3064 4878 3312 4975 nimirum
3356 4878 3538 4981 alii;

1941 4993 2341 5048 ordinatoribus
2372 4993 2733 5051 Ecclesiarum
2766 4998 2821 5052 in
2850 5001 3111 5059 electione
3139 5006 3369 5065 aliorum
3400 5012 3534 5067 nihil

1939 5092 2092 5131 suum
2120 5076 2456 5148 relinquitur.
2469 5077 2667 5150 Quem,
2688 5082 2778 5146 ait,
2798 5090 3188 5143 monstravere
3203 5091 3323 5157 tibi,
3362 5096 3529 5153 illum

1938 5180 2139 5236 unges.
2165 5164 2269 5235 Qui
2289 5175 2412 5221 sunt
2436 5168 2524 5238 qui
2547 5178 2755 5241 ungunt
2775 5186 2913 5241 quos
2934 5187 3041 5227 non
3070 5185 3331 5233 monstrat
3360 5181 3531 5253 Deus,

1940 5254 2041 5309 nisi
2069 5253 2160 5325 qui
2190 5255 2395 5309 carnali
2426 5254 2619 5311 aﬂ‘ectu
2649 5257 2717 5312 ad
2748 5258 3111 5316 Ecclesiarum
3144 5265 3354 5322 culmen
3383 5272 3537 5328 ordi-

1940 5342 2150 5397 nandos
2179 5342 2401 5410 ducunt,
2430 5344 2520 5413 qui
2552 5360 2658 5399 non
2687 5345 2879 5401 merita
2916 5347 3246 5424 discernunt,
3277 5359 3371 5413 sed
3400 5376 3533 5430 per-

1942 5445 2106 5486 sonas
2130 5431 2451 5500 accipiunt?
2480 5432 2570 5484 Isti
2594 5432 2807 5501 quidem
2839 5450 2999 5508 rcges
3028 5451 3254 5513 ungunt,
3285 5449 3382 5503 sed
3430 5466 3537 5506 non

1940 5521 2029 5592 qui
2064 5520 2241 5575 aDeo
2270 5527 2650 5573 monstrantur.
2706 5518 2868 5589 Quod
2922 5542 3075 5583 suum
3130 5540 3229 5600 est,
3290 5534 3532 5600 faciunt;

1940 5585 2087 5684 quod
2116 5608 2215 5664 Dei
2246 5616 2346 5678 est,
2380 5606 2588 5664 tollunt.
2620 5585 2971 5683 Dei—quidem
2993 5585 3534 5687 personam—Finem:
