3996 6164
364 444 369 449 Α
449 378 542 434 tat

1665 362 1909 427 SANCTI
1942 362 2289 427 GREGORII
2319 363 2542 426 MAGNI

3619 379 3709 440 £52

452 510 598 556 trare
638 506 734 563 est,
798 496 1121 554 ordinatoris
1179 497 1343 567 378
1403 496 1656 566 praebere
1713 496 2046 551 unctionem.
2085 493 2141 553 Α
2173 496 2612 551 venitemecum.
2635 495 2690 551 Si
2723 496 2863 551 enim
2896 496 3157 553 interesse
3173 500 3582 561 sacrificantibus
3620 523 3716 564 non

455 590 596 644 Dum
625 604 756 661 ergo
782 588 882 659 ipsi
913 588 1017 642 sibi
1048 594 1353 641 monstrant
1388 601 1524 656 quos
1569 594 1798 658 ungant,
1860 583 2058 638 habere

449 680 623 735 Deum
652 687 1057 748 cooperatorem
1089 675 1301 729 nolunt.
1337 674 1493 729 Unde
1524 682 1576 728 et
1605 690 1704 743 per
1732 675 2057 743 prophetam

453 767 651 824 Oscam
681 767 749 820 de
779 765 978 819 talibus
1006 764 1198 818 electio
1232 762 1502 817 Dominus
1531 762 1795 832 queritur,
1829 762 2015 818 dicens
2040 780 2051 815 :

447 859 554 928 Ipsi
576 856 972 926 regnaverunt,
987 868 1102 907 non
1115 867 1189 906 ex
1221 867 1306 906 me
1327 873 1350 914 ;
1368 853 1656 923 principes
1679 854 2054 919 exstiterunt,

445 948 503 1000 et
520 960 613 1014 ego
629 944 886 1012 ignoravi
900 942 1201 1007 t0see.vm,
1218 940 1293 1009 ὅ).
1310 940 1522 994 Dicitur
1544 955 1676 1010 ergo
1689 939 1893 1006 electis,
1909 938 2058 1008 quod

441 1032 628 1087 audire
648 1046 752 1085 non
766 1034 993 1100 possunt
1006 1028 1219 1098 reprobi
1242 1046 1254 1080 :
1277 1030 1456 1098 Unges
1474 1044 1638 1099 quem
1673 1033 2057 1083 monstravere

440 1121 651 1177 tibi:ut
678 1119 855 1173 nullus
887 1125 1290 1187 promoveatur,
1340 1116 1442 1169 nisi
1489 1116 1580 1184 qui
1652 1116 1853 1187 dignus
1910 1120 2056 1171 tanto

438 1209 647 1273 ordine,
668 1208 1071 1277 Scripturarum
1094 1212 1407 1259 sanctarum
1439 1204 1597 1258 laude
1628 1204 1959 1258 decernitur.
1981 1206 2043 1258 In

441 1298 521 1352 eis
551 1297 767 1368 quidem
800 1295 1073 1349 Dominus
1103 1293 1361 1364 loquitur,
1396 1293 1474 1346 ibi
1541 1292 1715 1361 qualis
1745 1301 1797 1346 et
1827 1300 2057 1361 quantus

440 1401 560 1440 esse
589 1384 787 1439 debeat
817 1383 1077 1454 magister
1101 1382 1397 1447 Ecclesiae,
1428 1389 1777 1435 memoratur.
1803 1380 1899 1435 Ille
1924 1396 2057 1451 ergo

435 1482 760 1530 monstratus
789 1488 820 1527 a
850 1472 1079 1526 Domino
1113 1470 1355 1541 eligitur,
1389 1470 1480 1539 qui
1514 1486 1612 1539 per
1674 1485 1886 1523 sacrum
1937 1468 2056 1524 elo-

434 1562 623 1633 quium
650 1561 1087 1617 commendatur.
1107 1560 1235 1613 Ilzec
1282 1559 1497 1628 quidem
1522 1556 1650 1611 mali
1671 1564 1907 1611 rectores
1927 1572 2056 1612 cou-

430 1656 694 1717 temnunt,
720 1648 846 1703 boni
878 1648 1103 1702 faciunt.
1156 1647 1236 1700 De
1267 1646 1377 1701 bon
1397 1662 1549 1701 orum
1582 1662 1717 1717 ergo
1749 1646 2057 1701 ohedientia

446 1746 591 1794 recte
621 1736 971 1807 subjungitur
1007 1752 1019 1790 :

512 1828 689 1896 (Vers.
722 1827 804 1893 4.)
835 1827 988 1879 Fecit
1019 1840 1145 1895 ergo
1176 1824 1426 1889 Samuel,
1458 1824 1600 1893 quod
1628 1824 1850 1879 locutus
1873 1827 1957 1879 est
1991 1825 2043 1879 ei
2071 1842 2126 1902 Β

444 1916 746 1971 Dominus.
785 1915 944 1969 Venit
972 1914 1033 1967 in
1067 1912 1413 1979 Bethlehem,
1461 1917 1517 1967 et
1575 1912 1846 1967 admirati
1903 1915 2042 1967 sunt

432 2005 682 2059 seniores
704 2002 974 2067 civitatis,
1000 2005 1332 2056 occurentes
1378 2000 1459 2055 ei.

511 2094 563 2145 8.
595 2091 685 2144 Ad
714 2090 998 2144 historiam
1028 2090 1272 2144 seniores
1325 2088 1676 2154 admirantur,
1738 2088 1865 2155 quia
1920 2088 2047 2143 illuc

446 2179 632 2235 venire
661 2179 923 2249 propheta
953 2194 1061 2232 non
1090 2186 1208 2232 erat
1236 2176 1444 2232 solitus.
1469 2176 1657 2245 Quoin
1676 2176 1796 2232 loco
1817 2177 2045 2232 fortasse

429 2268 678 2341 signatur
712 2287 723 2321 :
758 2267 885 2337 quia
913 2266 1069 2322 electi
1098 2267 1357 2321 doctores
1383 2267 1473 2319 vix
1516 2266 1812 2336 aliquando
1862 2265 2041 2321 videri

427 2356 483 2410 in
508 2356 723 2427 publico
755 2355 971 2420 debent,
1004 2370 1126 2410 esse
1158 2355 1237 2409 fre
1252 2362 1480 2424 quentes
1511 2354 1563 2406 in
1599 2361 1826 2421 secreto,
1860 2369 2037 2426 nego-

432 2446 520 2499 tiis
549 2445 798 2499 civilibus
824 2443 1001 2509 vacui,
1053 2441 1429 2511 spiritualibus
1488 2441 1656 2511 pleni.
1717 2441 2037 2497 Miraculum

437 2548 574 2604 ergo
602 2533 659 2586 iit
688 2531 895 2602 populi,
920 2531 975 2583 in
1003 2530 1224 2599 publico
1248 2534 1368 2585 visa
1398 2546 1630 2599 persona
1659 2530 1916 2600 pastoris.
1945 2530 2042 2584 Mi-

427 2628 612 2675 rantur
639 2619 784 2690 quod
814 2626 988 2685 exeat,
1022 2634 1183 2689 quem
1225 2617 1418 2672 secreti
1448 2618 1707 2672 cultorem
1757 2618 2031 2673 sciebant.

427 2708 532 2776 Qui
563 2707 690 2777 quia
737 2707 793 2760 in
831 2721 1030 2777 magna
1065 2706 1254 2776 p0pu1i
1293 2705 1647 2760 veneratione
1708 2706 2031 2775 sustollitur,

426 2796 672 2852 seniores
701 2795 931 2849 civitatis
961 2802 1013 2848 et
1042 2794 1313 2861 admirati,
1344 2803 1393 2848 et
1425 2795 1472 2849 ei
1525 2794 1821 2849 occurrisse
1880 2795 2027 2849 refe-

424 2893 633 2939 runtur.
664 2881 797 2951 Quia
823 2898 951 2938 vero
971 2899 1077 2939 non
1096 2883 1351 2952 populus,
1370 2884 1466 2938 sed
1490 2885 1735 2937 seniores
1759 2883 2030 2937 admiran-

424 2977 529 3038 tur,
562 2973 803 3041 perfecta
832 2972 1114 3026 doctorum
1144 2972 1315 3025 virtus
1347 2972 1671 3037 ostenditur,
1709 2988 1832 3041 quae
1862 2987 1967 3026 non
2001 2986 2030 3024 a

429 3059 676 3131 parvulis
705 3066 760 3113 et
786 3058 1144 3127 simplicibus,
1170 3058 1263 3113 sed
1286 3073 1317 3112 a
1338 3060 1558 3129 magnis
1577 3059 1864 3113 eteruditis
1894 3075 2030 3128 prae-

417 3147 642 3202 dicatur.
681 3144 784 3213 Qui
840 3148 1005 3199 etiam
1071 3147 1139 3199 de
1176 3144 1408 3215 paciﬁca
1451 3146 1696 3216 ingressu
1736 3147 2019 3216 prolihetze

420 3235 776 3290 sciscitantur.
798 3232 961 3300 Quasi
989 3250 1120 3303 ergo
1142 3232 1444 3301 ingressum
1475 3250 1585 3287 non
1600 3232 1884 3303 paciﬁcum
1908 3236 2015 3289 mi-

414 3323 664 3389 nabatur,
695 3323 784 3394 qui
816 3320 1068 3376 dicebat:
1100 3320 1243 3386 Quid
1261 3323 1453 3389 vultis,
1491 3322 1552 3375 in
1598 3325 1751 3390 virga
1792 3324 2016 3378 veniam

419 3412 491 3467 ad
516 3428 625 3477 vos,
659 3412 813 3465 anin
834 3411 1045 3481 spiritu
1066 3410 1564 3464 mansuetudinis!
1582 3411 1632 3479 (ι
1661 3409 1782 3465 Cor.
1804 3426 1879 3479 iv,
1900 3414 2016 3481 21.)

412 3499 555 3568 Quid
585 3507 665 3553 est
693 3514 845 3570 ergo,
879 3498 1025 3567 quod
1055 3497 1254 3552 dicitur
1280 3512 1293 3551 :

495 3587 672 3654 (Vers.
706 3589 736 3639 4
764 3587 783 3654 )
815 3586 1090 3651 Paciﬁcas
1111 3590 1197 3639 est
1221 3586 1508 3655 ingressus
1539 3590 1669 3642 tuus
1689 3587 1718 3638 ?

489 3677 542 3727 9.
572 3674 687 3727 Nisi
718 3673 844 3743 quia
875 3674 1029 3728 electi
1063 3672 1251 3727 tideles
1281 3676 1409 3727 dum
1451 3674 1589 3729 bene
1650 3675 2012 3744 spiritualium

413 3761 691 3817 doctorum
725 3770 849 3816 acta
878 3760 1240 3824 considerant,
1290 3761 1344 3814 in
1404 3762 1481 3815 eis
1535 3762 1724 3832 utique
1771 3764 2009 3818 divinam

402 3850 743 3906 voluntatem
774 3858 1015 3918 pensant.
1050 3848 1190 3917 Quia
1222 3849 1368 3903 enim
1396 3866 1514 3904 esse
1548 3850 1857 3906 Samuelem
1890 3868 2011 3921 pro-

401 3940 621 4010 phetam
651 3938 914 4004 sciebant,
948 3938 1129 4008 utique
1164 3938 1289 4007 quia
1342 3938 1541 3993 divinae
1590 3939 2007 4009 dispensationis

405 4037 616 4082 secreta
648 4034 1003 4098 cognoverat.
1042 4027 1180 4079 Dum
1212 4042 1344 4097 ergo
1377 4027 1446 4080 de
1480 4027 1706 4097 paciﬁco
1755 4029 2001 4100 ingressu

394 4115 757 4187 interrogant,
791 4115 919 4186 quid
953 4114 1101 4169 aliud
1132 4114 1523 4187 interrogando
1560 4116 1784 4185 faciunt,
1840 4134 1999 4187 quam

294 4240 301 4247 κ
400 4204 568 4260 divini
599 4204 809 4259 consilii
840 4219 998 4258 nosse
1030 4202 1169 4257 velle
1198 4211 1466 4259 secretum
1498 4202 1525 4256 ?
1552 4205 1768 4259 Utinam
1803 4214 1856 4259 et
1898 4223 2000 4260 nos

394 4292 606 4363 quoties
636 4299 850 4346 sanctos
882 4291 1033 4346 viros
1088 4291 1383 4359 cernimus,
1432 4291 1702 4360 inquirere
1754 4293 1824 4347 de
1853 4295 2000 4362 pacis

392 4388 584 4434 nostra;
637 4381 918 4432 securitate
979 4379 1341 4445 studeremus,
1386 4388 1438 4432 et
1479 4379 1772 4449 diligenter
1810 4381 1879 4433 ab
1919 4382 1997 4435 eis

390 4467 547 4533 scire,
568 4466 756 4535 quales
782 4484 814 4518 υ.
844 4466 957 4519 Deo
985 4481 1291 4533 cernamur,
1326 4465 1415 4534 qui
1446 4467 1769 4535 cognitionis
1796 4478 1992 4525 nosti-te

391 4554 582 4609 oculos
613 4569 724 4607 non
752 4552 1037 4608 habemus.
1077 4552 1334 4607 Paciﬁcus
1351 4568 1481 4625 ergo
1502 4556 1780 4625 ingressus
1798 4556 1990 4613 docto-

395 4658 521 4696 rum
540 4649 640 4705 est,
664 4657 786 4695 cum
824 4643 892 4694 ad
922 4656 1015 4695 eos
1044 4640 1285 4708 veniunt,
1308 4641 1396 4710 qui
1428 4658 1533 4695 non
1565 4653 1687 4696 sunt
1734 4660 1833 4713 pro
1877 4648 1997 4701 cul-

385 4746 456 4802 pa
486 4728 733 4794 feriendi,
774 4728 870 4783 sed
906 4745 1010 4798 pro
1036 4728 1245 4798 justitia
1281 4730 1637 4799 praedicandi.
1705 4730 1808 4799 Qui
1864 4749 1995 4808 ergo

380 4827 688 4891 promotum
713 4817 917 4888 justum
945 4825 1186 4885 venerat,
1218 4816 1497 4887 respondit
1548 4819 1731 4873 dicens
1764 4835 1776 4874 :

460 4918 639 4987 (Vers.
658 4917 739 4986 5.)
753 4915 1043 4984 Paciﬁcas,
1062 4914 1133 4969 ad
1153 4914 1568 4971 immolandum
1588 4916 1824 4974 Domino
1839 4922 1985 4976 veni.

382 5006 859 5076 Sanctiﬁcamini,
882 5009 938 5060 et
959 5004 1147 5060 venite
1168 5020 1412 5071 mecum,
1430 5008 1493 5060 ut
1517 5008 1898 5064 immolemus.

453 5097 539 5150 10.
600 5096 734 5150 Cum
794 5093 1131 5161 doctoribus,
1190 5100 1246 5146 ut
1284 5092 1589 5159 immolent,
1629 5097 1848 5157 vadunt,
1893 5098 1985 5167 qui

378 5185 729 5240 intentionem
760 5182 829 5236 ad
859 5198 1097 5253 superna
1127 5181 1386 5253 dirigunt.
1423 5182 1489 5236 Et
1519 5198 1700 5238 coram
1732 5185 1981 5240 euntibus

370 5273 637 5341 propheta
660 5272 925 5337 immolat,
960 5271 1177 5342 quando
1229 5269 1285 5323 id
1339 5271 1550 5340 doctor,
1613 5274 1757 5342 quod
1815 5273 1980 5329 verbo

379 5361 709 5430 pronuntiat,
732 5360 788 5414 in
817 5360 1192 5415 assistentium
1223 5359 1479 5414 cordibus
1507 5376 1606 5429 per
1631 5377 1875 5417 amorem
1904 5361 1976 5415 li-

380 5454 501 5518 gat.
540 5446 647 5501 Sed
671 5453 728 5501 ut
756 5448 1033 5503 historiam
1065 5446 1347 5518 paululum
1378 5447 1738 5517 attendamus,
1755 5449 1975 5519 vigilan-

370 5540 543 5590 terest
559 5533 983 5607 discutiendum,
1008 5535 1156 5607 quod
1175 5535 1400 5592 dicitur:
1430 5537 1890 5608 Sanctiﬁcamini
1917 5542 1977 5594 et

437 5708 518 5781 (α)
544 5708 713 5769 Gilot.
746 5717 802 5767 et
828 5709 1028 5779 Vatia,
1058 5726 1173 5770 non
1201 5711 1356 5769 enirn
1383 5712 1549 5772 videt.

2170 584 2388 650 audent,
2421 585 2521 637 nisi
2548 582 3033 655 sanctiﬁcati,quid
3065 587 3132 642 de
3162 588 3572 649 sacriﬁcantibus
3594 612 3713 651 con-

2167 672 2393 725 sendum
2414 671 2443 724 ‘t
2473 670 2829 729 Sanctiﬁcare
2858 672 2998 728 enim
3029 692 3265 748 purgare
3318 688 3412 734 est.
3469 679 3718 749 Quantum

2166 775 2299 831 ergo
2330 775 2495 829 puros
2530 761 2683 816 decet
2712 777 2836 817 esse
2895 761 3199 833 pontiﬁces,
3247 765 3335 820 ubi
3390 766 3614 826 invitatte
3659 774 3718 827 ad

2166 846 2492 903 sacrificium
2550 849 2762 903 nonnisi
2819 849 3165 907 sanctiﬁcata:
3230 853 3564 912 admittenda:
3612 870 3723 917 sunt

2164 935 2397 1005 plebes?
2429 935 2792 992 Sanctiﬁcatio
2823 939 3023 1009 quippe
3059 940 3304 1011 corporis
3357 944 3596 1012 pudicitia
3629 957 3720 1016 est,

2165 1022 2518 1079 sanctiﬁcatio
2538 1026 2731 1080 mentis
2752 1026 2981 1082 charitas
2996 1036 3047 1082 et
3064 1028 3354 1084 humilitas.
3371 1031 3728 1092 Sanctiﬁcatur

2165 1128 2301 1182 ergo
2322 1113 2391 1167 ad
2407 1112 2731 1168 sacriﬁcium
2755 1114 3027 1176 invitatus.
3080 1118 3177 1171 sed
3202 1118 3376 1190 magis
3402 1120 3490 1175 ille
3515 1124 3723 1194 cogitur,

2165 1217 2195 1254 a
2227 1216 2335 1271 quo
2370 1201 2638 1256 invitatur.
2672 1204 2873 1257 Notent
2894 1205 3226 1275 sacerdotes,
3251 1223 3370 1276 quae
3397 1208 3621 1265 invitatis
3647 1211 3724 1266 di-

2165 1297 2289 1343 cant
2322 1306 2335 1342 :
2360 1290 2547 1344 Venite
2560 1306 2800 1345 mecum.
2817 1290 3010 1346 Secum
3033 1293 3234 1363 quippe
3253 1298 3297 1360 3
3308 1298 3354 1364 7
3365 1298 3414 1364 9
3429 1297 3723 1354 sanctiﬁcati

2172 1377 2408 1443 veniunt,
2456 1378 2501 1431 si
2543 1394 2666 1431 cum
2697 1379 2915 1433 mundis
2944 1379 3194 1450 plebibus
3221 1381 3289 1436 ad
3344 1384 3439 1437 Dei
3487 1386 3729 1457 obsequia

2164 1464 2354 1518 mundi
2386 1465 2695 1520 sacerdotes
2750 1467 3034 1522 accedunt.
3067 1470 3264 1524 Secum
3295 1471 3492 1542 quippe
3519 1472 3609 1537 ire,
3657 1483 3729 1530 est

2165 1553 2393 1607 mundos
2421 1569 2542 1608 cum
2574 1554 2791 1609 mundis
2827 1555 3099 1611 accedere.
3132 1557 3269 1611 Nam
3302 1559 3344 1612 si
3374 1561 3584 1616 mundae
3617 1571 3731 1617 sunt

2164 1641 2373 1711 plebes,
2407 1659 2512 1696 non
2544 1643 2734 1697 mundi
2764 1645 3090 1712 sacerdotes,
3123 1662 3306 1701 secum
3335 1663 3443 1703 non
3500 1650 3728 1705 veniunt:

2164 1729 2286 1798 quia
2331 1731 2527 1799 aequali
2560 1731 2805 1799 puritatis
2832 1733 3021 1787 ordine
3051 1750 3157 1789 non
3190 1736 3478 1791 accedunt.
3509 1739 3736 1794 Audiant

2163 1819 2471 1885 liujusmodt
2522 1820 2648 1888 quid
2690 1822 2826 1875 alter
2875 1822 3137 1891 propheta
3187 1824 3464 1895 admonet,
3518 1825 3729 1882 dicens:

2156 1905 2533 1974 Mundamini,
2559 1910 2657 1979 qui
2672 1911 2838 1977 fertis
2859 1925 2990 1964 vasa
3020 1908 3264 1966 Domini
3294 1914 3446 1982 (1εαὶ.
3494 1930 3583 1981 Lit,
3632 1916 3733 1984 11).

2155 1994 2391 2049 Audiant
2419 1995 2567 2064 item,
2600 1996 2742 2065 quod
2773 1997 2903 2052 dicit
2936 2016 2948 2052 :
2981 2000 3299 2069 Lavamim‘,
3339 2003 3542 2059 mundi
3571 2008 3735 2060 estote

2155 2083 2309 2153 (Isai.
2334 2101 2370 2147 ι,
2402 2083 2511 2143 16).
2547 2083 2681 2152 Quia
2710 2101 2839 2156 ergo
2870 2088 3195 2143 mundandas
3225 2097 3352 2144 sunt
3396 2091 3601 2160 plebes,
3654 2092 3738 2145 di-

2153 2172 2226 2225 cit
2252 2188 2263 2225 :
2299 2172 2793 2241 Sanctiﬁcamini.
2824 2173 2963 2242 Quia
2991 2175 3116 2230 item
3148 2178 3348 2233 summi
3379 2179 3482 2234 viri
3504 2180 3557 2235 in
3576 2181 3737 2236 conti-

2151 2276 2261 2315 nuo
2296 2261 2583 2315 munditiae
2614 2278 2725 2317 suae
2755 2271 2891 2316 statu
2924 2279 3141 2334 semper
3170 2265 3374 2322 debent
3412 2284 3735 2338 permanere,

2151 2356 2204 2403 et
2234 2349 2301 2402 ad
2334 2348 2571 2404 formam
2602 2366 2715 2404 sure
2741 2352 2993 2420 puritatis
3013 2352 3150 2407 alios
3172 2355 3409 2423 trahere,
3432 2357 3609 2413 subdit
3638 2372 3650 2411 :
3676 2360 3741 2413 Et

2148 2438 2335 2493 venite
2350 2454 2591 2494 mecum.
2610 2439 2724 2493 Sed
2744 2439 2867 2509 quia
2880 2440 3118 2497 seniores
3137 2442 3203 2498 ad
3219 2446 3503 2501 victimam
3524 2446 3740 2501 invitan-

2151 2532 2256 2589 tur,
2291 2525 2421 2596 quid
2451 2542 2548 2596 per
2576 2535 2759 2597 typum
2794 2529 3181 2600 demonstrant,
3213 2533 3319 2588 nisi
3353 2534 3482 2605 quia
3527 2535 3595 2589 ad
3642 2534 3740 2589 eli-

2147 2614 2388 2683 gendum
2420 2614 2730 2680 antistitem,
2751 2618 2866 2672 sive
2881 2618 2947 2672 ad
2978 2620 3288 2691 ungendem
3338 2631 3392 2677 et
3415 2639 3741 2679 consecran-

2146 2703 2295 2767 dum,
2330 2702 2517 2772 plures
2546 2704 2817 2773 sapientes
2873 2714 3031 2775 atque
3088 2709 3332 2782 religiosi
3382 2711 3486 2766 viri
3517 2712 3741 2767 vocandi

2146 2791 2321 2844 sunt?
2343 2788 2444 2858 Qui
2477 2792 2734 2846 nimirum
2768 2793 3167 2851 sanctiﬁcantur
3192 2807 3247 2853 et
3278 2800 3525 2867 veniunt,
3544 2802 3587 2854 si
3616 2815 3744 2870 pro-

2141 2886 2373 2947 ponunt,
2394 2880 2513 2933 utin
2530 2880 2793 2936 electione
2806 2882 2898 2936 illa
2918 2884 3133 2939 carnale
3147 2886 3356 2958 aliquid
3377 2903 3487 2943 non
3511 2904 3743 2959 sequan-

2145 2973 2244 3020 tur.
2283 2965 2617 3023 Sanctiﬁcari
2651 2970 2868 3038 quidem
2901 2971 2978 3026 eis
3006 2977 3110 3035 est.
3145 2975 3215 3029 ad
3249 2976 3565 3047 praebenda
3605 2976 3745 3031 dona

2140 3056 2313 3108 sancti
2348 3055 2578 3125 Spiritus
2607 3057 2941 3127 spiritualem
2970 3068 3023 3115 et
3076 3072 3329 3118 sanctam
3389 3065 3740 3120 intentionem

2139 3142 2429 3197 adducere.
2463 3145 2605 3198 Bene
2635 3153 2810 3200 autem
2840 3147 2896 3201 in
2927 3156 3052 3218 typo
3080 3151 3382 3207 electorum
3408 3161 3465 3209 et
3491 3152 3561 3208 de
3615 3151 3739 3219 Isai,

2130 3239 2183 3285 et
2209 3231 2327 3300 ejus
2357 3230 2485 3285 ﬁliis
2517 3232 2714 3289 dicitur
2748 3254 2759 3289 :

2196 3328 2368 3396 (Vers.
2405 3330 2480 3397 5.)
2502 3328 2903 3399 Sancti/ienuit
2934 3349 3063 3406 ergo
3084 3334 3212 3404 Isai,
3232 3339 3291 3392 et
3314 3334 3471 3406 ﬁlios
3505 3337 3649 3409 ejus,
3680 3341 3733 3393 et

2125 3419 2339 3471 vocavit
2370 3434 2459 3473 eos
2471 3419 2541 3473 ad
2564 3420 2931 3489 sacriﬁcium.

2196 3516 2282 3568 Η.
2317 3514 2385 3567 Et
2408 3515 2534 3583 quia
2561 3532 2661 3586 per
2688 3532 2842 3572 sacra
2871 3519 3088 3590 eloquia
3113 3521 3417 3578 Dominum
3450 3523 3738 3597 eligendos

2124 3600 2399 3655 antistites
2437 3613 2743 3660 monstrare
2774 3606 3210 3679 docuimus,jam
3239 3612 3443 3680 quales
3474 3620 3736 3668 monstret

2122 3689 2424 3760 qualesque
2449 3693 2704 3760 reprobat
2731 3694 3141 3766 subsequenter,
3174 3697 3542 3769 loquentibus
3571 3715 3738 3757 sacrae

2119 3776 2279 3847 hujus
2309 3778 2557 3835 historia:
2586 3783 2872 3851 mysteriis,
2904 3785 3208 3841 videamus.
3244 3787 3513 3859 Sequitur
3544 3808 3556 3842 :

2188 3867 2361 3935 (Vers.
2392 3872 2442 3922 6.
2463 3870 2540 3938 7.)
2563 3870 2812 3943 Cumque
2830 3873 3067 3942 ingressi
3087 3881 3296 3943 essent,
3314 3878 3437 3933 vidi
3468 3878 3653 3942 Eliab,
3680 3882 3738 3933 et

2112 3955 2232 4009 ait:
2250 3956 2394 4010 Num
2417 3972 2606 4013 coram
2624 3958 2865 4015 Domino
2882 3965 2964 4015 est
2991 3960 3249 4018 Christus
3272 3966 3404 4035 ejus
3428 3967 3547 4023 ?E!
3559 3968 3734 4035 dixit,

2110 4045 2381 4100 Dominus
2393 4046 2465 4100 ad
2476 4047 2795 4103 Samuelem
2818 4070 2835 4102 :
2851 4049 2925 4104 Ne
2941 4052 3209 4123 respicias
3224 4056 3459 4109 vultum
3473 4059 3623 4126 ejus,
3639 4072 3735 4112 ne-

2108 4148 2212 4203 que
2228 4132 2601 4190 altitudinem
2618 4139 2867 4192 staturos
2883 4138 3028 4209 ejus,
3052 4141 3323 4210 quoniam
3372 4144 3568 4215 abjeci
3583 4161 3734 4213 eum,

2109 4221 2386 4291 necjuxta
2399 4224 2457 4277 in
2469 4224 2553 4278 tui
2562 4228 2679 4279 tum
2696 4226 2981 4281 hominum
2980 4228 3473 4298 judico.(a)Homo
3487 4234 3647 4288 enim
3661 4233 3735 4288 vi-

2107 4306 2198 4362 det
2214 4323 2297 4373 ea,
2314 4326 2436 4380 quae
2447 4316 2750 4382 apparent,
2767 4315 3039 4369 Dominus
3050 4322 3241 4371 autem
3257 4320 3607 4377 intuebitur
3622 4338 3735 4378 cor.

2180 4395 2321 4463 Quid
2352 4400 2498 4452 enim
2531 4408 2609 4454 est
2641 4401 2977 4469 sapientibus
3005 4403 3239 4475 ingredi,
3271 4407 3381 4461 nisi
3414 4410 3490 4464 ad
3531 4409 3736 4464 subtile

2108 4484 2455 4539 discretionis
2471 4488 2766 4543 sacrarium
2798 4490 3045 4546 intrare?
3074 4492 3180 4547 Sed
3210 4494 3541 4567 ingressum
3573 4498 3737 4554 Eliab

2107 4572 2237 4626 vidit
2271 4591 2283 4627 :
2318 4576 2445 4643 quia
2474 4576 2625 4630 illum
2657 4592 2772 4632 esse
2796 4578 3019 4649 dignum
3036 4581 3360 4650 prmlatione
3386 4595 3606 4642 sanctae
3626 4588 3732 4642 Ec-

2107 4660 2287 4717 clesia:
2313 4671 2497 4731 pastor
2514 4665 2784 4735 agnoscit.
2811 4667 2901 4736 qui
2921 4676 2973 4721 et
2993 4667 3363 4726 fortitudinem
3394 4673 3575 4730 habet
3602 4674 3736 4730 boni

2107 4750 2310 4819 operis,
2335 4761 2388 4805 et
2407 4752 2687 4807 scientiam
2713 4754 2975 4809 veritatis.
3010 4755 3148 4824 Quid
3171 4766 3251 4813 est
3298 4768 3522 4828 autem,
3585 4763 3735 4833 quod

2103 4838 2152 4891 ei
2181 4838 2443 4893 Dominus
2471 4855 2574 4895 nec
2601 4849 2857 4896 staturam
2888 4844 3026 4914 ejus,
3060 4861 3160 4900 nec
3189 4847 3410 4903 vultum
3474 4851 3734 4923 aspicere

2098 4926 2367 4997 praecipit,
2402 4927 2506 4981 nisi
2536 4928 2661 4999 quia
2692 4929 2747 4983 in
2774 4940 2952 4986 sancta
2983 4932 3227 4988 Ecclesia
3255 4950 3364 4991 nec
3397 4954 3572 5010 opus,
3625 4956 3731 4996 nec

2098 5015 2320 5069 scientia
2352 5015 2467 5070 sine
2495 5017 2792 5072 humilitate
2819 5020 3144 5088 praedicatur
3172 5023 3200 5076 ξ)
3229 5021 3383 5090 Quid
3418 5035 3511 5082 est
3570 5029 3727 5083 enim

2094 5103 2276 5159 vultus
2304 5103 2547 5173 alicujus,
2581 5105 2683 5160 nisi
2714 5107 2950 5162 exterior
2976 5111 3344 5179 conversatio,
3381 5129 3494 5182 per
3551 5133 3725 5187 quam

2093 5191 2331 5246 noscitur
2349 5194 2377 5245 ‘?
2396 5193 2601 5263 thuid
2619 5202 2700 5248 est
2728 5202 2927 5249 statura
2956 5195 3094 5266 ejus,
3125 5197 3225 5252 nisi
3253 5198 3509 5257 altitudo
3541 5204 3727 5259 scien-

2092 5278 2198 5365 tiae,
2229 5296 2329 5349 per
2358 5297 2520 5350 quam
2550 5282 2619 5337 ad
2647 5284 2929 5352 superiora
2957 5283 3275 5340 sublimatur
3299 5285 3333 5340 ?
3378 5287 3548 5358 Quos
3581 5309 3724 5365 ergo

2086 5366 2246 5421 Eliab
2269 5370 2487 5437 rectius,
2519 5386 2683 5440 quam
2713 5369 2859 5425 bona
2887 5382 3132 5443 agentes,
3166 5382 3219 5429 et
3245 5377 3514 5433 eruditos
3539 5380 3725 5453 signi-

2084 5450 2228 5522 ﬁcat,
2257 5455 2354 5511 sed
2386 5466 2705 5529 arrogantes
2727 5459 2755 5512 ?
2786 5459 2940 5514 Unde
2977 5468 3029 5514 et
3083 5460 3262 5526 Eliab,
3329 5463 3494 5521 Deus
3554 5450 3723 5525 meus

2080 5551 2254 5613 pater,
2285 5544 2685 5617 interpretatur.
2716 5546 2832 5605 Hoc
2860 5548 3065 5618 quippe
3094 5550 3206 5618 ejus
3245 5563 3493 5626 nomen,
3559 5557 3718 5629 quod
