3996 6164
197 388 286 444 433
1021 383 1092 439 ΙΝ
1134 384 1401 440 PRIMUM
1431 383 1675 439 REGUM
1705 378 2245 442 EXPOSITIONES.
2278 418 2347 428 —
2390 387 2514 441 LIB.
2558 383 2620 444 ν.

3362 399 3386 452 4
3397 398 3464 454 234

193 513 374 566 audent
401 524 744 580 praesumere.
805 507 947 576 Quid
994 523 1225 578 namque
1275 516 1374 572 est,
1429 508 1572 580 quod
1618 509 1761 562 Deus
1788 513 1844 571 A
1873 512 2056 566 mendi
2078 528 2183 567 non
2214 522 2356 580 sunt,
2389 515 2552 570 Sama
2583 518 2650 572 ad
2703 535 2928 591 regnum
2984 542 3015 579 a
3072 528 3305 586 Domino
3354 548 3462 588 non

192 617 328 655 meus
357 607 506 668 pater
532 597 772 652 dicitur:
828 596 927 649 nisi
985 597 1112 666 quia
1171 599 1296 651 dum
1358 595 1570 651 fortiter
1621 596 1769 651 bona

196 697 369 759 agunt,
401 686 699 756 spiritualia
728 686 1000 753 sapienter
1019 684 1344 756 intelligunt,
1379 699 1437 739 se
1467 700 1566 754 per
1594 684 1769 755 singu-

1872 601 1998 670 eligi
2029 602 2368 671 perhibetur.
2410 603 2546 659 Hinc
2575 621 2730 676 ergo,
2756 609 2878 664 hinc
2908 612 3178 684 simplices
3235 627 3287 673 et
3341 621 3465 675 ino-

1875 689 2154 743 bedientes
2186 690 2464 761 colligant,
2499 709 2658 762 quam
2692 699 2975 766 pmnaliter
3001 702 3070 756 ad
3098 707 3459 773 preeminen-

195 778 296 830 lare
325 774 573 829 meritum
604 775 656 827 in
686 772 914 827 ﬁliorum
950 772 1046 826 Dei
1076 788 1355 826 numerum
1387 771 1770 842 transisseglo—
1875 777 2006 832 dum
2039 795 2097 832 se
2127 779 2395 849 ingerunt,
2421 781 2464 834 si
2489 783 2833 852 omnipotens
2863 789 3006 844 Deus
3063 771 3164 849 ῃὲο
3207 797 3358 852 illum
3398 803 3467 856 ad

193 865 383 920 riantur
411 870 432 917 2
462 864 598 917 Nam
629 870 786 932 pater
812 876 921 917 non
947 877 1121 930 meus,
1155 861 1247 914 sed
1280 869 1463 915 noster
1513 861 1769 929 omnipo-

193 954 308 1008 tenti
338 952 567 1007 Domino
596 951 858 1012 dicerent.
889 949 933 1003 si
964 965 1066 1020 per
1114 948 1479 1003 humilitatem
1537 965 1594 1003 se
1651 964 1772 1002 cum

197 1042 366 1096 electis
395 1040 606 1095 caeteris
636 1039 690 1093 in
719 1054 969 1109 supernae
989 1037 1359 1108 generationis
1385 1038 1574 1091 ordine
1619 1052 1774 1092 com-

195 1131 417 1184 muniter
440 1129 708 1183 viderent.
738 1128 925 1182 Merito
955 1142 1086 1198 ergo
1116 1125 1408 1196 repellitur,
1433 1142 1561 1196 quia
1592 1126 1642 1178 in
1659 1125 1776 1194 spi-

197 1219 358 1272 rituali
386 1219 624 1272 culmine
657 1216 876 1271 nonnisi
901 1215 1132 1269 humiles
1161 1215 1546 1283 praeferuntur.
1594 1213 1780 1267 Subti-

196 1306 303 1360 liter
325 1321 455 1377 ergo
494 1305 757 1374 propheta
815 1304 882 1358 de
942 1303 1186 1374 ungendi
1234 1317 1468 1371 persona
1524 1301 1777 1372 exquirit,

195 1395 363 1449 dicens
393 1412 404 1446 :
427 1395 576 1449 Num
606 1409 790 1448 coram
818 1394 1049 1448 Domino
1071 1397 1156 1446 est
1181 1392 1417 1446 Cliristis
1436 1391 1556 1460 ejus
1574 1399 1600 1445 ?
1621 1389 1779 1444 Modo

195 1484 283 1538 hoc
312 1481 385 1549 iit,
419 1482 639 1552 (IUuDdO
671 1497 916 1534 summus
947 1482 1152 1546 doctor,
1187 1487 1240 1534 et
1266 1479 1433 1533 vitam
1479 1487 1532 1532 et
1579 1477 1780 1531 intelli-

191 1572 410 1642 gentiam
442 1570 687 1641 eligendi
719 1569 1022 1638 COgnoscit,
1053 1569 1149 1622 sed
1173 1568 1346 1622 adhuc
1376 1568 1442 1621 de
1460 1567 1779 1620 humilitatis

191 1661 368 1715 virtute
397 1658 692 1730 perquirit.
727 1658 836 1712 Sed
861 1657 1067 1710 vultum
1083 1665 1135 1710 et
1155 1663 1411 1710 staturam
1443 1656 1562 1725 ejus
1582 1655 1777 1725 abjec-

193 1757 285 1800 tam
313 1748 484 1813 videt,
525 1746 746 1815 quando
776 1745 846 1814 ci,
879 1745 1141 1815 quidquid
1171 1744 1456 1812 pulchrum
1515 1744 1677 1798 habet
1722 1744 1780 1795 in

1878 868 2123 938 regimen
2153 867 2396 938 suscipit,
2429 872 2524 940 qui
2589 889 2689 942 per
2730 875 3089 935 humilitatem
3149 883 3470 945 obedientia:

1879 956 2100 1009 audiens
2131 966 2375 1010 vocatur.
2443 959 2513 1012 Et
2571 961 2695 1030 quia
2748 964 2931 1032 plures
2987 979 3173 1026 sancta
3227 975 3472 1033 Ecclesia

1882 1043 2189 1112 hujusmodi
2223 1053 2329 1098 tam
2357 1047 2642 1115 simplices
2701 1060 2753 1106 et
2804 1056 2938 1109 bene
2996 1058 3261 1129 viventes,
3317 1081 3473 1133 quam

1883 1133 2112 1186 humiles
2140 1133 2410 1200 sapientes
2440 1135 2622 1204 habet,
2647 1142 2892 1208 sequitur
2923 1163 2934 1198 :

1948 1224 2089 1273 Vera.
2118 1222 2227 1287 10.)
2258 1223 2498 1275 Adduxit
2512 1231 2679 1290 itaque
2700 1233 2808 1281 [sai
2828 1247 2993 1286 omnes
3009 1238 3149 1300 ﬁlios
3172 1254 3476 1299 saeuorum

1881 1306 2124 1358 Samuelis.
2152 1309 2220 1358 Et
2242 1311 2321 1360 ait
2346 1310 2551 1362 Samuel
2580 1329 2596 1363 :
2620 1317 2730 1366 A'on
2743 1319 2892 1384 eligit
2903 1321 3140 1375 Dominus
3153 1343 3218 1377 ex
3237 1333 3371 1380 istis.

1959 1395 2043 1482 μ.
2078 1392 2216 1482 Quia
2247 1395 2298 1448 in
2366 1399 2680 1466 septenario
2722 1417 2946 1458 numero
2993 1409 3163 1464 soleat
3210 1417 3477 1482 perfectio

1885 1478 2179 1550 designari,
2214 1491 2436 1537 testatur
2473 1486 2643 1540 Isaias
2673 1492 2958 1559 propheta,
2995 1497 3082 1565 qui
3131 1478 3270 1555 dona
3307 1510 3475 1562 sancti

1888 1568 2124 1638 Spiritus
2145 1570 2509 1641 Rcdemptore
2540 1585 2723 1629 nostro
2739 1582 3008 1635 manentia
3031 1600 3294 1656 asserens,
3341 1596 3413 1648 ait
3461 1615 3473 1649 :

1886 1658 2530 1730 Requiescetsupereum
2549 1666 2780 1731 spiritus
2797 1668 3040 1738 Domini,
3095 1679 3330 1746 spiritus
3371 1699 3476 1738 sa-

1882 1747 2114 1816 pientiw
2136 1753 2189 1802 et
2207 1749 2555 1821 intellectus,
2589 1755 2826 1823 spiritus
2847 1763 3074 1817 consilii
3102 1770 3158 1819 et
3170 1770 3474 1835 fortitudi-

191 1850 354 1906 Opere,
386 1835 654 1924 quidquid
685 1834 850 1888 altum
881 1833 934 1886 in
965 1832 1264 1924 eruditione
1288 1833 1430 1924 inest
1459 1832 1542 1924 ei,
1565 1832 1778 1924 absque
1806 1862 1858 1920 Β
1888 1836 2248 1904 nis,spiritus
2267 1840 2523 1893 scientia
2544 1844 2600 1894 et
2633 1845 2887 1914 pietatis,
2938 1853 2993 1903 et
3053 1832 3287 1924 replebil
3343 1876 3473 1918 eum

191 1924 479 1978 humilitatis
513 1921 1048 1992 virtutec0gnoscrit.
1076 1921 1262 1974 Merito
1301 1920 1467 1989 igitur
1510 1919 1772 1972 Dominus

192 2011 333 2066 dicit:
358 1996 532 2063 380
566 2012 787 2080 Projeci
807 2026 954 2076 eum,
975 2025 1078 2064 nec
1095 2011 1265 2077 juxta
1285 2009 1567 2062 intuitum
1587 2007 1772 2061 homi-

197 2104 275 2156 nis
295 2101 490 2172 judico
517 2120 538 2152 :
560 2103 693 2170 quia
724 2099 883 2154 homo
913 2097 1058 2152 videt
1091 2101 1153 2152 in
1186 2099 1356 2166 (acie,
1414 2097 1557 2150 Deus
1582 2101 1774 2150 autem

192 2190 488 2244 intuebitur
519 2204 635 2242 cor.
669 2186 832 2253 Quasi
864 2185 1006 2239 dicat
1032 2201 1044 2238 ε
1077 2185 1344 2238 Homines
1374 2182 1547 2237 solent
1577 2197 1776 2251 magna

192 2294 352 2349 Opera,
368 2286 420 2334 et
433 2277 685 2332 scientia:
703 2275 871 2329 verba
885 2274 1106 2328 laudare
1125 2289 1135 2325 :
1152 2289 1256 2342 ego
1274 2281 1450 2326 autem
1469 2286 1574 2325 nec
1591 2269 1772 2334 verba,

193 2383 277 2420 nec
290 2382 449 2437 opera
467 2365 660 2430 laudo,
679 2380 798 2433 quae
818 2363 870 2416 in
895 2362 1198 2416 humilitate
1241 2376 1367 2415 vera
1417 2359 1642 2413 fundata
1669 2373 1777 2411 non

191 2455 346 2510 video.
371 2453 725 2525 lndignitatis
748 2453 944 2523 quippe
963 2466 1077 2504 suae
1103 2448 1389 2518 repulsam,
1406 2445 1781 2517 quiejusmodi

191 2553 312 2607 sunt,
327 2549 805 2614 expasvescerent,
822 2541 1081 2594 siattente
1095 2537 1287 2592 audire
1299 2537 1518 2606 vellent,
1547 2534 1691 2605 quod
1712 2533 1780 2587 ad

190 2636 482 2704 prophetam
503 2632 771 2686 Dominus
782 2629 1016 2683 dicitzNe
1032 2628 1301 2698 respicias
1323 2627 1543 2682 vultum
1556 2641 1676 2695 ejus
1691 2639 1785 2678 ne-

190 2738 275 2792 que
301 2722 681 2775 altitudinem
713 2723 952 2772 staturae
980 2717 1122 2786 ejus,
1142 2716 1273 2786 quia
1286 2716 1656 2786 proiecieum.
1675 2712 1781 2768 Pro

188 2825 369 2882 magno
398 2824 644 2878 namque
661 2806 884 2873 habent,
911 2804 1053 2874 quod
1076 2811 1398 2874 arrogantes
1418 2801 1648 2858 faciunt:
1687 2801 1781 2854 sed

189 2914 299 2952 ecce
323 2908 428 2952 tam
461 2897 576 2952 vile
597 2911 723 2950 esse
753 2911 785 2948 a
813 2894 1043 2947 Domino
1065 2892 1281 2958 dicitur,
1328 2899 1384 2945 ut
1440 2906 1543 2944 nec
1599 2890 1779 2959 respi-

192 2985 416 3042 ciendum
449 3003 576 3041 esse
599 2984 896 3052 judicetur.
950 2981 1057 3036 Sed
1103 2981 1208 3035 isto
1263 2989 1464 3045 amoto,
1511 2978 1642 3050 quid
1692 2995 1780 3032 se-

193 3084 362 3140 quatur
387 3072 700 3128 ostenditur
731 3088 742 3122 :

251 3163 415 3231 (Vers.
436 3166 513 3229 8.)
545 3161 629 3212 Et
662 3159 877 3213 vocavit
913 3158 1022 3212 Isai
1055 3154 1385 3222 Aminadab,
1435 3158 1491 3208 et
1536 3153 1782 3209 adduxit

194 3267 301 3305 eum
331 3267 522 3306 coram
567 3249 859 3302 Samuele.
886 3245 990 3312 Qui
1012 3246 1163 3300 dixit
1192 3264 1208 3296 :
1259 3245 1368 3300 Nec
1409 3243 1558 3298 hunc
1608 3244 1778 3312 elegit
1810 3214 1858 3277 δ

196 3340 458 3395 Dominus.

254 3430 332 3482 li.
362 3423 678 3482 Aminadab
709 3425 1117 3494 interpretatur,
1147 3421 1408 3476 urbanus.
1448 3421 1640 3476 Merita
1668 3419 1775 3490 igi-

196 3525 280 3583 tur,
311 3517 542 3572 Domino
578 3513 845 3580 consulto,
878 3512 1188 3582 repellitur:
1217 3512 1342 3582 quia
1372 3519 1554 3564 sancta
1587 3509 1778 3562 Eccle-

196 3606 262 3658 sia
289 3607 352 3658 ad
378 3606 637 3676 regimen
660 3604 959 3656 animarum
993 3616 1103 3654 non
1132 3599 1287 3669 eligit
1317 3599 1547 3669 negotiis
1603 3613 1780 3652 smon-

198 3691 377 3746 laribus
402 3704 713 3757 strenuum,
748 3689 846 3744 sed
877 3688 1144 3760 spirituali
1179 3687 1592 3742 conversatione
1623 3687 1781 3740 deco-

195 3797 311 3834 rum.
342 3783 547 3836 Urbani
584 3781 804 3849 quidem
837 3787 976 3844 sunt,
1005 3777 1094 3846 qui
1127 3776 1428 3846 postposita
1484 3775 1783 3829 intentione

198 3871 494 3934 caelestium,
533 3867 906 3922 exterioribus
936 3865 1129 3919 studiis
1160 3881 1218 3918 se
1237 3863 1518 3918 ostendere
1537 3871 1782 3918 strenuos

197 3967 450 4012 conantur.
482 3958 608 4012 Nec
636 3957 783 4008 hunc
811 3970 943 4026 ergo
991 3953 1158 4024 elegit
1191 3953 1471 4017 Dominus,
1531 3953 1652 4020 quia
1711 3950 1783 4021 pii

197 4049 409 4112 pastoris
437 4045 628 4101 studio
650 4044 904 4105 corlestia,
939 4058 1046 4096 non
1092 4050 1334 4107 terrena,
1396 4040 1668 4110 provideri
1725 4038 1784 4091 ﬁ-

197 4133 376 4188 delium
405 4133 676 4207 gregibus
705 4133 921 4197 debent,
951 4147 1058 4185 non
1077 4129 1290 4183 inﬁrma
1322 4137 1375 4184 et
1404 4128 1661 4194 labentia,
1687 4128 1784 4182 sed

200 4222 432 4277 sublimia
462 4229 520 4278 et
552 4228 757 4278 aeterna
770 4261 782 4273 .

257 4320 424 4386 (Vera.
457 4323 541 4388 9.)
575 4319 831 4372 Adduxit
853 4321 1045 4372 autem
1074 4317 1264 4383 Same,
1311 4316 1379 4370 de
1432 4332 1537 4388 quo
1564 4318 1619 4371 et
1668 4317 1783 4372 ait:

200 4406 362 4462 Etiam
394 4411 552 4463 hunc
578 4421 692 4460 non
725 4408 889 4476 elegit
927 4407 1216 4462 Dominus.

259 4500 338 4551 13.
368 4497 560 4561 Sama,
596 4495 839 4562 audiens,
869 4495 1265 4563 interpretatur.
1299 4491 1445 4560 Quid
1502 4508 1634 4564 ergo
1680 4493 1784 4546 Sa-

1885 1921 2859 2021 spiritustimorisDomin-i(Isa.x1,
2891 1937 2965 2004 2).
3011 1921 3152 2006 Quid
3195 1953 3273 1998 est
3319 1964 3472 2021 ergo,

1878 2012 2023 2080 quod
2057 2012 2144 2107 hi,
2190 2015 2276 2081 qui
2336 2033 2366 2067 a
2424 2017 2828 2107 pr-iedieationis
2885 2024 3060 2081 oﬂicio
3115 2012 3468 2107 repelluntur,

1878 2100 2183 2168 septenario
2216 2118 2437 2156 numero
2469 2104 2846 2175 designantur,
2875 2128 2997 2166 cum
3029 2100 3188 2172 idem,
3216 2100 3471 2182 numerus

1881 2187 2275 2253 perfectionem
2305 2189 2575 2261 designet,
2624 2211 2784 2263 quam
2843 2199 2978 2266 alius
3033 2205 3132 2258 nisi
3183 2209 3251 2263 de
3307 2218 3479 2271 sancti

1884 2275 2118 2342 Spiritus
2157 2277 2425 2332 inlusione
2457 2296 2560 2333 non
2591 2282 2751 2337 habet
2779 2287 2806 2337 ἢ
2837 2287 2948 2342 Sed
2979 2298 3359 2355 convenienter
3377 2304 3478 2359 hoc

1881 2364 2168 2417 asset-itur:
2205 2365 2328 2433 quia
2357 2368 2604 2435 pluribus
2661 2373 2840 2442 gratia
2895 2378 3132 2447 Spiritus
3188 2391 3359 2443 sancti
3401 2393 3470 2448 ad

1880 2450 2017 2505 bene
2046 2452 2336 2506 vivendum
2366 2455 2543 2523 datur,
2577 2459 2644 2511 ad
2677 2460 2980 2517 docendum
3010 2483 3118 2523 non
3147 2472 3320 2530 datur.
3368 2478 3473 2546 Qui

1885 2541 2013 2608 quia
2042 2541 2228 2608 plures
2259 2551 2406 2635 sunt,
2440 2549 2492 2597 et
2547 2545 2599 2599 in
2659 2546 2803 2604 bona
2858 2556 3168 2620 operatione
3223 2541 3475 2635 perfecti,

1888 2637 2014 2718 apte
2035 2631 2337 2698 septenario
2359 2648 2582 2688 numero
2602 2637 2955 2696 continentur.
2976 2644 3108 2699 Item
3123 2649 3247 2718 quia
3259 2631 3482 2712 robusta

1889 2716 2558 2809 faciuntAgtsubtilia‘non
2580 2724 2908 2809 intelligunt,
2943 2746 2973 2784 a
3004 2716 3156 2805 regni
3202 2739 3481 2809 guberna-

1887 2805 2032 2858 tione
2077 2789 2235 2855 381
2277 2805 2626 2873 repelluntur.
2651 2808 2716 2862 Et
2745 2789 2950 2880 septem
2969 2789 3100 2886 erg?)
3130 2789 3486 2892 sntit—abiret

1888 2909 2073 2947 eorum
2103 2893 2302 2963 aliquis
2333 2894 2402 2946 ad
2432 2894 2733 2949 animarum
2758 2899 3002 2968 regimen
3028 2920 3131 2958 non
3150 2912 3440 2968 assumitur
3467 2933 3480 2970 :

1888 2982 2018 3052 quia
2048 2983 2141 3035 etsi
2175 2981 2314 3036 bene
2356 2982 2585 3036 vivendo
2643 3000 2835 3056 regere
2892 2988 3104 3046 fortiter
3161 2999 3484 3070 semetipsos

1887 3070 2081 3136 sciunt,
2115 3070 2247 3123 tueri
2278 3071 2412 3124 alios
2443 3070 2648 3126 fortiter
2677 3089 2773 3141 per
2804 3075 3108 3134 doctrinam
3140 3100 3482 3158 nequaquam

1894 3168 2136 3227 possunt.
2177 3158 2463 3228 Nunquam
2486 3177 2544 3214 se
2575 3170 2682 3214 tam
2715 3161 2769 3216 in
2822 3165 3123 3224 ordinando
3178 3177 3486 3246 praecipitet

1889 3247 2166 3301 ordinator
2194 3247 2467 3314 Ecclesiae,
2492 3249 2636 3318 quia,
2660 3249 2759 3304 etsi
2794 3251 2975 3320 plures
3024 3258 3202 3326 habet,
3263 3265 3354 3332 qui
3407 3267 3478 3321 ad

1889 3335 2288 3404 suscipiendam
2319 3337 2615 3390 animarum
2647 3355 2829 3392 curam
2862 3358 2968 3395 non
3001 3348 3340 3418 suntidonei,
3387 3356 3483 3424 qui

1889 3432 2066 3478 tamen
2098 3439 2335 3492 praeesse
2362 3425 2628 3493 possintei
2642 3426 2832 3482 deesse
2846 3445 2949 3483 non
2977 3440 3224 3500 possunt.
3265 3436 3493 3506 Quaerat

1890 3528 2019 3584 ergo
2049 3513 2240 3566 doctor
2261 3511 2540 3580 instanter,
2565 3530 2671 3568 non
2701 3515 2920 3571 deficiat
2977 3533 3260 3592 quaereret,
3314 3529 3489 3587 donec

1891 3600 2122 3655 latentes
2152 3601 2317 3671 possit
2344 3601 2602 3656 invenire.
2653 3605 2868 3673 Magna“:
2924 3608 3141 3677 quidem
3193 3614 3485 3673 electorum

1890 3691 2115 3743 virtutes
2146 3690 2297 3759 quasi
2320 3692 2552 3744 thesauri
2570 3692 2716 3746 omni
2746 3696 2953 3749 .otentis
2993 3699 3089 3753 Dei
3135 3699 3245 3756 fere
3277 3721 3491 3776 semper

1891 3777 1944 3830 in
1975 3779 2188 3832 occulto
2209 3784 2353 3832 sunt.
2388 3780 2530 3833 More
2562 3781 2761 3834 etenim
2824 3784 3194 3842 timoratorum
3251 3791 3484 3849 divitum

1893 3865 2238 3934 omnipotens
2268 3867 2412 3920 Deus
2443 3868 2574 3920 facit
2606 3885 2618 3920 :
2653 3869 2862 3936 quiane
2903 3875 3157 3929 virtutum
3209 3880 3490 3938 thesauros

1891 3951 2106 4019 perdat,
2140 3951 2235 4004 hos
2265 3959 2316 4003 et
2337 3951 2390 4003 in
2411 3951 2594 4004 electis
2625 3955 2893 4008 mentibus
2949 3959 3196 4029 collocat,
3246 3972 3299 4018 et
3340 3965 3494 4034 ipsas

1895 4047 2101 4093 mentes
2132 4055 2232 4108 per
2259 4048 2524 4093 secretum
2555 4039 2715 4092 celat.
2752 4040 2971 4108 Qumrat
3010 4061 3164 4118 ergo,
3209 4051 3298 4121 qui
3347 4055 3494 4108 ordi-

1892 4143 2046 4192 nare,
2079 4127 2188 4181 imo
2217 4142 2425 4195 ornare,
2448 4128 2698 4184 Ecclesia:
2719 4140 2884 4200 caput
2910 4135 3076 4202 cupit,
3105 4140 3355 4194 occultos
3378 4143 3489 4198 the-

1893 4231 2108 4271 sauros.
2143 4216 2335 4269 Christi
2364 4233 2622 4287 sponsam
2651 4233 2844 4274 ornare
2871 4225 3033 4291 gestit
3064 4241 3076 4284 ;
3112 4227 3206 4280 sed
3245 4243 3350 4282 non
3380 4246 3486 4299 po-

1894 4314 2021 4370 test,
2043 4304 2141 4358 nisi
2175 4307 2411 4359 occultos
2443 4308 2626 4375 sponsi
2657 4308 2935 4363 thesauros
2965 4311 3034 4364 ad
3065 4313 3185 4382 ejus
3237 4326 3488 4373 ornatum

1896 4395 2178 4463 producat,
2210 4403 2261 4448 et
2293 4410 2396 4448 non
2416 4395 2663 4460 desistat,
2685 4397 3364 4460 doneclatentesinveniat.
3386 4407 3491 4462 Sed

1897 4483 2026 4551 quid
2067 4484 2505 4551 bon-torpastores
2534 4500 2796 4554 quaerere,
2831 4503 2953 4540 cum
2977 4489 3078 4543 nisn
3109 4491 3252 4547 Deus
3302 4496 3490 4552 oculos

200 4599 274 4638 ma
299 4585 574 4658 designat,
612 4583 713 4637 nisi
744 4582 1058 4637 obedientes
1093 4597 1141 4636 et
1188 4582 1460 4651 simplices
1488 4584 1516 4634 ‘?
1575 4583 1782 4636 Audire

1893 4567 2230 4641 [Legendum
2247 4572 2468 4626 videtur
2491 4572 2751 4644 occultos]
2772 4576 3030 4646 proferat,
3059 4592 3326 4650 nequeant
3348 4584 3495 4640 inve-

203 4674 398 4739 quidem
428 4676 529 4732 eis,
564 4680 648 4726 est
679 4688 743 4726 ea
771 4687 891 4741 qua:
921 4688 949 4724 a
980 4672 1280 4740 majoribus
1323 4672 1596 4737 jubentur,
1660 4671 1790 4725 obe-

201 4758 381 4815 diendo
409 4761 700 4830 perlicere.
719 4759 868 4814 Unde
891 4768 938 4812 et
956 4758 1022 4813 de
1039 4758 1343 4812 obedientia
1355 4760 1578 4830 gentilis
1604 4759 1791 4829 p0puli

203 4862 287 4913 per
306 4849 650 4904 Psalmistam
669 4848 867 4902 dicitur
891 4864 901 4899 :
920 4846 1194 4917 Populus,
1219 4831 1383 4919 quem
1403 4862 1514 4902 non
1540 4849 1788 4917 cognovi,

205 4939 415 4992 servivit
448 4939 618 5002 mihi,
653 4938 714 4991 in
735 4935 942 4990 auditu
971 4937 1130 4990 auris
1157 4937 1401 4990 obedivit
1431 4935 1578 4990 mihi
1612 4937 1791 5004 (Psal.

207 5039 318 5091 xvn,
348 5029 460 5094 45).
496 5025 642 5093 Quid
675 5033 751 5079 est
779 5033 976 5088 autem,
1010 5024 1153 5094 quod
1186 5040 1289 5078 non
1320 5024 1450 5096 eligi
1493 5041 1525 5078 a
1572 5025 1794 5079 domino

208 5111 434 5168 dicuntur
466 5132 480 5168 :
517 5115 618 5167 nisi
647 5112 774 5184 quia
802 5113 854 5164 in
889 5112 1144 5167 Ecclesiae
1171 5113 1408 5168 culmine
1439 5129 1544 5168 non
1578 5129 1794 5184 ponun-

211 5207 277 5254 tur
302 5203 539 5272 imperiti
566 5201 815 5266 humiles,
847 5200 941 5254 sed
985 5201 1217 5255 humiles
1253 5202 1547 5273 sapientes,
1605 5205 1698 5273 qui
1745 5210 1796 5257 et

211 5295 533 5370 lacerejussa
563 5300 757 5364 sciant,
781 5307 832 5353 et
861 5315 982 5369 quae
1019 5299 1273 5355 facienda
1327 5308 1468 5366 sunt,
1529 5301 1801 5370 sapienter

210 5391 467 5457 jubeant?
500 5397 705 5452 Facere
735 5395 957 5466 quidem
1000 5412 1124 5450 eum
1182 5405 1408 5468 oportet,
1467 5404 1521 5452 et
1576 5397 1796 5453 docere.

215 5486 375 5547 Faciat
401 5509 542 5565 ergo
573 5494 862 5558 humiliter,
894 5494 1088 5549 doceat
1115 5494 1406 5564 sapienter.
1474 5494 1612 5562 Quia
1669 5511 1800 5567 ergo

218 5587 290 5651 Qui
317 5589 498 5644 facere
548 5605 643 5660 per
671 5591 1034 5645 humilitatem
1088 5590 1280 5657 sciunt,
1339 5599 1388 5646 et
1452 5590 1648 5661 jubere
1704 5608 1802 5663 per

223 5684 570 5744 eruditionem
595 5687 864 5760 nesciunt,
893 5687 951 5745 in
995 5687 1318 5762 dignitatem
1371 5691 1582 5762 regiam
1635 5705 1799 5747 assu-

1900 4658 1999 4710 niri
2029 4659 2057 4710 ‘2
2075 4659 2217 4726 Quid
2238 4668 2315 4713 est
2337 4661 2476 4713 enim
2501 4661 2646 4715 aliud
2681 4679 2691 4714 :
2717 4663 2890 4734 Unges
2907 4683 3070 4736 quem
3105 4676 3494 4729 monstravero

1903 4748 2003 4802 tibi
2038 4747 2276 4802 ?Tamen
2299 4750 2570 4816 quaerendi
2605 4759 2743 4820 sunt,
2781 4753 2925 4822 quia,
2958 4755 3060 4810 nisi
3110 4760 3325 4826 quaesiti
3384 4761 3496 4830 diu,

1905 4835 2125 4890 minime
2156 4845 2539 4891 monstrantur.
2565 4840 2702 4893 Nam
2734 4849 2785 4894 et
2814 4843 3076 4898 Dominus
3104 4861 3164 4900 se
3222 4858 3499 4904 monstra-

1903 4932 2081 4976 turum
2113 4925 2404 4992 promittit,
2431 4933 2483 4979 et
2514 4935 2692 4981 tamen
2727 4933 2985 4999 prOpheta
3015 4949 3262 5004 quaerere
3297 4937 3498 5003 nititur,

1903 5012 2214 5066 utinvenire
2245 5022 2540 5068 mereatur.
2577 5017 2728 5070 Unde
2758 5026 2809 5070 et
2833 5019 3503 5090 Dominusqna'rendiins-

1903 5100 2127 5154 tantiam
2141 5101 2390 5168 imperat,
2410 5103 2634 5158 dicens:
2662 5106 2900 5172 Quaerite
2913 5120 2966 5160 et
2981 5109 3302 5176 invenietis,
3319 5112 3498 5181 petite

1905 5203 1960 5254 et
1975 5200 2284 5271 accipietis,
2302 5200 2526 5269 pulsate
2538 5204 2594 5256 et
2610 5201 2902 5272 aperietur
2915 5204 3288 5272 vobiswatth.
3305 5221 3400 5274 vn,
3421 5209 3500 5278 7).

1906 5296 2164 5364 Quaerens
2193 5313 2324 5369 ergo
2345 5299 2627 5370 propheta,
2652 5307 2704 5353 et
2737 5307 2812 5353 tot
2834 5299 2950 5368 jam
2973 5301 3220 5369 repulsis,
3261 5319 3502 5374 qua:er

1905 5409 2280 5463 perseverans,
2305 5396 2430 5464 quid
2455 5395 2612 5450 nobis
2647 5395 2901 5463 insinuat,
2927 5395 3024 5449 nisi
3073 5404 3128 5450 ut
3185 5399 3332 5454 nulla
3381 5401 3499 5456 dis-

1909 5494 2223 5564 pensatione
2254 5493 2461 5564 indigni
2494 5493 2794 5548 adculmen
2819 5493 3100 5565 religionis
3142 5498 3333 5555 venire
3384 5515 3511 5569 per-

1907 5592 2186 5645 mittantur
2206 5592 2390 5660 [Forte
2410 5589 2807 5663 permittuntur]
2827 5593 2854 5644 ‘2
2868 5594 3006 5647 Nam
3023 5610 3142 5649 cum
3161 5595 3217 5650 in
3237 5597 3511 5668 plerisque

1915 5697 2118 5746 sanctae
2145 5689 2411 5746 Ecclesia:
2438 5689 2670 5762 negotiis
2695 5689 2931 5747 salubris
2955 5691 3393 5767 sitdispensatio,
3414 5694 3504 5752 le-
