3996 6164
496 311 600 370 455

1694 304 1943 367 SANCTI
1976 306 2319 369 GREGORII
2349 305 2575 365 MAGNI

3644 320 3734 377 456

487 440 646 496 thalis
671 440 914 511 profecto
943 422 995 494 et
1024 434 1302 495 mortifera
1348 446 1447 503 est,
1495 437 1586 492 ubi
1645 445 1737 492 aut
1793 438 1925 491 caeci
1984 455 2080 507 per
2105 450 2160 510 Α
2191 439 2378 495 veniat
2411 438 2441 490 ?
2478 437 2650 505 Quem
2682 440 2923 512 requirit,
2981 440 3080 494 nisi
3139 438 3264 510 quia
3290 439 3341 494 in
3393 441 3740 501 observatione

484 528 865 601 ignorantiam,
897 536 987 582 aut
1016 526 1303 597 irreligiosi
1332 527 1625 596 sapientes,
1651 533 1740 580 aut
1784 526 1852 580 ad
1901 543 2076 581 saecu-

485 618 616 672 laria
646 617 863 690 negotia
883 616 1106 686 projecti
1137 614 1206 670 ad
1259 615 1485 670 aliorum
1534 616 1831 684 primatum
1890 615 2078 669 venire

481 707 880 778 permittuntur.
905 706 970 759 Hi
1000 705 1145 759 enim
1175 704 1498 774 ignorando,
1532 703 1610 756 illi
1642 703 1865 757 sciendo
1895 712 1947 758 et
1968 718 2079 757 non

483 795 758 863 faciendo,
798 793 1134 848 subditorum
1165 792 1376 847 animas
1435 793 1747 862 perimunt:
1809 791 1886 845 illi
1945 792 2071 845 item

484 883 812 955 negligendo
841 881 1161 953 spiritualia,
1190 879 1466 951 sequendo
1493 878 1734 935 carnalia
1764 888 1817 933 et
1846 887 2072 934 terrena.

481 973 567 1027 Illi
598 971 814 1041 quidem
845 970 969 1025 totis
1001 969 1202 1023 viribus
1232 969 1499 1036 laborant,
1534 975 1590 1021 ut
1625 968 1913 1022 laudentur
1959 984 2077 1038 qua

480 1061 666 1116 dicunt
698 1077 710 1123 ;
743 1059 829 1113 isti
862 1075 976 1127 qua:
1009 1058 1193 1112 dicant
1223 1057 1472 1112 nesciunt
1498 1079 1521 1121 ,-
1543 1056 1620 1109 illi
1649 1056 1718 1110 ad
1777 1057 1879 1110 hoc
1925 1057 2074 1111 omni

482 1149 776 1204 intentione
798 1154 1077 1213 conantur,
1111 1154 1166 1199 ut
1195 1145 1334 1199 inter
1371 1160 1609 1199 summos
1660 1144 1845 1199 saeculi
1901 1144 2077 1199 abun-

485 1238 700 1291 dantius
751 1237 1084 1291 honorentur
1131 1253 1143 1288 :
1196 1233 1285 1303 qui
1327 1232 1574 1303 profecto
1650 1241 1795 1288 tanto
1863 1231 2078 1301 pejores

479 1324 752 1397 prioribus
780 1332 921 1392 sunt,
954 1331 1156 1393 quanto
1186 1320 1261 1375 illi
1282 1322 1335 1375 in
1365 1320 1723 1391 spiritalibus,
1754 1320 1838 1374 isti
1868 1320 1922 1374 in
1953 1337 2075 1375 car-

428 1451 437 1457 -
492 1412 704 1468 nalibus
732 1420 785 1466 et
813 1412 1164 1467 smeularibus
1180 1426 1445 1480 apparere
1474 1409 1739 1464 sublimes
1770 1409 1953 1464 volunt
1972 1410 2079 1463 Ho-

491 1518 610 1557 rum
641 1500 1097 1555 ﬁnisdesiderium
1130 1507 1228 1565 est,
1261 1498 1433 1552 fulciri
1485 1498 1712 1563 divitiis,
1782 1498 2078 1553 honoribus

479 1590 688 1653 extolli,
722 1597 997 1660 potentum
1030 1588 1184 1657 hujus
1210 1587 1393 1641 saeculi
1412 1586 1867 1641 familiaritatibus
1900 1586 2069 1640 subli-

479 1678 635 1734 mari.
667 1679 747 1732 De
779 1677 971 1747 quibus
999 1675 1250 1731 omnibus
1277 1674 1527 1745 reprobae
1558 1674 1755 1729 mentis
1796 1672 2077 1729 affectibus

2178 527 2374 596 jejunii
2404 526 2726 581 celebranda
2747 537 2872 583 sunt
2894 536 3230 584 sacramenta
3248 528 3498 585 unctionis
3518 531 3544 583 ‘l
3592 532 3742 588 Nobis

2187 624 2498 669 autemnon
2528 614 2702 669 solum
2732 616 2848 685 ipsa
2903 623 3256 685 sacramenta,
3311 617 3402 671 sed
3457 618 3530 672 vis
3576 635 3743 674 sacra-

2187 710 2486 757 mentorum
2518 704 2852 759 attendenda
2878 713 2978 760 est.
3001 705 3140 759 Nam
3189 704 3410 776 quidam
3464 705 3565 761 cibi
3618 717 3743 777 sunt,

2184 791 2274 862 qui
2301 790 2348 845 si
2379 807 2486 846 non
2516 801 2792 859 caventur,
2825 809 3029 865 ungere
3061 792 3201 848 bene
3230 808 3387 865 reges
3426 808 3745 864 nequaquam

2185 880 2385 934 sinunt.
2413 880 2698 936 Exteriora
2729 882 2948 949 quidem
2976 881 3232 937 Ecclesia:
3283 882 3498 952 negotia
3551 883 3750 952 quidam

2184 966 2292 1021 cibi
2349 967 2545 1023 animae
2601 978 2740 1036 sunt,
2790 970 2880 1039 qui
2941 970 3011 1024 ab
3067 970 3251 1025 electis
3303 969 3491 1025 devote
3536 971 3746 1025 admini-

2184 1062 2439 1110 strantur.
2473 1056 2582 1111 Sed
2610 1057 2656 1111 si
2685 1058 3029 1128 negotiorum
3060 1056 3396 1113 multitudine
3451 1059 3623 1112 anima
3675 1074 3749 1114 sa-

2187 1151 2405 1212 turetur,
2440 1144 2509 1199 ad
2537 1146 2886 1215 suscipienda
2943 1146 3245 1217 spiritualia
3290 1146 3487 1201 intrare
3539 1146 3755 1216 perfecte

2184 1247 2291 1286 non
2322 1232 2527 1286 sinitur.
2562 1232 2697 1287 Cum
2741 1250 2873 1305 ergo
2921 1235 3182 1304 spiritalia
3237 1235 3457 1301 instant,
3515 1236 3761 1292 exteriora

2186 1318 2505 1374 differantur
2535 1338 2547 1374 :
2580 1322 2707 1390 quia
2737 1338 2858 1376 cum
2886 1338 3082 1394 magna
3132 1323 3325 1377 mentis
3370 1323 3544 1393 quiete
3589 1323 3758 1393 dispo-

2184 1408 2357 1462 nenda
2389 1416 2537 1463 sunt.
2569 1409 2823 1479 Sequitur
2854 1428 2866 1462 :

2257 1496 2435 1566 (Vers.
2470 1498 2557 1566 12)
2594 1499 2744 1552 Misit
2763 1513 2909 1569 ergo,
2931 1504 2989 1555 et
3016 1499 3268 1555 adduxit
3295 1515 3445 1556 eum.

2257 1584 2374 1638 Rex
2400 1584 2608 1639 futurus
2656 1586 2955 1655 adducitur,
3014 1588 3233 1656 quando
3283 1589 3351 1643 ab
3408 1589 3762 1645 occultationis

2185 1688 2296 1727 suae
2328 1672 2567 1728 latibulis
2596 1673 2827 1729 humiles
2854 1675 3244 1744 producuntur.
3304 1677 3497 1732 Latent
3542 1677 3767 1747 quidem,

480 1768 606 1823 oriri
638 1775 813 1837 potest
867 1764 1199 1837 negligentia
1254 1763 1556 1817 animarum
1638 1763 1878 1827 subdito,
1936 1778 2073 1817 con-
2103 1802 2155 1861 Β
2187 1761 2281 1814 sed
2310 1760 2363 1814 in
2393 1763 2826 1832 paseuis;quia,
2884 1765 2983 1817 etsi
3044 1765 3360 1820 hominibus
3413 1766 3552 1820 intra
3612 1767 3775 1821 carnis

477 1864 709 1926 temptus
738 1853 953 1920 Christi,
982 1861 1030 1906 et
1069 1851 1328 1906 Ecclesiae
1358 1851 1678 1920 dilapidatio
1732 1850 2071 1905 facultatum.

480 1943 697 2011 Quaerat
726 1944 900 2010 itaque
929 1941 1137 2009 doctor,
1168 1948 1222 1994 ut
1253 1939 1401 1993 nulla
1457 1939 1863 2007 dispensatione
1921 1939 2071 1993 indi-

483 2048 624 2105 gnos
654 2029 901 2100 praeferat
957 2030 1083 2098 quia
1123 2028 1269 2097 quod
1321 2027 1628 2081 lethiferum
1685 2036 1764 2081 est
1797 2043 2074 2099 nunquam

483 2119 718 2192 permitti
783 2118 964 2173 debet.
988 2117 1141 2172 Unde
1172 2124 1225 2170 et
1252 2115 1503 2170 subditur
1527 2133 1538 2169 :

551 2209 819 2279 Dixitque
840 2206 1068 2264 Samuel
1096 2205 1169 2261 ad
1198 2205 1309 2261 Isai
1330 2223 1348 2261 :
1372 2204 1634 2275 Nunquid
1645 2204 1912 2276 completi
1941 2207 2076 2260 sunt

522 2299 586 2354 lii
612 2302 635 2354 1’

522 2299 586 2354 lii
612 2302 635 2354 1’

476 2299 515 2369 ﬁ
553 2386 695 2454 Quid
708 2393 807 2451 est,
832 2384 974 2454 quod
986 2383 1146 2437 alium
1160 2382 1370 2453 quierit,
1391 2381 1489 2435 nisi
1507 2382 1632 2452 quia
1648 2398 1755 2437 non
1779 2381 2074 2436 debetante

481 2490 729 2546 quaerens
759 2472 1053 2542 quiescere,
1084 2486 1243 2540 quam
1278 2478 1544 2524 mereatur
1563 2470 1806 2524 invenire
1825 2470 1853 2521 ‘2
1873 2469 2076 2540 thuia

482 2579 629 2631 saepe
642 2561 849 2630 abjecta
871 2559 1004 2613 foris
1017 2568 1068 2613 et
1084 2578 1109 2607 ν
1121 2558 1232 2619 ilia,
1248 2559 1388 2612 intus
1403 2558 1618 2613 excelsa
1633 2568 1748 2611 sunt
1760 2600 1773 2623 ,
1793 2557 2069 2627 sequitur:

555 2651 733 2720 (Vers.
768 2651 891 2715 11.)
931 2647 1379 2719 Quirespondit:
1414 2647 1606 2702 Adhuc
1653 2647 1908 2718 reliquus
1963 2650 2070 2714 est,

481 2744 538 2796 et
570 2740 664 2810 qui
695 2739 873 2808 pascit
904 2753 1049 2791 oves.

547 2829 633 2882 15.
669 2825 810 2893 Quid
839 2834 921 2879 est
955 2824 1212 2894 reliquus,
1269 2824 1370 2877 nisi
1429 2823 1673 2889 abiectus
1714 2824 1743 2876 ε)
1784 2822 2070 2893 Abjectum

479 2914 601 2970 dico
629 2931 661 2969 a
689 2930 766 2982 se,
798 2931 905 2969 non
927 2928 957 2968 a
979 2914 1094 2968 Deo
1128 2931 1139 2965 :
1187 2913 1313 2983 quia
1369 2928 1401 2966 a
1457 2913 1570 2967 Deo
1625 2928 1724 2982 per
1762 2911 2068 2978 superbiam

478 3004 601 3073 quis
646 3003 941 3072 abjicitur;
1003 3017 1035 3055 a
1089 3017 1148 3055 se
1203 3000 1441 3069 abiectus
1488 3010 1589 3063 est,
1656 2999 1746 3069 qui
1811 2999 1931 3052 vilis
2014 3007 2071 3053 et

478 3091 699 3146 humilis
752 3089 1076 3144 mstimalur.
1135 3088 1233 3144 Vel
1291 3089 1525 3158 reliquus
1581 3088 1795 3155 dicitur,
1854 3087 1943 3157 qui
2016 3086 2069 3139 in

2186 1847 2318 1902 vilia
2349 1856 2403 1903 et
2432 1850 2644 1904 infirma
2664 1868 2721 1905 se
2752 1859 2960 1923 tegunt.
2986 1868 3184 1923 magna
3207 1862 3289 1908 est
3346 1870 3593 1924 supernas
3647 1870 3772 1910 con-

2188 1936 2555 2005 templationis
2582 1937 2832 2005 latitudo,
2867 1939 2920 1994 in
2950 1955 3056 2010 qua
3095 1950 3394 1995 morantur.
3452 1942 3560 1999 Sed
3615 1944 3777 2014 qualis

2178 2022 2295 2095 jam
2323 2025 2575 2093 praelatus
2602 2036 2880 2097 appareat,
2907 2028 3205 2085 videamus.
3240 2030 3501 2101 Sequitur
3527 2030 3686 2099 enim,
3733 2042 3780 2088 et

2185 2111 2311 2166 dicit
2345 2127 2357 2166 :

2253 2199 2428 2271 (Vers.
2467 2202 2577 2271 12.)
2602 2203 2738 2259 Erat
2758 2209 2951 2261 autem
2969 2208 3156 2277 rufus,
3180 2211 3238 2262 et
3270 2207 3519 2279 pulcher
3539 2215 3779 2282 aspectu,

2184 2288 2489 2362 decoraque
2519 2293 2691 2360 facie.

2258 2380 2344 2432 17.
2375 2377 2516 2445 Quid
2547 2387 2648 2447 est,
2682 2380 2825 2451 quod
2857 2388 3000 2437 tanta
3028 2382 3386 2453 pulchritudo
3417 2384 3565 2457 regis
3593 2385 3789 2439 asseri-

2182 2473 2287 2533 tur,
2321 2466 2423 2520 nisi
2455 2467 2582 2538 quia
2643 2470 2856 2540 magnis
2913 2472 3175 2526 virtutum
3238 2472 3553 2544 fulgoribus
3604 2473 3784 2527 ornari

2182 2553 2341 2609 debet
2371 2570 2607 2624 persona
2637 2558 2870 2611 doctoris
2896 2558 2924 2612 ?
2953 2559 3092 2612 Nam
3123 2560 3192 2614 de
3246 2561 3621 2631 Roedemptore
3672 2562 3779 2618 dic-

2181 2651 2291 2696 tum
2322 2652 2400 2698 est
2433 2658 2445 2696 :
2478 2648 2557 2713 (a)
2580 2646 2827 2715 Spiritus
2849 2646 2972 2717 ejus
2997 2650 3225 2704 ornauit
3253 2651 3430 2704 melos
3454 2650 3596 2711 (Job.
3640 2666 3781 2715 XXVI,

2179 2732 2294 2799 13).
2333 2730 2464 2785 Coeli
2501 2748 2737 2802 namque
2766 2740 2892 2787 sunt
2919 2736 3182 2790 sublimes
3211 2740 3641 2807 praedicatores.
3695 2736 3796 2806 Qui

2178 2819 2420 2889 profecto
2450 2821 2573 2875 coeli
2605 2837 2635 2874 a
2668 2822 2859 2890 spiritu
2889 2825 3062 2879 ornati
3083 2833 3208 2879 sunt
3263 2827 3395 2897 quia
3429 2836 3664 2882 Virtutes
3687 2827 3794 2897 qui-

2179 2908 2278 2962 bus
2303 2911 2533 2963 emicant
2550 2925 2581 2963 a
2607 2909 2805 2979 Spiritu
2823 2923 3010 2966 saneto
3029 2913 3362 2982 percipiunt.
3385 2913 3532 2984 Quid
3552 2923 3792 2987 estergo,

2177 2997 2318 3065 quod
2349 2997 2500 3052 rufus
2537 2998 2818 3065 asseritur,
2850 3000 2949 3054 nisi
2980 2999 3106 3070 quia
3135 3001 3192 3054 in
3221 3001 3399 3056 rubra
3441 3019 3593 3072 saepe
3642 3010 3802 3057 mate~

2176 3086 2259 3139 ria
2284 3086 2558 3140 cbaritatis
2589 3085 2774 3142 fervor
2793 3087 3107 3158 designatur
3136 3091 3165 3141 ξ)
3208 3090 3372 3145 Unde
3429 3100 3485 3145 et
3537 3092 3593 3145 in
3652 3099 3798 3145 veste

477 3181 706 3236 aliorum
737 3180 1137 3247 comparatione
1168 3192 1288 3231 esse
1318 3176 1520 3246 aliquid
1552 3193 1659 3231 non
1690 3176 1916 3230 videtur.
1946 3176 2067 3228 Ab-
2098 3158 2147 3221 C
2175 3172 2443 3243 pontiﬁcis
2471 3191 2665 3230 coccus
2696 3175 2913 3245 ponitur
2941 3176 3027 3231 bis
3058 3176 3279 3244 tinctus,
3321 3188 3385 3233 ut
3417 3180 3630 3250 duplici
3677 3195 3802 3234 ves-

470 3268 648 3338 jectus
668 3282 801 3337 ergo
831 3265 1054 3319 humilis
1080 3266 1274 3320 dicitur
1297 3283 1309 3327 ;
1332 3266 1453 3334 quia
1476 3264 1749 3319 contemni
1792 3280 1851 3318 se
1898 3265 2065 3331 videt,

476 3365 529 3411 et
550 3357 757 3420 tolerat,
795 3338 955 3404 382
1000 3352 1207 3408 ostendi
1235 3368 1580 3423 nequaquam
1603 3360 1771 3419 curat,
1804 3352 1901 3406 sed
1938 3368 2068 3405 oves

473 3445 691 3516 pascit;
726 3444 850 3513 quia
880 3443 1240 3513 cogitationes
1286 3442 1563 3512 simplices
1610 3440 1661 3494 in
1720 3440 2063 3510 contempla-

470 3534 616 3587 tione
643 3540 860 3587 zeternaz
891 3531 1214 3585 hereditatis
1242 3532 1420 3584 nutrit.
1453 3531 1532 3584 De
1562 3530 1644 3584 his
1677 3539 1822 3584 certe
1853 3530 2065 3599 pascuis

471 3622 762 3677 electorum
794 3634 826 3673 a
854 3618 1088 3673 Domino
1114 3618 1306 3672 dicitur
1332 3636 1343 3672 :
1372 3619 1772 3689 lngredientur
1798 3623 1855 3673 et
1902 3635 2061 3689 egre-

469 3711 724 3773 dientur,
773 3712 831 3764 et
868 3723 1081 3777 pascua
1136 3708 1638 3769 invenientann.
1674 3723 1725 3769 χ,
1777 3709 1853 3776 9).
1913 3708 2062 3761 lntus

467 3798 669 3870 quippe
700 3795 899 3850 habent
920 3811 1119 3864 pascua
1149 3795 1649 3865 contemplationis,
1690 3794 1821 3849 foris
1861 3812 2061 3864 pascua

467 3888 597 3943 boui
620 3884 820 3956 operis.
853 3885 1002 3938 Intus
1028 3893 1263 3938 mentem
1292 3884 1670 3939 devotionibus
1694 3885 2057 3956 impinguant,

466 3975 602 4031 foris
632 3991 691 4028 se
721 3974 821 4044 piis
850 3971 1107 4043 operibus
1134 3974 1352 4026 satiant.
1411 3972 1599 4027 Merito
1649 3974 1907 4042 parvulus
1961 3974 2058 4028 iste

462 4063 658 4120 dicitur
682 4078 813 4117 oves
844 4077 1082 4131 pascere,
1112 4060 1239 4131 quia
1260 4061 1462 4115 electus
1479 4060 1704 4131 quisque
1724 4061 1941 4115 humilis
1955 4070 2054 4129 est,

463 4161 515 4208 et
541 4151 739 4208 sterilis
767 4166 877 4206 non
906 4159 1008 4217 est,
1043 4150 1134 4220 qui
1155 4149 1397 4219 quotidie
1423 4165 1621 4219 magna
1641 4150 1773 4219 agit,
1840 4150 1935 4204 sed
1988 4149 2056 4203 de

461 4257 518 4297 se
547 4256 741 4312 magna
770 4255 879 4295 non
907 4239 1085 4292 sentit.
1118 4238 1312 4291 Merito
1340 4252 1471 4307 ergo
1502 4250 1612 4290 non
1639 4236 1824 4291 solum
1848 4251 2057 4305 parvu-

462 4330 565 4393 lus,
596 4328 691 4383 sed
737 4335 922 4395 pastor
967 4325 1265 4379 asseritur:
1328 4325 1453 4393 quia
1503 4323 1592 4393 qui
1645 4339 1772 4379 vere
1822 4323 2055 4377 humiles

461 4424 603 4479 sunt,
638 4415 773 4468 foris
804 4430 862 4467 se
884 4413 1162 4482 dejiciunt,
1197 4410 1297 4467 sed
1327 4427 1424 4483 per
1451 4411 1717 4465 internam
1741 4411 2053 4466 societatem

2176 3264 2336 3316 tiatur
2387 3262 2675 3317 cliaritate.
2717 3264 2886 3318 Rufus
2916 3280 3050 3336 ergo
3115 3265 3324 3321 dicitur
3384 3283 3495 3337 per
3546 3268 3796 3323 ardorem

2176 3351 2469 3416 cbaritalis,
2504 3351 2632 3422 quia
2677 3352 2804 3405 dum
2863 3352 3112 3408 ardentia
3161 3364 3465 3426 praecepta
3520 3356 3802 3412 charitatis

2174 3438 2412 3506 exhibet,
2437 3439 2584 3509 quasi
2606 3455 2704 3508 per
2740 3438 2976 3496 calorem
3006 3442 3181 3496 rubet.
3218 3441 3377 3511 Quid
3410 3445 3549 3499 item
3580 3450 3667 3500 est
3696 3444 3804 3514 pul-

2173 3527 2302 3582 cher
2316 3536 2559 3598 aspectu,
2591 3527 2691 3581 nisi
2713 3528 2921 3584 interna
2937 3532 3418 3601 contemplatione
3435 3530 3807 3604 conspicuus?

2172 3613 2332 3683 Quasi
2362 3617 2503 3671 enim
2537 3616 2817 3687 pulchrum
2845 3627 3127 3687 aspectum
3193 3620 3397 3686 habet,
3456 3625 3557 3692 qui
3616 3624 3807 3677 decore

2169 3704 2392 3760 visiOnis
2419 3706 2589 3760 radiat
2619 3706 2672 3759 in
2704 3706 2915 3761 interna
2945 3708 3452 3778 contemplatione.
3496 3709 3649 3779 Quid
3677 3724 3809 3781 ergo

2167 3791 2333 3847 facies
2361 3793 2629 3865 designat,
2663 3793 2770 3848 nisi
2800 3795 3123 3850 exteriorem
3149 3796 3402 3868 gloriam
3442 3800 3751 3854 honestatis
3777 3797 3804 3849 ?

2166 3883 2305 3935 Nam
2331 3883 2455 3952 quia
2474 3899 2568 3953 per
2592 3882 2787 3937 faciem
2804 3883 3031 3954 quisque
3044 3888 3437 3959 cognoscitur,
3459 3888 3635 3944 decor
3659 3885 3814 3942 faciei

2169 3979 2254 4025 est
2276 3975 2536 4039 praeclara
2567 3976 2818 4026 honestas
2837 3973 3302 4030 conversationis.
3342 3975 3532 4045 Quasi
3553 3977 3703 4030 enim
3718 3990 3816 4045 per

2165 4058 2329 4117 faciei
2349 4060 2602 4114 decorem
2632 4062 2898 4128 cernitur,
2931 4061 3022 4132 qui
3052 4061 3106 4115 in
3136 4062 3299 4118 omni
3334 4073 3517 4136 gestu
3566 4062 3814 4135 corporis

2166 4147 2498 4215 splendibus
2524 4147 2813 4204 invenitur.
2846 4150 3018 4204 Rufus
3047 4165 3187 4231 ergo
3212 4166 3423 4208 amore
3449 4162 3564 4219 est,
3587 4154 3820 4223 pulcher

2163 4244 2380 4305 aspectu
2414 4247 2633 4307 propter
2644 4237 2922 4292 scientiam
2938 4238 3133 4293 decora
3153 4239 3329 4304 facie,
3352 4242 3704 4312 splendidus
3726 4242 3815 4295 bo-

2165 4331 2392 4379 nestate.
2411 4323 2548 4393 Quia
2567 4341 2696 4380 vero
2709 4325 2985 4381 cbaritatis
3010 4326 3195 4381 fervor
3228 4320 3277 4375 3
3292 4311 3417 4380 83
3481 4348 3588 4402 per
3639 4339 3822 4386 saneta

2165 4428 2334 4483 opera
2363 4414 2782 4480 demonstratur,
2813 4422 2990 4484 potest
3020 4431 3119 4485 per
3147 4414 3441 4473 ruborem
3476 4420 3606 4491 ipse
3662 4419 3821 4475 labor

458 4503 513 4557 in
544 4500 787 4570 summis,
837 4508 890 4554 et
941 4500 1162 4555 aeternis
1218 4502 1432 4569 pascuis
1479 4498 1857 4554 immorantur.
1914 4502 2049 4554 Nam
2080 4521 2134 4581 D
2163 4502 2345 4571 operis
2374 4502 2672 4574 designari.
2706 4501 2807 4570 Qui
2839 4504 2983 4558 enim
3015 4503 3177 4557 nimis
3207 4504 3476 4575 laborat,
3515 4508 3684 4565 faciei
3732 4524 3821 4562 ru-

458 4590 715 4660 scriptum
746 4596 864 4642 est:
900 4588 1043 4643 Deus
1072 4588 1322 4658 superbis
1346 4588 1582 4653 resistit,
1618 4588 1925 4643 humilibus
1960 4605 2056 4645 au-

460 4684 573 4736 tem
603 4678 702 4731 dat
719 4677 965 4748 gratiam
983 4678 1035 4746 (I
1050 4678 1202 4731 Petr.
1224 4693 1274 4742 v,
1307 4677 1383 4741 5).
1429 4675 1562 4744 Quae
1589 4685 1768 4730 autem
1824 4677 1997 4748 gratia
2024 4677 2052 4729 ‘i

454 4766 569 4822 Nisi
598 4774 653 4819 ut
681 4780 887 4818 summa
914 4765 1135 4819 videant
1163 4772 1215 4819 et
1236 4772 1590 4835 cognoscant.
1623 4774 1953 4837 cognoscant
1999 4772 2052 4821 et

456 4855 706 4926 diligant,
738 4861 898 4924 atque
927 4852 993 4907 ad
1025 4853 1137 4924 ipsa
1167 4852 1363 4908 dilecta
1391 4853 1540 4925 quasi
1568 4853 1797 4925 pingues
1815 4862 1867 4909 et
1888 4854 2053 4909 fortes

453 4947 694 4999 currant.
728 4941 825 4996 Hic
855 4942 1052 5011 itaque,
1086 4942 1205 5011 quia
1236 4942 1398 4997 valde
1452 4942 1716 4999 indoneus
1771 4952 1870 5012 est,
1931 4943 2049 4998 ins-

451 5041 626 5089 tanter
654 5030 899 5086 exhiberi
923 5029 1160 5100 jubetur.
1186 5031 1328 5086 Nam
1358 5032 1603 5103 sequitur
1622 5051 1640 5088 :

519 5121 701 5190 (Vers.
736 5119 847 5191 ll.)
871 5121 939 5175 Et
959 5120 1046 5174 ait
1061 5121 1290 5175 Samuel
1310 5122 1383 5176 ad
1414 5121 1554 5176 Isai:
1581 5119 1827 5189 Mittite,
1860 5124 1917 5177 et
1946 5121 2048 5177 ad-

451 5208 644 5264 ducite
673 5224 823 5264 eum.
856 5208 1204 5280 Nequeenim
1229 5207 1663 5277 discumbemus,
1713 5211 2046 5282 priusquam

447 5296 549 5351 ille
578 5298 791 5352 ueniat.

521 5387 609 5439 16.
624 5383 770 5451 Quid
789 5390 1089 5457 estautem,
1109 5386 1228 5444 Non
1250 5384 1685 5455 discumbemus,
1713 5386 2039 5458 priusquam

2164 4590 2349 4645 borem
2380 4598 2732 4660 repraesentat
2761 4608 2773 4643 :
2810 4590 2936 4659 quia
2965 4591 3094 4645 dum
3124 4597 3280 4647 intus
3314 4595 3651 4665 incalescit,
3687 4595 3817 4651 foris

2161 4678 2217 4731 in
2246 4678 2395 4733 vultu
2422 4679 2677 4733 ruborem
2713 4678 2894 4732 trahit.
2929 4679 3021 4734 Sic
3052 4695 3296 4749 namque
3332 4692 3427 4738 est
3460 4685 3657 4740 omnis
3702 4683 3826 4755 spi-

2158 4768 2364 4823 ritualis
2395 4767 2571 4822 labor.
2605 4767 2742 4837 Quia
2758 4769 2904 4822 enim
2921 4769 3301 4839 unusquisque
3336 4785 3565 4842 quanto
3584 4774 3825 4844 amplius

2157 4872 2260 4927 pro
2298 4863 2494 4911 aeterna
2509 4855 2879 4911 vitalaborare
2900 4864 3142 4923 conatur,
3160 4866 3326 4915 tanto
3382 4861 3714 4919 ferventius
3758 4861 3830 4917 ad

2156 4944 2517 4999 laborandum
2546 4945 2715 4998 sancti
2747 4944 2979 5014 Spiritus
3001 4947 3195 5000 ardore
3221 4952 3642 5020 succenditur,
3678 4951 3830 5005 velut

2157 5033 2212 5087 in
2244 5033 2597 5088 fervescendo
2627 5032 2878 5088 roborem
2909 5034 3128 5099 excitat,
3158 5050 3340 5103 quem
3410 5038 3563 5095 foris
3613 5047 3827 5112 portat,

2156 5122 2326 5178 Rufus
2354 5129 2434 5176 est
2476 5136 2609 5193 ergo
2657 5122 2848 5176 doctor
2900 5121 3088 5177 labore
3144 5121 3222 5190 pii
3286 5129 3526 5196 operis,
3590 5131 3832 5200 pulcher

2156 5218 2377 5281 aspectu
2405 5211 2460 5264 in
2490 5208 2711 5282 fulgore
2731 5209 3230 5279 contemplationis.
3268 5211 3483 5270 Decor
3501 5233 3647 5273 vero
3664 5216 3833 5273 faciet

2155 5298 2273 5369 ipsa
2302 5307 2386 5354 est
2416 5298 2761 5370 pulchritudo
2791 5298 3090 5355 charitatis.
3134 5299 3238 5353 Per
3272 5301 3437 5358 alias
3470 5308 3703 5378 quippe
3720 5307 3835 5360 vir.

2155 5396 2296 5444 tutes
2324 5388 2555 5444 formam
2583 5386 2880 5444 sanctitatis
2907 5386 3204 5460 accipimus
3241 5401 3259 5458 ;
3298 5405 3420 5459 per
3453 5392 3655 5465 ipsam
3690 5395 3832 5451 cha-

520 5586 598 5658 (a)
621 5583 887 5656 Corrupte
918 5587 976 5644 in
996 5585 1121 5644 aliis
1148 5587 1389 5658 excusis,
1418 5587 1631 5660 spiritu
1658 5588 1782 5660 ejus
1809 5587 2039 5651 amavit
2062 5589 2244 5648 celos.
