3996 6164
252 292 338 355 itii

1028 280 1103 354 IN
1139 290 1410 355 PRIMUM
1450 279 1696 355 ΗΕΘΜ
1733 281 2275 393 EXPOSITIoIvEs.
2301 328 2373 341 -
2401 282 2535 358 Lm.
2572 284 2640 358 γ.

3385 291 3491 360 ιξςε

253 426 446 499 νίψω,
476 424 643 494 ipsam
677 423 906 480 formam
939 423 1095 478 nobis
1124 421 1277 494 quasi
1307 421 1539 477 mirabili
1596 421 1796 478 decore
1820 421 1880 485 Α
1909 429 2169 478 metuunt.
2226 424 2295 477 Hi
2321 423 2570 494 profecto
2597 432 2825 497 ungunt,
2854 433 2906 481 et
2933 439 3043 482 non
3070 434 3329 498 surgunt;
3361 427 3492 499 quia

251 514 486 569 vestimus.
526 513 636 569 Illae
674 513 796 569 alite
840 513 1066 568 virtutes
1121 527 1319 583 corpus
1368 510 1593 582 justitite
1648 517 1791 578 sunt,

252 602 445 657 Charitas
470 617 596 657 vero
624 603 785 673 hujus
812 600 1053 673 corporis
1080 600 1248 655 facies
1275 608 1421 655 recte
1446 598 1786 671 intelligitur.

254 691 334 745 Per
358 689 535 745 faciem
568 691 790 761 quippe,
815 706 921 744 non
952 704 1047 760 per
1072 704 1268 759 corpus
1295 687 1670 758 unusquisque
1695 701 1796 743 eo-

248 778 505 851 gnoscitur.
543 779 686 833 Nam
725 779 769 832 si
813 793 1006 850 corpus
1031 777 1238 846 videas,
1269 783 1323 831 et
1351 775 1545 831 faciem
1573 790 1682 831 non
1707 774 1795 830 vi-

246 866 374 934 deas,
400 883 514 922 eum
544 868 699 937 cujus
723 867 899 922 solum
928 881 1133 935 corpus
1159 864 1358 935 aspicis
1384 880 1496 920 non
1524 862 1795 937 agnoscis.

247 954 365 1023 Quid
388 971 504 1011 vero
525 966 604 1011 est
636 955 810 1021 aliud,
834 954 979 1024 quod
999 953 1166 1008 fatuis
1186 952 1489 1025 virginibus
1506 951 1798 1023 responde-

245 1052 317 1099 tur
336 1059 365 1098 a
391 1059 581 1115 sponso
605 1063 619 1097 :
648 1043 844 1100 Nescio
875 1058 964 1100 vos
994 1041 1217 1113 (Matth.
1239 1058 1373 1109 xxv,
1401 1040 1521 1113 12)?
1541 1041 1682 1115 Ecce
1703 1054 1800 1111 per

248 1148 443 1204 magnos
467 1131 682 1187 labores
717 1130 1000 1203 virginitas
1041 1138 1406 1197 conservatur,
1436 1130 1558 1199 ipsa
1586 1142 1803 1199 quoque

250 1221 497 1293 virginitas
515 1236 718 1293 magna
750 1228 805 1276 et
825 1217 1266 1290 iucomparabilis
1280 1218 1450 1274 virtus
1470 1216 1800 1288 agnoscitur.

249 1308 365 1377 Quid
390 1318 645 1381 estergo,
669 1308 815 1380 quod
846 1308 1012 1362 fatuae
1040 1306 1282 1379 virgines
1300 1320 1331 1359 a
1355 1319 1556 1374 sponso
1585 1318 1692 1358 non
1714 1317 1802 1358 co-

250 1406 558 1467 gnoscuntur,
590 1395 697 1450 nisi
724 1396 853 1467 quia
881 1410 1076 1466 corpus
1115 1394 1317 1448 habent
1346 1406 1454 1462 quo
1483 1390 1803 1456 subsistant,

245 1484 461 1539 decorem
490 1500 625 1540 vero
653 1500 763 1539 non
792 1483 993 1538 habent
1022 1482 1182 1537 faciei
1205 1496 1368 1552 quem
1388 1495 1617 1551 sponsus
1640 1493 1807 1550 agno-

246 1582 357 1627 scat.
374 1573 574 1628 Habent
594 1574 812 1643 quidem
832 1571 1071 1627 laborem
1090 1570 1143 1624 in
1159 1568 1537 1625 conservando
1557 1581 1805 1636 corpore,

246 1678 336 1716 non
364 1662 556 1717 habent
605 1663 863 1716 decorem
904 1660 1083 1715 vultus
1131 1659 1184 1712 in
1235 1656 1476 1728 perfecta
1520 1655 1805 1711 charitate.

1902 509 2100 583 quibus
2129 520 2470 567 sacramenta
2515 512 2786 568 unctionis
2834 514 3093 580 tribuunt,
3123 516 3180 570 in
3207 516 3319 571 alto
3360 515 3493 571 sitos

1903 600 2216 655 meritorum
2256 601 2378 656 loco
2406 617 2514 657 non
2542 609 2792 657 cernunt.
2841 600 3070 670 Quando
3107 602 3275 675 igitur
3304 603 3495 660 doctor

1903 687 2151 743 sublimis
2193 689 2514 753 ostenditur,
2545 689 2669 759 ejus
2695 690 2978 745 ordinatur
3021 706 3245 762 surgere
3294 708 3492 749 mone-

1905 784 2022 847 tur;
2079 775 2204 848 quia
2244 792 2346 848 per
2388 777 2745 832 ministerium
2803 785 2929 834 tunc
2983 778 3149 851 digne
3193 779 3498 837 tribuuntur

1906 873 2248 920 sacramenta
2287 866 2576 930 unctionis,
2628 881 2754 921 cum
2794 867 3081 938 ungendus
3123 866 3179 921 in
3220 867 3330 922 alta
3356 880 3495 924 con-

1906 953 2130 1023 spicitur
2160 951 2492 1009 sublimitate
2520 953 2748 1008 virtutis.
2777 953 2858 1008 De
2903 969 3011 1024 quo
3046 953 3321 1023 nimirum,
3357 956 3499 1025 Quia

1907 1043 2026 1113 ipse
2054 1045 2159 1109 est,
2191 1041 2393 1097 dicitur
2427 1060 2447 1097 :
2487 1041 2545 1098 Si
2575 1057 2712 1115 ergo
2760 1042 2875 1113 ipse
2918 1050 3021 1106 est,
3057 1041 3197 1097 alius
3242 1058 3350 1098 non
3378 1051 3498 1112 est;

1910 1130 2060 1200 quia,
2094 1129 2198 1184 nisi
2228 1129 2312 1184 his
2339 1129 2635 1186 virtutibus
2671 1129 2896 1201 fulgeat,
2930 1145 3148 1186 necesse
3185 1137 3266 1186 est
3305 1138 3365 1186 ut
3402 1146 3500 1188 or-

1911 1217 2096 1273 dinem
2139 1224 2302 1272 tantte
2348 1217 2684 1273 celsitudinis
2730 1233 2842 1273 non
2885 1217 3134 1289 attingat.
3166 1216 3337 1286 Quem
3364 1233 3502 1291 ergo

1910 1312 2330 1359 monstraturum
2359 1321 2416 1360 se
2444 1305 2709 1360 Dominus
2750 1305 3015 1377 promisit,
3046 1304 3225 1360 rufum
3275 1315 3327 1362 et
3371 1306 3502 1377 pul-

1913 1393 2102 1448 chrum
2151 1401 2394 1463 aspectu,
2440 1402 2494 1449 et
2540 1394 2739 1449 decora
2783 1392 2920 1449 facie
2972 1393 3232 1461 ostendit,
3262 1394 3502 1457 dicens:

1914 1482 2034 1553 Ipse
2062 1485 2146 1536 est
2177 1484 2353 1537 enim.
2405 1481 2545 1550 Quia
2588 1482 2767 1537 nullus
2823 1481 2989 1538 debet
3042 1481 3231 1538 subire
3287 1483 3507 1540 culmen

1914 1568 2215 1640 regiminis,
2240 1570 2330 1641 qui
2361 1569 2527 1624 robur
2554 1584 2659 1624 non
2682 1569 2851 1625 habet
2870 1570 3056 1641 magni
3078 1570 3275 1642 operis,
3298 1572 3510 1628 scilicet

1916 1657 2389 1727 contemplationis
2436 1657 2738 1727 scientiam,
2784 1666 2834 1714 et
2881 1658 3151 1714 fervorem
3200 1659 3501 1717 charitatis.

250 1750 359 1804 Haec
382 1766 613 1819 namque
645 1750 748 1804 tria
777 1764 843 1804 eo
872 1762 977 1818 quo
1017 1754 1288 1817 ponuntur
1329 1744 1539 1806 ordine.
1569 1743 1624 1797 in
1654 1741 1811 1798 electi
1840 1768 1894 1829 Β
1925 1746 2071 1801 Bene
2102 1759 2237 1816 ergo
2264 1744 2610 1816 subjungitur
2641 1760 2655 1799 :

252 1838 641 1894 conversatione
668 1836 975 1908 proﬁciunt.
1006 1836 1148 1890 Nam
1186 1833 1445 1904 pulchros
1471 1830 1814 1900 contempla-

250 1925 383 1980 tionis
410 1932 661 1996 aspeetus
699 1924 899 1981 habere
944 1938 1053 1978 non
1103 1921 1381 1993 praevalet,
1411 1919 1513 1974 nisi
1543 1919 1633 1989 qui
1663 1920 1817 1988 prius

248 2028 295 2068 se
316 2013 367 2068 in
396 2013 586 2069 labore
615 2014 695 2084 pii
721 2012 904 2084 operis
938 2013 1286 2067 vehementer
1323 2015 1556 2063 exercet.
1588 2007 1820 2062 Eteme

255 2103 442 2171 quidem
472 2102 614 2157 lucis
644 2101 847 2173 gaudia
875 2099 1020 2153 illius
1046 2097 1241 2152 summi
1270 2096 1490 2152 luminis
1534 2092 1821 2149 immensi-

252 2195 343 2254 tas,
389 2199 631 2246 aeternus
676 2190 770 2244 ille
813 2188 974 2259 vigor
1002 2184 1310 2257 splendoris
1354 2182 1663 2252 ineﬂ‘abilis,
1713 2196 1821 2254 quo

252 2279 551 2334 laboriosius
606 2277 887 2348 quaeritur,
919 2292 979 2331 se
1009 2274 1375 2346 quaerentibus
1421 2271 1597 2326 laxius
1639 2271 1821 2342 aperi-

251 2376 335 2422 tur.
385 2366 485 2436 Qui
514 2382 659 2437 ergo
680 2366 796 2435 jam
828 2364 951 2420 talis
980 2371 1084 2426 est,
1117 2363 1343 2418 idoneus
1371 2360 1589 2432 quidem
1619 2359 1688 2415 ad
1717 2359 1825 2414 do-

250 2457 455 2511 cendum
488 2464 778 2523 cernitur;
811 2452 907 2509 sed
937 2452 1041 2506 nisi
1070 2451 1266 2506 decora
1299 2449 1432 2504 facie
1462 2447 1685 2519 fulgeat,
1724 2446 1825 2501 nisi

258 2553 466 2599 mentem
495 2543 782 2601 charitatis
810 2540 1063 2611 perfecte
1091 2539 1258 2593 radiis
1285 2537 1605 2591 illustratam
1650 2543 1827 2606 gerat.

256 2633 432 2704 dignus
462 2641 620 2689 tanta
649 2630 970 2686 celsitudine
989 2644 1097 2683 non
1118 2626 1397 2698 probatur.
1423 2625 1503 2680 Sit
1522 2640 1655 2695 ergo
1683 2624 1831 2678 rufus

255 2731 442 2788 pastor,
465 2731 519 2778 et
542 2736 659 2777 non
690 2721 760 2775 sit
788 2718 1046 2774 remissus
1061 2717 1115 2771 in
1138 2730 1325 2786 Opere;
1350 2715 1415 2768 sit
1437 2712 1658 2784 pulcher
1676 2727 1831 2782 aspe-

258 2818 354 2879 ctu,
375 2809 632 2866 videlicet
652 2807 903 2863 sublimis
931 2806 984 2860 in
1014 2820 1081 2861 eo
1105 2801 1523 2872 contemplatio;
1548 2801 1617 2855 sit
1636 2801 1833 2855 decora

264 2897 401 2968 facie,
427 2907 485 2953 ut
512 2902 694 2954 totum
725 2894 893 2951 robur
920 2894 1125 2966 operis,
1157 2900 1208 2947 et
1237 2890 1461 2945 altitudo
1491 2889 1832 2959 contempla-

254 2986 432 3055 tionis,
484 3001 748 3059 snpernte
793 2983 1098 3054 majestatis
1143 2981 1317 3037 oculis
1369 2988 1579 3049 notum,
1623 2978 1692 3033 sit
1740 2994 1837 3049 per

1994 1850 2168 1922 (Vers.
2204 1853 2314 1921 13.)
2354 1852 2505 1907 Tulit
2558 1851 2744 1924 igitur
2783 1851 3027 1909 Samuel
3075 1867 3253 1910 cornu
3294 1854 3426 1921 olei,
3455 1857 3515 1911 et

1924 1942 2101 1995 unxit
2131 1954 2261 1995 eum
2290 1939 2352 1994 in
2382 1939 2566 1995 medio
2593 1944 2848 2011 fratrum
2878 1956 3137 1997 suorum.

1998 2030 2086 2083 ‘19.
2121 2026 2298 2082 Cornu
2326 2026 2431 2082 olei
2463 2025 2683 2094 tollitur,
2715 2035 2775 2082 ut
2804 2035 2914 2083 tota
2941 2028 3054 2084 vita
3080 2029 3356 2099 pontiﬁcis
3396 2030 3519 2103 spi-

1928 2114 2138 2170 ritualis
2195 2130 2316 2170 esse
2369 2114 2656 2171 doceatur.
2695 2115 2872 2170 Cornu
2928 2116 3035 2171 olei
3081 2116 3310 2186 tollitur,
3358 2128 3418 2174 ut
3463 2119 3521 2175 in

1930 2202 2218 2261 excellenti
2248 2202 2457 2274 liquore
2488 2203 2753 2275 magister
2770 2203 3035 2259 Ecclesiae
3058 2203 3145 2259 vir
3164 2220 3287 2261 esse
3306 2206 3524 2265 studeat

1932 2306 2147 2364 magnae
2176 2290 2580 2347 misericordia.
2613 2290 2748 2346 Oleo
2779 2290 3004 2361 ungitur
3021 2298 3185 2361 caput
3206 2294 3376 2365 regis,
3397 2295 3526 2365 quia

1934 2380 2116 2434 lucere
2143 2394 2306 2449 super
2333 2377 2719 2435 candelabrum
2746 2378 2905 2434 debet
2934 2394 3034 2448 per
3054 2378 3329 2434 flammam
3351 2380 3524 2439 verbi.

1938 2467 2116 2522 Cornu
2145 2466 2325 2522 oleum
2356 2466 2569 2538 recipit,
2601 2474 2659 2521 ut
2687 2465 3016 2537 increpando
3044 2474 3256 2538 purget,
3288 2474 3341 2523 et
3368 2469 3529 2527 mise-

1937 2556 2109 2610 rando
2132 2570 2235 2625 per
2252 2554 2689 2609 blandimentum
2712 2554 2914 2609 trahat.
2936 2553 3115 2610 Cornu
3142 2556 3306 2610 etiam
3336 2557 3532 2628 recipit

1939 2643 1994 2697 in
2032 2642 2366 2698 sublimitate
2410 2642 2639 2708 ordinis,
2669 2643 2850 2697 oleum
2893 2641 2964 2697 ad
3009 2643 3250 2698 fomenta
3299 2644 3532 2702 virtutis.

1942 2731 2050 2788 Sed
2079 2732 2245 2801 pleno
2274 2746 2443 2788 cornu
2483 2731 2724 2803 ungitur,
2750 2740 2810 2786 ut
2837 2731 3008 2785 virtus
3052 2730 3327 2800 pontiﬁcis
3367 2733 3534 2804 plena

1943 2821 2227 2875 doceatur.
2270 2820 2448 2876 Cornu
2491 2833 2730 2892 namque
2772 2819 2993 2889 plenum
3040 2819 3094 2874 in
3141 2820 3393 2877 unctione
3435 2838 3532 2878 sua

1940 2908 2129 2977 habet,
2162 2909 2207 2963 si
2238 2918 2346 2963 tam
2376 2907 2429 2962 in
2453 2909 2651 2962 virtute
2671 2906 3057 2963 misericordiae
3073 2923 3238 2979 quam
3260 2910 3534 2969 charitatis

1944 3006 1998 3052 et
2027 2996 2175 3051 verbi
2205 2996 2475 3066 perfectus
2502 3003 2607 3050 est.
2645 2995 2870 3050 Plenum
2900 2995 3063 3050 etiam
3109 3011 3282 3051 cornu
3320 2997 3375 3053 in
3422 3015 3530 3054 un-

253 3075 570 3174 ineﬁ‘abilem
611 3072 1098 3174 pulchritudinem.
1121 3069 1427 3169 charitatis.
1474 3067 1618 3174 ξίεεεξξι
1633 3066 1835 3174 (Ιιξίρρθ
1864 3112 1915 3174 C
1944 3085 2121 3142 ctione
2150 3100 2248 3139 sua
2277 3084 2474 3141 habere
2502 3084 2869 3156 cognoscitur,
2900 3083 3065 3153 cujus
3090 3085 3269 3139 omnis
3290 3094 3533 3156 potestas

257 3165 338 3219 tria
365 3164 626 3220 immensi
658 3162 873 3217 decoris
900 3158 1158 3232 insignia,
1191 3158 1312 3228 quia
1341 3165 1543 3211 sancte
1573 3153 1833 3210 Ecclesiae

251 3254 417 3309 doctor
442 3254 654 3307 habere
684 3250 867 3316 debet,
914 3264 1015 3319 pro
1061 3246 1314 3304 omnibus
1359 3245 1548 3300 Petrus
1593 3242 1832 3298 assumi-

252 3348 338 3409 tur,
368 3350 417 3397 ct
445 3358 513 3397 an
567 3347 715 3394 amet
760 3337 1183 3406 Redemptorem
1231 3333 1389 3389 tertio
1433 3335 1823 3402 interrogatur.

254 3432 415 3486 Primo
437 3444 688 3501 namque
710 3425 758 3483 ei
778 3426 1002 3481 dicitur:
1026 3427 1383 3485 Pelre,amas
1398 3438 1488 3477 me
1504 3419 1692 3491 (Joan.
1712 3435 1829 3488 xxx,

255 3520 367 3589 l6)?
393 3525 447 3572 ut
477 3534 587 3588 per
615 3529 856 3570 amorem
890 3528 1054 3585 agere
1080 3511 1245 3566 fortia
1274 3509 1483 3564 studeat
1511 3549 1527 3576 ,
1568 3507 1830 3574 secundo,

251 3616 301 3661 ut
348 3607 400 3660 in
453 3602 886 3674 contemplanda
944 3602 1054 3655 alta
1118 3605 1450 3670 cognoscat;
1530 3595 1717 3662 tertio,
1775 3602 1833 3649 ut

253 3695 493 3764 perfecta}
540 3692 835 3750 cbaritatis
864 3688 1077 3753 affectu,
1110 3695 1163 3741 ct
1191 3702 1317 3757 erga
1365 3685 1670 3755 proximum
1720 3681 1833 3739 fcr-

246 3792 373 3853 veat,
399 3792 451 3838 et
480 3782 551 3837 ad
598 3780 838 3851 speciem
896 3775 1203 3832 Conditoris
1259 3772 1556 3828 ferventius
1609 3770 1833 3826 inarde-

249 3880 374 3926 scat.
403 3872 552 3927 Talis
585 3883 723 3938 ergo
751 3882 816 3923 ac
845 3874 1021 3920 tantus
1049 3873 1156 3919 tam
1186 3863 1431 3932 pulcher,
1464 3868 1577 3914 tam
1606 3859 1834 3915 decorus

246 3976 383 4030 puer,
433 3976 542 4031 quo
602 3956 912 4013 testimonio
972 3951 1301 4025 proferatur,
1360 3949 1660 4005 audiamus.
1690 3948 1831 4002 Nam

244 4050 465 4120 sequitur
496 4066 516 4105 :

303 4155 469 4224 (νει-ε.
506 4152 630 4223 12.)
662 4151 857 4223 Surge,
891 4152 949 4205 et
980 4162 1126 4219 unge
1154 4160 1306 4214 cum,
1338 4145 1458 4216 ipse
1488 4143 1643 4201 enim
1672 4145 1775 4199 est.

304 4246 385 4297 18.
416 4242 564 4311 Quid
599 4248 708 4307 est,
731 4240 927 4308 Surge.
957 4244 1012 4292 et
1045 4250 1195 4306 unge
1215 4233 1388 4290 eum?
1414 4235 1494 4286 An
1518 4238 1695 4286 tantus
1714 4238 1832 4285 erat

240 4331 522 4399 parvulus,
577 4336 639 4383 ut
688 4324 931 4382 sedendo
974 4323 1103 4394 ungi
1153 4337 1263 4377 non
1310 4320 1538 4392 posset?
1574 4317 1832 4374 Sedendo

246 4418 457 4490 quippe,
489 4426 725 4487 tangere
754 4412 865 4469 alta
893 4427 998 4467 non
1028 4424 1335 4481 possumus.
1366 4409 1565 4479 Magna
1592 4420 1723 4477 ergo
1752 4408 1833 4461 est

242 4506 414 4575 virtus,
476 4520 687 4576 magna
742 4500 1004 4558 celsitudo
1060 4497 1368 4565 humilium,
1426 4496 1469 4549 si
1522 4493 1592 4549 ad
1645 4509 1829 4548 eorum

241 4609 438 4649 summa
469 4609 576 4648 nec
604 4590 891 4661 prophetae
929 4586 1268 4657 pertingunt.
1316 4583 1505 4655 Surgit
1534 4596 1665 4653 ergo
1692 4596 1830 4651 pro-

237 4683 406 4751 pheta,
431 4697 559 4736 cum
591 4695 650 4735 se
677 4676 926 4750 pontifex
956 4675 1011 4729 in
1042 4673 1238 4728 miram
1267 4671 1421 4728 electi
1453 4668 1833 4741 praedicatoris

240 4771 640 4825 venerationem
668 4766 852 4837 erigit.
900 4764 1039 4818 Nam
1083 4761 1218 4816 foris
1260 4759 1517 4814 humilem
1561 4756 1715 4829 quasi
1744 4757 1832 4811 vi—

240 4855 410 4913 dendo
446 4854 755 4927 conspicit;
803 4851 900 4907 sed
937 4849 1156 4906 interius
1183 4847 1305 4919 ejus
1333 4846 1614 4915 meritum,
1639 4846 1743 4900 nisi
1773 4860 1834 4901 se

236 4944 284 4999 in
336 4947 556 5001 interna
616 4938 1076 5010 contemplatione
1130 4936 1336 5007 erigat,
1392 4949 1501 4989 non
1557 4933 1824 5003 agnoscit.

238 5031 470 5107 Surgere
505 5046 647 5104 ergo
676 5030 875 5084 doctor
903 5024 1253 5097 praecipitur:
1286 5022 1412 5094 quia
1440 5021 1524 5077 cui
1553 5028 1702 5076 tanta
1722 5019 1840 5093 vel,

232 5130 571 5178 smramenta
600 5117 936 5189 impendere,
967 5114 1088 5184 ejus
1130 5119 1255 5167 ante
1295 5124 1631 5182 cognoscere
1660 5109 1833 5164 meri-

236 5215 398 5266 torum
427 5208 831 5266 sublimitatem
863 5202 1044 5259 debet.
1068 5200 1212 5270 Quid
1241 5206 1323 5254 est
1351 5213 1505 5271 ergo,
1532 5196 1676 5269 quod
1705 5196 1835 5253 dici-

232 5304 327 5367 tur,
354 5301 565 5371 Surge,
604 5300 659 5353 et
689 5307 838 5365 unge
871 5306 1023 5356 eum,
1045 5290 1179 5362 quia
1204 5287 1325 5360 ipse
1358 5291 1464 5354 est,
1490 5285 1591 5339 nisi
1618 5283 1835 5338 sublimi

239 5389 397 5456 384
431 5385 679 5443 sublima
709 5385 1049 5438 sacramenta
1087 5374 1393 5431 sublimiter
1424 5372 1655 5446 prabe?
1690 5373 1836 5429 Nam

233 5488 369 5547 ape
396 5471 692 5533 indiscreti
742 5476 988 5544 pastores
1033 5463 1403 5538 negligentem
1451 5470 1506 5521 et
1546 5460 1835 5535 reprobam

234 5562 618 5625 accedentium
670 5559 839 5617 vitam
894 5555 1090 5625 sciunt,
1124 5559 1181 5613 et
1223 5566 1319 5611 eos
1366 5564 1689 5630 promovere
1729 5564 1839 5613 non

519 5686 774 5773 ganea.
805 5678 1054 5745 LXXIX.

1860 4459 1911 4519 D

1940 3188 2040 3244 per
2067 3173 2485 3229 misericordiam
2518 3172 2883 3241 dispensatur.
2919 3171 3043 3241 Ipsa
3067 3171 3266 3244 quippe
3295 3176 3535 3231 auctori-

1944 3271 2021 3318 tas
2049 3269 2246 3317 sach
2269 3259 2545 3327 Ecclesiae,
2579 3274 2703 3315 cum
2734 3259 2851 3315 sine
2882 3259 3251 3316 misericordia
3269 3270 3368 3327 est,
3387 3263 3538 3321 nulla

1942 3361 2052 3417 est;
2087 3350 2213 3420 quia
2238 3357 2364 3404 tunc
2393 3347 2689 3420 spiritualis
2717 3354 2798 3401 est
2826 3347 2977 3420 rigor
3004 3347 3322 3418 disciplina,
3352 3366 3475 3407 cum
3500 3368 3535 3409 ι

1940 3438 2225 3493 linimento
2268 3451 2378 3492 non
2424 3442 2583 3492 vacat
2627 3435 3036 3491 misericordiae.
3084 3436 3267 3493 Cornu
3312 3454 3444 3512 ergo
3482 3449 3537 3497 et

1941 3524 2120 3582 oleum
2152 3525 2309 3579 simul
2340 3524 2666 3591 ostenditur,
2715 3533 2771 3578 ut
2819 3523 3104 3594 disciplina
3147 3541 3369 3597 semper
3408 3544 3534 3585 cum

1941 3613 2329 3669 misericordia
2358 3620 2618 3667 teneatur.
2651 3611 2831 3667 Cornu
2876 3628 3111 3684 namque
3157 3612 3280 3670 oleo
3313 3614 3536 3687 plenum

1940 3700 2163 3769 dicitur;
2196 3709 2253 3755 ut
2281 3700 2592 3770 ubicunque
2621 3714 2786 3755 cornu
2826 3714 3073 3756 acumem
3104 3702 3345 3775 exhibet,
3377 3706 3536 3763 exhi-

1940 3789 2067 3844 beat
2097 3790 2295 3844 refusae
2324 3788 2515 3860 gratia:
2545 3787 2882 3843 unctionem.
2923 3788 3029 3843 Sed
3060 3789 3190 3845 dum
3218 3792 3287 3846 ad
3316 3809 3535 3867 ungen-

1939 3879 2071 3933 dum
2128 3892 2315 3949 regem
2364 3877 2555 3931 unctio
2596 3876 2832 3941 ducitur,
2883 3892 3051 3932 cornu
3101 3877 3231 3935 foris
3276 3884 3530 3955 cernitur,

1938 3966 2083 4023 intus
2124 3963 2405 4035 plenitudo
2452 3963 2558 4018 olei
2604 3963 2926 4019 occultatur.
2969 3966 3152 4022 Portet
3188 3968 3353 4041 igitur
3395 3989 3532 4043 pro-

1940 4055 2099 4125 pheta
2127 4068 2301 4108 cornu
2331 4051 2483 4119 foris,
2517 4051 2662 4106 intus
2704 4051 2828 4107 oleo
2876 4051 3119 4123 repleat;
3167 4056 3299 4113 foris
3329 4066 3533 4118 textum

1937 4142 2187 4209 insinuet,
2220 4139 2363 4194 intus
2391 4146 2727 4194 sacramenta
2757 4138 3014 4196 declaret.
3057 4142 3205 4198 Sciat
3232 4160 3365 4218 ergo
3393 4163 3531 4218 pro-

1937 4232 2103 4301 pheta
2132 4228 2277 4299 quod
2310 4227 2551 4291 tribuat;
2584 4227 2719 4282 sciat
2746 4242 2844 4282 rex
2871 4237 3064 4285 unctus
3106 4232 3346 4288 exhibita
3384 4236 3531 4292 reci-

1938 4318 2162 4389 piendo,
2195 4317 2325 4387 quid
2354 4324 2507 4388 agat.
2556 4314 2699 4385 Quid
2750 4324 2833 4371 est
2872 4333 3028 4388 ergo,
3079 4320 3223 4391 quod
3273 4322 3408 4379 foris
3449 4335 3534 4383 est

1941 4422 2133 4475 cornu,
2158 4405 2299 4459 intus
2324 4404 2527 4474 oleum,
2552 4403 2653 4458 nisi
2684 4402 2812 4474 quia
2840 4404 3160 4479 plerumque
3189 4410 3533 4470 subditorum

1941 4493 2140 4550 duritia
2181 4498 2440 4556 meretur,
2474 4498 2531 4546 ut
2560 4491 2798 4561 pastoris
2843 4491 3268 4564 increpationem
3311 4502 3532 4575 sentiat,

1939 4582 2038 4638 sed
2080 4579 2472 4636 misericordia:
2502 4579 2623 4650 ejus
2647 4578 2854 4649 aliquid
2883 4596 2991 4636 non
3021 4584 3301 4641 attendat?
3337 4589 3537 4648 Hector

1939 4683 2071 4742 ergo
2101 4683 2274 4724 cornu
2300 4667 2537 4736 exhibet,
2570 4667 2624 4721 in
2656 4682 2763 4739 quo
2793 4667 2973 4725 oleum
3017 4668 3181 4738 latet;
3230 4677 3377 4747 quia,
3408 4693 3533 4737 cum

1941 4757 2067 4827 quis
2096 4756 2292 4812 acriter
2333 4771 2402 4811 ex
2447 4755 2710 4811 charitate
2747 4757 3058 4830 corrigitur,
3091 4776 3255 4834 paena
3284 4769 3532 4837 sentitur,

1941 4844 2173 4900 Charitas
2201 4859 2310 4899 non
2340 4843 2574 4898 videtur.
2623 4844 2811 4899 Saevus
2854 4845 3002 4900 enim
3040 4858 3220 4904 rector
3246 4854 3533 4929 aspicitur,

1942 4932 2032 5003 qui
2080 4930 2159 4986 sic
2204 4930 2468 5003 increpat,
2523 4929 2679 5004 quasi
2734 4930 2825 5004 qui
2884 4947 2992 4988 non
3047 4944 3223 5001 amat;
3257 4942 3411 5009 quasi
3442 4946 3533 5015 qui

1941 5022 2292 5076 vehementer
2319 5020 2454 5086 odit,
2478 5019 2558 5075 sic
2579 5020 2858 5092 objurgat.
2883 5019 3024 5090 Quid
3054 5029 3181 5080 tunc
3208 5039 3242 5081 a
3270 5042 3533 5100 compun-

1942 5108 2040 5164 ctis
2068 5107 2325 5173 cernitur,
2358 5106 2465 5163 nisi
2495 5122 2664 5163 cornu
2694 5123 2947 5175 acumen,
2980 5125 3088 5181 quo
3117 5114 3297 5169 aerius
3327 5116 3537 5175 ferian-

1945 5197 2074 5252 tur?
2103 5195 2216 5252 Sed
2244 5195 2374 5267 quia
2401 5194 2560 5251 valde
2584 5194 2726 5249 intus
2754 5195 2906 5267 prius
2935 5206 3117 5267 pastor
3138 5199 3335 5273 diligit,
3367 5220 3533 5275 quem

1942 5285 2078 5342 foris
2106 5283 2388 5357 arguendo
2418 5284 2578 5347 ferit;
2631 5282 2758 5354 quid
2786 5283 2935 5338 aliud
2964 5300 3125 5354 quam
3154 5304 3321 5345 cornu
3351 5291 3536 5352 incre-

1942 5373 2123 5447 pando
2141 5377 2426 5460 monstrat,
2448 5371 2629 5460 oleum
2650 5368 2937 5460 diligendo
2951 5371 3131 5431 celat?
3153 5375 3376 5437 Plenum
3392 5397 3533 5460 ergo

1942 5477 2110 5522 cornu
2137 5459 2192 5519 in
2222 5460 2475 5518 unctione
2511 5458 2657 5533 regis
2701 5458 2983 5529 asseritur,
3009 5469 3069 5519 ut
3097 5462 3151 5520 in
3181 5465 3355 5527 electo
3383 5458 3532 5544 pri-

1944 5550 2185 5615 dicatora
2223 5546 2522 5625 perfectam
2569 5557 2856 5629 utrumque
2901 5562 3026 5617 em
3072 5552 3353 5623 doceatur.
3391 5562 3533 5627 Nam

3260 5688 3330 5760 11
