3996 6164
517 263 622 338 £59

1712 260 1958 324 SANCTI
1995 257 2339 323 GREGORII
2376 260 2610 324 MAGNI

3663 264 3750 329 too

523 400 713 453 acutus
741 394 808 451 ad
841 384 1182 466 urguendum
1205 407 1321 447 esse
1340 382 1523 457 debet,
1551 388 1732 448 mollis
1756 390 1824 446 ad
1854 391 2112 448 miseren-
2139 392 2197 454 A
2227 398 2371 463 agat.
2404 393 2654 464 Magnum
2673 389 2871 463 quippe
2895 393 2976 447 est
3004 405 3147 448 onus
3167 392 3386 462 ordinis,
3404 409 3590 467 magna
3612 397 3754 470 fragi-

519 485 669 540 dum.
702 483 950 539 Perfecta
977 482 1156 549 feriat,
1188 488 1246 535 ut
1274 496 1491 536 omnem
1522 481 1631 535 vim
1662 480 1836 536 morbi
1875 480 2116 551 perfecte

526 571 833 634 confodiat;
865 570 1105 642 perfecte
1127 586 1224 640 per
1242 569 1680 625 misericordiam
1711 573 1899 640 ungat,
1923 577 1978 624 ut
2008 569 2119 639 pla-

520 672 623 728 gas
654 671 789 728 quas
819 654 1016 726 pungit
1044 654 1113 708 ad
1145 653 1432 709 sanitatem
1461 653 1704 709 reducat.
1741 653 1796 708 Si
1827 653 1971 707 enim
2001 653 2114 706 mi-

513 761 615 802 nus
672 743 942 799 violenter
971 758 1132 813 quam
1163 741 1324 798 debet
1355 741 1494 809 ferit,
1529 741 1648 812 plus
1675 741 1817 811 quod
1850 742 1977 796 latet
2006 757 2114 796 non

518 831 693 904 ejicit.
729 832 798 887 Et
825 830 872 885 si
901 830 1168 886 violenter
1197 829 1338 897 ferit,
1369 837 1422 884 et
1452 830 1618 897 385
1640 829 1854 885 abunde
1885 845 1993 884 non
2017 845 2114 883 un-

515 922 618 994 git,
648 933 974 990 percussum
1019 934 1118 988 per
1164 917 1537 973 austeritatem
1570 917 1846 985 interﬁcit,
1874 925 1928 972 et
1955 916 2113 972 saluti

511 1025 628 1081 [non
661 1008 862 1064 reddit.
902 1007 984 1062 Sit
1013 1022 1148 1078 ergo
1196 1005 1467 1078 integrum
1512 1022 1700 1072 cornu,
1748 1007 1958 1077 integra
2003 1005 2112 1060 olei

511 1096 816 1169 plenitudo,
839 1103 896 1150 ut
929 1102 1146 1150 austere
1173 1109 1272 1164 per
1301 1109 1468 1150 cornu
1501 1094 1762 1150 feriantur
1788 1094 2026 1163 vulnera,
2059 1101 2112 1148 et

507 1201 609 1257 per
638 1184 819 1240 oleum
847 1184 1157 1239 foveantur.

468 1333 477 1341 ,
511 1325 518 1328 .
583 1277 670 1329 20.
709 1272 818 1328 Sed
849 1271 983 1344 quid
1013 1278 1112 1339 est,
1147 1270 1291 1341 quod
1320 1270 1377 1324 in
1405 1268 1587 1326 medio
1620 1270 1844 1326 fratrum
1865 1269 2106 1341 ungitur,

509 1362 615 1431 nisi
662 1361 788 1431 quia
819 1359 1028 1415 virtutis
1071 1359 1325 1430 exempla
1377 1359 1795 1430 circumquaque
1849 1373 2110 1429 spargere

505 1451 729 1520 jubetur
750 1451 778 1502 ‘i
811 1450 871 1503 In
903 1448 1084 1504 medio
1112 1448 1338 1502 fratrum
1367 1447 1608 1518 ungitur,
1635 1455 1690 1502 ut
1722 1455 1880 1502 tantae
1909 1447 2110 1502 unctio

509 1537 596 1592 nis
622 1535 740 1591 ﬁeri
769 1535 1061 1607 participes
1092 1549 1281 1591 omnes
1310 1534 1537 1604 possint.
1562 1533 1830 1602 Quienim
1850 1534 1902 1588 in
1925 1533 2106 1588 medio

510 1625 748 1696 ponitur,
769 1624 838 1678 ab
860 1623 1004 1678 omni
1033 1631 1188 1693 parte
1205 1623 1434 1679 videtur.
1456 1621 1592 1678 Oleo
1613 1623 1814 1692 quippe
1841 1621 1896 1676 in
1925 1622 2106 1677 medio

510 1713 746 1768 aliorum
775 1711 1000 1783 ungitur
1023 1729 1034 1764 :
1057 1710 1184 1781 quia
1205 1710 1298 1782 qui
1327 1710 1381 1764 in
1412 1711 1644 1766 aliorum
1673 1709 1984 1779 exemplum
2014 1725 2106 1779 po-

506 1802 646 1856 situs
678 1807 777 1870 est,
803 1799 1009 1854 nullam
1038 1798 1118 1853 sui
1145 1806 1353 1870 partem
1383 1797 1586 1854 habere
1606 1797 1895 1854 obscuram
1919 1796 2100 1867 debet,

504 1898 564 1946 ut
608 1890 750 1944 hunc
797 1903 988 1943 omnes
1034 1886 1323 1957 aspiciant,
1357 1894 1410 1942 et
1437 1887 1503 1941 ab
1532 1901 1598 1943 eo
1626 1886 1762 1940 lucis
1792 1886 2100 1955 exemplum

509 1985 742 2032 sumant.
799 1975 956 2032 Unde
987 1983 1041 2031 et
1068 1982 1252 2030 sancta
1281 1974 1535 2030 animalia
1563 1975 1617 2029 in
1648 1974 1877 2030 circuitu
1913 1974 2101 2030 oculos

438 2134 441 2137 _
507 2065 711 2121 habere
743 2065 1118 2121 describuntur
1145 2063 1366 2134 (Ezech.
1396 2065 1437 2134 ι)
1472 2081 1485 2118 ;
1521 2064 1646 2135 quia
1676 2062 1879 2119 electus
1911 2063 2102 2118 doctor

504 2154 634 2209 dum
668 2151 923 2207 ardorem
955 2152 1232 2220 chariatis,
1254 2151 1392 2206 dum
1415 2152 1668 2207 virtutem
1690 2150 2097 2218 misericordia),

501 2243 631 2298 dum
661 2241 841 2298 zelum
872 2239 1214 2295 rectitudinis
1245 2255 1313 2294 ex
1345 2239 1492 2294 dono
1521 2239 1693 2293 sancti
1717 2238 1954 2310 Spiritus
1976 2238 2101 2293 reci-

504 2331 605 2404 pit,
640 2329 794 2400 quasi
823 2327 1048 2401 globum
1083 2326 1292 2382 habitat
1320 2325 1562 2394 luminis,
1594 2327 1683 2398 qui
1711 2342 1832 2381 eum
1864 2343 1932 2380 ex
1953 2327 2101 2381 omni

504 2427 660 2490 parte
681 2414 1160 2474 circumstantibus
1184 2413 1480 2485 fulgentem
1504 2413 1700 2468 reddit.
1724 2413 1822 2468 Vel
1843 2413 1896 2466 in
1917 2414 2100 2469 medio

504 2507 732 2561 fratrum
764 2503 1002 2576 ungitur,
1036 2509 1097 2556 ut
1125 2511 1344 2556 unctum
1375 2509 1427 2556 et
1457 2501 1691 2556 medium
1722 2517 1783 2556 se
1811 2517 1928 2557 esse
1958 2518 2099 2557 sem-

500 2608 601 2664 per
638 2591 945 2647 arbitretur.
989 2592 1273 2662 Agnoscat
1317 2605 1449 2660 ergo
1491 2589 1810 2662 dignitatem
1842 2607 2015 2661 suam,
2048 2600 2100 2646 et

500 2682 612 2738 vim
646 2679 925 2752 dignitatis
955 2685 1225 2744 exerceat,
1258 2678 1385 2749 quia
1417 2686 1608 2733 unctns
1653 2686 1751 2734 est.
1807 2678 1995 2734 Videat
2039 2695 2099 2734 se

499 2768 761 2836 medium,
787 2775 840 2822 et
861 2766 1173 2823 communis
1191 2766 1523 2821 conditionis
1546 2765 1840 2835 hominem,
1863 2773 1918 2820 ut
1940 2783 2098 2836 pares

501 2858 602 2914 sibi
635 2873 755 2913 esse
783 2873 878 2913 eos
905 2856 1104 2927 quibus
1133 2855 1336 2910 eminet
1381 2863 1759 2927 recognoscat.
1809 2857 1870 2909 In
1919 2854 2097 2909 medio

499 2963 631 3020 ergo
664 2947 886 3001 fratrum
918 2946 1162 3016 ungitur,
1185 2949 1244 2998 ut
1273 2943 1343 2998 sit
1374 2943 1590 2998 humilis
1622 2951 1674 2998 et
1703 2943 1974 3000 sublimis.
2007 2944 2099 2999 Su-

499 3035 683 3089 blimis
711 3034 925 3101 ordine,
958 3031 1592 3112 humilisuaastimatione.
1637 3032 1698 3085 In
1742 3031 1922 3087 medio
1966 3031 2097 3087 item

2221 481 2342 536 litas
2374 481 2570 537 carnis.
2605 481 2754 537 Onus
2784 496 2919 553 ergo
2949 488 3156 536 tantum
3187 482 3309 552 quia
3336 483 3489 539 debili
3514 488 3760 543 committi-

2221 577 2324 638 tur,
2357 569 2605 642 dirigitur
2631 569 2846 640 spiritus
2878 587 2890 624 :
2924 578 2982 624 ut
3011 569 3204 624 debilis
3231 571 3515 640 roboratur,
3563 583 3611 629 et
3651 592 3756 631 ma-

2220 674 2388 730 gnum
2410 674 2545 713 onus
2563 658 2639 728 (a)
2652 666 2798 714 tanto
2813 658 3018 730 gratias
3037 658 3192 726 ferat,
3210 669 3408 732 quanto
3437 662 3599 733 ipsum
3615 665 3762 718 omni-

2219 755 2412 817 potens
2441 746 2659 816 spiritus
2689 747 2878 803 fortius
2906 747 2974 802 ad
3006 747 3292 803 ferendum
3316 749 3477 818 juvat.
3501 749 3601 806 Sed
3621 752 3760 824 dirigi

2218 835 2434 904 spiritus
2467 835 2682 902 dicitur,
2712 843 2770 890 ut
2789 851 3088 893 conversus
3117 851 3150 892 a
3177 852 3304 908 rege
3332 837 3558 908 superbo
3586 840 3766 896 sentia-

2217 923 2323 973 tur.
2354 920 2430 975 Se
2457 935 2588 992 ergo
2618 921 2834 991 spiritus
2861 922 2915 976 in
2943 921 3168 976 alterum
3200 921 3396 995 dirigit,
3418 922 3618 993 quando
3645 925 3765 994 ejus-

2217 1007 2340 1063 dem
2374 1009 2597 1077 spiritus
2625 1010 2800 1081 gratia
2830 1011 3095 1080 superbos
3123 1026 3187 1066 ac
3211 1009 3362 1066 fictos
3390 1010 3540 1082 fugit.
3563 1011 3702 1068 Unde
3721 1023 3767 1068 et

2216 1097 2485 1166 scriptum
2519 1105 2601 1152 est
2629 1115 2642 1151 :
2670 1098 2920 1169 Spiritus
2955 1099 3180 1155 Domini
3214 1099 3524 1171 disciplina:
3561 1101 3767 1173 eﬂ‘ugiet

2211 1181 2415 1250 ﬁctum
2436 1181 2602 1253 (Sap.
2626 1197 2664 1249 ι,
2690 1184 2762 1249 7).
2791 1183 2924 1240 Hinc
2953 1190 3006 1238 et
3033 1200 3133 1253 per
3160 1183 3499 1254 semetipsum
3528 1184 3579 1238 in
3602 1186 3766 1240 Evan-

2215 1269 2360 1342 gelio
2373 1270 2476 1324 ait:
2496 1270 2743 1341 Spiritus
2755 1271 2848 1326 ubi
2861 1273 2982 1328 vult
2995 1275 3198 1344 spirat,
3215 1276 3269 1328 et
3285 1288 3464 1330 vocem
3475 1273 3588 1344 ejus
3599 1273 3765 1341 audis,

2215 1361 2272 1413 et
2295 1359 2479 1414 nescis
2513 1359 2667 1415 unde
2702 1362 2916 1426 veniat,
2940 1365 3050 1417 aut
3079 1377 3182 1434 quo
3213 1361 3378 1416 vadat
3401 1361 3668 1430 (Joan.m,
3699 1365 3764 1432 8).

2216 1441 2448 1510 Spiritus
2479 1442 2698 1512 quidem
2728 1445 2873 1499 venit
2902 1453 2956 1500 et
2987 1445 3151 1516 vadit,
3185 1445 3313 1516 quia
3341 1446 3594 1514 reprobos
3627 1446 3770 1501 dese-

2212 1529 2298 1595 rit,
2334 1529 2534 1586 electos
2563 1533 2813 1588 assumit.
2852 1534 2920 1588 Et
2949 1533 3076 1604 quia
3107 1533 3374 1603 judicium
3424 1534 3772 1603 omnipotentis

2213 1617 2312 1672 Dei
2342 1619 2815 1688 imperscrutabile
2857 1630 2958 1690 est,
2986 1622 3130 1677 unde
3174 1622 3359 1677 veniat
3400 1629 3452 1676 et
3486 1637 3588 1692 quo
3630 1623 3774 1677 vadat

2214 1706 2378 1761 homo
2407 1708 2573 1776 386
2608 1711 2780 1764 nescit
2805 1727 2817 1764 :
2843 1710 2968 1780 quia
2998 1709 3119 1765 sciri
3148 1726 3259 1766 non
3286 1717 3479 1780 potest,
3507 1725 3572 1765 an
3594 1709 3704 1781 quis
3727 1709 3774 1764 in

2130 1776 2184 1836 Β
2212 1795 2389 1865 gratia
2411 1811 2573 1865 quam
2586 1796 2778 1868 recipit
2797 1776 3147 1868 perseverare
3169 1799 3222 1852 in
3241 1776 3562 1870 perpetuum
3579 1776 3774 1854 debeat.

2209 1882 2294 1936 Ab
2324 1898 2388 1938 eo
2418 1883 2591 1954 igitur
2619 1885 2708 1954 qui
2739 1885 2939 1942 defecit
2984 1887 3166 1944 venire
3213 1887 3437 1958 spiritus
3482 1887 3682 1954 dicitur,
3709 1887 3776 1942 ire

2209 1971 2280 2024 ad
2311 1986 2434 2026 eum
2465 1973 2557 2042 qui
2587 1983 3027 2043 perseveraturus
3048 1984 3157 2030 est:
3189 1976 3317 2046 quia
3336 1975 3473 2030 alios
3492 1976 3543 2030 in
3561 1984 3778 2046 tempore

2209 2058 2426 2128 deserit,
2459 2060 2596 2116 alios
2639 2064 2881 2131 assumit,
2927 2079 3030 2119 nec
3067 2069 3248 2119 tamen
3297 2065 3522 2120 deserit.
3563 2064 3707 2120 Unde
3733 2071 3778 2118 et

2207 2143 2261 2196 in
2296 2150 2423 2213 typo
2471 2143 2766 2200 electorum
2817 2147 2884 2202 de
2934 2148 3108 2203 David
3139 2148 3338 2204 dicitur
3370 2165 3383 2202 :
3419 2149 3665 2204 Directus
3706 2151 3782 2202 est

2207 2231 2446 2301 spiritus
2466 2232 2694 2289 Domini
2719 2235 2780 2289 in
2809 2236 2982 2292 David
2999 2252 3033 2290 α
3054 2236 3143 2292 die
3174 2238 3282 2293 illa
3321 2237 3384 2293 in
3419 2237 3709 2308 reliquum.
3731 2235 3782 2289 In

2210 2319 2298 2374 die
2324 2319 2542 2389 quidem
2573 2323 2843 2378 unctionis
2873 2324 3146 2396 dirigitur,
3179 2325 3401 2395 quando
3418 2326 3496 2382 sic
3514 2325 3638 2380 foris
3653 2322 3785 2377 Chri-

2209 2407 2276 2461 sti
2325 2417 2664 2465 sacramenta
2710 2411 3064 2482 percipimus,
3095 2421 3152 2467 ut
3181 2414 3328 2468 intus
3377 2413 3548 2469 sancti
3578 2413 3787 2483 Spiritus

2207 2496 2378 2566 gratia
2408 2497 2736 2568 rcpleamur.
2794 2500 2861 2554 Et
2890 2500 2942 2554 in
2973 2501 3242 2571 reliquum
3284 2502 3542 2574 dirigitur
3567 2501 3785 2570 spiritus,

2207 2585 2295 2653 qui
2328 2600 2359 2638 a
2385 2587 2563 2656 gratia
2593 2602 2756 2657 quam
2801 2589 3035 2660 percipit
3075 2606 3353 2660 nunquam
3392 2591 3616 2646 recedit.
3655 2591 3794 2644 Hanc

2207 2673 2408 2743 quippe
2439 2674 2666 2745 gratiam
2716 2675 2906 2732 directi
2957 2678 3179 2749 spiritus
3229 2679 3312 2736 sic
3359 2678 3794 2750 praedicatoribus

2207 2761 2553 2830 ascribimus,
2586 2772 2642 2817 ut
2672 2765 2926 2821 omnibus
2975 2767 3268 2823 ordinibus
3319 2776 3525 2824 sanctae
3547 2765 3794 2823 Ecclesiae

2209 2848 2526 2905 tribuamus.
2561 2850 2818 2924 Quisquis
2848 2855 2990 2908 enim
3028 2854 3416 2927 Redemptoris
3446 2857 3616 2912 nostri
3644 2855 3794 2910 fidem

2205 2938 2450 3008 suscipit,
2500 2956 2602 3009 per
2651 2941 3046 3012 redemptionis
3092 2953 3295 3001 nostra:
3345 2945 3676 3015 baptismum
3713 2958 3795 2998 re-

2203 3028 2458 3093 nascitur,
2492 3036 2546 3084 et
2575 3029 2812 3098 Spiritus
2841 3033 3015 3088 sancti
3057 3035 3232 3104 gratia
3267 3035 3341 3089 ab
3390 3034 3539 3088 omni
3588 3039 3798 3104 peccato

487 3121 817 3196 ‘ungitur,ut
845 3137 902 3174 se
930 3120 1142 3189 privato
1173 3134 1357 3174 amore
1377 3135 1484 3174 non
1507 3119 1720 3191 diligat,
1749 3119 1842 3174 sed
1861 3136 1925 3175 cx
1946 3121 2094 3175 omni
2123 3129 2172 3193 α
2205 3115 2508 3170 redimitur.
2541 3118 2693 3173 Unde
2723 3127 2776 3173 et
2805 3119 2994 3176 electis
3030 3123 3334 3193 redemptis
3363 3122 3614 3192 ejusdem
3633 3119 3798 3191 Spiri-

484 3210 646 3282 Iquod
671 3207 990 3280 praeeminet
1019 3207 1169 3263 lucra
1199 3207 1431 3263 aliorum
1463 3215 1692 3277 quaerat.
1713 3207 1866 3263 Unde
1888 3216 1940 3263 et
1962 3209 2088 3264 Saul

483 3289 647 3354 'solus
677 3297 732 3351 in
763 3305 1009 3352 extrema
1036 3303 1188 3366 parte
1217 3291 1452 3350 civitatis
1481 3303 1671 3350 unctus
1701 3295 1864 3350 fuisse
1907 3296 2090 3367 perhi-

485 3366 662 3442 ’betur
690 3385 736 3456 (Ι
763 3387 892 3456 Reg.
925 3387 1026 3453 ιχ).
1079 3382 1219 3451 Quid
1250 3391 1330 3437 est
1359 3383 1524 3452 enim,
1557 3383 1700 3453 quod
1737 3383 1884 3438 solus
1913 3366 1946 3438 a
1974 3384 2091 3440 solo

499 3473 795 3546 inungitur,
824 3473 927 3526 nisi
959 3471 1079 3541 quia
1107 3471 1175 3525 de
1206 3471 1460 3525 culminis
1507 3479 1776 3540 potestate
1806 3488 1906 3543 per
1933 3487 2090 3528 amo-

501 3577 616 3614 rem
647 3559 914 3628 privatum
944 3555 1181 3610 debebat
1219 3556 1609 3610 intumescerel
1649 3556 1782 3609 Dum
1832 3556 1974 3610 enim
2022 3556 2092 3612 de

505 3656 730 3717 accepta
762 3643 1022 3715 dignitate
1052 3659 1109 3697 se
1137 3643 1482 3714 singulariter
1522 3658 1702 3698 amare
1733 3644 1919 3711 voluit,
1949 3645 2094 3701 velut

508 3736 808 3792 fomentum
839 3731 1056 3786 luminis
1083 3731 1230 3786 solus
1265 3731 1400 3785 tulit.
1434 3731 1593 3786 Unde
1623 3740 1670 3787 et
1702 3748 1856 3801 puer,
1889 3733 1981 3803 qui
2013 3749 2094 3788 co-

495 3813 815 3894 lmitabatur,
846 3819 1197 3891 praemittitur
1228 3836 1240 3872 :
1273 3819 1399 3890 qaia
1427 3819 1725 3875 electorum
1754 3820 1930 3875 nullus
1973 3821 2095 3891 ejus

504 3911 757 3982 exempla
786 3909 1046 3981 sequitur,
1079 3907 1168 3978 qui
1191 3907 1375 3963 divina
1407 3909 1729 3964 auctoritate
1749 3909 2090 3978 reprobatur.

504 4001 682 4058 David
714 4015 844 4071 ergo
875 3998 930 4051 in
963 3997 1144 4052 medio
1175 3995 1402 4051 fratrum
1433 3997 1653 4069 ungitur
1684 4015 1695 4050 :
1731 3999 1859 4069 quia
1897 3998 2096 4052 electus

509 4091 698 4148 doctor
726 4089 792 4143 de
818 4103 906 4152 eo,
939 4086 1081 4156 quod
1112 4085 1372 4156 singulari
1409 4084 1734 4140 sublimitate
1775 4087 2093 4156 sustollitur,

505 4177 777 4252 singulari
806 4191 991 4231 amore
1019 4190 1364 4246 nequaquam
1411 4174 1696 4244 gloriatur.
1743 4174 1812 4228 Et
1843 4175 1967 4244 quia
1993 4192 2094 4244 per

504 4265 862 4325 ministerium
885 4263 1166 4318 hominum
1194 4260 1499 4332 spiritualia
1518 4260 1571 4314 in
1592 4261 1778 4316 electis
1797 4261 2094 4317 rectoribus

505 4359 650 4413 dona
678 4351 1040 4416 cumulantur,
1073 4348 1388 4418 adjunctum
1418 4357 1496 4402 est
1529 4365 1541 4400 :

575 4439 902 4514 (Vers.13.)
946 4438 1015 4491 Et
1046 4437 1296 4492 directus
1351 4440 1438 4492 est
1490 4437 1730 4507 spiritus
1760 4436 1983 4493 Domini
2031 4438 2094 4492 in

500 4531 675 4590 David
712 4545 748 4584 α
779 4526 866 4606 die
896 4525 1024 4592 illa,
1057 4527 1113 4580 et
1140 4525 1202 4578 in
1233 4525 1536 4594 reliquum.

579 4624 669 4676 21.
703 4615 935 4687 Spiritus
965 4611 1165 4686 quippe
1188 4610 1409 4666 Domini
1436 4619 1557 4682 post
1584 4612 1892 4669 unctionem
1913 4612 2094 4686 dirigi-

499 4719 589 4768 tur
625 4724 637 4765 :
665 4705 791 4779 quia
822 4701 955 4759 foris
985 4708 1319 4757 sacramenta
1348 4699 1699 4772 percipimus,
1718 4709 1774 4757 ut
1803 4703 1948 4758 intus
1971 4719 2094 4758 san-

498 4801 569 4858 cti
601 4794 836 4869 Spiritus
864 4790 1048 4865 gratia
1079 4789 1403 4862 rcpleamur.
1451 4789 1598 4845 Foris
1636 4805 1870 4860 namque
1905 4792 2088 4861 homo,

498 4890 646 4945 intus
676 4885 822 4940 Deus
850 4886 1121 4950 operatur,
1174 4885 1227 4932 et
1268 4893 1377 4933 non
1423 4876 1616 4933 homo.
1664 4878 1818 4933 Foris
1858 4893 2093 4951 namque

492 4977 662 5035 homo
691 4970 886 5043 surgit,
919 4968 1063 5022 intus
1090 4982 1146 5021 se
1176 4964 1397 5037 spiritus
1426 4963 1609 5038 dirigit
1641 4983 1654 5022 :
1687 4966 1814 5037 quia
1841 4965 2092 5022 ordinem

492 5063 776 5139 religionis
807 5061 976 5114 homo
999 5053 1204 5110 homini
1222 5053 1455 5126 praebet,
1476 5054 1575 5110 sed
1604 5054 1658 5109 in
1687 5070 1810 5110 eum
1839 5055 1929 5110 cui
1959 5056 2090 5111 ordo

497 5156 656 5212 datur
684 5148 916 5221 spiritus
943 5143 1219 5216 dirigitur,
1246 5150 1303 5197 ut
1330 5142 1460 5199 foris
1505 5142 1892 5199 sublimitatem
1915 5144 2089 5199 susci-

494 5245 610 5317 piat
639 5237 881 5303 ordinis,
933 5240 988 5290 et
1028 5233 1171 5288 intus
1212 5231 1383 5287 robur
1427 5231 1598 5288 sancti
1641 5231 1898 5303 Spiritus.
1938 5231 2090 5287 Foris

493 5333 630 5388 ordo
661 5324 1032 5394 committitur,
1071 5328 1130 5376 ut
1171 5336 1292 5393 quae
1342 5320 1445 5377 Dei
1487 5325 1633 5390 sunt,
1665 5335 1827 5394 agere
1855 5319 2085 5392 debeat;

488 5410 638 5484 intus
671 5415 923 5488 dirigitur
949 5410 1186 5487 spiritus,
1218 5417 1277 5467 ut
1307 5409 1456 5485 quod
1482 5408 1809 5485 iniungitur,
1843 5415 2090 5488 potenter

489 5565 518 5600 .·
559 5558 640 5648 (τι)
669 5556 938 5630 Gustum,
971 5556 1130 5614 tanto
1160 5553 1388 5630 gravius
1414 5555 1600 5634 ferat.

2199 3210 2286 3258 tus
2325 3205 2492 3260 sancti
2535 3205 2738 3261 donum
2778 3207 3058 3264 insinuans
3101 3210 3303 3265 Paulus
3352 3211 3654 3282 apostolus,
3684 3209 3794 3263 ait:

2201 3291 2264 3346 In
2286 3308 2390 3363 quo
2425 3295 2643 3364 signati
2683 3297 2820 3351 estis
2842 3299 2902 3351 in
2938 3297 3028 3352 die
3050 3299 3467 3372 redemptionis
3483 3299 3704 3370 (Ephes.
3724 3310 3794 3364 iv,

2202 3378 2311 3450 30).
2347 3378 2403 3433 Si
2430 3395 2560 3452 ergo
2591 3383 3003 3439 consideremus
3031 3387 3300 3455 populum
3352 3387 3566 3442 dudum
3605 3388 3661 3440 in
3694 3385 3796 3440 cir-

2199 3468 2532 3524 cumcisione
2577 3471 2898 3540 superbum,
2933 3473 3190 3543 Spiritum
3235 3483 3493 3530 sanctum
3539 3476 3798 3539 amittere,

2198 3554 2447 3612 videmus
2476 3558 2681 3626 pariter
2727 3560 2780 3613 in
2829 3561 3132 3632 baptizatos
3177 3564 3437 3632 ejusdem
3469 3564 3690 3635 spiritus
3717 3560 3799 3616 di-

2198 3644 2520 3700 rectionem.
2561 3649 2621 3700 ln
2653 3664 2758 3716 quo
2791 3664 2893 3704 nos
2933 3650 3156 3719 quidem
3199 3645 3525 3723 dirigimur,
3559 3651 3684 3722 quia
3711 3664 3800 3721 per

2199 3733 2510 3802 superbiam
2543 3734 2619 3789 illi
2645 3737 2816 3792 sancti
2866 3737 3095 3806 Spiritus
3135 3741 3377 3810 gratiam
3420 3741 3794 3812 perdiderunt.

2200 3819 2342 3888 Quid
2374 3831 2456 3877 est
2472 3839 2626 3894 ergo,
2643 3825 2789 3894 quod
2801 3825 3018 3892 dicitur,
3040 3829 3076 3882 Α
3095 3827 3184 3883 die
3207 3829 3318 3884 illa
3336 3833 3482 3885 etin
3505 3830 3799 3900 reliquum

2200 3908 2300 3962 nisi
2331 3910 2452 3981 quia
2483 3912 2653 3966 sancti
2685 3913 2922 3981 Spiritus
2949 3917 3125 3986 gratia
3155 3916 3242 3972 sic
3271 3917 3576 3988 recipitur,
3598 3917 3724 3971 utin
3745 3929 3806 3970 ea

2201 3991 2357 4048 electi
2389 4010 2553 4064 usque
2601 3995 2654 4048 in
2693 3995 2854 4050 tinem
2894 4013 3244 4067 perseverare
3275 4001 3635 4058 doceantur?
3662 3999 3808 4054 Multi

2201 4081 2419 4151 quidem
2470 4091 2591 4152 post
2633 4084 3007 4140 remissionem
3059 4095 3424 4157 peccatorum
3469 4098 3701 4160 peccata
3744 4083 3810 4142 ad

2199 4178 2426 4225 mortem
2459 4170 2680 4239 faciunt,
2713 4177 2769 4226 in
2799 4174 2993 4243 quibus
3023 4176 3276 4232 nimirum
3329 4179 3565 4248 spiritus
3595 4179 3650 4232 in
3679 4175 3809 4232 reli-

2203 4273 2368 4327 quum
2400 4257 2563 4329 dirigi
2594 4275 2701 4314 non
2732 4261 2969 4316 videtur.
3018 4263 3294 4335 Dirigitur
3325 4253 3472 4338 ergo
3505 4265 3731 4338 spiritus
3758 4263 3810 4316 in

2199 4344 2384 4399 electis
2426 4354 2630 4401 tantum
2661 4347 2714 4402 in
2746 4348 2832 4403 die
2862 4350 2953 4404 illa
2983 4351 3040 4404 in
3070 4352 3366 4423 reliquum,
3406 4356 3540 4424 quia
3570 4352 3813 4426 reprobis

2121 4469 2172 4529 Β
2205 4430 2258 4484 in
2285 4441 2479 4488 exortu
2511 4432 2635 4489 ﬁdei
2667 4451 2762 4506 per
2793 4436 3056 4506 Spiritum
3085 4448 3341 4494 sanctum
3371 4452 3610 4512 peccata
3641 4440 3813 4495 dimit-

2208 4526 2405 4590 tuntur,
2440 4522 2536 4576 sed
2564 4522 2800 4593 Spiritus
2828 4526 3000 4581 sancti
3030 4527 3260 4597 gratiam
3294 4531 3676 4599 postmodum
3727 4543 3817 4600 per

2202 4606 2538 4679 iniquitatem
2569 4610 2820 4680 perdunt.
2863 4612 3125 4684 Dirigitur
3151 4631 3402 4686 namque
3434 4618 3492 4672 in
3524 4617 3814 4688 reliquum,

2203 4697 2302 4752 sed
2332 4698 2386 4752 in
2416 4698 2610 4768 David,
2644 4699 2768 4770 quia
2798 4717 2961 4756 manu
2992 4701 3143 4757 fortis
3171 4703 3611 4775 interpretatur.
3663 4707 3818 4761 Manu

2201 4785 2425 4856 quidem
2465 4786 2617 4842 fortis
2659 4796 2742 4842 est
2790 4787 2880 4858 qui
2924 4788 3143 4845 diabolo
3188 4793 3499 4863 praevalet,
3535 4803 3591 4850 et
3621 4794 3817 4849 bonum

2201 4874 2345 4944 quod
2378 4875 2574 4945 accipit
2603 4891 2701 4946 per
2729 4878 3188 4947 perseverantiam
3218 4895 3405 4950 usque
3438 4883 3499 4937 in
3530 4881 3698 4937 ﬁnem
3740 4889 3820 4936 te-

2198 4972 2290 5019 net
2317 4963 2397 5018 De
2425 4963 2620 5033 quibus
2649 4972 2796 5020 certe
2825 4965 3096 5021 Dominus
3127 4965 3200 5021 ait
3227 4981 3240 5020 :
3276 4967 3394 5036 Qui
3423 4985 3820 5042 perseverave-

2197 5055 2277 5109 rit
2310 5068 2483 5126 usque
2511 5053 2572 5108 in
2604 5053 3006 5123 ﬁnem,salvus
3023 5056 3133 5111 erit
3153 5055 3388 5125 (Matth.
3415 5074 3476 5128 x,
3511 5061 3630 5129 22).
3665 5055 3823 5128 Quod

2197 5142 2246 5196 si
2293 5141 2620 5196 universalis
2666 5141 2920 5198 Ecclesiae
2959 5150 3125 5198 status
3171 5145 3552 5216 conspicitur,
3599 5149 3822 5219 spiritus

2197 5229 2424 5285 Domini
2449 5229 2504 5283 in
2533 5228 2708 5286 David
2737 5229 2793 5285 in
2823 5230 3126 5300 reliquuum
3174 5231 3467 5289 directum
3517 5236 3777 5293 videmus
3807 5251 3818 5289 :

2199 5318 2328 5388 quia
2358 5318 2561 5375 electos
2589 5326 2793 5377 sanctae
2823 5319 3086 5376 Ecclesiae
3129 5319 3198 5376 ab
3248 5320 3526 5390 ejusdem
3557 5324 3823 5380 Ecclesiae

2195 5404 2509 5486 primordiis
2564 5406 2796 5483 Spiritus
2853 5407 3028 5470 sancti
3085 5407 3259 5487 gratia
3315 5410 3554 5490 replere
3633 5411 3820 5490 coepit,
