3996 6164
203 332 280 394 ιιι
1010 329 1082 394 IN
1121 328 1391 396 PRIMUM
1428 328 1677 396 REGUM
1713 328 2259 400 EXPOSITIONES.
2305 373 2373 386 —
2402 334 2537 400 LIB.
2581 336 2648 403 ν.

3306 354 3307 359 κ
3343 328 3463 413 tsi.

202 476 312 531 quos
338 472 491 530 usque
520 455 587 513 ad
614 458 798 514 mundi
831 458 992 516 ﬁnem
1046 461 1319 518 custodire
1373 478 1483 518 non
1530 463 1743 518 desinit.
1857 465 2024 537 Moysi
2054 480 2223 522 cornu
2248 467 2632 540 praeferebant,
2664 471 2757 543 qui
2781 471 2849 530 de
2878 489 2943 530 ea
2969 491 3088 546 quae
3101 475 3158 531 in
3172 476 3451 536 adulterio

252 553 324 603 22.
352 549 458 603 iam
490 547 691 620 quippe
715 548 874 618 juxta
905 550 1245 620 propositum
1278 559 1517 605 nostrum
1566 550 1747 607 claudi

196 638 305 693 liber
328 636 389 691 ad
413 635 564 692 ﬁnem
596 636 796 699 debet;
828 637 923 693 sed
956 637 1025 692 ad
1054 638 1374 694 memoriam
1430 638 1568 695 redit
1622 639 1749 709 quia

195 726 418 799 principia
458 724 747 781 voluminis
808 726 877 781 ad
939 727 1407 783 conversationem
1464 727 1747 783 retulimus

198 813 543 883 Redemptoris.
570 814 635 868 Et
664 813 792 886 quia
820 830 921 884 per
945 815 1207 870 Joannem
1238 815 1470 882 initium,
1530 824 1583 871 et
1628 815 1750 870 ﬁnis

193 904 309 958 idem
335 901 653 972 Redemptor
680 910 870 957 noster
898 904 1178 973 asseritur,
1203 902 1408 974 optimo
1456 903 1595 959 liber
1640 901 1748 960 ﬁne

191 991 427 1059 clauditur,
444 990 563 1044 siin
579 989 955 1062 Redemptoris
975 992 1140 1046 nostri
1166 992 1475 1047 narratione
1506 992 1577 1063 (α)
1620 1008 1749 1048 con-

189 1079 643 1151 summetur(Apoc.
667 1094 706 1147 ι,
740 1079 814 1149 8).
837 1079 1014 1135 David
1044 1095 1174 1151 ergo
1203 1096 1364 1135 manu
1390 1079 1542 1135 fortis
1564 1080 1747 1151 ipsum

189 1167 553 1236 Redemptorem
582 1167 807 1221 humani
837 1168 1056 1240 generis
1083 1167 1340 1237 insinuat,
1391 1168 1481 1239 qui
1521 1168 1751 1241 antiquo

192 1254 304 1310 hosti
329 1254 623 1326 praevaluit,
662 1254 812 1311 etde
867 1256 986 1325 ejus
1039 1263 1309 1326 potestate
1364 1255 1566 1312 electos
1593 1256 1741 1311 tulit.

193 1342 275 1412 Qui
294 1342 674 1398 Bethlehemita
692 1342 802 1398 lsai
829 1341 975 1398 ﬁlius
995 1344 1211 1410 dicitur,
1231 1344 1359 1415 quia
1378 1344 1447 1400 de
1466 1359 1531 1400 eo
1546 1343 1750 1416 populo

190 1432 310 1487 nasci
336 1431 513 1498 voluit,
546 1447 712 1502 quem
744 1430 1149 1502 Scripturarum
1177 1441 1480 1488 sanctarum
1526 1433 1752 1488 scientia

183 1520 300 1592 quasi
324 1535 388 1575 ex
413 1536 552 1590 pane
582 1520 869 1575 saturavit.
904 1521 1110 1575 Domus
1145 1521 1349 1592 quippe
1373 1522 1534 1592 panis
1562 1521 1751 1577 Iudaea

182 1608 273 1677 fnit,
295 1624 403 1678 quae
429 1608 665 1664 solidum
694 1607 1092 1679 Scripturarum
1122 1609 1319 1663 .eibum
1378 1610 1433 1663 in
1487 1608 1751 1681 spirituali

180 1697 508 1768 intelligentia,
541 1695 699 1766 quasi
732 1710 805 1751 ex
836 1711 974 1767 pane
1009 1696 1223 1751 habuit.
1283 1695 1425 1765 Quid
1478 1712 1607 1753 vero
1637 1697 1750 1752 Sa-

1855 553 2193 625 deprehensa
2224 556 2398 611 iuerat
2422 557 2656 615 Domino
2685 559 2936 617 dicebant
2966 581 2980 617 :
3035 565 3241 639 Moyses
3293 568 3453 640 iubet

1854 641 2182 714 hujusmodi
2195 644 2482 716 lapidare;
2504 649 2568 703 tu
2586 648 2720 720 quid
2745 649 2886 706 dicis
2903 649 2970 708 de
3008 667 3073 709 ea
3092 653 3277 724 (toan,
3328 671 3448 725 vm,

1856 732 1985 800 15)?
2006 731 2113 787 Sed
2130 732 2220 805 qui
2240 733 2397 804 pleno
2412 750 2577 789 cornu
2595 744 2785 792 unctus
2809 738 3170 808 fuerat,dicit:
3200 742 3305 811 Qui
3326 744 3449 801 sine

1852 827 2084 891 peccato
2110 824 2196 876 est
2213 825 2483 887 vestrum,
2502 824 2723 896 primus
2733 825 2794 880 in
2817 840 2942 882 eam
2961 828 3203 900 lapidem
3224 831 3448 887 mittat.

1856 905 2020 975 Quasi
2050 924 2219 964 cornu
2251 908 2474 965 feriendi
2503 910 2614 980 ille,
2644 921 3032 986 assumpserat,
3064 915 3156 988 qui
3186 916 3402 974 dicebat
3433 935 3449 973 :

1856 995 1956 1050 Hic
1985 998 2035 1051 si
2062 1001 2210 1052 esset
2234 998 2526 1070 propheta,
2557 1001 2731 1057 sciret
2750 1019 2874 1075 qua
2897 1006 2953 1059 et
2990 1005 3180 1077 qualis
3216 1008 3303 1061 est
3328 1004 3448 1063 hac

1860 1085 2197 1158 mulierqu/r
2216 1088 2403 1157 tangit
2421 1103 2571 1157 cum,
2590 1092 2720 1161 quia
2731 1092 3036 1163 peccatrix
3057 1096 3142 1149 est
3170 1092 3327 1161 (Luc.
3348 1107 3450 1164 vn,

1859 1173 1968 1242 39).
2001 1172 2106 1228 Sed
2137 1174 2230 1245 qui
2259 1190 2327 1228 ex
2358 1175 2693 1246 plenitudine
2721 1195 2887 1234 cornu
2917 1189 3109 1236 unctus
3133 1181 3292 1238 Iesus
3322 1182 3451 1237 fue-

1857 1266 1962 1328 rat,
1981 1264 2148 1316 totum
2169 1261 2691 1329 remittebat,dicens
2707 1283 2719 1319 :
2736 1268 2890 1327 Remi
2898 1271 3133 1324 ttuntur
3149 1269 3201 1324 ei
3212 1273 3451 1341 peccata

1860 1348 2064 1417 multa,
2078 1352 2345 1421 quoniam
2357 1351 2563 1407 dilexit
2580 1355 2848 1409 multum.
2863 1356 3003 1411 Hinc
3020 1357 3088 1411 de
3100 1364 3452 1427 peccatorum

1857 1437 2222 1509 assumptione
2253 1440 2709 1495 murmurantibus
2738 1442 2903 1498 dicit:
2949 1445 3071 1500 Non
3102 1445 3230 1501 veni
3257 1459 3454 1502 vocare

1850 1526 2056 1595 justas.
2082 1525 2178 1580 sed
2197 1532 2516 1598 peccatores
2545 1529 2770 1597 (Matth.
2817 1546 2899 1600 ix,
2929 1534 3038 1603 l3).
3084 1531 3264 1588 Cornu
3321 1547 3454 1605 ergo

1857 1613 2018 1682 pleno
2048 1613 2118 1667 ad
2153 1614 2466 1686 ungendum
2495 1617 2671 1671 David
2715 1616 2976 1689 propheta
3030 1619 3274 1688 mittitur,
3328 1620 3456 1692 quia

1858 1699 2008 1753 illum
2041 1702 2203 1758 modo
2233 1703 2481 1759 doctores
2506 1706 2831 1774 praedicant,
2872 1707 2964 1778 qui
3018 1707 3270 1764 duritiam
3317 1706 3455 1782 legis

181 1784 310 1853 mne],
349 1784 472 1851 nisi,
495 1792 556 1838 ut
579 1783 696 1852 jam
714 1800 860 1855 saepe
889 1784 1147 1851 diximus,
1187 1799 1450 1841 novorum
1480 1786 1750 1857 praedica-
1778 1816 1830 1878 B
1861 1787 2040 1858 solvit,
2069 1797 2122 1843 et
2150 1806 2330 1859 omne,
2363 1792 2510 1862 quod
2540 1792 2771 1864 rigidum
2801 1793 3058 1866 pratulit,
3116 1800 3213 1868 per
3261 1796 3454 1871 gratia

177 1881 315 1928 torum
340 1873 583 1928 ordinem
613 1873 850 1943 signat?
891 1871 1032 1941 Quid
1078 1888 1205 1928 vero
1252 1872 1446 1939 David,
1490 1872 1590 1928 nisi
1638 1873 1749 1928 Re-

191 1961 483 2031 demptorem
516 1960 758 2015 insinuat
773 1961 1027 2016 ‘iAdeum
1050 1977 1182 2033 ergo
1198 1963 1512 2034 ungendum
1535 1961 1757 2017 Samuel

186 2050 390 2103 mittitur.
420 2048 651 2122 Ungere
679 2051 881 2120 quippe
898 2065 1045 2111 eum.
1065 2057 1148 2104 est
1177 2049 1298 2120 ejus
1346 2049 1754 2121 incomparabi-

183 2137 269 2192 lem
294 2136 769 2192 sanctiﬁcationem
820 2137 1200 2209 ignorantibus
1257 2138 1575 2210 prmdicare.
1617 2139 1757 2193 Nam

179 2225 303 2297 quasi
342 2227 589 2298 ungitur,
642 2225 861 2295 quando
919 2225 1288 2282 nescientibus
1315 2226 1588 2298 opinionis
1644 2227 1763 2297 ejus

188 2315 297 2368 odor
316 2315 574 2385 aperitur.
597 2314 751 2369 Hunc
776 2329 1010 2385 namque
1039 2313 1305 2385 ungebat,
1347 2315 1437 2386 qui
1493 2313 1711 2371 dicebat
1740 2332 1753 2369 :

192 2399 364 2466 Quiaei
378 2419 436 2459 se
445 2403 720 2473 infundit
735 2405 921 2459 omnis
929 2403 1227 2476 plenitudo
1237 2403 1416 2458 divini
1423 2404 1557 2459 talis
1568 2418 1758 2476 corpo-

179 2491 651 2561 raliter(Colos.lt,
696 2493 772 2561 9).
820 2492 930 2547 Sed
976 2491 1114 2563 quid
1160 2500 1366 2546 tantum
1389 2494 1552 2561 387
1587 2508 1761 2548 novos

178 2580 516 2648 praedicatores
584 2579 656 2634 ad
710 2581 831 2649 ejus
894 2581 1204 2635 unctionem
1256 2581 1574 2650 recipimus,
1633 2596 1757 2636 cum

175 2668 305 2721 etiam
330 2677 538 2724 veteres
599 2676 710 2722 tam
748 2668 1141 2725 venerabiliter
1166 2669 1385 2723 unxisse
1431 2668 1757 2724 videamus?

177 2754 286 2822 Quid
310 2757 447 2811 enim
504 2755 715 2811 melius
774 2771 839 2810 ac
898 2757 1121 2811 suavius
1149 2756 1376 2822 redolet,
1408 2773 1572 2828 quam
1602 2757 1754 2821 illud,

173 2845 289 2913 quod
314 2845 366 2899 in
400 2861 466 2901 eo
487 2844 767 2917 prepbeta
790 2844 956 2899 Isaias
985 2843 1194 2912 effudit,
1228 2845 1454 2900 dicens:
1490 2847 1756 2917 Requies-

173 2936 244 2986 cet
257 2948 408 3005 super
422 2949 564 2989 eum
592 2935 835 3004 spiritus
865 2933 1109 3003 Domini,
1134 2934 1373 3006 spiritus
1389 2934 1685 3005 sapientiw
1700 2937 1756 2990 et

175 3022 494 3091 intellectus,
519 3022 771 3094 spiritus
787 3021 1015 3079 consilii
1030 3026 1087 3077 et
1114 3021 1498 3093 fortitudinis,
1517 3023 1758 3094 spiritus

178 3110 393 3164 scientia
404 3115 459 3165 et
478 3112 722 3183 pietatis
736 3128 760 3172 ;
780 3115 836 3166 et
857 3109 1095 3182 replebit
1126 3126 1254 3165 eum
1279 3109 1514 3181 spiritus
1531 3112 1756 3167 timoris

170 3196 356 3253 Domini
374 3201 531 3268 (Isai.
556 3213 641 3266 xx,
657 3198 747 3267 2)?
767 3198 849 3271 (ὁ)
876 3198 1014 3254 Hinc
1043 3199 1193 3267 item,
1214 3198 1305 3269 qui
1329 3206 1539 3253 tenetur
1557 3198 1610 3253 in
1626 3215 1750 3253 ma-

171 3284 312 3351 uibus,
330 3287 503 3342 David
524 3286 583 3342 ei
601 3287 925 3357 loquens,ait
941 3304 954 3339 :
972 3286 1264 3359 Speciosus
1277 3291 1467 3357 [arma
1477 3304 1597 3359 pro:
1610 3287 1749 3357 ﬁliis

169 3370 690 3446 Itominum,diﬂ‘usa
731 3378 815 3430 est
860 3376 1049 3446 gratia
1092 3376 1157 3430 in
1207 3374 1371 3431 labiis
1403 3378 1520 3430 tuis
1555 3374 1749 3443 (Psal.-

171 3474 288 3527 xm,
312 3462 381 3530 3).
400 3464 465 3517 Et
494 3471 629 3534 post
666 3478 843 3533 pauca
875 3481 887 3516 :
921 3464 1096 3520 Unxit
1156 3467 1210 3519 te
1264 3464 1413 3518 Deus
1457 3467 1591 3518 tuus
1627 3463 1748 3520 oleo

168 3547 476 3620 letitiaprze
496 3552 861 3608 consortibus
876 3551 1006 3606 tuis.
1030 3551 1184 3605 Hunc
1207 3559 1386 3605 autem
1414 3550 1598 3605 Daniel
1639 3566 1746 3605 un-

165 3636 237 3701 xit,
255 3646 301 3692 et
324 3640 499 3694 omnis
528 3639 807 3695 unctionis
832 3647 1227 3693 sacramentum
1256 3638 1462 3694 Iudaeis
1490 3638 1743 3708 prmbuit,

166 3723 319 3781 dicens
348 3745 363 3781 :
396 3729 538 3784 Cum
565 3727 794 3782 uenerit
823 3727 1064 3783 Sanctus
1094 3734 1450 3795 sanctorum,
1508 3727 1748 3783 cessabit

163 3817 322 3870 unctio
346 3821 542 3872 vestra
579 3817 747 3884 (Dan.
768 3818 872 3885 ix).
892 3815 974 3869 Ad
995 3816 1307 3886 ungendum
1326 3831 1463 3887 ergo
1481 3816 1748 3886 propheta

170 3902 362 3957 mittitur
384 3922 397 3965 ;
432 3904 568 3976 quia
599 3904 721 3973 ejus
739 3903 883 3959 odor
902 3919 931 3957 a
961 3903 1198 3973 parvulis
1216 3920 1492 3974 nunquam
1514 3904 1744 3973 capitur,

160 3990 238 4042 nisi
265 4007 353 4062 per
381 3992 822 4062 praedicatorum
856 4006 952 4046 ora
981 3990 1268 4062 pandetur.
1320 3992 1478 4048 Unde
1531 3999 1587 4047 et
1636 3999 1747 4047 tres

160 4075 242 4131 ille
265 4080 516 4136 mulieres
551 4086 802 4135 aromata
837 4087 1162 4149 praeparant,
1195 4087 1248 4134 et
1277 4080 1335 4133 in
1365 4079 1614 4150 sepulcro
1630 4080 1742 4135 Re-

156 4165 463 4238 demptorem
501 4169 935 4241 unguntwurc.
968 4170 1111 4238 xvt).
1134 4169 1193 4221 In
1242 4169 1493 4239 sepulcro
1523 4169 1743 4238 quidem

157 4251 256 4310 lesn
288 4259 526 4331 ungitur,
551 4274 680 4313 cum
707 4256 1113 4313 resurrectionis
1144 4257 1263 4326 ejus
1308 4256 1483 4329 gloria
1537 4256 1742 4328 prazdi-

1861 1891 1974 1932 ωε
2006 1876 2244 1934 fomenta
2270 1880 2557 1948 reparavit.
2587 1885 2672 1936 An
2703 1898 2813 1937 non
2842 1883 3082 1955 ungebat
3108 1899 3231 1939 eum
3246 1884 3359 1951 ille,
3380 1883 3454 1942 ad

1861 1980 1986 2018 eum
2017 1966 2329 2037 ungendum
2358 1968 2571 2037 missus,
2602 1968 2671 2024 de
2700 1986 2808 2039 quo
2839 1970 3041 2028 dicitur
3063 1990 3076 2027 :
3097 1970 3236 2029 Fuit
3291 1970 3454 2030 homo

1864 2052 2067 2108 missus
2087 2070 2122 2109 a
2151 2053 2283 2121 Deo,
2304 2057 2399 2111 rui
2427 2072 2632 2112 nomen
2654 2062 2779 2113 erat
2802 2059 3079 2117 Joannes:
3101 2060 3193 2117 hic
3212 2063 3367 2118 venit
3386 2059 3454 2116 in

1866 2141 2277 2213 testimonium,
2302 2150 2368 2199 ut
2398 2146 2791 2201 testimonium
2819 2145 3139 2221 perhiberet
3154 2149 3221 2205 de
3234 2149 3453 2206 lumine

1865 2229 2048 2298 (Joan.
2067 2244 2106 2299 ι,
2127 2231 2179 2300 6)
2202 2229 2230 2283 ‘l
2255 2231 2362 2286 Sed
2391 2232 2694 2289 audivimus
2724 2235 2996 2306 quomodo
3043 2234 3239 2291 missus
3259 2234 3453 2305 fuerat,

1863 2316 2145 2372 audiamus
2160 2319 2433 2389 quomodo
2459 2329 2663 2394 ungat:
2695 2323 2851 2391 Ecce,
2884 2322 3077 2394 inquit,
3106 2324 3306 2396 Agnus
3329 2322 3450 2395 Dei,

1864 2420 1990 2461 ecce
2020 2407 2118 2478 qui
2145 2407 2296 2463 tollit
2323 2416 2559 2480 peccata
2583 2409 2779 2466 mundi
2810 2409 2997 2481 (Ibid.,
3029 2412 3142 2483 29).

1934 2495 2023 2549 24.
2059 2495 2238 2552 Potest
2264 2512 2365 2566 per
2392 2498 2752 2571 cornu,regni
2788 2499 2905 2570 ejus
2941 2499 3214 2567 videlicet,
3252 2507 3451 2558 sancta

1862 2580 2122 2640 Ecclesiae
2151 2584 2455 2640 sublimitas
2484 2585 2775 2659 designari,
2807 2602 2928 2658 quae
2957 2603 3158 2662 magna
3211 2597 3310 2658 est,
3364 2586 3459 2646 sed

1864 2675 2087 2723 austera
2116 2676 2170 2723 et
2200 2666 2430 2740 superba
2461 2684 2571 2725 non
2594 2679 2696 2725 est.
2729 2670 2810 2727 De
2834 2685 2941 2743 quo
2969 2671 3230 2727 nimirum
3284 2688 3457 2728 cornu

1864 2755 2112 2826 superius
2139 2772 2238 2828 per
2264 2761 2475 2812 Annam
2508 2756 2775 2817 Samuelis
2804 2767 3032 2815 matrem
3070 2760 3269 2816 dicitur
3296 2779 3311 2816 :
3354 2759 3459 2818 Su-

1864 2843 2119 2900 blimabit
2145 2861 2321 2900 cornu
2343 2845 2552 2902 Christi
2570 2845 2719 2916 sui(l
2731 2847 2855 2917 Reg.
2879 2862 2937 2915 ιι,
2964 2846 3073 2917 10).
3110 2847 3248 2903 Hinc
3294 2862 3455 2903 nam-

1865 2947 1968 3005 que
1986 2948 2084 3004 per
2099 2932 2410 2987 Zachariam
2433 2933 2655 2989 dicitur:
2672 2933 2874 2989 Erexit
2897 2949 3076 2992 cornu
3115 2932 3321 2991 salutis
3348 2950 3459 2991 no-

1863 3021 2046 3091 bis,in
2067 3018 2227 3077 domo
2254 3018 2431 3077 Dauid
2456 3023 2622 3095 pueri
2675 3023 2768 3078 sui
2813 3021 2972 3090 (Luc.
3020 3036 3060 3091 ι,
3117 3025 3228 3093 69).
3280 3022 3459 3079 Cornu

1812 3146 1834 3181 ._
1864 3109 2081 3180 quidem
2112 3109 2302 3164 salutis
2333 3111 2463 3181 quid
2493 3119 2594 3179 est,
2626 3109 2729 3165 nisi
2759 3110 3065 3166 sublimitas
3083 3108 3460 3169 ecclesiastica

1865 3198 2198 3268 potestatis?
2229 3199 2368 3254 Nam
2427 3198 2572 3271 quod
2627 3199 2864 3272 antiquis
2918 3214 3187 3270 nusquam
3241 3198 3459 3267 dicitur,

1860 3285 2030 3341 modo
2050 3286 2346 3343 universali
2360 3287 2619 3343 Ecclesiae
2641 3288 2836 3343 dicitur
2855 3302 2868 3343 :
2890 3287 3262 3359 Quodcunque
3311 3288 3459 3360 liga-

1858 3376 2006 3429 veris
2025 3390 2195 3446 super
2216 3379 2452 3443 terram,
2469 3378 2579 3432 erit
2604 3376 2844 3447 ligatum
2861 3381 2915 3433 et
2937 3378 2997 3432 in
3020 3375 3175 3431 eatis
3186 3393 3202 3442 ;
3225 3373 3460 3448 etquod-

1857 3478 2079 3534 cunque
2089 3461 2328 3518 solveris
2340 3478 2511 3535 super
2528 3467 2758 3530 terram,
2773 3466 2884 3520 erit
2894 3463 3142 3520 solutum
3155 3467 3212 3518 et
3224 3462 3287 3518 in
3300 3461 3457 3520 cretis

1860 3549 2079 3618 (Matth.
2102 3552 2345 3622 xv1,l9).
2389 3550 2547 3619 Quod
2588 3551 2834 3622 profecto
2886 3566 3051 3607 cornu
3099 3555 3347 3606 erectum
3402 3556 3459 3606 et

1858 3637 1981 3693 oleo
2012 3637 2234 3708 plenum
2287 3638 2503 3705 dicitur,
2563 3638 2687 3709 quia
2739 3647 2923 3694 sancta
2963 3637 3224 3702 Ecclesia,
3286 3637 3453 3708 388

1856 3741 1979 3780 cum
2011 3725 2344 3782 sublimitate
2394 3727 2700 3799 potestatis,
2732 3725 2970 3782 extendit
3000 3726 3206 3782 viscera
3237 3723 3463 3782 misera-

1856 3813 2042 3868 tionis.
2073 3811 2145 3867 Et
2174 3813 2298 3883 quia
2360 3829 2458 3884 per
2511 3813 2780 3869 damnata:
2836 3813 3186 3870 humanitatis
3237 3814 3452 3882 vitium,

1858 3901 2069 3956 facilius
2100 3900 2153 3955 in
2209 3902 2581 3957 auctoritatem
2641 3901 2920 3972 potestatis
2942 3902 3135 3958 extolli
3163 3914 3458 3974 possumus

1854 4005 2021 4061 quam
2053 3988 2195 4045 ﬂecti
2225 3988 2293 4042 ad
2322 3986 2604 4043 mollitiem
2634 3988 2881 4058 pietatis;
2915 3989 3055 4045 bene
3110 4005 3218 4046 non
3263 4006 3451 4060 cornu,

1853 4078 1948 4133 sed
1979 4092 2287 4148 praeparare
2312 4077 2494 4132 oleum
2503 4077 2747 4147 jubetur.
2769 4076 2872 4142 Qui
2894 4077 3060 4146 enim,
3079 4079 3254 4151 imple
3273 4094 3455 4135 cornu

1855 4170 2019 4223 tuum
2041 4164 2345 4234 oleo,dicit,
2363 4180 2529 4220 cornu
2558 4165 2673 4222 sine
2701 4166 2823 4221 oleo
2850 4181 2974 4221 esse
3003 4166 3258 4238 signavit.
3309 4165 3453 4236 Quid

1854 4264 1929 4310 est
1959 4257 2080 4322 hoc,
2104 4254 2211 4308 nisi
2244 4253 2371 4325 quia
2389 4253 2547 4310 irasci
2578 4261 2630 4310 et
2658 4270 2889 4328 arguere
2944 4255 3107 4311 etiam
3161 4253 3451 4311 inconsulti

154 4351 288 4398 eatur.
326 4346 483 4403 Unde
515 4354 577 4401 et
611 4360 730 4400 cum
776 4345 1018 4413 veniunt,
1076 4344 1231 4398 Jesus
1287 4360 1394 4399 non
1450 4344 1739 4411 invenitur,
1849 4358 2163 4414 possumus,
2185 4342 2285 4398 sed
2301 4342 2441 4399 tlecti
2458 4343 2523 4397 ad
2541 4342 2988 4412 misericordiam,
3019 4342 3122 4399 nisi
3153 4359 3219 4400 ex
3248 4357 3453 4416 magna

153 4429 251 4497 quia
276 4447 393 4488 cum
422 4434 572 4490 bene
607 4432 675 4489 de
704 4431 988 4487 Dominica
1043 4434 1217 4486 morte
1254 4429 1553 4502 disputant,
1586 4448 1741 4487 mor-
1850 4431 2220 4495 meditatione,
2253 4447 2360 4487 non
2388 4431 2728 4502 possumus?
2770 4430 2937 4501 Quasi
2992 4432 3136 4489 dicat
3166 4450 3181 4487 :
3239 4431 3445 4503 ldum,

152 4525 266 4572 tuum
290 4521 400 4591 jam
431 4528 823 4592 resurgentem
857 4524 1181 4587 monstrant,
1214 4527 1267 4574 et
1292 4519 1448 4592 quasi
1469 4508 1819 4577 veniendo‘D
1849 4535 2011 4591 quem
2044 4518 2359 4575 naturaliter
2384 4519 2572 4586 habes,
2631 4518 2796 4593 imple
2849 4520 2992 4590 oleo,
3031 4519 3174 4592 quod
3231 4520 3280 4576 si
3334 4536 3446 4578 non

150 4620 233 4660 non
258 4608 582 4673 inveniunt;
618 4609 744 4680 quia
774 4607 865 4664 ubi
898 4607 1037 4663 bene
1066 4607 1255 4662 mortis
1285 4623 1507 4663 causam
1538 4624 1736 4682 cogno-
1842 4607 2014 4662 habes
2043 4623 2108 4662 ex
2141 4615 2212 4673 te,
2248 4607 2445 4663 habere
2474 4615 2631 4677 potes
2668 4624 2735 4664 ex
2762 4607 2982 4674 virtute,
3014 4608 3175 4677 Quod
3203 4615 3353 4665 certe
3394 4607 3448 4666 ei

146 4703 289 4764 scunt,
316 4698 485 4754 vitam
524 4713 653 4753 esse
684 4696 952 4753 redditam
981 4712 1079 4770 per
1106 4695 1252 4752 illius
1291 4704 1517 4753 mortem
1572 4697 1731 4754 inve-
1840 4695 2053 4762 dicitur,
2087 4695 2177 4766 qui
2206 4711 2411 4768 ungere
2435 4696 2856 4767 Redemptorem
2909 4697 3178 4763 mittitur;
3236 4704 3294 4753 ut
3348 4697 3444 4771 qui

145 4780 284 4840 aiunt.
1836 4782 1891 4839 in
1921 4783 2100 4839 ofﬁcio
2120 4783 2523 4854 praedicationis
2536 4784 2775 4856 ponitur,
2792 4783 2951 4842 dives
2979 4800 3098 4842 esse
3119 4784 3441 4844 misericor-

200 4874 271 4929 22.
298 4874 404 4931 Sed
435 4875 580 4948 quid
610 4882 714 4940 est,
746 4874 893 4945 quod
926 4873 1154 4945 implere
1184 4890 1349 4931 cornu
1388 4873 1511 4929 oleo
1560 4874 1727 4945 jube-
1836 4872 1930 4927 dia
1961 4887 2180 4942 semper
2198 4880 2441 4928 conetur.

147 4961 248 5014 tur?
274 4962 414 5031 Quid
445 4980 693 5034 namque
723 4963 823 5018 fuit
861 4963 1152 5018 austeritas
1197 4962 1352 5035 legis,
1402 4961 1505 5017 nisi
1560 4979 1728 5018 cornu
1902 4963 1993 5018 25.
2029 4961 2100 5031 (ε)
2130 4961 2310 5015 Potest
2339 4961 2444 5017 hoc
2472 4975 2640 5018 cornu
2694 4959 2890 5018 mentis
2918 4960 3144 5019 aﬁ‘ectus
3182 4959 3421 5018 ostendi.

146 5049 313 5106 leuitas
340 5054 370 5107 ?
400 5052 589 5123 Quasi
624 5051 765 5107 enim
797 5066 968 5108 cornu
998 5051 1291 5123 percussit,
1325 5051 1451 5105 dum
1500 5059 1725 5121 peccata
1831 5046 1987 5118 Quod
2018 5058 2164 5109 certe
2191 5064 2357 5104 cornu
2387 5048 2602 5122 impleri
2630 5050 2960 5121 praecipitur,
3006 5050 3133 5120 quia
3186 5047 3430 5120 perfecta

144 5151 225 5191 non
248 5156 338 5211 per
364 5139 810 5196 misericordiam
842 5137 1081 5207 indulsit,
1141 5139 1239 5194 sed
1296 5154 1520 5210 poenam
1574 5138 1722 5194 inlli-
1828 5137 1991 5193 debet
2018 5137 2404 5208 Redemptoris
2433 5138 2601 5194 nostri
2630 5138 2831 5206 unctio,
2862 5137 2919 5192 id
2944 5145 3027 5193 est
3055 5134 3427 5208 sanctiﬁcatio,

142 5228 287 5293 ﬂendo
315 5227 646 5284 vindicavit.
681 5227 862 5283 Cornu
892 5242 1024 5300 ergo
1071 5227 1192 5283 oleo
1251 5227 1537 5299 impletur;
1598 5227 1721 5298 quia
1827 5234 1948 5282 ante
1978 5226 2099 5281 sciri
2129 5242 2291 5297 quam
2320 5225 2655 5282 sufﬁcienter
2683 5226 2864 5281 valeat
2901 5223 3212 5295 praedicari.
3244 5223 3425 5281 Cornu

144 5313 235 5368 talis
256 5316 366 5373 Rex
397 5317 658 5390 ungitur,
692 5316 782 5387 qui
814 5323 1037 5388 peccata
1066 5315 1345 5372 hominum
1361 5315 1719 5373 misericordi-
1824 5328 1956 5389 ergo
1983 5314 2262 5387 impletur,
2295 5313 2513 5388 quando
2544 5314 2683 5371 bene
2727 5312 2987 5369 sanctitas
3041 5308 3425 5385 Redemptoris

142 5401 467 5475 terdimittat,
500 5419 618 5461 non
648 5421 748 5479 per
772 5403 911 5478 legis
925 5406 1285 5463 austeritatem
1316 5404 1527 5480 puniat.
1575 5405 1716 5468 Nam
1821 5403 2152 5482 agnoscitur.
2182 5402 2251 5462 Et
2274 5402 2437 5479 pleno
2464 5417 2635 5460 cornu
2672 5400 2911 5476 ungitur,
2941 5397 3163 5475 quando
3210 5398 3420 5474 optima

187 5577 251 5654 (β)
280 5583 455 5654 Vatia.
496 5591 551 5643 et
590 5582 778 5654 Gilot.,
810 5585 1202 5648 ronsumetur.

188 5577 251 5651 (α)
280 5583 455 5666 Vatia.
496 5591 551 5643 et
590 5582 778 5669 Gilot.,
810 5585 1202 5648 ronwmetur.
1886 5583 1963 5719 ac)
1995 5581 2166 5642 Vatia.
2199 5590 2254 5645 et
2281 5581 2714 5664 Gussauv.,post
2731 5576 2833 5644 hoc
2854 5594 3035 5643 cornu
3072 5573 3167 5643 ubi
3179 5577 3418 5651 omnino

188 5652 247 5733 (ἃ)
275 5653 534 5725 minuet
564 5656 763 5733 Vane,
794 5654 883 5718 hic
911 5656 1076 5721 item.
1812 5653 1883 5721 de
1922 5656 1997 5721 cit
2023 5670 2235 5720 sensus.
3183 5712 3189 5719 ,

424 5700 439 5716 ο
472 5696 534 5725 ν’
586 5696 763 5735 ιῡιινον
794 5696 883 5718 νην
914 5696 1076 5721 ,ΙΕΙΙΙΟ

1859 5696 1973 5721 νην.
1978 5696 1997 5718 ν
2023 5696 2151 5720 ννιισ
2156 5696 2235 5718 κστ
3183 5712 3189 5719 .

1812 5653 1997 5721 deﬁcit
2023 5670 2235 5720 sensus.
