3996 6164
529 353 633 413 463

1731 337 1979 427 SANCTI
2008 337 2349 408 GREGORII
2378 339 2605 404 MAGNI

3695 353 3783 419 ιιι

541 474 895 549 praedicatur.
931 469 1070 532 Nam
1099 467 1332 532 Joannes
1362 468 1486 544 quia
1523 472 1880 544 praedicando
1936 487 2144 546 ungere
2169 472 2227 538 Α,
2253 487 2493 541 praesens
2522 478 2623 536 est,
2657 472 2712 524 in
2744 470 2913 527 verba
2969 479 3151 529 nostra
3181 467 3359 531 futura
3409 494 3508 535 non
3559 490 3646 537 est.
3684 484 3786 538 iam

543 575 794 634 venerat,
829 566 983 636 quasi
1010 581 1186 620 connu
1214 562 1462 634 implevit
1491 561 1742 624 sciendo;
1775 570 1834 616 ut
1859 578 1983 617 eum
2039 579 2144 616 un-

541 672 672 729 gere
702 655 841 711 bene
871 653 1144 724 loquendo
1176 652 1458 723 potuisset.
1491 650 1546 706 Si
1583 656 1761 705 autem
1809 651 1949 704 bene
2007 649 2145 704 scire

545 744 920 816 impletionem
951 742 1219 806 volumus,
1251 740 1531 795 audiamus
1559 739 1704 811 quod
1740 739 1795 793 in
1844 737 2145 810 Evangelia

544 833 739 888 dicitur
755 850 766 886 :
785 832 1034 887 Factum
1053 835 1135 886 est
1151 829 1371 885 verbum
1390 844 1560 900 super
1570 830 1844 884 Joannem
1860 827 2148 882 Zachariae

544 921 730 990 ﬁlium
752 921 816 975 in
839 917 1619 988 deserto(Luc.tu,2).Cornu
1637 932 1770 986 ergo
1811 915 1972 987 pleno
2017 929 2146 968 eum

544 1009 720 1077 unxit,
753 1009 841 1080 qui
870 1007 1112 1078 perfecte
1141 1005 1290 1076 prius
1314 1020 1345 1060 a
1374 1003 1544 1060 verba
1602 1003 1792 1058 doctus
1845 1013 1932 1058 est
1983 1017 2147 1072 quam

544 1096 699 1153 verbi
728 1095 1070 1150 divinitatem
1109 1103 1162 1148 et
1221 1101 1551 1164 assumptam
1607 1091 1841 1146 hominis
1893 1100 2142 1145 naturam

543 1184 688 1255 loqui
714 1183 994 1256 potuisset.
1030 1182 1140 1239 Sed
1169 1181 1409 1248 veniens,
1443 1181 1496 1235 in
1536 1196 1701 1236 manu
1757 1179 1980 1234 vitulum
2040 1178 2142 1232 ba-

544 1273 662 1348 buit
686 1290 699 1334 ;
735 1271 884 1342 quia,
904 1278 961 1324 ut
984 1269 1187 1340 dignus
1215 1275 1387 1339 prmto
1415 1267 1796 1338 Redemptoris
1824 1264 1998 1334 ﬁeret,
2021 1280 2143 1321 car-

540 1377 666 1416 nem
696 1375 843 1414 suam
893 1359 1008 1414 Deo
1064 1373 1160 1428 per
1192 1355 1572 1412 abstinentiam
1627 1355 1903 1410 mactavit.
1964 1354 2147 1408 Potest

549 1449 711 1505 etiam
767 1445 920 1503 vituli
977 1445 1347 1517 appellatione
1400 1446 1521 1514 ipse
1551 1444 1815 1499 Dominus
1847 1441 2142 1512 designari.

546 1537 688 1607 Quid
721 1550 854 1608 ergo
886 1543 986 1603 est,
1006 1534 1150 1604 quod
1181 1533 1449 1603 propheta
1478 1532 1532 1585 in
1560 1548 1718 1586 manu
1749 1531 1972 1585 vitulum
2003 1527 2141 1596 tulit,

549 1625 654 1681 nisi
686 1624 831 1694 quia,
866 1623 956 1693 qui
986 1623 1170 1677 Jesum
1201 1621 1314 1676 vult
1343 1620 1689 1689 praedicando
1719 1617 2022 1686 ostendere,
2043 1632 2146 1686 per

547 1707 1016 1784 mortiﬁcationem
1047 1705 1224 1760 carnis
1252 1703 1413 1759 debet
1461 1703 1600 1772 ejus,
1650 1719 1809 1773 quem
1863 1701 2142 1773 praedicat,

543 1785 825 1870 passiones
857 1795 1056 1850 imitari
1084 1795 1112 1846 ‘i
1144 1792 1384 1850 Vitulum
1419 1791 1618 1863 quippe
1647 1791 1701 1845 in
1727 1806 1887 1844 manu
1937 1798 2141 1857 tenere,
2168 1822 2224 1884 B

543 1893 626 1942 est
667 1884 1076 1941 similitudinem
1124 1880 1393 1952 passionis
1417 1880 1609 1936 Christi
1639 1880 1695 1934 in
1721 1879 1916 1934 virtute
1945 1893 2145 1947 opera-
2169 1879 2183 1916 '-

543 1965 710 2043 tionis
746 1972 1059 2030 ostendere.
1115 1971 1286 2024 Aliter
1337 1969 1501 2032 enim,
1560 1967 1650 2039 qui
1708 1967 1775 2022 ad
1831 1967 2146 2040 ungendum

543 2049 729 2135 regem
760 2061 928 2128 venit,
948 2059 1246 2126 occiditur;
1271 2057 1397 2128 quia
1412 2056 1669 2110 nimirum
1699 2055 1753 2110 in
1801 2055 1990 2110 salutis
2035 2070 2147 2110 sua;

547 2135 845 2226 periculum
877 2148 1201 2220 praedicator
1229 2145 1473 2202 veritatis
1501 2144 1752 2211 efﬁcitur,
1784 2144 1875 2215 qui
1921 2142 2148 2198 verbum

549 2227 701 2314 quod
731 2255 828 2294 ore
857 2235 1121 2308 praedicat
1149 2251 1319 2306 prava
1348 2233 1662 2305 Operatione
1711 2230 2012 2288 concaleat.
2044 2231 2147 2285 Sa-

540 2328 689 2385 muel
720 2329 905 2398 itaque
935 2326 1002 2381 ad
1031 2323 1347 2396 ungendum
1403 2337 1593 2393 regem
1640 2321 1889 2388 veniens,
1911 2319 1964 2374 in
1983 2334 2148 2374 manu

541 2407 778 2472 vitulum
812 2415 964 2476 tulit;
999 2413 1126 2482 quia
1154 2426 1460 2482 prmcursor
1474 2408 1695 2464 Domini
1725 2425 1786 2463 se
1805 2409 1957 2479 prius
1986 2407 2149 2462 mira-

542 2505 710 2560 bilem
739 2517 836 2573 per
867 2516 1118 2570 supernae
1147 2498 1576 2556 conversationis
1597 2498 1866 2569 fulgorem
1893 2495 2144 2568 praebuit,

544 2600 597 2647 et
619 2593 697 2645 sic
727 2592 929 2644 bonum
962 2596 1124 2642 tautae
1153 2589 1341 2658 gratia:
1371 2585 1734 2642 nescientibus
1760 2585 2035 2641 indicavit.

609 2683 708 2738 26.
748 2678 861 2733 Sed
893 2676 1022 2747 quid
1050 2684 1150 2745 est,
1183 2676 1325 2746 quod
1344 2676 1514 2744 quaeri
1537 2675 1676 2730 inter
1699 2673 1836 2728 ﬁlios
1864 2672 2144 2742 lsaijube-

539 2778 644 2838 tur,
676 2767 779 2822 nisi
808 2765 934 2838 quia
964 2773 1017 2820 et
1047 2765 1114 2818 de
1144 2766 1311 2820 veleri
1347 2763 1550 2834 papula
1579 2763 1885 2817 nasciturus
1926 2770 2058 2828 erat,
2090 2765 2145 2815 et

540 2843 812 2928 mqualem
844 2853 1052 2909 nullum
1081 2851 1363 2906 habiturus
1378 2851 1405 2903 ‘I
1422 2850 1601 2919 Quaeri
1617 2851 1795 2922 itaque
1808 2849 2138 2921 praecipitur,

530 2953 590 3024 ut
618 2945 668 3001 ei
700 2942 1101 2999 rationabiliter
1131 2941 1435 2995 credamus.
1473 2940 1538 2993 Et
1567 2939 1693 3008 quia
1731 2956 1829 3008 per
1879 2937 2141 3006 semetip-

535 3050 655 3089 sum
673 3032 835 3088 dicit:
855 3031 1025 3090 Nemo
1047 3029 1289 3085 tvenitad
1317 3043 1426 3096 me,
1456 3029 1572 3082 nisi
1611 3029 1802 3093 Pater,
1844 3027 1940 3098 qui
1979 3026 2138 3080 misit

541 3138 652 3190 me,
675 3120 922 3176 traxerit
939 3135 1069 3174 eum
1085 3119 1264 3186 (Joan.
1289 3133 1364 3185 vr,
1381 3116 1494 3186 4L),
1517 3114 1657 3170 bene
1678 3115 1914 3170 Samueli
1932 3130 1962 3168 a
1988 3121 2139 3182 patre

535 3210 738 3286 dicitur
770 3227 782 3261 :
823 3209 997 3278 Unges
1019 3222 1180 3279 quem
1209 3209 1605 3261 monstravero
1638 3202 1762 3258 tibi.
1793 3202 1958 3271 Quasi
1997 3201 2139 3257 enim

547 3305 907 3374 monstratum
935 3301 1166 3349 auxerat
1218 3293 1390 3362 prius,
1449 3293 1539 3363 qui
1568 3293 1636 3347 ab
1666 3308 1752 3359 eo,
1785 3307 1952 3363 quem
1983 3306 2148 3346 unxe-

547 3392 653 3454 rat,
669 3385 925 3442 audiebat
946 3401 957 3436 :
979 3385 1179 3438 Beatus
1193 3398 1249 3437 es
1265 3380 1468 3437 Simon
1485 3379 1786 3445 Bar-Jona,
1804 3381 1930 3452 quia
1951 3395 2081 3435 caro
2093 3382 2149 3436 et

541 3477 903 3547 _sanguisnon
925 3472 1196 3527 reuelauit
1220 3471 1344 3536 tibi,
1367 3473 1460 3524 sed
1491 3471 1665 3524 Pater
1711 3485 1888 3535 meus,
1933 3468 2026 3540 qui
2066 3471 2150 3523 est

495 3549 497 3552 ﬁ
537 3566 606 3634 in
627 3564 783 3620 cretis
801 3561 1044 3629 (Matth.
1064 3575 1178 3623 xvi,
1214 3559 1326 3628 t7).
1360 3557 1417 3611 In
1431 3556 1741 3611 Bethlehem
1755 3571 1886 3628 ergo
1902 3556 2150 3626 mittitur,

543 3652 671 3724 quia
700 3666 823 3704 cum
854 3647 1156 3703 secundum
1189 3662 1405 3700 carnem
1438 3645 1698 3714 quaeritur
1717 3645 1972 3713 Christus,
1993 3654 2153 3700 natus

533 3755 618 3797 .ex
647 3737 956 3793 Judteorum
988 3735 1200 3806 populo
1231 3733 1530 3788 invenitur.
1568 3731 1726 3787 Venit
1747 3733 1975 3788 etiamin
1994 3733 2156 3787 Beth-

553 3827 757 3895 lehem,
791 3824 916 3896 quia
941 3823 1073 3878 ordo
1104 3823 1515 3893 prmdicatorum
1547 3829 1671 3875 ante
1718 3821 1960 3876 Judaeum
2019 3837 2156 3878 con-

558 3923 765 3971 vertere
785 3911 1010 3977 studuit,
1030 3918 1080 3965 et
1098 3917 1286 3982 postea
1304 3909 1560 3981 gentibus
1590 3909 1968 3978 Redemptoris
1999 3909 2156 3964 ﬁnem

555 4002 896 4076 [Legendum
921 4001 1140 4056 videtur
1155 3997 1338 4070 ﬁdem]
1360 3984 1688 4068 praedicavit.
1705 3995 1847 4066 Quid
1861 4006 1939 4053 est
1957 4006 2158 4064 autem,

559 4092 706 4164 quod
728 4091 976 4146 seniores
1008 4087 1244 4144 civitatis
1265 4086 1550 4152 mirantur,
1576 4086 1677 4140 nisi
1721 4085 1866 4156 quia,
1909 4087 2035 4158 quid
2093 4085 2161 4141 ad

559 4178 884 4236 maturitatis
914 4193 1133 4232 sensum
1165 4183 1544 4246 pervenerant,
1578 4175 1634 4230 in
1691 4183 1852 4230 tanta:
1906 4174 2161 4229 novitatis

555 4267 944 4343 prmdicatione
970 4265 1296 4334 stupebant?
1310 4263 1416 4318 Sed
1438 4263 1772 4318 admirantes
1785 4263 1832 4317 ei
1855 4270 2158 4329 occurrunt,

555 4359 686 4431 quia
716 4355 1160 4428 praedicationem
1220 4350 1463 4407 veritatis
1492 4350 1723 4405 libenter
1750 4349 1997 4404 audiunt.
2049 4350 2161 4406 Oc-

559 4460 782 4503 currere
811 4443 1027 4513 quidem
1058 4438 1623 4512 prmdicatoribus,est
1636 4439 1860 4494 verbum
1879 4437 2161 4508 ﬁdeiquod

2248 562 2422 628 justus
2453 559 2690 614 Simeom
2715 560 2870 628 vidit,
2897 559 3010 629 jam
3045 563 3213 617 tenuit
3241 572 3293 618 et
3320 565 3562 636 adoravit,
3592 570 3752 626 dicens
3779 592 3789 626 :

2252 649 2413 704 Nunc
2435 649 2680 704 dimittis
2704 664 2925 704 servum
2945 652 3792 722 tuum,Domine,secundnmver-

2255 736 2384 792 bum
2399 741 2562 792 tuum
2579 738 2637 792 in
2653 754 2789 809 pace
2805 738 2959 807 (Luc.
2977 756 3032 805 ιι,
3050 740 3161 809 29).
3179 740 3297 794 Jam
3337 745 3626 812 pastoribus
3650 763 3798 817 appa-

2254 826 2374 892 ruit,
2392 826 2505 893 jam
2536 825 2703 880 missa
2731 827 2797 881 de
2827 827 2980 881 caelis
3005 827 3094 882 dui
3117 839 3422 899 exspectata
3449 849 3592 901 pace,
3608 836 3799 905 angelo-

2255 930 2371 967 rum
2394 915 2679 969 multitudo
2697 916 2953 969 cantivit:
2991 917 3179 973 Gloria
3197 921 3258 973 in
3277 922 3509 976 excelsis
3529 924 3648 990 Deo,
3679 925 3803 978 etin

2258 1007 2412 1058 terra
2440 1020 2558 1074 pax
2589 1002 2906 1059 hominibus
2933 1003 3091 1060 bona:
3120 990 3585 1078 uoluntatisuuc.
3607 1025 3663 1077 ιι,
3708 1013 3800 1081 ti).

2252 1091 2322 1144 Et
2352 1091 2475 1160 quia
2506 1107 2612 1146 non
2645 1091 2822 1146 solum
2853 1094 3157 1161 praedicare
3211 1112 3400 1164 pacem
3455 1107 3677 1166 venerat,
3726 1098 3809 1153 sed

2255 1179 2417 1234 etiam
2443 1179 2788 1248 persuadere,
2812 1179 3014 1251 subdit,
3048 1183 3270 1240 dicens:
3305 1186 3385 1239 Ad
3438 1186 3811 1243 immolandum

2250 1281 2400 1324 vent.

2326 1385 2412 1438 27.
2447 1383 2591 1451 Quid
2621 1391 2700 1439 est
2727 1385 2993 1441 sacerdoti
3024 1387 3330 1458 immolare,
3355 1389 3454 1443 nisi
3499 1389 3812 1461 Redemptori

2253 1480 2434 1526 nostro
2464 1473 2629 1528 corda
2659 1474 2955 1530 electorum
3012 1492 3112 1545 per
3165 1493 3409 1534 amorem
3463 1480 3814 1549 conjungere?

2257 1557 2424 1627 Quasi
2456 1560 2636 1616 dicat:
2673 1563 2802 1630 Vos,
2825 1579 2893 1616 an
2914 1565 3142 1633 venerit,
3189 1566 3330 1620 scire
3375 1567 3556 1634 vultis,
3599 1567 3687 1622 sed
3726 1583 3819 1622 non

2254 1648 2479 1717 prodest
2496 1649 2641 1719 sciri,
2667 1650 2768 1704 nisi
2783 1652 3156 1721 prositamari.
3176 1655 3261 1710 Ad
3283 1655 3683 1711 immolandum
3703 1671 3819 1727 ergo

2254 1737 2488 1796 Domino
2513 1739 2655 1794 veni.
2681 1739 2818 1794 Hinc
2847 1749 2950 1810 est,
2985 1743 3130 1813 quod
3174 1743 3389 1798 Paulus
3435 1759 3528 1798 eos
3570 1744 3624 1797 in
3656 1744 3824 1814 quibus

2254 1827 2537 1882 immolare
2554 1842 2661 1882 non
2676 1836 2890 1898 poterat
2909 1829 3150 1900 expellit,
3167 1831 3384 1888 dicens:
3425 1833 3532 1901 Qui
3555 1848 3663 1888 non
3687 1836 3825 1886 amat

2257 1914 2563 1970 Dominum
2592 1918 2806 1983 Iesum,
2829 1918 3138 1974 anathema
3154 1923 3232 1975 sit
3250 1920 3294 1989 (ι
3314 1921 3438 1976 Cor.
3456 1936 3574 1987 xvi,
3614 1923 3696 1990 22)
3738 1919 3832 1976 Sed

2255 2004 2498 2059 invitatis
2528 2005 2584 2060 id
2617 2006 2895 2061 victimam
2927 2007 3124 2063 dicitur
3144 2026 3156 2064 :
3175 2010 3652 2079 Sanctiﬁcamini,
3677 2014 3729 2066 et
3747 2025 3828 2064 ve-

2255 2093 2396 2149 nite.
2419 2093 2588 2148 Judaei
2615 2094 2816 2150 idcirco
2847 2095 3129 2153 nobiscum
3159 2098 3229 2152 ad
3261 2096 3392 2154 fidei
3425 2097 3736 2155 sacriﬁcium
3754 2113 3836 2152 ve-

2256 2182 2373 2237 nire
2403 2191 2694 2252 nequeunt,
2723 2185 2848 2254 quia
2872 2185 3162 2241 Dominum
3190 2187 3376 2243 Iesum
3434 2204 3506 2244 ex
3563 2187 3835 2257 Scripturis

2249 2270 2494 2340 judicare
2522 2271 2736 2340 nolunt,
2768 2274 2862 2328 sed
2893 2275 3010 2330 solo
3040 2275 3166 2332 odio
3195 2277 3389 2332 audire
3415 2278 3535 2347 ejus
3583 2276 3836 2347 praedica-

2255 2359 2452 2414 tionem
2485 2360 2784 2433 refugiunt.
2817 2363 2972 2418 Unde
3024 2379 3125 2433 per
3176 2365 3542 2436 semetipsum
3597 2363 3838 2419 Dominus

2255 2449 2513 2517 queritur,
2535 2449 2726 2506 dicens
2744 2469 2754 2504 :
2771 2452 2829 2506 Si
2840 2467 3007 2523 opera
3025 2469 3138 2508 non
3153 2456 3424 2524 fecissem
3437 2455 3503 2509 in
3520 2454 3620 2522 eis,
3633 2467 3842 2525 quieue-

2251 2539 2673 2609 manlius/coit,
2690 2545 2989 2610 peccatum
3008 2558 3123 2597 non
3153 2542 3443 2598 haberent
3461 2563 3480 2596 :
3499 2559 3653 2598 nunc
3668 2547 3843 2597 autem

2252 2627 2682 2682 excusationem
2697 2644 2810 2684 non
2826 2627 3055 2698 habent,
3071 2632 3206 2701 quia
3223 2631 3504 2686 viderunt
3540 2635 3596 2685 et
3619 2631 3842 2686 oderunt

2249 2731 2360 2784 me,
2381 2720 2435 2770 et
2450 2717 2679 2770 Patrem
2702 2732 2891 2771 meum
2907 2719 3090 2787 (Joan.
3131 2735 3220 2789 xv,
3269 2721 3386 2787 24).
3429 2718 3573 2788 Quid
3597 2727 3677 2774 est
3705 2732 3846 2788 ergo,

2248 2802 2394 2874 quod
2410 2803 2608 2857 dicitur
2623 2821 2635 2857 ε
2651 2805 3128 2876 Sanctiﬁcamini,
3148 2813 3206 2862 et
3222 2809 3422 2862 venite
3435 2808 3467 2859 ?
3481 2807 3592 2862 Sed
3624 2804 3848 2861 sanctiﬁ-

2247 2891 2363 2946 cari
2381 2891 2742 2966 auditoribus,
2764 2902 2847 2948 est
2862 2894 3187 2949 audiendum
3209 2912 3369 2966 pura;
3380 2897 3587 2952 mentis
3601 2903 3853 2951 secretum

2246 2995 2578 3049 pratparare.
2614 2980 2944 3036 Sanctiﬁcari
3001 2983 3203 3054 quippe
3257 2985 3363 3054 eis,
3427 2994 3513 3040 est
3559 2985 3740 3040 odium
3793 2983 3852 3036 de

2245 3069 2408 3123 corde
2436 3069 2736 3141 projicere,
2766 3078 2818 3124 et
2847 3070 2916 3126 ad
2948 3069 3287 3126 audiendum
3322 3074 3563 3128 verbum
3595 3073 3856 3143 praedica-

2168 3169 2218 3232 ρ
2249 3156 2427 3223 tionis,
2450 3157 2758 3211 intentionis
2775 3159 3060 3228 puritatem
3087 3177 3306 3231 parare.
3349 3161 3717 3218 Sanctiﬁcatis
3741 3173 3858 3230 ergo

2255 3245 2446 3299 venire
2459 3246 2790 3317 praecipitur,
2811 3247 2935 3317 quia
2952 3248 3131 3303 venire
3143 3250 3281 3304 nihil
3308 3252 3550 3320 prodest
3571 3252 3662 3323 qui
3691 3251 3859 3305 inten-

2258 3333 2457 3388 tionem
2488 3334 2736 3404 puritatis
2775 3335 3046 3391 audieudo
3103 3353 3212 3392 non
3269 3339 3471 3395 habet.
3508 3340 3580 3394 Et
3605 3339 3728 3409 quia
3773 3351 3863 3406 per

2258 3421 2512 3476 doctores
2537 3431 2754 3479 sanctos
2781 3433 2995 3479 sanctus
3024 3425 3264 3497 loquitur
3296 3428 3569 3498 Spiritus,
3587 3426 3746 3483 dicit:
3767 3425 3869 3480 Ve-

2258 3510 2369 3565 nite
2389 3527 2630 3564 mecutn:
2664 3513 2816 3582 quasi
2848 3513 3024 3568 dicat:
3068 3515 3156 3569 Sic
3213 3515 3551 3587 loquentem
3602 3515 3866 3578 attendite,

2261 3606 2319 3652 ut
2345 3598 2627 3654 vobiscum
2680 3601 2913 3654 credatis
2963 3603 3301 3671 audientem,
3369 3604 3510 3676 quia
3563 3605 3646 3660 sic
3697 3604 3874 3675 loquor

2263 3694 2320 3740 ut
2349 3685 2585 3754 audiam,
2626 3687 2754 3740 dum
2780 3688 2897 3756 ipse
2925 3705 3045 3742 sum
3077 3691 3166 3760 qui
3198 3691 3414 3761 loquor
3454 3701 3512 3748 et
3558 3693 3874 3748 locutionem

2263 3774 2603 3829 administro.
2625 3776 2691 3830 Et
2715 3777 2843 3846 quia
2859 3778 2914 3830 in
2933 3777 3086 3832 initio
3107 3780 3401 3835 nascentis
3425 3779 3697 3837 Ecclesia
3742 3775 3878 3832 multi

2263 3879 2328 3918 ex
2357 3863 2581 3932 Judaeis,
2613 3872 2665 3918 et
2695 3865 2890 3920 devote
2917 3866 3222 3937 audierunt,
3248 3877 3309 3924 et
3350 3868 3600 3924 ﬁdeliter
3647 3867 3880 3924 credide-

2266 3961 2408 4021 runt,
2442 3952 2579 4007 bene
2610 3952 2824 4021 dicitur,
2858 3954 2982 4022 quia
3009 3955 3109 4009 lsai
3153 3964 3207 4010 et
3259 3959 3393 4027 ejus
3447 3956 3549 4012 ﬁlii
3580 3951 3885 4014 sanctiﬁcati

2269 4055 2301 4096 a
2331 4040 2586 4097 Samuele
2612 4050 2753 4109 sunt,
2786 4051 2840 4096 et
2867 4043 2937 4097 ad
2964 4041 3246 4098 victimam
3279 4045 3540 4106 invitati.

2340 4177 2427 4227 28.
2457 4172 2564 4228 Sed
2594 4173 2645 4227 in
2678 4181 2886 4244 septem
2919 4175 3021 4230 Isai
3071 4175 3197 4231 ﬁliis
3257 4195 3368 4234 rex
3431 4196 3554 4237 non
3612 4178 3892 4236 invenitur.

2269 4260 2412 4329 Quid
2444 4262 2586 4316 enim
2618 4271 2822 4332 septem
2854 4263 2955 4317 Isai
2984 4262 3101 4330 ﬁlii,
3133 4265 3241 4318 nisi
3270 4281 3487 4324 omnes
3517 4278 3648 4324 sunt
3669 4269 3896 4339 Synago-

2271 4365 2356 4418 gas
2384 4351 2609 4420 perfecti
2633 4351 2660 4402 ‘?
2691 4350 2832 4418 Quid
2863 4351 2928 4405 ad
2963 4351 3296 4422 praphetam
3314 4357 3584 4426 veniunt,
3610 4357 3707 4413 sed
3725 4367 3899 4411 eorum

2272 4439 2450 4492 nullus
2479 4438 2697 4510 eligitur
2729 4456 2741 4491 :
2777 4438 2903 4510 quia
2923 4440 3124 4494 electus
3143 4443 3534 4513 praedicator,
3560 4456 3616 4501 et
3647 4445 3903 4517 perfectos

547 4508 868 4604 praedicant
895 4508 1267 4584 desideranter
1281 4526 1487 4581 audire.
1519 4524 1661 4594 Quid
1693 4527 1761 4581 de
1789 4525 2017 4597 paciﬁca
2072 4526 2160 4581 in-
2186 4508 2244 4573 Ῑ)
2272 4508 2579 4598 Synagogae
2611 4525 2749 4581 ﬁlios
2778 4508 2989 4597 aspicit,
3023 4536 3074 4582 et
3104 4508 3171 4583 ei:
3201 4531 3287 4584 eis
3320 4508 3781 4606 Redemptorem
3810 4533 3904 4585 hu—

560 4633 757 4692 gressu
777 4618 898 4686 ejus
929 4617 1095 4685 389
1127 4614 1524 4686 interrogant?
1555 4612 1696 4680 Quid
1745 4622 1828 4670 est
1882 4613 2161 4687 ingressus

561 4704 845 4780 paciﬁcus,
869 4705 970 4759 nisi
1021 4718 1149 4759 cum
1204 4701 1484 4774 praesentia
1543 4701 1694 4772 pacis
1722 4702 1984 4758 venerit?
2012 4705 2164 4761 Hanc

566 4797 699 4852 item
727 4809 914 4866 pacem
938 4790 1194 4858 ostendit,
1218 4790 1308 4861 qui
1357 4788 1462 4844 ait:
1508 4791 1627 4857 Ipse
1660 4793 1746 4845 est
1797 4807 1914 4861 pax
1943 4797 2160 4861 nostra,

575 4885 674 4960 qui
695 4885 833 4956 fecit
857 4886 1104 4954 utraque
1116 4895 1294 4936 unum
1312 4879 1532 4951 (Ephes.
1556 4893 1616 4945 ιι,
1641 4877 1748 4948 14).
1774 4876 1919 4946 Quid
1938 4887 2016 4935 est
2035 4895 2166 4953 ergo

567 4973 715 5048 quod
744 4972 813 5028 de
843 4969 1070 5044 paciﬁca
1099 4969 1352 5040 ingressu
1381 4968 1732 5039 interrogant,
1773 4968 1878 5022 nisi
1907 4969 2033 5038 quia
2057 4985 2164 5038 pa-

573 5071 718 5118 trum
746 5059 1161 5133 promissionem
1179 5055 1473 5112 electorum
1501 5055 1813 5114 Judaaorum
1828 5057 1992 5112 cordo
2020 5056 2168 5112 desi-

577 5152 836 5208 deranter
855 5146 1282 5218 exspectabant?
1313 5144 1483 5212 Quasi
1515 5149 1790 5212 nutantes,
1816 5146 1911 5216 qui
1935 5161 2167 5216 exspec-

569 5240 783 5306 tabant,
832 5237 1055 5294 dicant:
1108 5233 1491 5304 Nunquidnam
1547 5233 1694 5288 venit
1752 5247 1878 5303 pax,
1935 5251 2056 5304 qua:
2111 5250 2169 5289 se

574 5337 883 5394 venturam,
917 5329 1067 5379 tanto
1099 5329 1402 5391 temporum
1433 5319 1607 5391 spatio
1626 5330 2008 5391 praecurrente,
2030 5337 2173 5393 pra}-

577 5415 757 5472 dixit‘?
808 5414 876 5469 Et
908 5412 1034 5484 quia
1063 5409 1190 5467 novi
1221 5411 1498 5474 doctores,
1539 5407 1701 5481 quod
1752 5409 1954 5478 antiqui
1995 5418 2173 5480 patres

578 5502 956 5572 promiserant,
988 5499 1288 5555 exhibitum
1319 5503 1555 5562 narrant,
1586 5495 1769 5550 dicunt
1801 5515 1812 5550 :
1871 5499 2170 5568 Paciﬁcas.

584 5587 756 5659 Quasi
785 5588 922 5646 dicat
957 5605 969 5643 :
1001 5589 1116 5645 Nos
1144 5601 1255 5643 non
1284 5584 1464 5642 futura
1492 5583 1870 5656 promittimus,
1903 5586 2000 5644 sed
2024 5603 2173 5662 pm-

579 5675 754 5746 sentis
776 5673 927 5753 pacis
957 5674 1100 5735 dona
1149 5681 1530 5734 monstramus.
1569 5673 1629 5732 In
1685 5672 1936 5757 ingressu
1985 5683 2173 5741 nostro

2274 4615 2418 4669 mani
2450 4614 2666 4685 generis
2718 4614 2924 4668 nullum
2975 4616 3170 4671 credit.
3227 4618 3508 4676 Adducit
3537 4638 3680 4695 ergo
3732 4633 3910 4677 omnes

2271 4703 2484 4772 priores
2514 4701 2672 4767 ﬁlios,
2707 4711 2763 4757 ut
2809 4719 2930 4757 cum
2985 4703 3269 4772 perfectos
3319 4723 3540 4764 omnes
3599 4709 3908 4782 aspicimus.

2272 4791 2656 4862 Redemptoris
2683 4790 3060 4846 excellentiam
3090 4792 3450 4863 cogitemus.
3474 4799 3542 4853 In
3569 4799 3776 4871 quibus
3805 4811 3918 4866 pro-

2275 4882 2418 4936 fecto
2473 4879 2577 4933 uisi
2604 4878 2865 4949 parvulus
2896 4879 3198 4948 adducitur,
3238 4899 3352 4938 rex
3402 4901 3542 4942 esse
3603 4903 3639 4942 a
3695 4885 3915 4941 Domino

2274 4985 2385 5025 non
2441 4975 2812 5023 monstratur:
2874 4970 2999 5037 quia
3073 4968 3353 5027 nimirum
3436 4991 3582 5030 cum
3651 4975 3919 5042 Redemp-

2277 5058 2378 5113 tori
2409 5064 2596 5111 nostro
2623 5071 2855 5126 magnos
2884 5057 2998 5112 viro
3029 5056 3408 5126 conferimus.
3443 5072 3726 5136 quantum
3746 5060 3919 5117 excel—

2277 5146 2370 5215 lat,
2396 5145 2513 5214 ejus
2536 5144 2794 5216 dignitas,
2815 5145 3042 5200 videtur.
3062 5146 3183 5200 Non
3205 5145 3520 5208 invenitur
3538 5169 3686 5227 ergo
3713 5154 3770 5208 in
3790 5149 3922 5215 aliis,

2279 5234 2403 5309 quia
2430 5233 2546 5304 puri
2577 5233 2823 5288 homines
2852 5241 2992 5288 sunt.
3037 5232 3338 5301 Quaeritur
3390 5256 3542 5312 ergo
3605 5243 3663 5297 in
3718 5239 3927 5313 pascuis

2278 5339 2423 5395 puer
2452 5322 2541 5392 qui
2573 5320 2754 5393 pascit
2782 5336 2934 5387 oves,
2967 5322 3096 5392 quia
3152 5339 3338 5392 usque
3372 5329 3455 5384 ad
3491 5336 3748 5388 mortem
3798 5330 3932 5387 [tam

2279 5410 2586 5469 obediendo
2615 5424 2671 5464 se
2684 5409 2865 5463 subdit
2889 5426 2899 5462 :
2919 5412 3365 5481 generationem
3391 5424 3599 5474 tamen
3623 5424 3752 5489 eius
3779 5420 3932 5488 390

2281 5501 2404 5575 quis
2417 5497 2711 5555 enarrabit
2732 5494 2870 5567 (Isa.
2893 5512 3008 5565 Litt,
3029 5498 3084 5568 8)
3099 5499 3127 5551 ‘l
3147 5499 3440 5558 Parvulus
3463 5507 3691 5580 quippe
3725 5508 3935 5574 dicitur,

2283 5588 2412 5664 quia
2440 5586 2752 5645 humilitatis
2789 5586 2908 5658 ejus
2937 5586 3112 5659 gratia
3155 5594 3651 5652 commendatur.
3687 5598 3944 5656 Pumilus

2283 5690 2418 5758 ergo
2447 5674 2657 5748 dicitur,
2691 5674 2783 5752 qui
2803 5673 3097 5738 minoratus
3125 5674 3193 5738 ad
3222 5679 3474 5760 angelis
3531 5699 3647 5764 per
3710 5685 3942 5747 psalmi.
