3996 6164
234 297 316 360 iss
815 273 820 281 ’
1007 296 1081 358 IN
1119 301 1386 362 panum
1441 300 1689 363 aecum
1737 299 2275 363 exposmouns.
2325 334 2397 348 «-
2433 302 2561 361 ua.
2603 300 2670 362 ν.

3379 299 3481 359 εδδ

230 439 340 486 stam
368 427 663 500 perhibetur
684 429 858 499 (Psal.
892 429 973 500 γ).
1014 431 1121 487 Sed
1151 433 1408 503 parvulus
1421 449 1548 489 oves
1579 434 1768 504 pascit,
1801 426 1856 488 A
1882 433 2098 488 similes
2127 433 2178 487 ei
2200 431 2702 503 erimus,quoniam
2725 427 3035 487 videbimus
3049 431 3481 498 eum,stcuticst

229 521 330 591 quia
357 535 446 589 per
471 519 828 574 humilitatem
855 528 934 574 est
963 520 1202 587 humilis,
1237 529 1289 577 et
1312 538 1408 591 per
1438 523 1777 590 maiestatem

225 607 455 662 sublimis.
487 607 582 662 Hic
613 609 824 662 laborat
853 616 905 663 et
933 609 1121 677 esurit,
1145 610 1238 664 sed
1270 610 1345 664 ibi
1377 612 1445 666 de
1475 611 1654 683 gloria
1667 628 1778 666 ma-

217 696 403 767 jestatis
432 712 538 750 sum
568 698 795 768 angelos
817 698 1009 766 pascit.
1026 699 1164 752 Dum
1188 699 1329 752 enim
1345 698 1412 754 de
1442 700 1778 769 plenitudine

221 785 388 854 gloriae
417 785 730 854 ejusomnes
747 786 1040 855 accipiunt,
1062 788 1214 857 quasi
1237 789 1293 842 in
1312 788 1422 843 illis
1449 789 1596 843 beati
1619 788 1780 842 simis

217 875 405 944 pascuis
417 889 515 943 per
535 890 762 945 puerum
783 883 1111 931 saturantur.
1125 876 1385 931 Parvulus
1404 880 1566 932 etiam
1589 884 1781 948 pastor

219 962 467 1024 asseritur;
500 962 626 1031 quia
656 963 722 1018 de
742 964 920 1018 carnis
958 965 1073 1032 ejus
1120 966 1506 1036 assumptione,
1555 964 1779 1036 superni

218 1050 716 1106 civesineﬂ‘abiliter
762 1053 1021 1124 gaudent.
1057 1052 1328 1108 Gaudium
1387 1055 1589 1124 quippe
1646 1053 1779 1108 illud

220 1137 459 1194 ineﬂ'abile
486 1139 765 1194 beatorum
797 1140 1017 1209 civium,
1049 1142 1199 1210 quasi
1241 1142 1424 1197 ovium
1471 1142 1624 1196 cibus
1678 1148 1776 1196 est.

221 1227 302 1282 Hic
327 1243 449 1298 ergo
479 1228 683 1282 adduci
715 1227 976 1283 instanter
1004 1231 1338 1301 praecipitur,
1371 1231 1457 1284 hic
1485 1230 1657 1285 donec
1678 1245 1779 1284 ve-

225 1315 334 1383 niat,
363 1317 662 1371 discubitus
693 1333 914 1373 necesse
943 1325 1020 1373 est
1075 1317 1372 1373 diﬁ'eratur.
1406 1317 1782 1384 Discumberej

219 1405 403 1474 quippe,
432 1412 729 1475 antequam
765 1406 987 1472 veniret,
1009 1407 1056 1458 si
1075 1404 1232 1475 plebs
1250 1405 1302 1458 in
1334 1405 1494 1459 alium
1513 1404 1780 1460 credidis-

215 1501 298 1547 set.
327 1493 638 1562 Exspectari
670 1509 802 1565 ergo
825 1493 1032 1556 debuit,
1054 1493 1144 1565 qui
1175 1494 1453 1548 beatarum
1481 1492 1780 1549 animarum

214 1581 468 1650 singularis
505 1588 559 1635 et
590 1581 782 1635 unicus
812 1581 963 1636 cibus
993 1581 1116 1636 fuit.
1147 1583 1301 1637 Unde
1331 1590 1380 1635 et
1399 1598 1502 1651 per
1529 1582 1781 1651 semetip-

213 1686 308 1724 sum
335 1669 455 1724 dicit
480 1685 493 1724 :
531 1673 642 1740 Ego
659 1687 788 1726 sum
803 1671 968 1742 panis
999 1672 1174 1737 vivus,
1207 1672 1302 1742 qui
1321 1671 1388 1727 de
1410 1673 1544 1727 caelo
1556 1671 1780 1727 descen-

1891 520 1945 589 (Ι
1970 523 2300 590 Joan.m,2).
2319 521 2476 577 Unde
2498 527 2550 575 et
2570 519 2742 590 Moysi
2765 519 3024 590 quaerenti
3054 521 3308 576 eumdem
3325 519 3482 577 faciei

1888 609 2167 675 decorem,
2201 608 2483 678 respondit
2509 624 2520 662 :
2545 610 2863 664 Posteriora
2894 625 3020 663 mea
3039 607 3244 664 videbis
3275 611 3477 675 (Exod.

1890 713 2088 764 χχχιιι,
2116 700 2225 765 23).
2260 696 2535 767 Quidquid
2566 698 2634 751 de
2663 696 2805 751 illius
2822 696 3102 750 divinitate
3125 699 3480 768 contemplari

1889 801 2029 838 nunc
2062 801 2364 855 possumus,
2398 800 2507 840 non
2537 792 2615 839 est
2646 783 2760 854 ipse
2792 785 2977 852 decor,
3001 784 3096 838 sed
3118 784 3478 842 velamentum

1887 873 2115 929 decoris.
2152 874 2450 930 Posteriora
2479 873 2697 943 quidem
2725 872 3014 940 cernimus,
3048 882 3106 927 ut
3147 889 3434 944 sequamur
3463 892 3478 937 ;

1887 963 2005 1030 sed,
2036 962 2164 1016 dum
2196 961 2470 1034 sequendo
2499 961 2851 1032 parvenimus
2869 962 2936 1015 ad
2960 977 3104 1030 eum,
3132 962 3483 1030 anteriora,i.d

1889 1058 1966 1104 est
1997 1050 2155 1106 faciei
2186 1051 2440 1106 decorem
2471 1050 2766 1105 cernimus.
2785 1051 2888 1118 39
2908 1051 3128 1116 1Rufus
3146 1065 3279 1121 ergo
3299 1050 3355 1104 in
3384 1067 3485 1106 sse.

1888 1137 2011 1191 culo
2041 1137 2155 1204 fuit,
2190 1140 2412 1210 pulcher
2441 1139 2495 1192 in
2523 1139 2798 1208 paradiso,
2834 1139 3032 1193 decora
3063 1137 3200 1193 facie
3230 1140 3486 1209 perennis

1888 1226 1944 1278 in
1967 1226 2132 1282 ccelo.
2163 1228 2342 1282 Potest
2372 1235 2426 1282 et
2455 1227 2631 1282 omnis
2654 1228 2769 1282 haec
2792 1226 2928 1282 trina
2941 1227 3284 1296 pulchritudo
3303 1229 3358 1282 in
3380 1230 3484 1284 hac

1885 1314 2172 1384 praesentis
2203 1315 2324 1371 vitae
2353 1315 2470 1385 ejus
2503 1315 2918 1371 conversatione
2975 1316 3257 1388 cognosci.
3313 1318 3483 1388 Rufus

1889 1402 2086 1472 quippe
2115 1404 2320 1458 exstitit
2344 1422 2354 1456 :
2377 1406 2501 1475 quia
2516 1403 3000 1459 ferventeramavit
3022 1420 3137 1472 eos,
3168 1421 3270 1476 pro
3289 1406 3486 1477 quibus

1888 1490 2121 1546 animam
2152 1493 2354 1562 posuit.
2388 1493 2614 1548 Pulcher
2635 1501 2854 1564 aspectu
2873 1492 2971 1547 fuit
2996 1510 3007 1546 :
3029 1494 3157 1564 quia
3185 1496 3370 1550 omnia
3388 1512 3483 1554 no-

1887 1578 1982 1632 vit.
2017 1579 2224 1635 Decora
2255 1581 2428 1637 facie:
2463 1581 2590 1652 quia
2619 1581 2764 1635 bona
2791 1582 2979 1636 omnia
3007 1582 3148 1637 fecit.
3202 1584 3307 1638 Sed
3355 1602 3478 1655 qua

1886 1667 1978 1722 illa
1994 1677 2243 1738 aspectus
2267 1669 2642 1740 pulchritudo?
2665 1671 2833 1725 Nemo
2851 1672 3009 1726 novit
3023 1674 3390 1741 patrem,nisi
3409 1675 3480 1742 ﬁ-

214 1758 258 1812 di
269 1759 435 1832 (toan.
460 1775 534 1826 vr,
559 1761 674 1826 51).
709 1759 817 1814 Sed
837 1760 963 1830 quia
992 1761 1088 1831 qui
1118 1761 1394 1826 ascendit,
1416 1761 1534 1832 ipse
1553 1763 1658 1828 est,
1682 1761 1778 1829 qui
1805 1775 1858 1834 Β
1891 1757 2002 1812 lius
2018 1761 2236 1833 (Matth.
2261 1775 2340 1825 xr,
2362 1760 2475 1828 2'7).
2500 1759 2654 1813 Hunc
2683 1757 2812 1812 item
2842 1759 3026 1812 Petrus
3047 1758 3342 1825 admirans,
3365 1762 3440 1817 ait
3465 1779 3479 1816 :

213 1846 466 1902 descendit
483 1849 691 1918 (Ephes
714 1863 792 1907 iv.
822 1851 930 1916 10),
951 1847 1078 1902 illuc
1106 1847 1351 1914 mittitur,
1385 1846 1774 1909 utadducatur,

213 1936 396 1991 Mittere
421 1951 662 2005 namque
694 1935 763 1990 ad
794 1951 1015 2004 pascua,
1049 1943 1129 1990 est
1157 1944 1394 1990 mentem
1417 1950 1582 2004 supra
1608 1937 1782 2006 Ange-

210 2021 277 2077 los
303 2040 463 2093 usque
493 2025 572 2078 ad
601 2023 971 2094 aequalitatem
1003 2023 1188 2080 aeterni
1235 2022 1408 2078 Patris
1465 2022 1776 2078 extendere.

212 2107 266 2160 Et
290 2107 517 2163 invenire
555 2124 699 2174 eum,
732 2115 816 2161 cst
844 2123 1060 2163 summo
1079 2107 1220 2177 patri
1266 2122 1387 2162 eum
1436 2123 1538 2176 per
1593 2105 1782 2161 omnia

211 2196 448 2266 aequalem
479 2196 732 2251 credere.
765 2195 996 2250 Adducit
1025 2203 1201 2250 autem
1233 2212 1376 2260 eum,
1401 2195 1492 2266 qui
1523 2195 1688 2250 etiam
1711 2196 1780 2250 ad

208 2283 632 2354 Redemptionem
665 2283 882 2338 humani
912 2283 1128 2356 generis
1158 2300 1256 2353 per
1279 2291 1614 2354 assumptum
1672 2283 1780 2338 hu-

206 2371 478 2429 manitatem
513 2373 736 2428 venisse
766 2373 882 2442 jam
913 2371 1121 2426 asserit.
1155 2372 1376 2427 Miserat
1434 2387 1692 2443 namque,
1727 2379 1781 2427 et

201 2459 464 2515 adduxerat
479 2477 612 2516 eum
636 2460 745 2526 hic,
769 2459 839 2515 ad
863 2476 1022 2529 quem
1039 2461 1094 2514 in
1107 2461 1222 2528 ejus
1244 2467 1370 2531 typo
1392 2460 1772 2526 mittitur,cum

200 2547 410 2601 dicebat:
453 2550 568 2616 Qui
589 2550 656 2603 de
686 2549 823 2604 caelo
853 2549 1026 2610 venit.
1053 2564 1224 2619 super
1244 2564 1437 2604 omnes
1461 2552 1549 2603 est
1587 2549 1772 2616 (Joan.

196 2649 258 2698 Ill,
276 2635 626 2703 3t).Parvum
644 2644 958 2705 pascentem
977 2651 1106 2692 oves
1118 2637 1425 2692 adducebat
1444 2636 1629 2702 Isaias,
1650 2651 1774 2692 cum

196 2720 407 2778 dicebat:
452 2725 746 2780 Parvulas
789 2729 962 2780 natus
993 2729 1077 2780 est
1112 2725 1289 2792 nobis,
1324 2729 1380 2779 ct
1413 2725 1569 2794 ﬁlius
1605 2724 1773 2780 datus

193 2816 259 2865 cs!
278 2811 445 2878 nobis,
469 2818 526 2868 et
566 2812 858 2870 vocabitur
873 2829 1075 2868 nomen
1090 2816 1231 2881 eius,
1246 2813 1623 2881 admirabilis,
1642 2827 1771 2868 con-

192 2899 439 2964 siliarius,
461 2901 638 2967 Deus,
657 2901 850 2969 fortis,
866 2904 1032 2964 pater
1061 2901 1474 2969 [uturiswculi,
1499 2902 1768 2971 princeps

189 2988 478 3057 pacis(lsai.
495 3004 582 3053 ix,
615 2988 690 3057 6).
735 2989 845 3042 Sed
877 2989 1001 3058 quia
1029 2987 1266 3043 doctoris
1291 2987 1428 3042 ﬁdes
1450 2989 1520 3043 ad
1536 2986 1764 3043 salutem

195 3071 276 3126 sibi
306 3082 522 3142 tantum,
567 3089 673 3128 non
704 3074 870 3128 etiam
900 3073 1023 3128 audi
1055 3075 1243 3128 oribus
1273 3073 1508 3143 proﬁcit,
1543 3074 1680 3128 mitti
1710 3081 1760 3128 et

188 3159 354 3217 adduci
369 3163 534 3232 praaci
541 3162 710 3232 pitur,
740 3170 800 3216 ut
819 3163 1196 3233 unusquisque
1211 3162 1368 3216 ﬁdem
1397 3161 1520 3232 ejus
1542 3161 1758 3230 habeat,

186 3263 263 3316 per
286 3264 436 3318 quam
467 3250 676 3305 salvari
707 3258 995 3306 mereatur.
1019 3252 1103 3306 Ire
1121 3249 1321 3304 etenim
1339 3249 1559 3322 singuli,
1584 3257 1636 3304 et
1663 3250 1763 3304 ad-

186 3335 349 3393 ducere
376 3353 497 3393 eum
531 3338 761 3404 debent,
794 3337 922 3408 quia
953 3338 1187 3393 ﬁrmiter
1215 3338 1415 3392 debent
1462 3354 1586 3393 eum
1636 3353 1759 3393 cre-

185 3425 286 3480 dere
311 3443 404 3495 per
422 3427 536 3481 divi
549 3426 776 3481 nitatem
790 3433 991 3481 zelerno
1013 3426 1155 3482 Patri
1176 3426 1524 3496 aequalem,et
1543 3441 1645 3498 per
1663 3427 1760 3481 hu-

184 3513 465 3569 manitatem
497 3523 721 3569 natura:
751 3521 947 3570 nostra
969 3514 1309 3585 participem.

235 3619 307 3675 29.
338 3621 415 3676 De
445 3623 612 3690 cujus
639 3620 802 3675 etiam
835 3621 1203 3691 descriptione
1235 3620 1462 3675 dicitur:
1492 3620 1603 3686 Qui
1626 3623 1755 3676 erat

183 3708 336 3774 rufus,
366 3713 420 3762 et
449 3710 702 3780 pulcher
730 3714 984 3781 aspectu,
1009 3714 1065 3765 et
1094 3710 1295 3765 decora
1351 3710 1523 3780 facie.
1581 3709 1756 3763 Rufus

181 3792 365 3864 quippe,
397 3797 530 3867 quia
560 3796 756 3852 lancea
785 3797 1136 3852 vulneratus:
1173 3797 1492 3867 rufus,quia
1530 3812 1598 3851 ex
1621 3812 1754 3865 pas-

183 3878 304 3936 sione
331 3884 692 3940 rubicundus.
727 3885 880 3941 Unde
911 3894 962 3940 et
989 3902 1088 3955 per
1105 3887 1424 3955 prophetam
1449 3885 1496 3940 ei
1518 3883 1713 3940 dicitur
1736 3901 1751 3939 :

179 3966 329 4031 Quare
349 3975 594 4029 rubrum
608 3977 694 4028 est
723 3974 1125 4030 indumentum
1146 3978 1306 4028 tuum
1338 3973 1710 4041 (lsaimuﬁ)
1724 3973 1752 4025 ‘2

177 4053 313 4111 Rufus
341 4061 547 4132 quippe
583 4061 809 4129 exstitit,
838 4061 927 4116 cui
957 4062 1249 4117 candorem
1282 4067 1446 4116 tantm
1485 4061 1751 4116 innocen-

173 4141 242 4198 tia!
259 4149 468 4216 pretiosi
491 4149 788 4220 sanguinis
812 4150 1007 4205 rubore
1026 4148 1310 4204 coloravit.
1338 4149 1568 4203 Pulcher
1585 4149 1749 4204 etiam

171 4239 352 4296 aspectu
380 4233 499 4298 fuit,
541 4233 675 4302 quia
705 4239 760 4286 et
791 4232 1138 4304 resurgendo
1168 4231 1590 4287 immortalitatis
1621 4233 1748 4302 pul-

168 4315 496 4376 chritudinem
521 4320 782 4387 induit,et
811 4320 1071 4374 mortales
1093 4335 1192 4374 nos
1215 4336 1280 4374 ex
1313 4335 1514 4390 magna
1561 4320 1746 4374 chari-

169 4407 256 4458 tate
283 4410 540 4478 respexit.
582 4407 755 4476 Quasi
793 4408 936 4463 enim
988 4416 1238 4477 aspectus
1268 4407 1351 4462 sui
1385 4407 1744 4478 pulchritudi-

174 4505 271 4546 nem
299 4475 686 4564 repromittens
717 4494 1017 4564 discipulis,
1051 4475 1126 4550 ait
1150 4513 1162 4548 :
1184 4475 1401 4551 Iterum
1415 4495 1602 4552 videbo
1633 4511 1743 4564 vos,
1771 4475 1824 4538 Ῑ)

167 4582 209 4631 et
222 4584 472 4648 gaudebit
488 4599 596 4640 cor
619 4588 870 4639 vestrum
886 4583 1072 4652 (Joan.
1099 4599 1210 4648 xvr,
1227 4587 1337 4651 22).
1355 4584 1490 4638 Hinc
1518 4583 1644 4638 item
1668 4599 1749 4638 re-

166 4670 483 4736 promittens,
508 4673 608 4726 ait:
628 4671 767 4727 Vado
782 4688 996 4744 parare
1026 4671 1178 4728 vobis
1202 4671 1405 4740 locum,
1429 4672 1745 4736 etveniam,

168 4760 211 4806 et
234 4760 505 4828 accipiam
526 4775 624 4816 vos
643 4759 716 4814 ad
746 4760 1047 4831 meipsum,
1085 4763 1152 4815 ut
1178 4760 1271 4814 ubi
1286 4775 1380 4831 ego
1403 4776 1550 4826 sum,
1571 4763 1626 4814 et
1658 4776 1747 4815 vos

314 4840 446 4909 Quis
477 4851 564 4898 est
593 4842 764 4897 decor
793 4842 974 4910 faciei,
1008 4841 1113 4897 nisi
1143 4844 1259 4912 ejus
1287 4842 1460 4915 gloria
1490 4842 1750 4912 majesta-

167 4926 252 4980 tis?
283 4930 468 4985 Facies
500 4947 740 5000 namque
772 4930 888 4998 ejus
915 4931 1162 5002 perfecta
1193 4931 1436 5003 cognitio
1462 4937 1561 4986 est.
1596 4932 1748 4986 Hanc

167 5013 300 5069 etiam
331 5019 535 5074 Paulus
568 5034 1027 5085 commemorans,
1059 5020 1132 5073 ait
1156 5019 1438 5075 :Videmus
1475 5035 1631 5075 nunc
1647 5033 1748 5090 per

166 5107 432 5171 speculum
462 5107 530 5161 in
544 5109 1018 5179 arniymateJunc
1039 5112 1232 5164 autem
1255 5110 1404 5176 facie
1423 5107 1495 5163 ad
1514 5109 1744 5176 faciem.

166 5187 297 5247 lianc
319 5211 598 5264 cognosco
616 5212 691 5252 ea:
705 5199 1040 5268 parte,tunc
1053 5197 1561 5266 cognoscam,sicut
1583 5203 1640 5251 et
1660 5211 1748 5251 co-

165 5281 331 5345 gnitus
350 5301 483 5339 sum
509 5284 563 5354 (1
584 5284 705 5340 Cor.
730 5300 852 5349 xm,
878 5285 986 5353 12).
1011 5284 1192 5339 Decor
1223 5300 1352 5356 ergo
1397 5283 1557 5339 faciei
1613 5283 1743 5353 quid

166 5374 243 5432 est,
269 5371 368 5424 nisi
397 5372 668 5440 splendor
686 5379 906 5426 eterna?
930 5371 1224 5426 divinitatis
1243 5373 1270 5424 ‘l
1326 5369 1430 5440 Qui
1488 5370 1740 5424 nimirum

166 5450 302 5511 decor
329 5459 498 5514 modo
517 5459 778 5525 creditur,
795 5475 900 5514 non
931 5460 1148 5515 videtur
1173 5479 1184 5514 :
1207 5469 1334 5515 tunc
1354 5474 1462 5513 non
1492 5457 1746 5527 creditur,

169 5545 244 5598 sed
269 5546 501 5615 videtur,
538 5549 664 5620 quia
695 5548 974 5621 apostolus
1028 5549 1103 5606 ait
1143 5567 1158 5607 :
1222 5551 1361 5607 Cum
1415 5549 1750 5622 apparuerit

1889 1852 2050 1907 Nunc
2070 1852 2300 1914 scimus,
2315 1847 2446 1917 quia
2471 1848 2576 1901 scis
2591 1848 2870 1912 omnia,et
2886 1861 3000 1901 non
3023 1852 3341 1916 estopus,ut
3362 1852 3485 1925 quis

1890 1940 2278 2006 teintcrroget
2317 1934 2508 2005 (Joan.
2533 1949 2649 2000 xw,
2677 1939 2789 1998 30).
2824 1934 3085 1990 Dccorem
3131 1936 3280 1990 faciei
3313 1939 3484 1994 turba

1885 2027 2215 2082 intuentium
2245 2029 2631 2094 protestantur,
2647 2038 2767 2092 quae
2791 2022 2975 2077 dicunt
2995 2026 3161 2079 :Bene
3181 2028 3372 2082 omnia
3391 2029 3486 2098 fe-

1885 2118 1984 2181 cit,
2003 2119 2058 2171 et
2082 2113 2281 2169 surdos
2299 2113 2439 2183 fecit
2460 2111 2681 2177 audire,
2703 2114 2759 2165 et
2790 2115 2978 2166 mutos
2998 2111 3149 2183 loqui
3169 2113 3360 2181 (Marc.
3383 2131 3484 2182 vn,

1885 2206 1994 2272 37).
2035 2203 2171 2257 Hinc
2193 2209 2301 2254 tem
2324 2199 2414 2253 alii
2461 2197 2816 2265 admirantes,
2867 2198 3082 2254 dicunt:
3147 2202 3339 2268 Qualis
3394 2207 3484 2260 est

1885 2293 1997 2359 hic,
2023 2293 2155 2364 quia
2185 2288 2340 2344 venti
2360 2289 2415 2342 et
2444 2302 2601 2342 mare
2631 2286 2897 2342 obediunt
2921 2288 2974 2342 ei
2995 2287 3486 2361 (.l!atth.vm,27)‘?

1885 2381 2063 2436 Decor
2092 2394 2224 2447 ergo
2255 2375 2410 2430 faciei
2445 2374 2576 2446 quid
2599 2381 2698 2439 est,
2724 2375 2828 2428 nisi
2850 2375 3198 2444 pulchritudo
3220 2378 3485 2436 sanctita-

1887 2468 1953 2524 tis
1973 2470 2000 2521 ‘l
2031 2467 2178 2536 Quid
2192 2466 2322 2520 item
2343 2473 2424 2518 est
2445 2464 2611 2518 decor
2633 2462 2808 2529 faciei,
2842 2463 2945 2518 nisi
2969 2465 3224 2535 splendor
3243 2481 3483 2524 conver-

1881 2556 2107 2612 sationis
2139 2554 2256 2623 ejus
2284 2551 2731 2621 incomporabilis
2750 2553 2777 2604 εἰ
2844 2552 2975 2624 quia
2997 2569 3098 2622 per
3125 2570 3306 2619 omne,
3339 2557 3487 2628 quod

1881 2646 2014 2717 egit,
2048 2640 2463 2713 incomparabili
2494 2641 2612 2695 luce
2670 2640 2859 2711 gratiae
2915 2642 3270 2711 resplenduit.
3328 2645 3483 2702 Hunc

1879 2749 2111 2801 namque
2143 2730 2300 2786 faciei
2331 2729 2581 2783 decorem
2604 2728 2894 2784 Psalmista
2921 2729 3217 2798 admirans,
3241 2731 3486 2804 δίκερα-

1878 2825 1991 2879 cios
1999 2838 2062 2877 us
2077 2824 2265 2892 forma
2277 2834 2396 2889 pra:
2413 2818 2552 2886 ﬁliis
2571 2817 2762 2872 homin
2770 2818 3100 2890 um,di/fusa
3114 2824 3199 2874 est
3209 2821 3481 2891 gratiain

1879 2911 2048 2966 labiis
2069 2907 2639 2977 tuis(l’sal.xuv,3).
2696 2907 2846 2960 Hanc
2906 2907 3098 2960 Paulus
3153 2908 3477 2979 praedicans,

1872 2999 1948 3053 ait
1973 3015 1986 3051 :
2012 3000 2256 3067 Quicum
2276 2997 2356 3050 sit
2370 2993 2924 3066 splendorgIOricemt
2944 2994 3124 3064 ﬁgura
3137 2996 3473 3054 substantia.-

1868 3088 2354 3158 ejus,portansque
2367 3084 2558 3138 omnia
2575 3083 2733 3138 verbo
2747 3082 2979 3138 virtutis
3009 3099 3150 3151 suae,
3182 3087 3477 3156 purgatio-

1869 3191 2000 3230 nem
2013 3177 2372 3246 peccatorum
2384 3170 2782 3241 faciens,sedet
2799 3171 2871 3225 ad
2884 3171 3182 3227 dexteram
3195 3175 3473 3244 majesta-

1873 3264 1944 3320 tis
1962 3263 2026 3318 in
2041 3262 2305 3325 excelsis,
2342 3263 2507 3314 tanto
2523 3259 2725 3313 melior
2735 3259 2960 3327 angelis
2990 3260 3241 3330 ἀηθείας,
3261 3268 3473 3333 quanto

1869 3351 2228 3423 diﬂerentius
2240 3365 2363 3421 prae
2386 3348 2503 3403 illis
2521 3362 2728 3402 nomen
2762 3345 3135 3403 hcercditavit.
3178 3349 3285 3406 Cui
3314 3354 3471 3408 enim

1866 3441 2019 3496 dixit
2035 3437 2344 3510 aliquando
2362 3436 2904 3506 angelorum:Filius
2924 3452 3081 3492 meus
3092 3453 3150 3492 es
3169 3441 3468 3510 tu,ego.ho-

1864 3529 1955 3584 die
1965 3529 2138 3600 genui
2155 3530 2208 3582 te
2226 3525 2469 3594 (Hebm,
2496 3526 2546 3593 3)
2564 3525 2592 3577 ‘?
2615 3525 2695 3578 De
2717 3525 2819 3578 hoc
2837 3523 3001 3596 igitur
3018 3535 3162 3581 recte
3183 3530 3467 3602 prophetae

1863 3615 2182 3689 praecipitur
2204 3631 2216 3668 :
2237 3615 2501 3686 Surge,et
2522 3628 2666 3684 unge
2684 3613 2958 3684 cum,ipse
2971 3617 3053 3670 est
3073 3616 3248 3671 enim.

1937 3709 2024 3760 30.
2051 3705 2239 3758 Petrus
2267 3716 2484 3772 quoque
2505 3700 2788 3770 apostolus
2818 3718 2925 3756 non
2965 3703 3136 3758 solum
3167 3707 3475 3776 prOpheta,

1861 3793 1956 3849 sed
1986 3807 2230 3847 summus
2258 3789 2594 3860 patriarcha,
2626 3788 2764 3843 vidit
2801 3790 3225 3848 inenarrabilem
3282 3793 3458 3850 lucem

1862 3881 2039 3935 fusam
2070 3877 2524 3949 desuper,nubem
2547 3876 2982 3947 obumbrantem,
3016 3878 3340 3938 clamantem
3360 3900 3459 3954 pa-

1861 3977 1995 4025 trem
2022 3986 2036 4023 :
2069 3970 2170 4023 Hic
2191 3970 2276 4022 est
2296 3966 2452 4034 ﬁlius
2467 3981 2626 4019 meus
2643 3966 2909 4032 dilectus,
2926 3968 2987 4021 in
3009 3984 3116 4038 quo
3142 3969 3287 4026 mihi
3321 3971 3458 4030 bene

1859 4057 2176 4129 complacui
2193 4054 2416 4123 (Matth.
2441 4069 2576 4116 xvu,
2596 4056 2665 4119 ὃς
2697 4055 2861 4109 Marc.
2888 4069 2926 4120 ι,
2955 4057 3011 4109 11
3043 4058 3211 4118 ;Luc.
3233 4073 3312 4126 nr,
3347 4063 3452 4125 22;

1861 4148 1916 4203 11
1935 4149 2088 4202 Petr.
2114 4161 2153 4212 ι,
2184 4145 2298 4212 17).
2327 4141 2408 4195 lbi
2430 4141 2628 4195 dicitur
2651 4157 2666 4196 :
2687 4142 2806 4211 Ipse
2818 4145 2902 4196 est
2925 4143 3098 4198 enim.
3121 4143 3219 4200 Hic
3238 4145 3450 4201 dicitur:

1859 4237 1953 4291 llic
1976 4237 2058 4290 est
2073 4233 2231 4304 ﬁlius
2257 4246 2416 4286 meus
2432 4230 2696 4285 dilectus.
2718 4229 2800 4282 Ibi
2823 4229 2950 4300 quia
2971 4230 3025 4284 in
3045 4232 3180 4300 typis
3206 4235 3454 4290 ostende-

1857 4323 2032 4387 batur,
2066 4320 2219 4392 quasi
2274 4317 2551 4373 absentior
2597 4317 2854 4385 cernitur,
2900 4318 3025 4373 dum
3062 4319 3290 4374 dicitur:
3330 4322 3452 4395 Ipse

1855 4415 1960 4467 est.
1992 4411 2093 4466 Hic
2122 4417 2323 4475 autem,
2345 4407 2472 4478 quia
2491 4407 2608 4477 jam
2639 4405 2872 4461 revelata
2893 4406 3106 4462 claritas
3132 4409 3250 4478 ejus
3303 4419 3440 4479 erat,

1854 4499 2172 4570 praesentior
2199 4496 2455 4563 cernitur,
2488 4495 2616 4566 quia
2647 4494 2776 4549 dicit
2801 4510 2812 4548 :
2841 4497 2940 4550 Hie
2969 4500 3054 4552 est
3103 4498 3260 4565 ﬁlius
3291 4515 3453 4557 meus

1856 4583 2118 4647 dilectus,
2153 4581 2218 4634 in
2238 4595 2341 4652 quo
2362 4578 2510 4634 mihi
2529 4580 2869 4650 complacui.
2890 4579 2990 4636 Hic
3005 4596 3138 4653 ergo
3166 4584 3453 4655 ungendus

1855 4677 1953 4738 est,
1988 4669 2073 4724 hic
2102 4668 2427 4732 laudandus,
2453 4675 2506 4722 et
2534 4668 2807 4738 perpetuis
2836 4667 3114 4724 favoribus
3143 4670 3456 4729 demulcen-

1854 4759 1980 4814 dus.
2013 4757 2129 4812 Sed
2159 4755 2280 4827 quis
2309 4755 2476 4829 digne
2504 4755 2727 4810 laudare
2757 4755 3136 4822 suﬂiciat,eum
3167 4776 3274 4816 non
3295 4761 3452 4816 sufﬁ-

1853 4846 1958 4902 ciat
1986 4845 2219 4918 gloriam
2247 4844 2454 4912 videre,
2488 4862 2654 4917 quam
2695 4845 2923 4901 laudat?
2980 4845 3120 4916 Quid
3175 4857 3273 4918 est,
3307 4851 3454 4921 quod

1854 4937 2039 4990 Petrus
2068 4934 2233 5000 cadit,
2293 4949 2416 4988 cum
2473 4950 2663 4991 vocem
2723 4935 2874 4992 audit
2918 4937 3258 4990 insonantem
3316 4939 3453 4992 tanti

1853 5023 2020 5079 verba
2049 5021 2354 5094 praeconii?
2387 5022 2494 5077 Sed
2525 5025 2783 5094 parvulus
2807 5031 2940 5093 erat,
2972 5025 3151 5080 adhuc
3204 5023 3448 5092 videbat,

1854 5106 2001 5182 quod
2032 5107 2214 5163 videre
2243 5122 2350 5160 non
2380 5107 2698 5163 sufﬁciebat.
2724 5109 3044 5173 Videbat,et
3071 5108 3194 5178 quia
3216 5107 3451 5163 videndo

1855 5196 2112 5264 cadebat,
2142 5193 2432 5266 signiﬁcat,
2452 5197 2599 5266 quod
2625 5196 2764 5250 adin
2795 5211 2901 5250 non
2926 5203 3135 5266 poterat
3161 5195 3447 5267 attingere,

1854 5285 2000 5356 quod
2019 5283 2367 5338 merebantur
2381 5283 2760 5340 videre.Ncmo
2769 5287 2956 5355 potest
2967 5284 3171 5351 dicere,
3181 5284 3450 5340 Dominus

1855 5373 2042 5440 Jesus,
2064 5371 2179 5426 nisi
2199 5373 2260 5426 in
2278 5369 2496 5442 Spiritu
2515 5372 2776 5440 saneto(l
2792 5373 2912 5428 Cor.
2939 5388 3039 5437 xu,
3061 5373 3132 5441 3).
3156 5371 3294 5440 Quia
3315 5388 3448 5445 ergo

1857 5463 2040 5516 Petrus
2067 5458 2309 5514 nondum
2340 5459 2490 5513 illam
2529 5459 2920 5530 plenitudinem
2951 5460 3172 5532 spiritus
3215 5476 3450 5532 accepe-

1858 5557 1964 5619 rat,
1993 5547 2294 5622 praedicare
2316 5547 2500 5603 losum
2531 5547 2683 5620 quasi
2724 5547 2982 5620 parvulus
3035 5565 3147 5608 non
3195 5550 3450 5611 valebat:
