3996 6164
270 282 367 342 ιτε

861 272 1085 337 SUPER
1121 271 1420 336 CANTICA
1457 260 1916 331 CANTICORUM
1953 268 2357 333 EXPOSITIO.
2395 302 2463 317 ι-
2500 268 2944 333 PROCEMIUM.

3450 275 3557 336 47‘

272 418 407 466 ctum
436 413 532 474 est,
552 402 720 461 semel
748 402 882 459 foris
927 403 1152 459 missum
1186 409 1240 459 et
1268 416 1366 472 per
1406 405 1680 468 torporem
1723 395 1849 451 inti-
1880 400 1935 461 A
1958 413 2038 467 ιιι,
2056 402 2124 477 ,6)
2151 416 2164 462 ;
2198 401 2275 455 sic
2303 399 2449 455 enim
2480 399 2651 455 littera
2682 400 2925 471 coeperit
2953 396 3365 471 spiritum,sicut
3396 402 3558 475 palea

274 495 503 553 delitatis
530 492 787 567 frigidum
830 507 938 548 non
958 498 1183 563 caperet
1212 488 1355 561 quod
1384 486 1612 542 audiret.
1645 485 1856 541 Idcirco

268 601 356 659 per
370 584 620 655 quaedam
649 578 948 652 enigmata
976 593 1154 634 sermo
1173 576 1389 634 divinus
1404 573 1603 630 animae
1623 573 1854 644 torpenti

265 671 537 743 etfrigidze
554 669 814 741 loquitur,
844 676 901 723 et
935 666 1006 722 de
1028 670 1194 722 rebus
1241 681 1379 738 quas
1407 663 1577 730 novit,
1628 663 1857 718 latenter

265 759 493 815 insinuat
521 758 569 813 ei
601 771 843 812 amorem
862 771 1023 826 quem
1054 770 1161 810 non
1183 754 1353 810 novit.

323 853 376 904 2.
406 846 693 918 Allegoria
711 845 854 899 enim
877 844 1072 899 anima:
1102 844 1265 915 longe
1285 857 1316 897 a
1337 842 1454 897 Deo
1482 839 1676 911 positae
1695 840 1849 910 quasi

263 935 542 1008 quamdam
565 933 869 989 machinam
922 932 1068 998 facit,
1098 936 1157 986 ut
1185 947 1286 1001 per
1313 930 1465 985 illam
1521 929 1726 984 levetur
1777 929 1850 984 ad

259 1026 439 1081 Deum.
474 1022 813 1094 Interpositis
859 1021 1061 1092 quippe
1087 1019 1474 1092 aanigmatibus
1502 1017 1630 1073 dum
1678 1017 1850 1089 quod-

260 1114 371 1167 dam
431 1113 487 1165 in
544 1110 730 1167 verbis
759 1108 1041 1183 cognoscit
1069 1108 1215 1180 quod
1245 1124 1403 1163 suum
1433 1114 1531 1175 est,
1589 1105 1645 1160 in
1682 1121 1848 1162 sensu

258 1199 537 1256 verborum
567 1197 822 1270 intelligit
851 1197 997 1269 quod
1024 1212 1132 1252 non
1162 1212 1321 1251 suum
1354 1203 1437 1251 est
1466 1213 1478 1257 ;
1513 1201 1564 1249 et
1583 1209 1684 1266 per
1729 1201 1847 1249 ter—

255 1305 375 1345 rena
404 1288 578 1345 verba
607 1295 898 1359 separatur
925 1300 959 1341 a
990 1295 1151 1341 terra.
1216 1286 1319 1340 Per
1346 1285 1451 1339 hoc
1500 1283 1644 1339 enim
1698 1283 1849 1353 quod

256 1392 356 1431 non
376 1378 640 1431 abhorret
666 1375 962 1446 cognitum,
996 1373 1250 1444 intelligit
1280 1371 1555 1444 quoddam
1593 1371 1847 1443 incogni-

255 1474 375 1519 tum.
406 1464 593 1519 Rebus
621 1463 765 1519 enim
795 1462 956 1517 nobis
968 1461 1107 1517 notis
1119 1478 1218 1533 per
1235 1477 1371 1532 quas
1380 1460 1690 1533 allegoricae
1705 1474 1846 1515 con-

252 1550 503 1607 ﬁciuntur
557 1552 843 1607 sententiae
889 1550 1091 1605 divina:
1145 1549 1466 1614 vestiuntur,
1525 1556 1596 1616 et,
1629 1550 1758 1603 dum
1789 1564 1848 1603 re

252 1640 637 1713 cognoscimus
692 1641 965 1695 exteriora
1002 1638 1191 1702 verba,
1227 1637 1575 1709 pervenimus
1607 1637 1676 1691 ad
1704 1637 1846 1692 inte-

251 1730 440 1785 riorem
463 1729 910 1802 intelligentiam.

321 1822 369 1873 3.
402 1819 547 1873 Hinc
575 1827 657 1873 est
684 1818 828 1872 enim
867 1817 1012 1887 quod
1039 1816 1094 1871 in
1125 1816 1227 1872 hoc
1258 1816 1415 1883 libro,
1466 1815 1556 1887 qui
1587 1815 1640 1870 in
1671 1814 1847 1871 canti-

252 1907 323 1961 cis
347 1908 689 1962 canticorum
712 1905 1053 1975 conscriplus
1067 1915 1172 1973 est,
1197 1906 1398 1960 amoris
1418 1903 1577 1976 quasi
1602 1903 1850 1973 corporei

249 1994 400 2049 verba
429 2003 733 2064 ponuntur,
766 2001 823 2049 ut
852 2012 884 2048 ιι
919 2002 1131 2064 torpore
1169 2010 1270 2049 suo
1300 1993 1476 2048 anima
1508 2008 1607 2064 per
1634 2007 1846 2047 sermo-

248 2100 336 2139 nes
389 2100 506 2139 suae
556 2082 965 2139 consuetudinis
1003 2082 1255 2138 refricata
1285 2082 1580 2138 recalescat
1617 2098 1629 2144 ;
1662 2085 1719 2136 ut
1751 2095 1848 2152 per

251 2171 403 2227 verba
420 2171 629 2227 amoris
654 2172 743 2243 qui
765 2171 907 2226 intra
936 2179 1038 2236 est,
1070 2170 1334 2226 excitatur
1378 2170 1448 2225 ad
1478 2185 1720 2225 amorem
1753 2171 1845 2239 qui

253 2277 400 2330 supra
428 2269 540 2316 est.
571 2259 932 2316 Nominantur
959 2258 1103 2315 enim
1133 2260 1189 2314 in
1217 2260 1322 2315 hoc
1351 2258 1487 2314 libro
1515 2258 1719 2324 oscula,
1743 2273 1846 2314 no-

251 2349 521 2403 minantur
573 2346 766 2417 ubera,
799 2347 1148 2404 nominantur
1176 2364 1354 2420 gena’,
1387 2349 1734 2402 nominantur
1762 2352 1846 2403 te-

246 2451 387 2491 mora
443 2454 458 2499 ;
528 2436 587 2490 in
646 2437 846 2507 quibus
899 2436 1080 2491 verbis
1121 2451 1231 2491 non
1256 2434 1528 2490 irridendo
1558 2439 1644 2491 est
1674 2435 1840 2503 398

249 2526 317 2593 (a)
342 2540 505 2581 sacra
524 2524 846 2594 descriptio,
861 2525 958 2580 sed
971 2525 1145 2593 major
1161 2523 1262 2579 Dei
1276 2522 1649 2579 misericordia
1661 2522 1844 2579 consi-

252 2613 481 2668 deranda
502 2621 590 2669 est
623 2630 639 2680 ;
669 2612 795 2683 quia
814 2612 941 2668 dum
973 2612 1229 2667 membra
1284 2610 1528 2684 corporis
1577 2612 1840 2681 nominat,

240 2710 285 2754 et
311 2701 386 2757 sic
413 2702 486 2757 ad
521 2716 762 2757 amorem
792 2709 970 2770 vocat,
1004 2702 1297 2757 notandum
1320 2709 1576 2773 estquam
1606 2699 1840 2756 mirabi-

246 2786 357 2844 liter
382 2790 671 2846 nobiscum
693 2798 745 2845 et
760 2789 917 2845 miser
933 2789 1474 2860 icorditeroperatur.
1508 2789 1610 2858 Qui
1656 2797 1714 2843 ut
1748 2805 1844 2844 cor

246 2888 472 2933 nostrum
500 2879 581 2949 (b)
602 2879 674 2934 ad
691 2878 1093 2951 instigationem
1110 2879 1250 2934 sacri
1270 2877 1470 2934 amoris
1499 2877 1837 2945 accenderet,

246 2982 410 3038 usque
438 2968 513 3023 ad
548 2967 718 3037 turpis
746 2967 948 3022 amoris
968 2967 1138 3023 nostri
1171 2966 1245 3036 (ε)
1273 2983 1334 3021 εε
1358 2966 1524 3022 verba
1546 2966 1831 3022 distendit.

246 3055 342 3110 Sed
374 3056 524 3111 unde
551 3072 611 3111 se
638 3054 916 3125 loquendo
947 3054 1217 3121 humiliat,
1250 3054 1378 3111 inde
1409 3070 1510 3110 nos
1565 3054 1838 3110 intellectu

245 3145 430 3200 exaltat
463 3163 478 3205 ;
518 3144 648 3216 quia
703 3160 772 3198 ex
800 3143 1138 3199 sermonibus
1167 3143 1323 3211 hujus
1351 3144 1556 3199 amoris
1577 3142 1838 3200 discimus

242 3246 339 3300 qua
366 3232 569 3286 virtute
598 3230 652 3285 in
680 3230 976 3287 divinitatis
994 3245 1181 3287 amore
1208 3230 1532 3286 ferveamus.

301 3321 349 3373 ι.
383 3320 504 3376 Hoc
535 3326 720 3374 autem
749 3318 908 3374 nobis
927 3320 1155 3375 solerter
1182 3318 1496 3375 intuendum
1511 3326 1615 3394 est,
1633 3334 1701 3374 ne
1713 3334 1833 3374 cum

241 3407 388 3463 verba
435 3408 737 3463 exterioris
787 3406 988 3463 amoris
1014 3406 1284 3475 audimus,
1316 3408 1386 3462 ad
1416 3408 1681 3463 exteriora
1705 3424 1834 3462 sen-

241 3495 406 3551 tienda
434 3510 817 3552 remaneamus
848 3513 862 3556 ;
893 3503 946 3551 et
975 3496 1242 3563 machina,
1273 3511 1394 3565 qua:
1420 3495 1638 3565 ponitur
1661 3504 1716 3549 ut
1747 3497 1834 3551 le-

239 3592 334 3651 vet,
364 3584 485 3655 ipsa
519 3584 696 3655 magis
716 3583 1011 3654 opprimat,
1036 3598 1106 3639 ne
1123 3584 1385 3639 levemur.
1413 3583 1684 3638 Debemus
1700 3599 1834 3655 ergo

238 3668 284 3723 in
304 3671 480 3727 verbis
499 3671 628 3728 istis
642 3671 918 3742 corporeis
939 3672 1095 3737 eis,in
1115 3671 1294 3728 verbis
1308 3671 1666 3728 exterioribus
1675 3672 1833 3742 quid-

237 3757 358 3829 quid
397 3759 629 3816 interius
669 3768 755 3816 est
802 3776 1068 3830 quaerere,
1100 3768 1152 3815 et
1180 3760 1462 3831 loquentes
1490 3760 1558 3816 de
1578 3776 1829 3831 corpore,

246 3848 396 3919 quasi
421 3856 584 3904 extra
617 3847 944 3919 corpusﬁeri
967 3848 1049 3920 (d)
1075 3848 1364 3904 debemus.
1385 3849 1480 3904 Ad
1506 3848 1833 3919 hasnuptias

234 3937 407 4005 sponsi
462 3944 522 3993 et
558 3952 779 4006 sponsas
834 3952 958 3992 cum
988 3936 1261 3992 intellectu
1289 3937 1491 3993 intimae
1532 3937 1828 4004 charitatis,

236 4020 283 4075 id
334 4032 418 4080 est
471 4040 599 4081 cum
631 4031 779 4082 veste
807 4026 991 4080 venire
1020 4024 1248 4096 nuptiati
1280 4040 1499 4081 necesse
1527 4034 1605 4081 est
1635 4045 1649 4093 ;
1684 4043 1750 4082 ne
1779 4027 1829 4082 si

235 4121 372 4169 veste
417 4112 679 4183 nuptiali,
737 4114 794 4169 id
824 4122 906 4170 est
936 4114 1105 4187 digna
1135 4113 1416 4170 charitatis
1472 4114 1829 4186 intelligentia

234 4215 331 4255 non
386 4201 692 4268 induimur,
739 4201 808 4257 ab
837 4202 942 4260 hoc
971 4202 1272 4273 nuptiarum
1304 4202 1555 4258 convivio
1587 4203 1639 4257 in
1670 4213 1827 4260 exte-

233 4288 395 4345 riores
426 4290 699 4358 tenebras,
734 4290 790 4345 id
819 4299 899 4346 est
920 4292 974 4345 in
1004 4292 1329 4363 ignorantia:
1360 4291 1602 4348 cmcitate
1638 4292 1824 4362 repel-

232 4376 424 4434 lamur.
457 4377 738 4435 Debemus
767 4395 864 4451 per
892 4381 1009 4436 haec
1037 4379 1205 4435 verba
1228 4379 1498 4451 passionis
1522 4380 1825 4437 transiread

1874 1754 1927 1814 Β

1964 489 2097 561 tegit
2120 488 2446 544 frumentum
2472 506 2483 549 ;
2510 488 2605 543 sed
2622 488 2994 557 jumentorum
3041 496 3142 556 est,
3174 491 3346 561 paleis
3372 492 3554 556 vesci;

1964 577 2262 645 hominum,
2323 576 2620 632 frumentis.
2647 576 2751 645 Qui
2781 593 2913 647 ergo
2942 578 3179 633 humana
3207 580 3415 635 ratione
3445 579 3558 636 uti-

1962 672 2063 730 tur,
2088 665 2460 735 jumentorum
2483 667 2667 737 paleas
2688 665 2928 735 abjiciat,
2952 674 3005 721 et
3035 665 3305 723 frumenta
3335 669 3555 739 spiritus

1959 756 2123 810 edere
2143 754 2480 815 festinet;ad
2502 756 2605 809 hoc
2631 755 2830 825 quippe
2846 754 2993 809 utilis
3035 762 3137 823 est,
3195 765 3251 811 ut
3299 757 3556 828 mysteria

1958 843 2153 899 litterae
2194 843 2433 897 involuta
2482 850 2752 913 tegantur.
2807 842 2945 897 Hinc
2973 843 3114 897 enim
3147 844 3406 914 scriptum
3438 852 3551 900 est:

1956 932 2252 1003 Sapientes
2271 932 2622 988 abscondunt
2654 931 3114 1003 intelligentiam
3144 933 3325 999 (Prov.
3352 948 3410 1001 x,
3444 934 3555 1004 t4).

1957 1018 2100 1088 Quia
2152 1020 2405 1075 nimirum
2436 1020 2537 1075 sub
2586 1018 2822 1092 tegmine
2853 1020 3046 1074 litterae
3075 1020 3330 1091 spiritalis
3351 1020 3555 1075 intelli-

1954 1110 2138 1180 gentia
2160 1109 2488 1180 coaperitur.
2522 1109 2657 1163 llinc
2689 1124 2893 1162 rursum
2924 1109 2977 1162 in
3015 1108 3207 1164 eodem
3248 1109 3389 1164 libro
3417 1110 3557 1165 scri-

1953 1200 2108 1268 ptum
2139 1205 2219 1253 est
2251 1216 2262 1251 ε
2292 1197 2488 1253 Gloria
2516 1198 2608 1254 Dei
2627 1198 2812 1253 celare
2838 1198 3063 1253 verbum
3084 1198 3267 1268 (Prov.
3313 1213 3445 1266 xxv,
3475 1198 3555 1270 2)·

1956 1286 2118 1341 Menti
2149 1287 2290 1341 enim
2327 1288 2497 1341 Deum
2545 1286 2806 1357 quaerenti
2861 1293 3011 1340 tanto
3075 1286 3219 1340 Deus
3265 1285 3557 1358 gloriosius

1955 1380 2208 1444 apparet,
2244 1384 2447 1445 quanto
2469 1375 2723 1430 subtilius
2745 1383 2905 1445 atque
2935 1374 3159 1429 interius
3180 1375 3557 1447 investigatur,

1954 1472 2011 1517 ut
2037 1472 2295 1533 appareat
2328 1482 2342 1526 ;
2376 1464 2472 1519 sed
2527 1464 2768 1536 nunquid
2799 1465 2941 1534 quod
2975 1465 3027 1517 in
3091 1464 3358 1535 mysteriis
3413 1465 3560 1520 Deus

1953 1551 2111 1617 celat,
2152 1569 2251 1607 nos
2276 1552 2553 1624 requirere
2573 1569 2680 1606 non
2696 1553 2966 1607 debemus
2995 1555 3023 1606 ‘2
3054 1552 3332 1607 Debemus
3348 1552 3556 1623 utique,

1952 1655 2077 1694 nam
2095 1640 2366 1711 sequitur:
2384 1642 2449 1694 El
2464 1642 2646 1711 gloria
2676 1656 2870 1712 regum
2886 1642 3225 1710 investigare
3236 1656 3557 1697 sermonem

1955 1729 2155 1798 (Ibida.
2180 1729 2283 1797 Qui
2314 1730 2459 1784 enim
2483 1729 2599 1799 jam
2639 1744 2877 1799 corpora
2917 1746 3013 1783 sua
3034 1729 3120 1784 vel
3151 1737 3329 1784 motus
3384 1729 3561 1785 carnis

1952 1833 2145 1889 regere
2164 1825 2217 1873 et
2243 1818 2578 1891 investigare
2607 1825 2889 1883 noverunt,
2939 1833 3102 1888 regis
3155 1825 3296 1871 sunt.
3347 1819 3558 1889 Regum

1954 1920 2088 1977 ergo
2116 1907 2295 1978 gloria
2324 1907 2655 1979 investigare
2680 1921 3004 1972 sermonem,
3038 1906 3164 1976 quia
3194 1905 3331 1961 bene
3361 1905 3556 1962 viven-

1955 1994 2086 2049 tium
2114 1993 2234 2050 laus
2262 2000 2348 2051 est
2377 1994 2700 2066 perscrutari
2727 2002 2933 2048 secreta
2996 1995 3373 2049 mandatorum
3431 1995 3552 2051 Dei.

1954 2083 2219 2138 Humana:
2249 2081 2834 2155 ergolcunversationis
2864 2083 3026 2136 verba
3066 2082 3364 2149 audientes,
3398 2088 3556 2153 quasi

1952 2178 2104 2227 extra
2160 2172 2406 2227 homines
2433 2187 2551 2226 esse
2583 2171 2849 2225 debemus
2880 2188 2891 2230 ;
2928 2186 2995 2225 ne
3017 2170 3063 2224 si
3092 2169 3404 2224 humanitus
3433 2187 3553 2243 qum

1953 2261 2203 2315 dicuntur
2227 2260 2503 2327 audimus,
2537 2259 2669 2315 nihil
2698 2259 2996 2314 divinitatis
3023 2259 3090 2313 de
3122 2258 3203 2312 his
3225 2275 3345 2328 quae
3373 2259 3561 2314 audire

1952 2348 2233 2416 debemus,
2265 2349 2463 2405 sentire
2495 2349 2786 2420 possimus.
2820 2347 2982 2415 Quasi
3017 2347 3131 2417 jam
3173 2361 3280 2401 non
3307 2346 3555 2402 homines

1951 2437 2297 2494 desiderabat
2321 2453 2438 2493 esse
2468 2437 2665 2493 Paulus
2693 2436 2990 2507 discipulos
3032 2450 3178 2500 suos,
3212 2434 3407 2504 quibus
3461 2434 3551 2489 di-

1949 2526 2138 2582 cebat:
2163 2529 2300 2584 Cum
2313 2528 2556 2582 enimsit
2571 2527 2731 2582 inter
2744 2541 2837 2583 vo:
2850 2527 3007 2580 zelus
3020 2528 3075 2579 et
3089 2523 3549 2587 eontentio,non-

1948 2631 2022 2670 ne
2036 2616 2289 2671 homines
2305 2616 2442 2672 estis
2456 2616 2505 2681 (1
2523 2616 2646 2671 Cor.
2662 2630 2744 2682 ιιι,
2766 2615 2860 2679 3)?
2878 2612 3044 2681 Quasi
3057 2612 3168 2681 jam
3185 2627 3293 2665 non
3317 2610 3552 2667 aestima-

1948 2702 2044 2757 bat
2072 2704 2325 2758 homines
2341 2703 2639 2773 discipulos
2667 2718 2796 2756 suos
2828 2701 3108 2767 Dominus,
3141 2716 3263 2754 cum
3295 2698 3544 2754 dicebat:

1951 2792 2123 2859 Quem
2141 2792 2340 2848 dicunt
2360 2792 2611 2848 homines
2629 2806 2744 2846 esse
2755 2791 2943 2858 ﬁlium
2959 2787 3547 2857 hominis(ttatth.xvx,

1950 2883 2039 2950 13)
2070 2883 2098 2935 ‘l
2129 2881 2225 2936 Cui
2254 2897 2375 2935 cum
2406 2879 2571 2934 verba
2603 2878 2883 2934 hominum
2931 2875 3364 2946 respondissent,
3405 2874 3549 2929 illico

1947 2969 2189 3038 adiunxit
2213 2983 2227 3022 :
2259 2971 2350 3024 Vos
2370 2972 2561 3025 autem
2575 2983 2737 3038 quem
2756 2982 2844 3020 me
2865 2981 2981 3021 esse
2992 2964 3184 3019 dicitis
3202 2963 3233 3016 ?
3253 2964 3385 3018 Cum
3401 2962 3547 3018 enim

1947 3074 2109 3128 supra
2139 3057 2268 3113 dicit
2299 3058 2572 3122 homines,
2606 3071 2671 3111 ac
2700 3053 2894 3109 deinde
2917 3052 3191 3123 subjungit
3224 3067 3313 3106 vos
3330 3056 3544 3118 autem,

1944 3146 2083 3202 inter
2112 3146 2359 3201 homines
2388 3153 2441 3201 et
2469 3144 2763 3215 discipulos
2785 3142 3076 3213 quamdam
3108 3140 3427 3195 dilitantiam
3459 3137 3544 3195 fa-

1944 3234 2169 3306 cit,quia
2200 3234 2448 3289 videlicet
2477 3233 2662 3287 divina
2691 3233 2772 3286 eis
2800 3231 3097 3298 insinuans,
3130 3244 3251 3283 esse
3263 3244 3359 3284 eos
3376 3243 3543 3299 super

1942 3322 2193 3378 homines
2225 3322 2477 3385 faciebat,
2528 3329 2585 3375 ut
2614 3320 2689 3374 ait
2714 3319 3037 3390 Apostolus:
3062 3318 3121 3373 Si
3140 3334 3248 3385 qua
3272 3316 3449 3387 igitur
3477 3318 3540 3371 in

1946 3410 2163 3468 Christo
2192 3428 2336 3467 nova
2356 3414 2640 3477 creatura,
2674 3413 2863 3465 vetera
2882 3406 3235 3462 transierunt
3250 3405 3319 3474 (Il
3336 3405 3458 3460 Cor.
3478 3420 3535 3473 ν,

1944 3506 2055 3572 17).
2087 3503 2154 3557 Et
2182 3500 2384 3555 scimus
2414 3500 2538 3568 quia
2576 3499 2631 3552 iu
2660 3496 3056 3552 resurrectione
3086 3502 3271 3550 nostra
3303 3492 3378 3548 ita
3407 3508 3537 3548 cor-

1941 3606 2047 3660 pus
2077 3588 2285 3659 spiritui
2318 3587 2642 3654 adnectitur,
2673 3594 2729 3640 ut
2753 3601 2913 3640 omne
2946 3583 3088 3655 quod
3119 3584 3294 3639 fuerat
3320 3580 3538 3652 passio-

1942 3678 2027 3732 nis
2059 3681 2112 3731 in
2134 3677 2334 3731 virtute
2356 3675 2576 3746 spiritus
2606 3681 2927 3729 assumatur.
2974 3674 3024 3727 Is
3054 3688 3187 3745 ergo
3244 3670 3334 3743 qui
3368 3671 3541 3727 Deum

1941 3766 2202 3837 sequitur,
2279 3763 2475 3819 imitari
2553 3762 2713 3817 debet
2778 3762 3015 3834 quotidie
3094 3760 3541 3816 resurrectionem

1938 3871 2088 3909 suam
2123 3872 2135 3915 ;
2171 3860 2227 3907 ut
2255 3852 2387 3908 sicut
2419 3860 2545 3907 tunc
2576 3851 2713 3905 nihil
2771 3849 3024 3921 passibile
3064 3848 3285 3904 habebit
3326 3849 3382 3902 in
3412 3863 3539 3903 cor-

1938 3955 2088 4010 pore,
2145 3938 2219 3991 ita
2277 3952 2417 3991 nunc
2474 3935 2606 3989 nihil
2638 3934 2894 4004 possibile
2923 3933 3122 3988 habeat
3149 3933 3203 3987 in
3238 3932 3402 3988 corde
3435 3950 3448 3994 ;
3482 3939 3542 3987 ut

1938 4026 2231 4083 secundum
2258 4023 2576 4079 interiorem
2617 4022 2893 4078 hominem
2932 4022 3045 4090 jam
3105 4036 3243 4076 nova
3297 4027 3541 4075 creatura

1936 4114 2023 4180 sit,
2054 4115 2160 4181 jam
2191 4109 2455 4183 quidquid
2486 4117 2750 4165 vetustum
2786 4108 3158 4173 fueritcalcet,
3189 4115 3241 4162 et
3272 4107 3326 4161 in
3356 4106 3537 4163 verbis

1934 4201 2213 4259 veteribus
2242 4201 2416 4256 solam
2446 4198 2555 4254 vim
2576 4197 2829 4252 novitatis
2857 4195 3109 4267 inquirat.

2005 4296 2057 4347 5.
2092 4289 2371 4359 Scriptura
2401 4288 2545 4343 enim
2576 4302 2730 4341 sacra
2750 4301 2908 4341 mons
2958 4283 3171 4354 quidem
3203 4290 3302 4351 est,
3334 4282 3401 4337 de
3425 4297 3534 4353 quo

1933 4381 1986 4435 in
2018 4379 2213 4436 nostris
2243 4377 2495 4433 cordibus
2525 4376 2590 4431 ad
2623 4374 3042 4446 intelligendum
3071 4371 3333 4428 Dominus
3351 4370 3531 4433 venit;

229 4465 474 4524 virtutem
505 4467 975 4539 impassibilitatis.
1024 4468 1113 4524 Sic
1143 4477 1221 4523 est
1249 4468 1391 4524 enim
1424 4469 1703 4540 Scriptura
1734 4486 1826 4524 sa-
1854 4459 1909 4521 D
1942 4470 2011 4526 de
2040 4484 2145 4539 quo
2166 4470 2352 4523 monte
2372 4482 2472 4535 per
2494 4464 2812 4536 prophetam
2851 4462 3050 4517 dicitur
3073 4478 3085 4515 :
3105 4463 3245 4517 Deus
3272 4477 3307 4516 a
3327 4459 3536 4515 Libano

233 4568 317 4608 cra
343 4555 399 4609 in
428 4555 615 4611 verbis
672 4563 725 4611 et
755 4555 1027 4624 sensibus,
1075 4556 1217 4611 sicut
1242 4556 1447 4628 pictura
1476 4556 1528 4611 in
1559 4556 1828 4613 coloribus

233 4649 281 4696 et
308 4642 503 4705 rebus;
538 4652 592 4699 et
622 4643 789 4698 nimis
816 4645 1021 4700 stultus
1051 4652 1133 4699 est
1153 4645 1245 4716 qui
1275 4645 1354 4699 sic
1382 4645 1602 4716 picturae
1626 4646 1830 4701 colori-

238 4728 332 4785 bus
357 4730 608 4798 inhaeret,
640 4738 691 4787 ut
727 4748 816 4787 res
873 4747 995 4803 quae
1050 4733 1209 4802 pictae
1268 4740 1391 4788 sunt
1444 4733 1678 4807 ignoret.
1715 4735 1830 4790 Nos

235 4818 392 4886 enim,
424 4819 473 4875 si
504 4820 669 4877 verba
696 4837 820 4891 quae
847 4820 1083 4877 exterius
1119 4821 1370 4877 dicuntur
1425 4822 1829 4892 amplectimur,

233 4914 280 4959 et
304 4922 495 4963 sensus
513 4908 858 4981 ignoramus,
892 4908 1040 4980 quasi
1071 4908 1382 4982 ignorantes
1414 4926 1502 4966 res
1525 4927 1644 4981 quas
1662 4911 1824 4981 depi-

229 5002 323 5051 cla:
337 5004 483 5065 sunt,
511 4998 661 5053 solos
681 4997 892 5054 colores
906 5003 1174 5054 tenemus.
1195 5000 1411 5056 Littera
1429 4999 1652 5068 occidit,
1686 5000 1825 5055 sicut

234 5083 484 5154 scriptum
500 5092 606 5154 est,
629 5087 874 5159 spiritu:
895 5091 1087 5144 autem
1104 5088 1267 5158 399
1293 5089 1537 5158 vivi/ient
1568 5089 1650 5159 (II
1682 5091 1811 5148 Cor.

303 5358 378 5429 (a)
407 5360 586 5426 Rich.,
621 5361 794 5415 Sacra
823 5358 1144 5429 Scriptura.

304 5428 374 5504 (ἐξ)
405 5430 557 5504 Rem.
573 5430 885 5504 _e_tTh_cod.,
910 5428 981 5504 ad
996 5431 1511 5504 investigationem.
1537 5431 1826 5504 Sequimur

242 5495 510 5568 Rothom.,
543 5500 660 5556 Val.
693 5502 772 5556 Cl.
799 5510 847 5555 et
879 5501 1015 5554 edit.
1056 5495 1208 5556 llich.

306 5570 377 5641 (ο)
407 5569 565 5629 Abest
581 5587 639 5630 se
659 5588 690 5628 a
718 5568 925 5629 Theod.
951 5579 1004 5627 et
1035 5571 1194 5629 Rem.
1220 5571 1279 5626 In
1301 5571 1555 5627 Rothom.
1588 5577 1643 5628 et
1663 5572 1820 5629 Rich.

1939 4561 2148 4624 veniet,
2184 4561 2239 4613 et
2285 4556 2532 4612 Sanctus
2588 4553 2656 4609 de
2681 4551 3141 4608 monteumbroso
3177 4553 3234 4606 et
3262 4548 3540 4605 condenso

1943 4647 2260 4715 (Habeam,
2295 4647 2371 4713 3).
2401 4645 2511 4698 Iste
2541 4657 2695 4696 mons
2745 4649 2797 4695 et
2825 4640 3136 4696 condensus
3187 4646 3271 4694 est
3297 4653 3394 4709 per
3418 4652 3538 4693 sen-

1942 4735 2157 4801 tentias,
2189 4740 2241 4789 et
2263 4732 2553 4788 umbrosus
2606 4745 2699 4801 per
2755 4728 3068 4801 allegorias.
3115 4727 3226 4784 Sed
3254 4725 3536 4782 sciendum

1941 4832 2023 4879 est
2050 4822 2177 4894 quia
2205 4838 2329 4877 cum
2358 4837 2463 4877 vox
2486 4819 2702 4877 Domini
2731 4819 2785 4873 in
2803 4824 2982 4873 monte
3006 4823 3182 4883 sonat,
3212 4814 3539 4871 vestimenta

1938 4913 2126 4968 lavare
2175 4909 2546 4983 praecipimur,
2580 4916 2631 4964 et
2658 4908 2728 4964 ab
2758 4908 2903 4964 omni
2934 4906 3106 4961 carnis
3158 4902 3534 4975 inquinatione

1931 5000 2206 5068 mundari,
2238 5000 2288 5055 si
2317 4999 2386 5054 ad
2442 5007 2681 5054 montem
2711 4998 2972 5053 accedere
3000 4992 3333 5048 festinamus.
3380 4987 3529 5043 Scri-

1929 5097 2084 5159 ptum
2118 5103 2352 5159 namque
2382 5096 2488 5157 est,
2512 5086 2657 5159 quia,
2691 5087 2740 5143 si
2768 5085 2946 5141 bestia
2977 5080 3231 5152 tetigerit
3253 5079 3531 5132 montem:

1930 5361 2159 5435 legitur,
2182 5361 2257 5416 ad
2290 5359 2475 5435 turpis
2487 5358 2699 5435 amoris
2720 5349 3111 5435 nostriverb'a
3126 5345 3439 5435 descendit.

2003 5420 2085 5503 id)
2117 5420 2237 5489 Hoc
2266 5420 2488 5488 verbum
2520 5429 2579 5503 in
2608 5428 2723 5481 Val.
2757 5426 2847 5503 Cl._
2874 5431 2926 5503 et
2968 5426 3023 5475 in
3045 5420 3205 5503 βίῳ.
3237 5420 3426 5489 incipit
3452 5433 3533 5472 se-

1934 5491 2188 5574 quentem
2217 5502 2540 5577 periodum;
2566 5500 2622 5554 in
2649 5513 2757 5571 qua
2779 5495 2998 5552 minime
3045 5491 3264 5567 legitur,
3302 5503 3529 5547 necesse

1931 5578 2037 5631 est.
