3996 6164
432 254 536 314 675

1629 258 1874 324 SANCTI
1915 263 2259 325 GREGORII
2299 264 2524 324 MAGNI

3617 272 3720 333 £76

432 381 784 450 lapidabitur
813 385 995 458 (Hebr.
1029 405 1127 457 xu,
1151 393 1264 462 20).
1297 390 1480 449 Bestia
1509 391 1656 449 enim
1689 393 1859 464 tangit
1880 408 2030 449 mon-
2061 397 2117 457 Α
2147 409 2276 450 mea
2307 395 2480 462 (Psal.
2517 409 2645 460 xvn,
2683 395 2762 466 1).
2811 390 3094 450 Canticum
3152 409 3285 450 vero
3334 394 3724 467 conjunctionis

433 477 562 540 tem,
598 475 810 545 quando
849 478 1309 537 irrationabilibus
1360 482 1597 537 motibus
1653 483 1842 548 dediti,
1896 482 2041 537 Scri-

434 568 608 630 pturae
639 579 810 621 sacrae
841 568 1142 624 celsitudini
1173 571 1560 641 propinquant,
1595 579 1647 625 et
1671 587 1777 625 non
1808 586 1928 624 eam
1951 587 2042 626 se-

435 650 680 706 cundum
711 655 856 723 quod
877 656 1096 726 debent,
1128 659 1455 729 intelligunt,
1483 660 1580 714 sed
1601 658 2044 713 irrationabiliter

438 735 506 789 ad
538 753 652 794 suae
677 741 969 812 voluptatis
1021 745 1206 817 [Forte
1255 746 1562 818 voluntatis]
1625 746 2044 817 intelligentiam

438 823 676 881 ﬂectunt.
737 830 930 886 Omnis
986 833 1126 888 enim
1169 836 1456 901 absurdus,
1490 834 1576 888 vel
1602 850 1760 889 sensu
1791 835 1967 905 piger.
1999 837 2049 891 si

439 913 584 970 circa
616 917 757 971 hunc
785 929 1024 976 montem
1079 923 1227 977 visus
1283 922 1464 989 fuerit,
1525 921 1873 977 atrocissimis
1929 938 2051 978 sen-

441 1003 625 1058 tentiis
675 1006 843 1063 veluti
903 1009 1174 1079 lapidibus
1206 1020 1442 1065 necatur.
1477 1012 1654 1066 Ardet
1701 1011 1841 1065 enim
1890 1027 2046 1066 mons

439 1090 559 1155 iste,
594 1093 721 1163 quia
741 1096 1018 1168 Scriptura
1040 1116 1190 1154 sacra
1222 1101 1491 1163 videlicet,
1525 1116 1686 1170 quem
1729 1101 2046 1171 spiritaliter

441 1181 634 1250 replet,
659 1187 864 1240 amoris
894 1187 1020 1259 igne
1048 1190 1348 1244 succendit.
1411 1189 1564 1246 Unde
1621 1190 1874 1260 scriptum
1925 1196 2041 1258 est;

443 1267 698 1340 Ignitum
729 1275 1013 1346 eloquium
1056 1279 1407 1348 tuum(l’sal.
1448 1295 1635 1345 cxvm,
1698 1279 1845 1347 HO).
1897 1273 2050 1333 Unde

444 1373 569 1412 cum
602 1361 771 1414 verba
802 1363 900 1418 Dei
932 1365 1180 1420 audirent
1210 1367 1426 1436 quidam
1461 1366 1513 1420 in
1544 1366 1630 1420 via
1687 1363 2050 1432 ambulantes,

444 1445 701 1504 dixerunt
726 1468 738 1503 :
765 1452 1070 1509 Nonneror
1095 1460 1353 1512 nostrum
1377 1455 1584 1510 ardens
1621 1459 1746 1510 erat
1774 1457 1835 1509 in
1865 1453 2046 1519 nobis,

443 1551 574 1591 eum
595 1539 752 1606 aperi
763 1545 846 1595 ret
870 1542 1028 1598 nobis
1048 1544 1374 1614 Scripturas
1395 1545 1548 1612 (Luc.
1569 1559 1717 1607 xxiv,
1743 1544 1831 1612 32)
1846 1543 1873 1594 '?
1896 1542 2052 1598 Unde

446 1639 545 1694 per
573 1627 791 1698 Moysen
813 1630 1039 1685 dicitur:
1071 1634 1128 1688 In
1149 1633 1391 1687 dextera
1408 1634 1530 1699 eius
1561 1633 1730 1702 ignea
1761 1632 1856 1686 lex
1875 1633 2048 1701 (Deu-

2151 499 2272 538 cum
2293 485 2426 550 Deo,
2449 485 2551 539 hoc
2581 492 2665 540 est
2690 483 2837 556 quod
2892 483 2948 538 in
2977 483 3178 553 nuptiis
3221 484 3404 556 sponsi
3436 493 3486 540 et
3515 501 3720 556 sponse

2151 571 2383 642 canitur,
2412 572 2466 628 id
2495 581 2573 628 est
2603 573 2882 628 Canticum
2912 573 3244 628 canticorum
3269 588 3282 639 ;
3318 573 3471 643 quod
3496 582 3637 630 tanto
3653 585 3729 630 est

2151 662 2403 716 omnibus
2422 662 2657 718 Canticis
2677 662 2980 728 sublimius,
3012 669 3212 732 quanto
3254 670 3308 716 et
3338 663 3392 716 in
3419 663 3616 732 nuptiis
3641 679 3728 719 so-

2151 749 2442 804 lemnitatis
2458 751 2827 806 subliminoris
2843 750 3084 806 oﬂ‘ertur.
3126 751 3232 805 Per
3247 750 3341 805 illa
3361 751 3504 804 enim
3519 751 3729 807 Cantica

2150 840 2280 893 vitia
2309 838 2631 910 devitantur,
2665 856 2762 910 per
2780 840 2880 894 ista
2899 854 3029 894 vero
3057 840 3428 909 unusquisque
3451 839 3727 894 virtutibus

2151 925 2510 996 locupletatur
2537 946 2548 988 ;
2585 944 2681 998 per
2709 927 2799 982 illa
2829 935 3051 984 cavetur
3076 927 3266 996 hostis,
3297 943 3396 998 per
3415 927 3533 983 haec
3561 928 3731 982 Domi-

2150 1031 2254 1070 nus
2286 1014 2530 1070 lamiliari
2558 1033 2742 1072 amore
2767 1016 3159 1086 complectitur.

2223 1107 2275 1160 8.
2308 1105 2376 1159 Et
2398 1107 2714 1172 notandum,
2773 1109 2897 1175 quia
2949 1103 3240 1175 aliquando
3268 1120 3329 1159 se
3381 1103 3638 1159 Dominus
3681 1103 3733 1158 in

2154 1193 2429 1262 Scriptura
2458 1209 2605 1248 sacra
2635 1194 2924 1249 Dominum
2956 1201 3137 1259 vocat,
3168 1192 3458 1263 aliquando
3513 1199 3730 1261 patrem,

2154 1283 2445 1355 aliquando
2476 1299 2630 1338 sacra
2668 1283 2959 1337 Dominum
2990 1290 3165 1350 vocat,
3198 1282 3491 1352 aliquando
3517 1285 3732 1350 patrem,

2155 1371 2446 1443 aliquando
2495 1388 2773 1443 sponsum.
2833 1371 3062 1439 Quando
3110 1370 3252 1426 enim
3294 1386 3354 1425 se
3408 1369 3522 1424 vult
3551 1369 3734 1436 timeri,

2155 1460 2448 1514 Dominum
2477 1476 2536 1515 se
2565 1461 2805 1514 nominat
2837 1474 2850 1525 ;
2884 1458 3098 1529 quando
3142 1458 3258 1512 vult
3310 1457 3586 1524 honorari,
3643 1473 3736 1528 pa-

2159 1557 2292 1602 trem
2325 1566 2337 1609 ;
2372 1548 2587 1619 quando
2605 1549 2716 1602 vult
2737 1548 2929 1613 amari,
2951 1563 3232 1618 sponsum.
3254 1548 3381 1616 Ipse
3395 1563 3495 1616 per
3509 1546 3740 1615 prophe-

2160 1645 2264 1692 tam
2285 1636 2448 1692 dicit:
2470 1637 2531 1692 Si
2548 1637 2817 1692 Dominus
2834 1651 2933 1705 ego
2955 1651 3100 1700 sum,
3119 1635 3214 1690 ubi
3245 1639 3329 1691 est
3352 1637 3519 1691 timor
3546 1651 3696 1690 meus
3716 1635 3742 1686 ?

447 1717 560 1805 ter.
600 1729 796 1784 χχχιιι,
833 1721 908 1786 2).
941 1719 1174 1774 Sinistra
1228 1721 1326 1774 Dei
1355 1720 1524 1788 iniqui
1555 1719 1908 1789 accipiuntur,
1959 1719 2052 1788 qui
2081 1746 2133 1805 Β
2170 1727 2227 1781 Si
2242 1729 2407 1796 pater
2425 1741 2520 1796 ego
2549 1725 2908 1792 sum,ubiest
2929 1725 3104 1780 honor
3121 1740 3280 1778 meus
3297 1722 3551 1790 (Malaeh.
3573 1737 3609 1788 ι,
3629 1725 3680 1789 6)
3715 1724 3741 1775 εἰ

446 1798 502 1853 in
529 1801 751 1858 dextera
808 1814 959 1876 parte
990 1823 1099 1863 non
1132 1810 1297 1877 400
1329 1817 1636 1870 transeunt;
1671 1807 1894 1863 dextera
1952 1807 2051 1862 Dei

453 1887 612 1944 electi
661 1902 802 1962 sunt,
853 1895 945 1966 qui
1001 1896 1286 1951 asinistris
1315 1905 1663 1965 separantur.
1722 1897 1783 1950 In
1831 1895 2054 1950 dextera

447 1992 586 2049 ergo
645 1981 747 2036 Dei
804 1983 891 2036 lex
948 1983 1108 2056 ignea
1160 1993 1256 2053 est,
1320 1985 1444 2054 quia
1500 1984 1554 2038 in
1602 1986 1893 2040 electorum
1935 1999 2054 2040 cor-

446 2065 627 2133 dibus,
684 2069 774 2138 qui
830 2071 899 2124 ad
939 2071 1222 2126 dexteram
1273 2071 1513 2141 ponendi
1593 2080 1733 2136 sunt,
1821 2071 2054 2143 ﬂagrant

441 2153 624 2208 divina
695 2166 990 2228 praecepta,
1057 2168 1110 2214 et
1168 2160 1441 2214 cliaritatis
1523 2160 1722 2215 ardore
1801 2157 2052 2214 succensi

449 2249 592 2297 sunt.
625 2245 726 2298 Iste
775 2261 906 2318 ergo
937 2247 1100 2318 ignis,
1134 2249 1394 2318 quidquid
1452 2249 1508 2302 in
1566 2248 1724 2303 nobis
1770 2255 1852 2302 est
1898 2256 2050 2302 exte-

444 2328 554 2384 rius
581 2332 848 2406 rubiginis
895 2342 948 2390 et
978 2337 1278 2400 vetustatis,
1311 2344 1514 2402 exulat,
1575 2344 1631 2390 ut
1680 2343 1915 2391 mentem
1944 2351 2048 2390 no-

446 2425 612 2560 sgam
656 2423 808 2478 velut
882 2424 1266 2481 holocaustum
1313 2423 1368 2479 in
1416 2425 1513 2480 Dei
1589 2423 2050 2495 contemplatione

446 2521 476 2560 ο
519 2517 651 2560 erat.

443 2517 651 2564 onerat.

521 2651 573 2702 6.
598 2651 712 2705 Nec
741 2669 910 2708 vacue
936 2655 1322 2710 attendendum
1355 2663 1440 2711 est
1470 2654 1613 2728 quod
1644 2654 1781 2708 liber
1809 2653 1908 2709 iste
1937 2670 2048 2708 non

451 2735 750 2807 Canticum,
785 2742 882 2796 sed
913 2743 1186 2798 Canticum
1229 2745 1560 2801 canticorum
1614 2752 1840 2798 vocatur
1868 2761 1880 2805 ;
1913 2743 2050 2798 sicut

446 2826 591 2880 enim
649 2829 705 2882 in
764 2832 934 2886 veteri
964 2833 1306 2888 Testamento
1351 2833 1462 2888 alia
1491 2842 1611 2888 sunt
1640 2841 1840 2897 sancta,
1873 2841 1925 2886 et
1943 2832 2046 2886 alia

451 2913 650 2970 Sancta
691 2929 1018 2990 sanctorum,
1069 2923 1175 2976 alia
1235 2923 1490 2990 Sabbata,
1537 2931 1590 2976 et
1645 2921 1748 2976 alia
1811 2921 2046 2976 Sabbata

442 3002 803 3063 Sabbatorum
835 3029 849 3077 ;
883 3009 956 3064 ita
983 3011 1038 3064 in
1060 3011 1339 3082 Scriptura
1367 3027 1534 3077 sacra,
1593 3010 1699 3065 alia
1745 3017 1868 3064 sunt
1896 3010 2042 3064 Can—

449 3091 574 3159 tica,
605 3099 658 3148 et
688 3097 795 3150 alia
824 3097 1051 3154 Cantica
1073 3101 1426 3155 canticorum.
1457 3099 1658 3154 Sancta
1687 3108 1838 3153 erant
1861 3098 2052 3170 quaein
2080 3097 2128 3159 Ο

451 3181 843 3249 Tabernaculo,
900 3196 954 3241 et
1009 3205 1130 3259 quae
1169 3189 1401 3243 exterius
1430 3188 1734 3258 agebantur
1767 3206 1778 3250 ;
1813 3186 2051 3242 Sabbata

451 3278 602 3325 erant
625 3287 752 3342 quae
773 3282 824 3328 et
855 3275 1083 3348 singulis
1111 3275 1544 3331 hebdomadibus
1591 3274 2000 3330 celebrabantur
2030 3293 2045 3340 ;

451 3360 546 3414 sed
578 3360 769 3416 Sancta
800 3373 1102 3419 sanctorum
1136 3363 1414 3419 secretiori
1445 3365 1679 3433 quadam
1701 3362 2051 3418 veneratione

452 3448 903 3520 suscipiebantur,
943 3460 995 3506 et
1026 3452 1262 3508 Sabbata
1319 3453 1686 3508 Sabbatorum
1741 3451 1953 3504 nonnisi
1994 3449 2051 3504 in

455 3537 568 3591 suis
625 3537 1006 3594 festivitatibus
1058 3540 1395 3596 colebantur.
1445 3540 1514 3594 ita
1583 3537 1802 3593 Cantica
1873 3538 2048 3593 canti-

453 3639 643 3681 corum
699 3637 972 3684 secretum
1027 3637 1077 3684 et
1107 3629 1350 3684 solemne
1397 3628 1668 3698 quoddam
1702 3627 1920 3682 interius
1946 3635 2046 3694 est,

453 3714 598 3785 quod
661 3724 931 3771 secretum
984 3716 1037 3772 in
1095 3717 1319 3773 occultis
1373 3715 1747 3788 intelligentiis
1795 3723 2050 3786 penetra-

456 3811 558 3858 tur.
594 3806 736 3858 Nam
757 3806 802 3860 si
832 3806 1184 3862 exterioribus
1214 3806 1395 3864 verbis
1439 3805 1751 3874 attenditur,
1785 3813 2050 3860 secretum

455 3907 564 3948 non
584 3901 686 3948 est.

526 4031 580 4082 ’1.
641 4026 933 4084 Sciendum
988 4039 1068 4085 est
1119 4030 1446 4102 etiam,quia
1476 4029 1532 4084 in
1582 4029 1860 4100 Scriptura
1898 4043 2051 4083 sacra

455 4115 562 4171 alia
591 4125 716 4172 sunt
747 4118 969 4174 Cantica
996 4119 1244 4186 victoria,
1269 4119 1373 4174 alia
1395 4118 1616 4174 Cantica
1659 4117 2050 4173 exhortationis

457 4213 510 4260 et
555 4207 984 4277 contestationis,
1062 4209 1162 4263 alla
1203 4208 1427 4263 Cantica
1482 4206 1882 4274 exsultationis,
1941 4205 2051 4260 alia

455 4295 674 4352 Cantica
703 4296 983 4366 adjutorii,
1040 4297 1145 4352 alia
1193 4297 1416 4352 Cantica
1471 4295 1872 4365 conjunctionis
1927 4309 2050 4348 cum

457 4383 597 4438 Deo.
638 4385 920 4440 Canticum
951 4385 1193 4441 victoriae
1232 4393 1329 4448 est,
1364 4385 1506 4454 quod
1561 4382 1721 4437 Maria
1782 4389 2050 4437 transacto

2163 1815 2452 1870 Etrursum
2473 1813 2599 1868 dicit
2623 1833 2633 1867 :
2654 1816 2998 1884 Desponsavi
3035 1817 3090 1866 te
3104 1813 3250 1866 mihi
3263 1815 3324 1867 in
3333 1813 3568 1883 justitia
3579 1810 3742 1879 etﬁde

2162 1902 2318 1972 (Osee
2337 1921 2396 1969 ιι,
2419 1903 2529 1963 20).
2556 1901 2652 1956 Vel
2683 1909 2828 1956 certe
2853 1918 2864 1952 :
2894 1900 3232 1956 Recordatus
3249 1917 3376 1956 sum
3397 1900 3510 1956 diei
3524 1901 3745 1972 despon-

2161 1993 2402 2047 sationis
2427 1997 2542 2046 ture
2559 1991 2619 2046 in
2636 1991 2853 2046 deserto
2872 1991 3095 2058 (Jerem.
3114 1991 3239 2058 11,2)
3256 2029 3268 2041 .
3299 1991 3366 2043 Et
3382 1988 3593 2058 quidem
3609 1987 3742 2058 apud

2161 2081 2332 2134 Deum
2361 2080 2577 2152 quando
2599 2088 2650 2134 et
2675 2078 2891 2148 quando
2922 2094 3028 2133 non
3065 2086 3165 2144 est,
3195 2077 3296 2132 sed
3328 2077 3451 2148 quia
3505 2076 3649 2145 prius
3676 2076 3742 2129 ti-

2160 2171 2294 2225 meri
2321 2186 2385 2225 se
2416 2169 2530 2224 vult
2560 2178 2616 2224 ut
2641 2171 2954 2234 houoretur,
2989 2175 3042 2222 et
3094 2166 3245 2237 prius
3302 2166 3552 2221 honorari
3598 2168 3652 2218 ut
3679 2164 3742 2218 ad

2159 2275 2283 2314 eum
2339 2258 2702 2330 perveniatur,
2727 2265 2777 2312 et
2823 2256 3115 2312 Dominum
3145 2272 3202 2310 se
3230 2263 3453 2326 propter
3506 2254 3742 2308 timorem

2160 2347 2420 2416 nominat,
2452 2354 2504 2402 et
2533 2355 2743 2418 patrem
2790 2350 3011 2416 propter
3058 2344 3345 2412 honorem,
3393 2350 3446 2398 et
3495 2355 3741 2411 sponsum

2156 2444 2385 2506 propter
2413 2451 2675 2490 amorem.
2709 2436 2809 2490 Per
2830 2435 3076 2488 timorem
3107 2432 3360 2486 veniatur
3374 2431 3442 2485 ad
3473 2431 3738 2492 honorem,

2158 2541 2254 2596 per
2308 2526 2566 2580 honorem
2615 2540 2748 2578 vero
2803 2525 2918 2592 ejus
2970 2521 3322 2592 perveniatur
3369 2521 3440 2574 ad
3491 2532 3740 2573 amorem.

2155 2613 2375 2683 Quanto
2407 2629 2540 2685 ergo
2570 2612 2790 2683 dignius
2821 2613 2994 2666 honor
3021 2625 3180 2681 quam
3211 2609 3395 2673 timor,
3444 2614 3588 2662 tanto
3631 2606 3744 2676 plus

2155 2703 2358 2775 gaudet
2383 2704 2528 2757 Deus
2583 2710 2736 2772 pater
2765 2715 2926 2771 quam
2966 2699 3231 2754 Dominus
3262 2698 3376 2753 dici
3407 2715 3419 2758 ;
3450 2704 3502 2751 et
3549 2701 3742 2767 quanto

2154 2792 2371 2848 charius
2427 2798 2507 2846 est
2562 2806 2717 2845 amor
2771 2805 2931 2860 quam
2962 2789 3156 2854 honor,
3216 2795 3369 2841 tanto
3396 2784 3516 2856 plus
3543 2781 3740 2856 gaudet

2151 2881 2299 2935 Deus
2356 2896 2593 2950 sponsus
2622 2879 2728 2933 dici
2778 2893 2940 2947 quam
2973 2886 3144 2948 pater.
3204 2878 3264 2930 In
3313 2876 3415 2930 hoc
3445 2869 3740 2944 argolibro

2149 2969 2315 3038 401
2351 2969 2614 3024 Dominus
2645 2975 2696 3022 et
2724 2966 2989 3034 Ecclesia,
3012 2981 3118 3019 non
3147 2964 3414 3020 Dominus
3442 2971 3492 3018 et
3538 2957 3736 3026 ancilla,

2156 3063 2251 3112 sed
2268 3073 2498 3130 sponsus
2527 3057 2832 3110 nominatur
2860 3062 3123 3125 etsponsa
3157 3073 3169 3111 ;
3203 3061 3261 3107 ut
3292 3069 3402 3107 non
3435 3051 3532 3107 soli
3555 3046 3736 3112 timori,

2157 3162 2263 3201 non
2295 3146 2397 3200 soli
2428 3144 2763 3210 reverentiae,
2794 3143 2889 3198 sed
2919 3143 3080 3198 etiam
3110 3141 3279 3197 amori
3310 3140 3657 3197 deserviatur.
3690 3141 3740 3190 et

2157 3235 2212 3289 in
2241 3235 2326 3289 his
2357 3233 2535 3289 verbis
2566 3232 2921 3288 exterioribus
2961 3230 3214 3285 incitetur
3239 3229 3467 3286 aﬂ'ectus
3499 3226 3728 3282 interior.

2165 3323 2297 3378 Cum
2330 3339 2389 3378 se
2418 3321 2710 3377 Dominum
2732 3320 2989 3386 nominat,
3034 3319 3238 3374 indicat
3257 3319 3408 3390 quod
3462 3315 3621 3372 creati
3650 3330 3736 3367 su-

2157 3426 2307 3479 mus;
2338 3426 2461 3467 cum
2488 3427 2546 3465 se
2562 3417 2772 3481 patrem
2794 3408 3057 3474 nominat,
3087 3407 3290 3462 indicat
3307 3405 3454 3479 quod
3473 3402 3734 3474 adoptati:

2157 3515 2280 3556 cum
2335 3515 2590 3569 sponsum
2620 3515 2681 3553 se
2710 3497 2976 3564 nominat,
3021 3495 3222 3550 indicat
3249 3495 3397 3566 quod
3445 3491 3732 3564 conjuncti.

2157 3589 2283 3643 Plus
2313 3595 2394 3643 est
2422 3594 2599 3642 autem
2628 3586 2944 3655 conjunctos
2971 3600 3087 3639 esse
3120 3585 3256 3650 Deo,
3318 3599 3480 3653 quam
3535 3587 3734 3637 creatos

2157 3683 2208 3730 et
2235 3676 2540 3746 adoptatos.
2599 3677 2660 3728 In
2707 3675 2807 3728 hoc
2835 3687 2967 3744 ergo
2991 3672 3128 3726 libro
3150 3670 3242 3726 ubi
3273 3688 3507 3743 sponsus
3535 3668 3731 3729 dicitur,

2157 3764 2361 3835 aliquid
2387 3763 2671 3818 sublimius
2699 3762 3015 3828 insinuatur,
3047 3759 3176 3815 dum
3225 3760 3278 3814 in
3312 3777 3377 3816 eo
3425 3759 3594 3815 fmdus
3621 3771 3738 3813 con-

2150 3853 2453 3925 junctionis
2481 3851 2798 3908 ostenditur.
2855 3851 2990 3919 Quze
3044 3849 3265 3905 nomina
3294 3849 3351 3904 in
3404 3850 3736 3903 Testamento

2157 3957 2299 3998 novo
2325 3941 2477 4013 (quia
2519 3942 2634 4009 jam
2691 3947 2902 4011 peracta
2956 3939 3268 4009 conjunctio
3301 3938 3462 3994 Verbi
3492 3944 3541 3992 et
3569 3933 3736 3991 carnis

2159 4032 2357 4087 Christi
2378 4038 2429 4085 et
2454 4029 2709 4086 Ecclesiae
2731 4028 3001 4083 celebrata
3021 4029 3124 4097 est)
3173 4028 3438 4098 frequenti
3471 4024 3737 4081 iteratione

2160 4125 2539 4174 memorantur.
2571 4117 2724 4173 Unde
2747 4117 2984 4170 Joannes
3026 4115 3173 4180 dicit,
3198 4115 3432 4170 Domino
3460 4113 3693 4169 veniente
3722 4127 3733 4162 :

2161 4207 2266 4274 Qui
2286 4206 2451 4262 habet
2471 4221 2756 4278 sponsam,
2781 4220 3018 4276 sponsus
3039 4208 3125 4258 est
3157 4205 3340 4270 (Joan.
3365 4219 3448 4266 ιιι,
3473 4204 3580 4268 29).
3599 4197 3738 4254 Unde

2159 4295 2304 4350 idem
2344 4295 2611 4349 Dominus
2667 4292 2793 4348 dicit
2819 4293 2969 4348 :Non
2992 4291 3343 4363 jejunabunt
3392 4291 3500 4358 ﬁlii
3530 4285 3729 4360 sponsi,

2164 4384 2417 4454 quandiu
2445 4399 2573 4438 cum
2608 4383 2728 4437 illis
2747 4385 2833 4437 est
2860 4397 3096 4454 sponsus
3117 4381 3344 4450 (Matth.
3374 4375 3735 4447 ix,15).Uude

461 4472 598 4524 mari
628 4472 812 4527 Rubro
835 4473 1250 4540 cecinit,dicens
1274 4490 1287 4525 :
1315 4451 1619 4528 Cantemus
1641 4471 1872 4527 Domino
1903 4490 1921 4537 ;
1939 4472 2054 4541 glo-
2083 4451 2134 4511 D
2164 4451 2425 4528 Ecclesia:
2451 4471 2646 4526 dicitur
2680 4489 2691 4524 :
2724 4451 3066 4540 Desponsavi
3093 4485 3183 4524 vos
3215 4471 3318 4524 uni
3342 4469 3459 4524 viro
3479 4466 3736 4535 virginem

462 4560 609 4615 riose
639 4559 1212 4628 enimhonoriﬁeatus
1244 4565 1327 4616 est
1354 4579 1372 4612 :
1392 4577 1593 4631 equum
1617 4563 1674 4616 et
1704 4575 2052 4614 ascensorem

454 4649 692 4718 projecit
716 4649 777 4702 in
799 4650 1159 4719 mare(E:rod.
1178 4665 1273 4718 xv,
1308 4650 1381 4716 1).
1409 4648 1690 4704 Canticum
1711 4648 2048 4702 exhortatio-

456 4734 540 4790 nis
570 4741 623 4789 et
652 4737 1056 4792 contestationis
1087 4747 1184 4806 est,
1219 4740 1362 4807 quod
1421 4739 1630 4808 Moyses
1687 4736 1938 4791 lsraelitis
1980 4736 2050 4791 ad

459 4827 660 4877 terram
691 4826 1066 4896 promissionis
1095 4827 1578 4898 pr0pinquantibus
1604 4827 1740 4880 dixit
1766 4843 1779 4880 :
1814 4827 2052 4881 Attende

457 4914 662 4969 eretum
685 4930 807 4987 quae
832 4915 1047 4987 loquar,
1080 4917 1278 4972 audiat
1310 4919 1464 4971 terra
1508 4915 1672 4971 verba
1715 4931 1788 4970 ea:
1808 4931 1902 4971 ore
1932 4929 2052 4971 meo

454 5003 708 5070 (Denter.
741 5018 914 5071 χχιιι,
951 5007 1023 5074 1).
1058 5005 1336 5059 Canticum
1367 5003 1741 5059 exsultationis
1781 5013 1879 5072 est,
1905 5004 2050 5076 quod

460 5092 644 5159 Anna,
677 5101 961 5164 perspecta
982 5093 1309 5149 fecunditate
1337 5092 1592 5148 Ecclesia:
1621 5095 1678 5147 in
1733 5093 2048 5162 semetipsa,

443 5181 639 5236 cecinit
658 5181 1194 5239 dicenszEa'sullavit
1215 5199 1311 5238 eor
1330 5199 1517 5238 meum
1535 5187 1595 5238 in
1612 5184 1845 5238 Domino
1863 5183 1909 5253 (I
1923 5185 2046 5253 Reg.

445 5283 506 5334 ιι,
535 5272 609 5338 1).
640 5271 744 5326 Ubi
777 5287 875 5343 per
917 5272 1269 5342 semetipsum
1318 5271 1606 5341 ﬁguratam
1665 5271 2046 5326 fecunditatem

448 5358 621 5427 prolis
651 5358 1033 5415 ecclesiastica)
1063 5360 1353 5430 expressit,
1386 5377 1506 5415 cum
1529 5359 1686 5414 dicit:
1709 5361 1934 5416 Sterilis
1955 5375 2049 5431 pe-

447 5445 602 5514 perit
613 5445 974 5515 ρίαν-ἐπισεβί
986 5465 1108 5519 qua:
1124 5448 1738 5516 multos/zabebatﬁlios
1752 5448 2048 5516 inﬁrmata

445 5535 532 5587 est
554 5532 734 5600 (Ibid.,
766 5536 839 5602 5).
873 5535 1152 5592 Canticum
1210 5537 1462 5607 adjutorii
1509 5537 1684 5590 David
1736 5537 1883 5606 quod
1927 5553 2046 5607 post

444 5620 693 5691 praelium
723 5621 934 5693 cecinit,
959 5624 1180 5680 dicens:
1215 5626 1457 5696 Ditigam
1490 5629 1566 5694 te,
1583 5625 1838 5694 Domine,
1864 5627 2043 5684 virtus

2161 4565 2380 4618 castam
2401 4557 2668 4616 exhibere
2695 4558 2910 4614 Christo
2932 4559 3005 4626 (ll
3031 4558 3152 4612 Cor.
3175 4573 3246 4624 χι,
3277 4559 3354 4626 2).
3389 4558 3608 4611 Rursum
3641 4568 3651 4602 :
3677 4551 3734 4606 lJt

2158 4651 2449 4706 exhiberet
2481 4649 2586 4703 sibi
2616 4649 2915 4718 gloriosam
2951 4646 3282 4713 Ecclesium,
3305 4663 3420 4702 non
3455 4643 3734 4700 habentem

2157 4740 2445 4796 maculam
2464 4740 2568 4792 aut
2586 4736 3013 4807 rugam(Ephes.
3046 4736 3216 4803 v,27).
3238 4735 3304 4789 Et
3320 4749 3524 4790 rursum
3546 4731 3596 4784 in
3609 4731 3733 4798 Apo-

2158 4827 2366 4899 calypsi
2377 4825 2600 4880 Joannis
2623 4841 2635 4878 :
2657 4825 2815 4880 Beati
2831 4824 2924 4895 qui
2945 4824 3017 4878 ad
3032 4839 3250 4879 comam
3263 4823 3589 4895 nuptiarum
3604 4812 3734 4899 Agni

2159 4897 2341 4974 vocati
2366 4914 2704 4984 sunt(Apoe.
2728 4927 2848 4979 xix,
2871 4913 2947 4975 9).
2968 4911 3035 4967 Et
3052 4928 3259 4966 rursum
3287 4911 3483 4966 ibidem
3519 4927 3530 4961 :
3556 4907 3616 4960 Et
3628 4897 3733 4959 vidi

2157 5020 2420 5078 sponsam
2437 5004 2597 5076 quasi
2613 5018 2815 5058 novam
2833 5005 3073 5074 nuptam
3090 5000 3520 5057 descendentem
3531 4996 3593 5052 de
3609 4991 3731 5050 erato

2161 5094 2363 5165 (Apoc.
2395 5107 2511 5159 χχι,
2544 5092 2626 5162 2).

2231 5186 2282 5237 9.
2313 5181 2428 5237 Nec
2448 5182 2555 5234 hoc
2576 5195 2607 5234 a
2624 5194 2824 5251 magno
2842 5177 3096 5250 mysterio
3136 5177 3410 5243 abhorret,
3443 5171 3581 5245 quod
3609 5169 3732 5224 liber

2158 5269 2256 5326 iste
2276 5268 2586 5326 Salomonis
2614 5267 2801 5323 tertius
2832 5267 2886 5321 in
2907 5265 3187 5338 opusculis
3214 5267 3330 5336 ejus
3376 5261 3605 5334 punitur.
3632 5256 3732 5310 Ve-

2159 5367 2295 5414 teres
2324 5358 2468 5414 enim
2495 5366 2598 5412 tres
2617 5357 2740 5411 vitae
2770 5356 2987 5411 ordines
3015 5372 3131 5410 esse
3155 5354 3415 5417 dixerunt,
3466 5345 3728 5408 moralem,

2157 5448 2474 5511 naturalem,
2533 5454 2586 5502 et
2632 5444 3105 5515 contemplativam
3134 5463 3146 5506 ;
3180 5459 3313 5514 quas
3361 5439 3532 5497 Graeci
3578 5435 3726 5495 vitas,

2156 5536 2410 5602 ethicam,
2433 5535 2732 5606 physicam,
2765 5533 3064 5589 theoricam
3082 5531 3505 5589 nominaverunt.
3529 5528 3584 5580 In
3602 5525 3725 5577 Pro-

2155 5624 2362 5683 verhiis
2389 5639 2605 5697 quoque
2634 5621 2852 5680 moralis
2882 5622 2989 5680 vita
3018 5621 3357 5694 exprimitur,
3387 5616 3477 5673 ubi
3503 5612 3684 5671 dicitur
3709 5613 3724 5657 ε
