3996 6164
140 76 439 119 -ιτ-ινλ-

305 172 415 233 ιπ

1030 174 1256 237 SUPER
1295 175 1595 235 CANTch
1634 172 2083 237 CANTICORUM
2121 173 2524 239 EXPOSITIO.
2559 208 2633 224 -—-
2667 177 2815 239 CAP.
2849 177 2893 238 Ῑ.

3518 172 3625 234 478

305 300 473 370 Audi,
487 298 570 370 ﬁli
587 300 687 371 mi,
702 302 1043 375 sapientiam
1058 308 1325 373 meam,et
1342 304 1664 378 prudentia:
1678 306 1918 363 mewin-
1946 302 1996 364 A
2030 304 2246 359 amoris.
2280 304 2465 375 Itaque
2500 313 2689 361 sancta
2711 305 2952 362 Ecclesia
2974 303 3064 361 diu
3079 300 3401 376 pmstolans
3418 300 3625 358 adven-

307 391 464 447 clina
481 407 681 448 aurem
698 399 857 448 tuam
877 396 1062 464 (Prov.
1081 411 1121 463 ι,
1138 394 1212 464 8).
1234 396 1293 449 In
1306 394 1640 450 Ecclesiaste
1663 410 1798 449 vero
1830 410 1921 448 na-

305 480 496 534 turalis
527 497 541 534 :
577 480 652 534 ibi
685 482 887 553 quippe
931 483 1074 553 quod
1118 483 1301 539 omnia
1350 482 1419 537 ad
1466 481 1627 537 ﬁnem
1679 481 1920 549 tendunt,

299 568 696 640 consideratur,
716 586 835 624 cum
856 570 1059 627 dicitur
1081 586 1095 625 :
1120 573 1347 627 Vanitas
1374 572 1719 641 vanitatum,
1734 577 1790 627 et
1810 588 1922 627 om-

298 655 400 711 nia
446 658 675 713 vanitas
726 658 962 727 (Eccles.
994 676 1031 727 ι,
1068 660 1143 731 2).
1204 662 1263 715 In
1306 659 1543 716 Canticis
1581 660 1922 715 canticorum

299 745 731 815 contemplativa
764 745 872 802 vita
902 747 1253 818 exprimitur,
1276 748 1403 803 dum
1434 748 1488 802 in
1512 748 1592 804 eis
1614 748 1785 819 ipsius
1814 750 1923 804 Do-

298 831 433 886 mini
463 834 734 889 adventus
766 842 819 890 et
847 844 1099 906 aspectus
1144 836 1525 904 desideratur;
1571 852 1696 894 cum
1737 836 1924 907 sponsi

295 935 433 976 voce
462 920 663 976 dicitur
694 940 707 976 :
749 924 882 979 Veni
910 924 976 981 de
1008 924 1231 993 Libano,
1260 926 1392 981 veni
1412 925 1603 995 (Cant.
1628 940 1704 991 tv,
1738 921 1921 993 8).Vel

299 1009 468 1064 etiam
500 1008 721 1065 ordines
741 1010 904 1066 trium
934 1013 1362 1083 patriarcharum
1394 1021 1447 1067 et
1468 1012 1607 1067 vitas
1636 1011 1921 1084 signiﬁca-

294 1098 395 1165 vit,
429 1098 715 1154 Abraham
752 1099 1029 1169 videlicet,
1062 1103 1239 1168 Isaac,
1271 1109 1323 1156 et
1351 1101 1918 1157 Jacob.Moralitatem

297 1187 508 1258 quippe
532 1186 808 1242 Abraham
845 1204 947 1260 per
976 1188 1343 1245 obedientiam
1378 1190 1575 1257 tenuit;
1610 1191 1757 1245 Isaac
1787 1205 1920 1244 vero

299 1275 607 1330 naturalem
638 1276 800 1331 vitam
845 1284 1042 1348 puteos
1086 1277 1344 1333 fodiendo
1381 1276 1652 1349 ﬁguravit.
1701 1279 1760 1332 In
1808 1276 1918 1333 imo

299 1363 445 1417 enim
478 1372 676 1434 puteos
709 1364 921 1427 fodere,
952 1374 1031 1421 est
1058 1382 1163 1437 per
1183 1367 1683 1422 considerationem
1704 1374 1920 1421 natura-

290 1450 399 1505 lem
422 1453 613 1506 omnia
638 1469 766 1523 qute
788 1453 932 1509 infra
950 1463 1096 1521 sunt,
1116 1456 1505 1526 perscrutanda
1527 1454 1921 1511 rimariJacob

288 1555 429 1594 vero
454 1541 942 1612 contemplativam
966 1544 1134 1598 vitam
1156 1543 1343 1607 tenuit,
1367 1543 1457 1613 qui
1488 1543 1842 1599 ascendentes
1861 1543 1916 1600 el

292 1628 696 1684 descendentes
711 1632 937 1702 angelos
958 1631 1113 1687 vidit.
1131 1632 1239 1687 Sed
1256 1633 1377 1702 quia
1397 1630 1655 1687 naturalis
1670 1631 1914 1687 conside-
1944 1658 1996 1717 Β
2027 1628 2322 1728 ”“”
2356 1628 2475 1683 “¹“,“’

292 1716 414 1741 -ιερ
445 1717 923 1741 -.ι---ιιηψημ
950 1735 1050 1741 --μ
1076 1720 1385 1741 Mdu-..“
1411 1719 1510 1741 _,_.
1533 1720 1679 1741 μευ
1699 1720 1890 1741 Au,
2136 1686 2318 1741 pirans
2346 1687 2493 1726 enim

290 1716 426 1772 ratio
443 1718 519 1771 ad
533 1717 927 1788 perfectionem
950 1735 1054 1774 non
1074 1719 1513 1791 perducitur,nisi
1532 1720 1683 1790 prius
1699 1720 1921 1776 morali-

288 1812 685 1869 tasteneatur;
719 1814 864 1863 recte
894 1808 1349 1877 postProverbia,
1373 1808 1724 1864 Ecclesiastes
1752 1808 1915 1879 poni-

291 1894 480 1948 tur.Et
498 1894 631 1964 quia
652 1911 885 1965 superna
916 1896 1301 1965 contemplatio
1321 1912 1427 1952 non
1445 1897 1792 1967 conspicitur,
1815 1894 1917 1950 nisi

291 1981 443 2053 prius
474 1983 599 2037 hac
629 1981 768 2038 infra
799 1983 1038 2039 labentia
1059 1983 1442 2055 despiciantur,
1473 1989 1621 2040 recte
1651 1992 1773 2055 post
1803 1985 1916 2040 Ec-

289 2071 588 2126 clesiasten
625 2071 847 2126 Cantica
868 2072 1196 2127 canticorum
1219 2081 1515 2143 ponuntur.
1543 2073 1694 2127 Prius
1714 2073 1916 2143 quippe

290 2166 366 2213 est
389 2174 581 2215 mores
610 2174 971 2229 componere;
992 2161 1338 2232 postmodum
1358 2161 1538 2217 omnia
1560 2178 1683 2231 quae
1700 2161 1914 2229 adsunt,

289 2255 555 2317 tanquam
616 2263 725 2303 non
769 2247 948 2303 adsint
995 2249 1372 2312 considerare;
1416 2249 1577 2304 tertio
1616 2263 1747 2303 vero
1794 2248 1916 2304 loco

289 2336 499 2390 munda
538 2334 726 2390 cordis
755 2336 869 2391 acie
891 2352 1128 2407 superna
1156 2345 1208 2393 et
1236 2338 1449 2392 interna
1472 2335 1916 2408 conspicere.His

290 2423 475 2495 itaque
496 2422 774 2481 librorum
796 2425 1062 2498 gradibus
1081 2426 1229 2497 quasi
1258 2426 1552 2497 quamdam
1580 2425 1648 2481 ad
1666 2432 1914 2481 contem—

291 2511 597 2582 plationem
657 2513 860 2569 scalam
915 2513 1059 2581 fecit,
1093 2522 1150 2569 ut
1190 2514 1315 2569 dum
1357 2513 1591 2585 primum
1630 2513 1684 2569 in
1716 2513 1914 2569 sarculo

291 2599 432 2655 bene
464 2610 757 2673 geruntur,
788 2602 1140 2673 postmodum
1176 2613 1224 2658 et
1257 2605 1483 2659 honesta
1512 2603 1692 2658 saeculi
1723 2602 1913 2673 despi—

294 2689 515 2745 ciantur
537 2708 557 2745 :
591 2691 663 2745 ad
693 2699 995 2746 extremum
1027 2692 1186 2748 etiam
1216 2692 1317 2747 Dei
1339 2691 1526 2746 intima
1556 2691 1915 2763 conspician-

300 2785 403 2832 tur.
431 2777 527 2833 Sic
551 2785 731 2833 autem
761 2779 1085 2851 generaliter
1104 2796 1170 2833 ex
1201 2795 1339 2835 voce
1362 2779 1622 2835 Ecclesiae
1648 2779 1917 2834 adventus

290 2864 513 2921 Domini
542 2865 602 2919 in
627 2866 736 2922 hoc
766 2883 932 2937 opere
962 2867 1324 2939 praestolatur,
1346 2876 1402 2922 ut
1420 2868 1580 2923 etiam
1604 2866 1917 2937 specialiter

291 2968 648 3025 unaquaeque
677 2953 863 3009 anima
898 2954 1203 3027 ingressum
1237 2954 1335 3010 Dei
1365 2956 1433 3009 ad
1464 2969 1560 3011 cor
1587 2969 1765 3024 suum,
1789 2957 1914 3009 tan-

297 3056 458 3111 quam
493 3041 712 3096 aditum
744 3043 928 3111 sponsi
956 3042 1010 3097 in
1042 3042 1333 3097 thalamum
1367 3042 1685 3114 conspiciat.

364 3134 453 3185 to.
480 3130 551 3184 Et
584 3129 862 3185 sciendum
893 3138 995 3199 est,
1021 3131 1148 3204 quia
1177 3130 1233 3185 in
1254 3133 1359 3187 hoc
1379 3131 1520 3186 libro
1543 3138 1778 3202 quatuor
1796 3146 1918 3201 per-

297 3231 447 3273 sonae
462 3216 756 3288 loquentes
770 3217 1209 3282 introducuntur;
1230 3234 1463 3289 sponsus
1479 3218 1856 3287 videlicet40
1867 3219 1912 3286 2

299 3312 350 3360 et
377 3319 625 3377 sponsa;
658 3306 1062 3363 adolescentule
1079 3322 1207 3363 vero
1237 3323 1358 3363 cum
1381 3322 1600 3377 sponsa,
1635 3313 1688 3363 et
1715 3322 1917 3379 greges

298 3392 573 3449 sodalium
634 3409 755 3447 cum
805 3410 1024 3466 sponso.
1067 3394 1277 3466 Sponsa
1323 3395 1466 3450 enim
1512 3394 1634 3465 ipsa
1678 3394 1918 3465 perfecta

298 3480 555 3537 Ecclesia
588 3488 707 3544 est;
740 3497 987 3551 sponsus,
1019 3483 1318 3551 Dominus;
1352 3482 1769 3538 adolescentulus
1787 3498 1917 3539 vero

300 3585 420 3623 cum
466 3585 699 3641 sponsa,
745 3577 865 3624 sunt
909 3570 1191 3626 ichoantes
1238 3571 1457 3638 animae,
1489 3578 1542 3626 et
1577 3586 1676 3642 per
1716 3585 1917 3627 novum

299 3657 538 3712 studium
573 3657 973 3727 pubescentes;
1009 3658 1228 3715 sodales
1258 3675 1387 3715 vero
1418 3659 1623 3730 sponsi,
1654 3668 1779 3715 sunt
1804 3660 1918 3716 sive

305 3746 511 3817 angeli,
546 3746 641 3815 qui
670 3762 816 3816 saepe
846 3746 1159 3802 hominibus
1189 3747 1261 3802 ab
1292 3748 1413 3820 ipso
1434 3747 1723 3803 venientes
1754 3762 1917 3819 appa-

302 3842 545 3900 ruerunt,
581 3850 681 3888 seu
722 3843 869 3891 certe
902 3834 1129 3905 perfecti
1177 3835 1376 3909 quique
1406 3835 1515 3891 viri
1557 3837 1611 3890 in
1643 3836 1913 3903 Ecclesia,

300 3921 389 3992 qui
420 3921 720 3977 veritatem
761 3923 1070 3979 horninibus
1113 3923 1360 3980 nuntiare
1390 3932 1678 3981 noverunt.
1719 3923 1825 3981 Sed
1856 3924 1915 3979 hi

300 4011 389 4081 qui
420 4010 755 4083 singillatim
785 4010 1208 4068 adolescentulze
1237 4013 1323 4068 vel
1364 4012 1582 4069 sodales
1626 4020 1773 4081 sunt,
1819 4012 1914 4066 toti

300 4098 458 4153 simul
517 4113 728 4170 sponsa
760 4107 902 4166 sunt,
960 4099 1087 4170 quia
1142 4100 1237 4156 toti
1288 4100 1446 4155 simul
1476 4100 1725 4156 Ecclesia
1770 4108 1915 4166 sunt,

306 4184 579 4255 Quamvis
611 4202 641 4241 e
680 4187 837 4256 juxta
880 4204 1321 4259 unumquemque
1361 4196 1470 4244 tota
1512 4190 1631 4244 haec
1674 4188 1778 4244 tria
1812 4203 1917 4244 no-

309 4274 453 4329 mina
490 4273 669 4346 accipi
701 4283 960 4346 possunt.
997 4278 1137 4331 Nam
1169 4277 1259 4347 qui
1291 4277 1462 4331 Deum
1492 4277 1732 4348 perfecte
1752 4284 1916 4345 amat,

2032 400 2143 448 tum
2175 392 2412 463 Domini,
2443 393 2537 449 diu
2567 393 2756 450 sitiens
2797 395 2998 451 fontem
3027 393 3172 462 vitae,
3213 392 3490 465 quomodo
3515 405 3623 461 op-

2032 487 2107 535 tet
2126 480 2311 537 videre
2339 483 2689 554 prmsentiam
2707 483 2890 554 sponsi
2914 482 3018 549 sui,
3034 482 3310 553 quomodo
3327 478 3622 546 desideret,

2029 569 2236 627 edicat.

2549 678 2774 735 CAPUT
2813 678 3105 735 PRIMUM.

2102 784 2259 855 (Cap.
2279 801 2319 854 ι,
2350 800 2491 841 vers.
2518 785 2595 855 1.)
2627 784 2927 841 Osculetur
2946 801 3035 841 me
3064 786 3252 841 osculo
3279 784 3391 840 oris
3412 784 3528 839 sui.

2104 877 2161 928 1.
2184 874 2422 946 Angelos
2451 875 2520 928 ad
2551 890 2671 929 eam
2701 874 2988 940 Dominus,
3019 872 3361 943 patriarchas
3389 871 3456 927 ad
3478 872 3628 926 illam

2031 969 2086 1018 et
2131 963 2423 1033 prophetas
2465 962 2707 1029 miserat,
2756 959 3064 1033 spiritualia
3108 962 3253 1016 dona
3283 960 3628 1022 deterentes;

2029 1051 2129 1107 sed
2161 1050 2281 1122 ipsa
2312 1067 2534 1106 munera
2564 1067 2671 1107 non
2702 1067 2802 1123 per
2827 1066 3013 1106 servos
3046 1050 3258 1120 sponsi,
3290 1050 3383 1105 sed
3417 1064 3510 1120 per
3538 1049 3635 1117 ip-

2028 1156 2148 1195 sum
2205 1155 2463 1210 sponsum
2510 1139 2794 1212 percipere
2827 1139 3125 1210 quaerebat.
3187 1140 3454 1193 Ponamus
3509 1147 3636 1194 ante

2029 1228 2218 1286 oculos
2269 1244 2432 1284 omne
2488 1245 2667 1302 genus
2712 1230 3010 1283 humanum
3060 1228 3131 1283 ab
3171 1229 3396 1283 exordio
3438 1218 3631 1282 mundi

2028 1332 2197 1388 usque
2225 1318 2295 1371 ad
2325 1316 2487 1371 finem
2533 1318 2742 1385 mundi,
2788 1320 2955 1372 totam
3004 1316 3260 1371 videlicet
3309 1315 3628 1383 Ecclesium,

2027 1421 2187 1460 unam
2219 1421 2341 1460 esse
2372 1421 2626 1475 sponsam
2658 1421 2777 1475 quae
2820 1406 3014 1459 arrhas
3050 1404 3317 1475 spirituali
3356 1404 3501 1459 dono
3529 1418 3633 1473 per

2025 1494 2223 1564 Legem
2254 1502 2606 1564 perceperat;
2638 1494 2736 1549 sed
2767 1502 2946 1549 tamen
2972 1492 3155 1563 sponsi
3176 1492 3255 1547 sui
3274 1491 3629 1563 praesentiam

2025 1582 2322 1653 quaerebat,
2354 1599 2477 1654 qua:
2524 1582 2655 1637 dicit
2691 1583 2992 1638 Osculctur
3024 1597 3115 1638 me
3156 1582 3342 1637 osculo
3372 1581 3487 1637 oris
3517 1581 3627 1635 sui.

2525 1679 2717 1727 sancta
2743 1670 2989 1727 Ecclesia
3019 1686 3117 1740 pro
3156 1669 3391 1725 adventu
3420 1668 3631 1724 Media-

2031 1760 2165 1815 toris
2195 1759 2293 1814 Dei
2325 1767 2382 1813 et
2411 1760 2715 1823 hominum,
2733 1775 2834 1829 pro
2857 1761 3094 1814 adventu
3114 1757 3500 1829 Redemptoris
3521 1756 3628 1823 sui,

2025 1849 2096 1903 ad
2138 1856 2344 1918 patrem
2389 1848 2691 1903 orationem
2724 1847 2869 1912 facit,
2902 1854 2961 1902 ut
2987 1846 3155 1902 ﬁlium
3191 1846 3413 1917 dirigat,
3445 1853 3499 1900 et
3536 1861 3633 1899 sua

2025 1937 2173 1991 illam
2206 1936 2494 2006 praesentia
2522 1936 2786 1991 illustret:
2820 1944 2878 1990 ut
2906 1936 3090 1991 eidem
3115 1935 3370 1991 Ecclesiae
3391 1932 3630 2003 nonjam

2024 2040 2123 2095 per
2160 2025 2567 2095 prophetarum,
2601 2024 2694 2080 sed
2741 2041 2839 2080 suo
2878 2040 2972 2079 ore
3013 2023 3399 2079 allocutionem
3432 2022 3621 2079 faciat.

2024 2112 2177 2171 Unde
2202 2121 2252 2168 et
2281 2113 2350 2166 de
2378 2113 2575 2168 eodem
2609 2127 2813 2182 sponso
2834 2113 2886 2166 in
2910 2112 3212 2183 Evangelio
3232 2113 3495 2182 scriptum
3525 2119 3629 2177 est,

2023 2218 2152 2258 cum
2185 2203 2400 2258 sederet
2439 2201 2496 2254 in
2539 2210 2742 2269 monte,
2775 2208 2828 2256 et
2873 2200 3183 2255 sublimium
3231 2207 3631 2271 praeceptorum

2025 2290 2192 2347 verba
2214 2291 2442 2347 laceret:
2479 2291 2746 2363 Aperiens
2768 2291 2958 2345 autem
2976 2308 3036 2345 us
3052 2306 3217 2345 suum
3239 2289 3388 2345 dixit
3407 2286 3629 2357 (Matth.

2025 2381 2191 2449 v,2):
2224 2396 2287 2434 ac
2323 2379 2372 2433 si
2401 2385 2588 2450 aperte
2629 2377 2873 2432 dicatur:
2909 2379 3057 2432 Tunc
3088 2394 3151 2433 os
3198 2392 3353 2431 suum
3398 2375 3630 2446 aperuit,

2025 2467 2115 2539 qui
2144 2468 2294 2537 prius
2326 2469 2395 2523 ad
2436 2466 2869 2523 exhortationem
2909 2465 3172 2521 Ecclesiae
3212 2471 3496 2537 aperuerat
3534 2478 3632 2519 ora

2024 2557 2431 2628 prophetarum.
2458 2555 2563 2612 Sed
2596 2571 2724 2611 ecce
2760 2572 2881 2610 cum
2913 2555 3168 2626 suspirat,
3201 2568 3324 2610 cum
3356 2552 3506 2623 quasi
3538 2551 3636 2606 ab—

2024 2654 2231 2700 sentem
2275 2644 2493 2716 quzerit,
2550 2643 2728 2699 subito
2777 2643 3011 2698 intuetur
3056 2649 3414 2713 praesentem.
3461 2639 3637 2696 liabet

2022 2733 2127 2789 hoc
2142 2733 2319 2806 gratia
2351 2732 2621 2788 Creatoris
2639 2732 2835 2799 nostri,
2851 2741 2910 2786 ut
2938 2748 3062 2787 cum
3094 2732 3161 2786 de
3188 2730 3284 2786 illo
3304 2738 3626 2799 quaerentes,

2023 2838 2146 2877 eum
2174 2821 2470 2892 loquimur,
2504 2821 2624 2889 ejus
2653 2822 2946 2892 prtesentia
2980 2818 3353 2891 perfruamur.
3390 2816 3548 2874 Unde
3577 2817 3631 2870 in

2024 2909 2323 2982 Evangelio
2339 2909 2607 2979 scriptum
2630 2916 2729 2977 est,
2750 2908 2877 2980 quia
2901 2908 3027 2962 dum
3042 2908 3315 2976 CleOphas
3335 2913 3389 2960 et
3402 2904 3546 2959 alius
3566 2904 3636 2959 de

1945 3005 1995 3071 ο
2026 2995 2119 3053 illo
2150 2997 2203 3052 in
2230 2997 2424 3053 itinere
2453 2996 2620 3052 verba
2651 2996 2915 3062 facerent,
2937 3002 3266 3067 praesentem
3295 3010 3417 3049 eum
3440 2992 3635 3049 videre

2030 3092 2360 3141 meruerunt.
2394 3086 2537 3140 Dum
2570 3100 2702 3157 ergo
2747 3091 2934 3139 sancta
2964 3082 3215 3138 Ecclesia
3243 3082 3637 3137 incarnandum

2029 3190 2296 3244 sponsum
2329 3174 2509 3229 adhuc
2538 3172 2818 3229 absenten
2851 3172 3151 3238 desiderat,
3184 3170 3364 3226 subito
3405 3169 3641 3225 intuetur

2029 3270 2380 3335 praesentem,
2415 3269 2579 3332 atque
2610 3259 2900 3333 subjungit
2933 3275 2946 3315 :

2099 3371 2277 3441 (Vers.
2304 3369 2379 3440 1.)
2415 3369 2555 3435 Quia
2595 3368 2836 3425 meliora
2869 3370 3006 3423 sunt
3038 3366 3205 3423 ubera
3253 3369 3351 3421 tua
3384 3364 3534 3421 vino.
3570 3365 3637 3420 Et

2028 3458 2165 3517 odor
2185 3461 2605 3529 unguentorum
2639 3461 2871 3513 tuorum
2905 3471 3079 3528 super
3106 3454 3305 3511 omnia
3340 3456 3626 3511 aromata.

2098 3570 2151 3622 2.
2185 3564 2382 3620 Vinum
2422 3563 2529 3637 fuit
2565 3561 2794 3620 scientia
2842 3562 3024 3634 Legis,
3072 3560 3297 3617 scientia
3337 3560 3636 3631 propheta-

2030 3670 2176 3709 rum.
2202 3652 2307 3708 Sed
2334 3652 2557 3707 veniens
2590 3650 2879 3713 Dominus.
2900 3650 3027 3720 quia
3048 3649 3373 3719 sapientiam
3398 3664 3499 3718 per
3517 3664 3635 3703 car-

2031 3741 2246 3811 nem(b)
2277 3739 2454 3795 voluit
2472 3739 2805 3809 pradicare;
2854 3737 3005 3808 quasi
3055 3737 3182 3792 fecit
3220 3753 3341 3792 eam
3372 3736 3425 3790 in
3455 3735 3637 3799 carnis

2022 3830 2190 3885 ubera
2227 3829 2525 3883 lutescere:
2559 3844 2716 3897 quam
2732 3826 2807 3898 (c)
2841 3826 2981 3881 enim
3014 3824 3067 3879 in
3098 3824 3377 3879 divinitate
3406 3840 3500 3879 sua
3538 3839 3636 3879 ca-

2024 3934 2153 3990 pere
2183 3917 2406 3971 minime
2436 3923 2774 3986 poteramus,
2808 3914 2862 3984 in
2895 3912 3276 3968 incarnatione
3300 3914 3419 3983 ejus
3449 3927 3629 3984 agno-

2025 4020 2323 4062 sceremus.
2363 4004 2525 4059 Unde
2553 4017 2658 4057 non
2692 4001 2964 4057 immerito
2993 4000 3112 4070 ejus
3140 4000 3307 4056 ubera
3330 3999 3635 4063 laudantur,

2032 4095 2160 4168 quia
2190 4090 2593 4165 pradicationis
2622 4091 2739 4160 ejus
2768 4087 3160 4144 condescensio
3192 4090 3294 4143 hoc
3325 4087 3435 4159 egit
3467 4089 3638 4157 403

2028 4185 2084 4239 in
2115 4182 2380 4238 cordibus
2407 4180 2630 4246 nostris,
2664 4178 2804 4249 quod
2829 4177 3076 4234 doctrina
3104 4177 3264 4248 Legis
3293 4174 3517 4230 minime
3542 4190 3634 4230 va-

2027 4273 2127 4329 luit
2146 4290 2157 4326 :
2185 4272 2267 4343 (d)
2288 4270 2435 4341 prius
2454 4268 2595 4324 enim
2619 4283 2717 4323 nos
2733 4266 2951 4322 nutrivit
2967 4263 3352 4321 incarnationis
3370 4262 3643 4351 praedicta;

304 4377 515 4432 sponsa
545 4372 661 4426 est;
712 4364 801 4435 qui
851 4381 1121 4436 sponsum
1168 4364 1445 4437 praedicat,
1480 4363 1682 4421 sodalis
1711 4372 1793 4419 est
1821 4364 1916 4437 qui
1945 4356 1997 4418 D
2032 4363 2123 4430 tio,
2150 4375 2313 4430 quam
2344 4358 2506 4430 Legis
2534 4356 2796 4412 doctrina.
2839 4354 2996 4410 Dicat
3016 4368 3151 4424 ergo
3184 4368 3197 4408 :
3236 4352 3470 4408 Meliora
3506 4363 3645 4414 sunt

310 4451 494 4508 adhuc
522 4450 773 4507 novellus
799 4452 945 4507 viam
974 4452 1243 4508 honorum
1290 4452 1546 4523 sequitur,
1583 4451 1911 4510 adolescen-

2018 4451 2194 4510 ubera
2226 4452 2322 4503 tua
2342 4462 2513 4518 super
2529 4445 2746 4501 vinum.
2770 4442 2927 4509 Quod
2951 4442 3128 4497 adhuc
3145 4440 3480 4496 conﬁrmans
3506 4440 3637 4495 sub-

306 4539 415 4593 tula
445 4547 550 4594 est.
583 4540 976 4611 (a)lnvitamur
1013 4556 1144 4614 ergo
1176 4548 1235 4597 ut
1258 4542 1423 4597 simus
1440 4556 1678 4612 sponsa;
1712 4540 1762 4596 si
1810 4541 1915 4596 hoc
2017 4537 2198 4611 jungit
2226 4551 2292 4590 ac
2320 4534 2479 4589 dicit:
2515 4535 2583 4589 Et
2606 4533 2739 4588 odor
2755 4534 3177 4603 unguentorum
3212 4533 3440 4586 tuorum
3469 4544 3643 4600 super

309 4628 543 4682 necdum
578 4627 963 4699 praevalemus,
1004 4628 1172 4684 simus
1212 4629 1460 4699 sodales;
1507 4630 1553 4683 si
1601 4644 1777 4699 neque
1814 4630 1918 4683 hoc

311 4715 493 4786 adepti
525 4733 739 4784 sumus,
770 4717 964 4771 saltem
995 4719 1065 4772 ad
1096 4719 1237 4772 hunc
1267 4717 1560 4773 thalamum
1598 4717 1922 4773 adolescen-

318 4803 444 4860 tulre
480 4804 898 4859 conveniamus.
932 4804 1071 4874 Quia
1102 4805 1270 4876 igitur
1292 4821 1554 4878 sponsum
1579 4809 1631 4859 et
1652 4819 1931 4877 Sponsam,

318 4891 613 4947 Dominum
638 4900 691 4948 et
724 4892 1029 4948 Ecclesiam
1063 4893 1326 4961 diximus,
1346 4894 1492 4948 velut
1522 4891 1936 4949 adolescentulus

316 4978 401 5033 vel
433 4979 662 5036 sodales
694 4979 985 5036 audiamus
1013 4982 1179 5039 verba
1210 4982 1419 5053 sponsi,
1449 4980 1734 5036 audiamus
1768 4980 1934 5036 verba

320 5082 569 5139 sponsae;
603 5076 656 5125 et
685 5069 740 5124 in
772 5084 957 5124 eorum
983 5069 1333 5126 sermonibus
1363 5069 1633 5125 fervorem
1661 5069 1936 5126 discamus

330 5337 343 5350 .
386 5266 561 5352 (nllta
593 5282 788 5323 omnes
817 5266 1033 5323 codices
1048 5268 1184 5322 Mss.
1211 5266 1403 5322 lnedit.
1423 5263 1681 5323 Richardi
1702 5264 1932 5339 legitur:

321 5342 671 5394 innitamur.

385 5409 460 5477 (ὁ)
479 5410 537 5460 In
551 5409 687 5463 Cod.
722 5408 932 5464 Theod.
956 5408 1164 5474 noluit,
1191 5407 1406 5464 caeteris
1436 5406 1909 5463 dissentientibus.

394 5476 472 5551 (ο)
494 5478 591 5535 llic
603 5479 783 5551 aliqua
818 5480 1119 5537 desiderari
1139 5481 1411 5536 videntur.
1428 5478 1638 5535 Sensus
1666 5485 1873 5551 pateret
1888 5476 1934 5532 si

2030 4626 2222 4683 omnia
2236 4626 2513 4680 aromata.
2547 4623 2836 4692 Unguenta
2868 4616 3086 4675 Domini
3106 4617 3329 4673 virtutes
3345 4626 3497 4681 sunt;
3531 4634 3643 4672 un-

2029 4721 2233 4787 guenta
2248 4710 2467 4767 Domini
2484 4708 2716 4781 Spiritus
2730 4716 2945 4763 sanctus
2964 4706 3154 4773 fuit,dc
3174 4722 3282 4779 quo
3299 4721 3400 4777 per
3416 4707 3647 4776 prophe-

2043 4811 2147 4859 tam
2178 4800 2396 4857 dicitur:
2426 4798 2603 4857 Unxit
2630 4801 2682 4853 te
2703 4798 2991 4853 DeusDeus
3012 4800 3144 4851 tuus
3167 4796 3284 4849 oleo
3303 4793 3519 4848 latitia:
3530 4808 3649 4863 pra

2040 4889 2394 4949 consortibus
2415 4886 2531 4942 tuis
2550 4887 2728 4957 (Psal.
2748 4900 2905 4954 κων,
2926 4885 2999 4954 ε).
3025 4883 3147 4937 Hoc
3167 4883 3293 4937 oleo
3316 4889 3440 4934 tunc
3453 4886 3650 4933 unctus

2042 4986 2146 5047 est,
2189 4994 2309 5034 cum
2342 4976 2679 5036 incarnatus;
2725 4989 2835 5029 non
2874 4972 3015 5027 enim
3049 4969 3203 5041 prius
3233 4969 3397 5023 homo
3428 4964 3647 5033 exstitit,

2044 5075 2095 5125 et
2134 5064 2478 5139 postmodum
2523 5062 2788 5133 Spiritum
2810 5067 3057 5115 sanctum
3088 5055 3340 5126 accepit;
3385 5053 3480 5108 sed
3512 5053 3641 5124 quia

2044 5261 2354 5332 legeretur:
2378 5261 2444 5313 ut
2464 5272 2632 5332 quam
2644 5253 2978 5332 divinitate,
3016 5246 3277 5332 etcnSed
3308 5244 3437 5332 quia
3464 5243 3518 5299 in
3546 5245 3650 5332 hac

2044 5316 2274 5388 lectione
2289 5316 2615 5386 conveniunt
2642 5326 2768 5383 Mss.
2803 5316 3011 5388 omnes,
3037 5319 3105 5376 ab
3136 5318 3229 5373 illa
3256 5316 3511 5373 recedere
3540 5331 3650 5373 non

2044 5404 2331 5460 audemus.

2116 5475 2195 5545 (d)
2218 5473 2335 5528 Val.
2369 5472 2459 5528 Cl.
2485 5478 2537 5527 et
2566 5469 2919 5538 Rothomag.,
2945 5464 3077 5537 plus
3094 5461 3277 5519 enim.
