3996 6164
391 266 493 326 8⁸79

1625 267 1881 328 SANCTI
1921 263 2266 324 esseom:
2305 262 2528 349 MAGNI

3572 267 3658 329 880

394 392 597 465 Spiritu
628 401 816 453 sancto
844 395 1119 455 mediante
1134 395 1442 455 incarnatus
1457 405 1558 468 est,
1576 398 1769 454 eodem
1787 398 1868 469 (a)
1891 399 1993 452 hoc
2020 392 2075 452 A
2110 392 2302 448 mundi
2324 391 2650 464 sapientiam
2672 398 2915 465 superat.
2932 391 3087 451 Unde
3106 393 3272 462 404
3299 392 3538 466 scriptum
3558 405 3661 452 est:

394 481 522 538 oleo
548 490 672 540 tunc
700 494 891 542 unctus
920 495 1017 556 est,
1050 503 1171 544 cum
1205 489 1368 544 homo
1400 495 1628 544 creatus.
1675 486 1827 541 Odor
1866 501 2000 558 ergo

396 573 657 642 unguenti
690 575 834 644 ejus,
867 584 945 630 est
994 576 1283 648 ﬂagrantia
1331 576 1563 647 Spiritus
1591 576 1781 639 sancti,
1813 574 1906 645 qui
1931 590 2001 629 ex

386 659 485 715 illo
518 662 834 732 procedens,
865 663 917 717 in
949 664 1042 719 illo
1072 665 1402 735 permansit;
1432 664 1571 720 odor
1590 671 1996 735 unguentorum

397 748 536 818 ejus,
565 758 646 804 est
673 749 959 821 ﬂagrantia
974 753 1230 807 virtutum
1252 769 1385 823 quas
1402 760 1657 823 operatus
1676 760 1756 808 est
1769 750 1867 822 (ὁ).
1882 753 1995 807 Ha-

390 835 510 890 buit
536 843 718 891 autem
743 839 995 895 Ecclesia
1026 850 1291 907 aromata,
1316 841 1446 914 quia
1476 842 1667 896 habuit
1687 841 1855 895 multa
1873 840 1997 910 Spi‘

392 924 528 979 ritus
557 925 730 981 sancti
753 927 917 993 dona,
951 945 1074 1000 quae
1104 929 1157 983 in
1188 929 1351 984 domo
1372 929 1496 998 Dei,
1518 929 1572 983 id
1589 936 1669 984 est
1691 929 1743 983 in
1765 944 1997 1001 congre-

394 1012 613 1083 gatione
651 1023 987 1085 sanctorum,
1027 1018 1249 1073 odorem
1291 1018 1449 1074 bonae
1480 1018 1755 1089 Opinionis
1786 1018 1996 1073 redde-

398 1108 538 1168 rent,
562 1111 617 1157 et
644 1103 961 1159 suavitatem
992 1106 1150 1160 futuri
1180 1105 1492 1161 Mediatoris
1520 1106 1852 1161 nuntiarent.
1888 1106 1997 1161 Sed

399 1182 536 1245 odor
567 1197 993 1263 unguentorum
1027 1199 1250 1251 tuorum
1282 1211 1453 1267 super
1479 1196 1673 1250 omnia
1706 1198 1993 1251 aromata:

399 1277 524 1347 quia
542 1278 825 1351 ﬂagrantia
839 1283 1094 1336 virtutum
1112 1284 1441 1354 sponsi,quaa
1460 1300 1559 1353 per
1572 1283 1995 1337 incarnationem

395 1368 515 1437 ejus
547 1368 691 1423 facta
721 1372 822 1436 est,
855 1369 986 1425 vicit
1015 1372 1431 1440 prmdicamenta
1460 1372 1643 1444 Legis,
1669 1389 1795 1443 qum
1826 1372 1878 1426 in
1910 1388 1996 1426 ar-

395 1455 507 1509 rhis
537 1471 569 1510 a
599 1472 805 1525 sponso
836 1458 1050 1514 fuerant
1081 1470 1404 1533 praerogata.
1437 1462 1609 1516 Tanto
1640 1460 1841 1531 quippe
1870 1475 1994 1516 am-

393 1542 539 1612 plius
568 1544 634 1598 ad
666 1545 995 1601 intellectum
1036 1549 1202 1603 crevit
1242 1549 1514 1616 Ecclesia,
1552 1558 1751 1619 quanto
1782 1558 1835 1605 et
1870 1565 1994 1605 am.

394 1631 588 1702 plioris
603 1633 832 1689 visionis
851 1636 1028 1707 gratia
1045 1636 1241 1693 meruit
1259 1638 1540 1693 illustrari.
1562 1639 1655 1692 llla
1673 1637 1833 1708 Legis
1866 1655 1995 1694 aro-

2112 482 2567 553 Quoiinﬁrmum
2580 483 2788 550 estDei,
2806 484 3016 554 fortius
3042 484 3126 539 est
3150 498 3311 552 quam
3333 482 3564 541 hominis
3581 489 3667 550 ;et

2103 570 2247 644 quod
2268 572 2512 627 stultum
2528 575 2613 627 est
2628 572 2746 638 Dei,
2768 572 3088 643 sapientius
3108 576 3190 626 est
3208 588 3368 641 quam
3385 571 3611 630 hominis
3625 575 3665 643 (l

2107 660 2393 729 6013135).
2409 659 2518 714 Sed
2528 660 2657 729 quia
2672 658 2772 729 ipsi
2791 660 2951 729 hujus
2968 658 3153 715 saeculi
3169 659 3432 729 sapientes
3447 676 3651 717 nonnun

2102 763 2266 819 quam
2286 746 2538 802 viduntur
2565 746 2890 817 quibusdam
2921 747 3209 802 virtutibus
3251 748 3457 803 studere
3482 748 3671 818 (videas

2101 835 2243 891 enim
2268 835 2555 907 plerosque
2573 835 2777 890 habere
2793 836 3131 905 charitatem,
3149 851 3363 891 servare
3390 844 3672 894 mansuetu-

2099 923 2303 992 dinem,
2337 924 2677 979 honestatem
2699 923 3026 979 exteriorem
3054 922 3110 978 in
3132 922 3384 978 omnibus
3404 939 3669 988 exercere;

2102 1027 2237 1082 quas
2268 1012 2511 1077 virtutes,
2537 1027 2643 1067 non
2662 1012 2869 1075 utDeo,
2891 1011 2986 1067 sed
3010 1019 3066 1066 ut
3095 1010 3400 1067 hominibus
3426 1012 3675 1081 placeant,

2101 1099 2402 1155 exhibent:
2453 1116 2574 1169 quae
2619 1099 2826 1155 idcirco
2868 1101 3120 1167 virtutes,
3153 1099 3380 1154 virtutes
3421 1115 3524 1154 non
3549 1107 3676 1166 sunt,

2100 1187 2227 1259 quia
2244 1187 2459 1259 placere
2473 1189 2589 1243 Deo
2603 1204 2714 1243 non
2735 1193 3027 1258 appetunt:
3049 1187 3158 1242 olet
3175 1194 3357 1242 tamen
3376 1187 3431 1243 in
3448 1187 3679 1243 humanis

2099 1277 2345 1343 naribus,
2373 1277 2503 1331 dum
2532 1276 2770 1331 humano
2792 1275 2998 1344 judicio
3032 1275 3232 1330 bonam
3250 1274 3549 1345 opinionem
3565 1275 3673 1330 red-

2100 1362 2274 1434 dunt),
2303 1366 2397 1420 sed
2419 1373 2801 1435 comparentur
2826 1366 2946 1420 haec
2976 1380 3103 1420 vero
3131 1364 3290 1420 odori
3322 1363 3681 1435 Redemptoris

2100 1454 2679 1523 nostri,comparentur
2703 1453 2847 1508 veris
2877 1452 3257 1518 virtutibus,et
3284 1451 3517 1507 dicatur:
3553 1452 3684 1509 Odor

2101 1549 2524 1612 unguentorum
2546 1547 2776 1598 tuorum
2803 1558 2974 1614 super
3010 1541 3204 1597 omnia
3226 1544 3497 1597 aromata.
3521 1540 3576 1595 Id
3591 1546 3683 1607 est,

2102 1628 2391 1702 ﬂagrantia
2416 1630 2672 1685 virtutum
2691 1637 2926 1698 tuarum,
2946 1645 3168 1685 omnem
3189 1630 3424 1700 speciem
3448 1629 3685 1684 virtutum

392 1728 540 1775 mata
570 1738 667 1791 per
692 1725 919 1795 angelos
950 1726 1321 1781 administrata
1350 1735 1473 1781 sunt
1506 1746 1517 1782 :
1562 1727 1705 1781 istud
1743 1743 1993 1798 unguen-
2022 1741 2076 1801 Β
2104 1718 2421 1789 sapientium
2456 1718 2641 1773 mundi
2670 1726 2910 1788 superat,
2935 1719 3061 1788 quia
3091 1718 3344 1773 videlicet
3378 1716 3524 1771 ﬁctas
3549 1717 3687 1771 ima-

391 1815 505 1863 tum
535 1826 636 1880 per
660 1813 1011 1880 praesentiam
1067 1815 1252 1869 datum
1301 1823 1405 1870 est.
1446 1816 1556 1871 Sed
1598 1816 1720 1887 quia
1751 1816 1999 1872 claritate

400 1897 518 1966 ejus
548 1900 857 1968 praesentia:
886 1907 1141 1973 superata
1171 1911 1293 1958 sunt
1313 1905 1455 1959 bona
1486 1903 1666 1974 Legis,
1697 1919 1818 1973 qum
1838 1904 2000 1959 subli-

402 1985 512 2039 mia
543 2002 663 2042 esse
688 1989 1063 2062 credebantur,
1095 1991 1306 2046 dicatur
1335 1999 1484 2047 recte
1514 2010 1526 2045 :
1562 1991 1706 2047 Oder
1736 2008 1999 2065 unguen-

401 2078 589 2131 torum
623 2082 846 2133 tuorum
878 2095 1049 2151 super
1075 2096 1246 2154 super
1285 2082 1478 2137 omnia
1506 2085 1784 2138 aromata.

464 2193 516 2244 3.
542 2191 657 2246 Hoc
685 2199 865 2246 autem
898 2194 1041 2264 quod
1071 2195 1400 2268 generaliter
1429 2195 1496 2250 de
1524 2203 1720 2252 cuncta
1752 2196 1996 2253 Ecclesia

396 2277 651 2346 diximus,
675 2297 817 2337 nunc
848 2282 1162 2352 specialiter
1203 2284 1271 2339 de
1298 2300 1624 2356 unaquaque
1661 2284 1837 2340 anima
1866 2302 1995 2340 scn-

391 2366 615 2422 tiamus.
648 2369 921 2425 Ponamus
939 2379 1063 2427 ante
1083 2372 1268 2427 oculos
1286 2388 1412 2427 esse
1433 2373 1670 2427 animam
1702 2374 1996 2445 quamdam

394 2455 663 2511 donorum
694 2457 890 2513 studiis
928 2460 1303 2527 inhaerentem,
1345 2460 1683 2516 intellectum
1723 2478 1789 2517 ex
1818 2461 1996 2517 aliena

390 2543 781 2612 praedicatione
809 2547 1220 2617 percipientem,
1239 2565 1361 2619 quae
1377 2565 1476 2619 per
1502 2548 1739 2604 divinam
1760 2551 1994 2621 gratiam

392 2630 555 2686 etiam
604 2632 723 2702 ipsa
769 2634 1021 2690 illustrari
1071 2634 1379 2701 desiderat;
1413 2644 1470 2692 ut
1512 2637 1807 2709 aliquando
1831 2640 1993 2694 etiam

396 2735 497 2793 per
543 2736 601 2776 se
636 2720 919 2795 intelligat,
951 2741 1070 2794 qua:
1112 2724 1248 2780 nihil
1296 2742 1354 2781 se
1403 2726 1722 2799 intelligere,
1754 2726 1855 2781 nisi
1895 2744 1998 2798 per

397 2808 563 2863 verba
594 2811 1044 2880 praedicatorum;
1079 2813 1399 2881 considerat,
1432 2823 1484 2869 et
1507 2815 1667 2869 dicit:
1699 2817 1996 2873 Osculetur

390 2913 481 2953 me
502 2899 690 2956 oscqu
706 2901 818 2955 oris
833 2902 943 2957 sui.
959 2902 1081 2971 Ipse
1104 2918 1191 2958 me
1209 2910 1391 2974 tangat
1410 2902 1569 2966 intus,
1588 2911 1646 2958 ut
1665 2919 1992 2975 cognoscam

397 2986 791 3058 intelligentia;
826 2997 879 3044 et
916 3005 1022 3045 non
1048 2991 1157 3059 jam
1178 2992 1601 3061 praedicatorum
1623 2993 1866 3058 vocibus,
1898 2994 1993 3049 sed

384 3070 614 3129 internae
642 3075 914 3147 gratim(c)
944 3094 1007 3132 ex
1033 3082 1175 3133 tactu
1206 3079 1465 3149 perfruar.
1486 3078 1648 3149 Quasi
1677 3081 1864 3137 osculo
1881 3082 1993 3138 oris
2020 3089 2071 3153 α

386 3161 469 3215 sui
525 3163 875 3218 osculabatur
898 3166 1139 3236 Moysen,
1172 3184 1293 3222 cum
1325 3168 1373 3223 ei
1413 3184 1509 3237 per
1534 3167 1783 3223 fiduciam
1841 3170 1996 3225 fami-

387 3249 534 3305 liaris
568 3252 759 3323 gratiae
795 3253 1124 3309 intellectum
1169 3254 1493 3326 porrigeret.
1541 3256 1697 3313 Unde
1725 3257 1993 3327 scriptum

386 3346 499 3394 est:
530 3341 587 3395 Si
615 3343 796 3412 fuerit
816 3343 1183 3414 prepheta,in
1201 3344 1419 3400 smnnio
1438 3344 1633 3415 loquar
1650 3345 1722 3399 ad
1750 3361 1911 3409 eum;
1935 3353 1994 3402 et

385 3442 502 3482 non
532 3429 682 3484 sicut
710 3432 931 3501 famulo
948 3446 1075 3487 meo
1092 3431 1256 3502 Moysi
1276 3449 1294 3487 .'
1313 3447 1371 3486 os
1393 3433 1545 3486 enim
1563 3431 1635 3485 ad
1650 3448 1709 3487 os
1728 3432 1915 3504 loquor
1938 3434 1992 3491 ei

385 3514 687 3581 (Numam,
708 3521 784 3587 6).
813 3519 888 3573 Os
918 3519 1119 3589 quippe
1146 3518 1217 3572 ad
1261 3534 1321 3573 os
1367 3518 1537 3588 loqui,
1570 3518 1730 3588 quasi
1759 3520 1990 3581 osculari

381 3610 485 3671 est,
518 3607 573 3659 et
602 3605 865 3661 internum
896 3606 1313 3679 intelligentiam
1361 3615 1542 3662 mente
1585 3614 1840 3679 tangere.
1881 3609 1986 3666 Se-

382 3691 564 3762 quitur
592 3711 607 3749 :

459 3807 637 3878 (Vers.
665 3813 742 3882 1.)
775 3809 927 3876 Quia
954 3812 1191 3869 meliora
1222 3816 1359 3868 sunt
1399 3811 1569 3869 ubera
1601 3816 1701 3868 tua
1733 3812 1881 3869 vino.

450 3920 509 3972 4.
546 3918 728 3975 Ubera
755 3920 853 3976 Dei
875 3926 1017 3987 sunt,
1049 3920 1185 3975 sicut
1212 3921 1362 3990 prius
1390 3920 1644 3985 diximus,
1664 3919 1981 3977 humillima:

383 4006 772 4063 incarnationis
800 4010 922 4079 ejus
950 4008 1362 4066 condescensio.
1382 4008 1661 4079 Sapientia
1683 4015 1861 4064 autem
1882 4025 1982 4065 sae-

375 4094 478 4150 culi
506 4096 658 4168 quasi
690 4097 966 4166 quoddam
997 4097 1183 4153 vinum
1212 4105 1294 4152 est
1327 4114 1339 4151 :
1374 4097 1598 4153 debiliat
1636 4097 1787 4152 enim
1817 4114 1978 4153 men-

377 4188 505 4249 tem,
537 4183 665 4255 quia
696 4185 767 4240 ab
816 4185 1094 4241 intellectu
1141 4185 1459 4240 humilitatis
1487 4185 1722 4241 alienam
1762 4185 1969 4241 reddit.

376 4269 542 4338 Quasi
572 4273 810 4342 quodam
839 4274 968 4329 vino
1011 4273 1322 4329 debriantur
1357 4273 1684 4343 philosophi,
1721 4273 1849 4327 dum
1881 4288 1976 4343 per

376 4360 694 4417 saecularem
745 4354 895 4433 vulgi
939 4376 1178 4417 amorem
1209 4366 1513 4418 transeunt.
1551 4360 1725 4429 Quam
1756 4360 1978 4430 sapien-

2108 1807 2263 1879 gines
2308 1822 2499 1862 eorum
2538 1823 2607 1863 ex
2647 1807 2880 1862 veritate
2912 1806 3266 1863 transcendit.
3298 1805 3440 1874 Quia
3465 1804 3689 1860 secundo

2107 1896 2228 1951 loco
2275 1894 2468 1950 sentiri
2521 1896 2643 1959 hoc,
2678 1895 2821 1965 quod
2879 1894 3085 1950 dictum
3130 1902 3231 1963 est,
3283 1895 3349 1949 de
3380 1907 3688 1964 unaquaque

2104 1984 2295 2039 anima
2317 1983 2579 2048 diximus;
2605 1983 2784 2039 adhuc
2802 1982 3053 2038 eumdem
3076 1981 3376 2043 sensum,si
3391 1996 3686 2053 possumus,

2105 2067 2400 2139 adjuvante
2429 2066 2686 2132 Domino,
2718 2066 2969 2121 subtilius
2998 2081 3387 2136 exsequamur.

2174 2159 2227 2210 5.
2262 2154 2454 2211 Omnis
2498 2155 2680 2210 anima
2726 2171 2847 2225 qum
2895 2154 3045 2210 timet
3075 2155 3269 2224 Deum,
3301 2154 3415 2225 jam
3442 2151 3540 2210 sub
3564 2154 3691 2224 jugo

2103 2242 2223 2315 ejus
2252 2251 2359 2312 est,
2403 2243 2498 2299 sed
2529 2242 2710 2300 adhuc
2747 2242 2928 2315 longe,
2961 2244 3087 2315 quia
3115 2243 3272 2298 timet
3302 2260 3316 2297 :
3349 2258 3471 2298 nam
3496 2249 3690 2296 tantum

2101 2332 2330 2404 quisque
2358 2332 2428 2387 ad
2464 2333 2637 2387 Deum
2670 2331 2901 2403 proﬁcit,
2946 2340 3210 2401 quantum
3242 2347 3458 2403 poenam
3490 2329 3691 2386 timoris

2102 2421 2321 2487 amittit,
2353 2428 2405 2477 et
2431 2420 2659 2492 gratiam
2691 2421 2761 2475 de
2791 2419 2885 2475 illo
2919 2420 3195 2475 charitatis
3240 2420 3492 2491 percipit.
3522 2419 3692 2473 Pona-

2099 2524 2219 2564 mus
2246 2517 2372 2564 ante
2391 2508 2584 2564 Oculos
2613 2507 2849 2563 animam
2882 2507 3171 2578 cujuslibet
3199 2508 3382 2576 electi,
3414 2523 3533 2579 qum
3559 2521 3690 2562 con-

2102 2596 2250 2652 tinuo
2280 2596 2557 2653 desiderio
2586 2596 2641 2651 in
2679 2612 2925 2652 amorem
2956 2596 3180 2652 visionis
3220 2595 3411 2668 sponsi
3440 2593 3690 2652 accendi-

2098 2688 2209 2753 tur,
2241 2684 2370 2756 quia
2398 2684 2544 2756 quod
2574 2684 2628 2739 in
2656 2684 2759 2740 hac
2786 2685 2897 2738 vita
2926 2684 3166 2755 perfecte
3186 2684 3468 2755 percipere
3485 2698 3588 2739 non
3608 2696 3691 2737 νε·

2100 2773 2196 2840 let,
2214 2773 2607 2844 contemplatur
2634 2772 2754 2843 ejus
2783 2773 3184 2841 celsitudinem,
3204 2782 3261 2829 et
3283 2788 3353 2828 ex
3373 2773 3495 2843 ipso
3516 2784 3693 2826 amore

2099 2878 2219 2919 com
2229 2862 2489 2935 pungitur
2510 2881 2523 2927 ;
2547 2862 2627 2932 (ιι)
2647 2861 2765 2933 ipsa
2794 2860 2935 2916 enim
2956 2868 3307 2932 compunctio
3326 2877 3452 2935 quae
3471 2876 3566 2931 per
3581 2859 3695 2915 cha-

2100 2950 2310 3007 ritatem
2342 2949 2418 3016 fit,
2452 2966 2571 3021 qua
2593 2958 2647 3005 et
2674 2949 2948 3005 desiderio
2977 2950 3318 3017 accenditur,
3348 2948 3503 3021 quasi
3523 2946 3696 3021 quod-

2099 3038 2227 3095 dam
2255 3040 2498 3096 osculum
2531 3047 2640 3103 est;
2675 3038 2829 3095 toties
2855 3038 2997 3094 enim
3028 3038 3206 3093 anima
3224 3038 3692 3105 osculaturDeum,

2099 3126 2312 3199 quoties
2341 3127 2396 3181 in
2425 3127 2545 3196 ejus
2573 3140 2758 3181 amore
2779 3126 3183 3197 compungitur.
3203 3126 3346 3183 Sunt
3360 3126 3509 3182 enim
3526 3123 3694 3190 multi,

2095 3216 2190 3286 qui
2212 3214 2327 3285 jam
2361 3214 2577 3287 quidem
2610 3212 2902 3269 Dominum
2932 3222 3192 3278 metuunt,
3217 3215 3332 3281 jam
3354 3214 3553 3269 bonam
3574 3226 3695 3283 ope-

2089 3303 2354 3358 rationem
2410 3302 2709 3372 recipiunt;
2768 3302 2866 3357 sed
2916 3301 3148 3379 necdum
3195 3302 3531 3368 osculantur,
3575 3297 3697 3372 quia

2090 3406 2279 3447 amore
2324 3390 2442 3458 ejus
2471 3389 2694 3445 minime
2740 3398 3199 3462 compunguntur.
3246 3390 3417 3460 Quod
3466 3390 3604 3445 bene
3642 3386 3695 3442 iu

2087 3478 2345 3536 convivio
2374 3478 2635 3533 Pharisaei
2665 3478 2941 3550 signatum
2988 3485 3090 3545 est,
3120 3478 3211 3548 qui
3250 3495 3374 3534 cum
3408 3477 3695 3534 Dominum

2086 3565 2404 3637 recepisset,
2427 3582 2661 3636 cumque
2689 3566 2958 3621 osculanti
3011 3566 3227 3621 mulieri
3264 3568 3444 3636 pedes
3474 3565 3612 3635 ejus,
3642 3563 3698 3617 in

2084 3654 2252 3712 corde
2292 3670 2389 3710 suo
2429 3654 2738 3727 derogaret,
2768 3654 2977 3709 audivit
3010 3673 3023 3709 :
3056 3655 3317 3711 Intranti
3360 3658 3425 3711 in
3469 3655 3697 3711 domum

2088 3746 2266 3808 tuam,
2287 3744 2544 3799 osculum
2573 3744 2717 3799 mihi
2733 3759 2848 3799 non
2864 3742 3102 3807 dedisti;
3131 3743 3251 3799 hac
3275 3748 3479 3800 autem
3499 3760 3574 3800 ex
3594 3757 3694 3814 quo

2080 3832 2337 3905 ingressa
2348 3835 2574 3899 est,non
2585 3831 2822 3889 cessavit
2838 3832 3087 3886 osculari
3094 3832 3264 3904 pedes
3274 3833 3694 3899 meos(Luc.vn,

2083 3921 2193 3991 44).
2218 3919 2410 3976 Omnis
2444 3919 2533 3989 qui
2557 3919 2675 3988 jam
2707 3918 3083 3989 eleemosynas
3110 3916 3256 3984 facit,
3274 3919 3370 3990 qui
3395 3922 3515 3990 jam
3536 3918 3689 3975 bonis

2080 4007 2341 4079 operibus
2359 4007 2556 4074 studet,
2573 4005 2723 4078 quasi
2749 4005 3023 4060 Christum
3056 4006 3109 4061 in
3129 4007 3458 4064 convivium
3480 4006 3694 4077 recipit,

2080 4096 2352 4152 Christum
2380 4093 2576 4165 pascit,
2596 4094 2687 4165 qui
2717 4109 2838 4149 eum
2870 4094 2925 4148 in
2956 4094 3217 4150 membris
3246 4097 3366 4151 suis
3396 4102 3703 4152 sustentare

2080 4199 2189 4240 non
2215 4183 2442 4246 desinit;
2477 4183 2576 4238 sed
2600 4183 2645 4237 si
2676 4184 2919 4239 nondum
2949 4199 3051 4253 per
3080 4198 3328 4240 amorem
3363 4182 3700 4256 compungi-

2084 4280 2187 4340 tur,
2218 4271 2397 4327 adhuc
2424 4270 2545 4340 ejus
2580 4270 2813 4343 vestigia
2861 4288 2969 4327 non
3012 4270 3316 4327 osculatur.
3360 4270 3701 4343 Praeponitur

2085 4376 2224 4432 ergo
2242 4358 2440 4430 pastori
2457 4358 2651 4414 mulier
2666 4375 2785 4429 quae
2802 4359 3095 4424 osculatur,
3115 4359 3240 4430 quia
3251 4360 3334 4432 (e)
3354 4360 3701 4432 praeponitur

377 4446 506 4500 tiam
528 4447 771 4504 Ecclesia
788 4448 1069 4519 despiciat,
1091 4449 1450 4504 humillimam
1469 4448 1776 4504 Dominicaa
1797 4448 1974 4504 incar-
1999 4451 2053 4512 D
2083 4447 2351 4503 exteriora
2382 4462 2480 4502 sua
2509 4445 2680 4515 danti,
2703 4448 2750 4502 is
2782 4448 2872 4517 qui
2920 4448 3130 4503 interno
3176 4449 3381 4505 mentis
3421 4448 3620 4505 ardore
3645 4445 3701 4503 in

373 4533 609 4589 nationis
656 4537 1089 4607 predicationem
1130 4545 1348 4609 appetat
1379 4536 1521 4607 (plus
1549 4537 1603 4591 ei
1629 4536 1802 4607 sapiat
1827 4536 1975 4607 quod

368 4636 470 4691 per
499 4621 867 4681 inﬁrmitatem
920 4626 1099 4682 carnis
1150 4628 1265 4695 ejus
1328 4626 1580 4691 nutritur,
1613 4641 1775 4695 quam
1826 4627 1974 4697 quod

371 4709 612 4765 mundus
641 4712 728 4769 hic
757 4730 853 4783 per
880 4713 1171 4771 elationem
1214 4714 1368 4771 falsae.
1406 4714 1715 4784 prudentiae
1744 4713 1973 4769 extolli-

374 4798 510 4869 tur).
528 4805 582 4854 et
611 4800 782 4856 dicat:
807 4800 955 4866 Quia
982 4804 1218 4859 meliora
1241 4807 1378 4860 sunt
1407 4803 1578 4859 ubera
1608 4806 1707 4858 tua
1740 4803 1890 4870 vino,
1916 4802 1972 4858 id

377 4894 463 4943 est
494 4887 795 4945 humillima
822 4890 1204 4947 incarnationis
1232 4898 1340 4946 tum
1366 4889 1701 4962 praedicatio,
1738 4890 1971 4945 velatam

433 5065 514 5137 (η)
544 5068 699 5123 Rem.
732 5084 797 5124 ac
824 5068 1054 5137 Theod.,
1088 5068 1189 5125 hoc
1221 5069 1357 5125 loco.

435 5136 612 5208 (b)Ita
642 5139 763 5195 Val.
796 5139 879 5194 Cl.
904 5135 1558 5195 aliiscontradicentibus
1603 5135 1695 5191 ubi
1743 5135 1963 5209 legitur,

368 5207 598 5265 hauriat
618 5215 836 5267 autem.

445 5282 518 5343 te)
536 5279 625 5334 Sic
644 5281 807 5336 habet
823 5281 1115 5337 Rhothom.
1128 5282 1188 5335 In
1212 5280 1386 5336 tribus
1405 5277 1546 5341 aliis,
1561 5292 1633 5333 ea:
1650 5282 1804 5334 actu.
1822 5277 1964 5333 Prio-

367 5362 478 5402 rem
502 5348 787 5422 lectionem
819 5352 987 5422 pluris
1008 5350 1319 5407 habendam
1346 5355 1634 5422 suaserunt
1663 5363 1782 5422 qua:
1802 5348 1966 5422 paulo

368 5426 492 5494 post
516 5419 770 5494 leguntur
792 5419 915 5494 :‘Os
935 5423 1137 5494 quippe
1165 5422 1238 5477 ad
1258 5438 1317 5477 os
1340 5421 1513 5491 loqui,
1526 5420 1693 5494 quasi
1717 5419 1965 5476 osculari

368 5436 492 5486 ροει
516 5436 770 5544 teguntur
792 5439 804 5475 ζ
848 5436 915 5478 US
935 5436 1137 5494 quippe
1165 5436 1237 5477 aa
1258 5438 1317 5477 08
1340 5436 1513 5491 ιοᾳυι,
1533 5436 1693 5489 quasi
1717 5436 1849 5474 oscu

365 5491 473 5574 est,
484 5492 875 5574 gratemur}:
893 5493 1569 5574 intelligentiam_mente
1596 5493 1852 5574 tangere.

2082 4534 2351 4591 desiderio
2404 4535 2628 4591 Domini
2676 4535 3077 4608 compungitur.
3137 4537 3283 4593 Bene
3340 4546 3530 4594 autem
3577 4536 3698 4592 dic-

2081 4632 2194 4679 tum
2224 4631 2324 4680 est.
2343 4625 2461 4681 Non
2482 4624 2724 4681 cessavit
2744 4624 2991 4682 osculari
3010 4622 3177 4693 pedes
3192 4641 3371 4683 meos.
3403 4628 3533 4683 Non
3553 4624 3697 4682 enim

2078 4710 2277 4767 sufﬁcit
2303 4711 2358 4766 in
2390 4726 2630 4767 amorem
2655 4710 2754 4767 Dei
2774 4711 2942 4767 semel
2965 4712 3263 4785 compungi
3306 4722 3364 4770 et
3383 4715 3696 4787 quiescere,

2078 4801 2173 4858 sed
2202 4799 2551 4871 compunctio
2581 4816 2701 4856 esse
2729 4799 2891 4856 debet
2920 4799 2970 4855 ei
3000 4800 3350 4857 crebrescere
3374 4820 3387 4855 :
3414 4801 3563 4857 unde
3582 4815 3698 4856 mu-

2077 4890 2182 4971 lier
2205 4887 2332 4945 ideo
2360 4888 2629 4956 laudatur,
2660 4888 2787 4959 quia
2815 4888 3055 4944 osculari
3101 4904 3214 4945 non
3261 4888 3503 4959 destitit,
3536 4890 3596 4947 id
3619 4895 3701 4946 est

2075 5067 2257 5141 daturi
2287 5082 2492 5141 sumus,
2524 5065 2775 5123 laudatur
2821 5074 3079 5141 tanquam
3116 5083 3149 5122 a
3179 5068 3467 5141 Gregorio
3501 5069 3698 5141 prola-

2073 5144 2159 5209 tus
2213 5138 2267 5192 in
2309 5138 2659 5209 Canticorum,
2698 5138 3055 5209 expositione,
3095 5138 3253 5209 quod
3282 5138 3691 5195 observatione

2074 5208 2324 5280 dignum.
2363 5210 2444 5264 Ne
2478 5225 2600 5265 vero
2640 5208 2845 5264 fraudis
2873 5208 3377 5280 oriatursuspicio,
3413 5211 3696 5266 admoneo

2073 5278 2388 5352 sententiam
2417 5280 2557 5352 hanc
2586 5296 2651 5352 ex
2681 5280 2893 5352 integro
2921 5279 3147 5352 reperiri
3180 5278 3234 5335 in
3260 5281 3535 5352 omnibus
3568 5282 3693 5352 Mss.

2072 5349 2293 5414 nostris,
2343 5351 2548 5406 scilicet
2585 5349 2886 5405 Turonensi
2922 5349 3243 5417 SfMartini,
3269 5351 3608 5407 Divionensi
3631 5351 3691 5407 S.

2072 5420 2469 5495 Beai_gni,_\lal.
2495 5421 2600 5495 OL,
2631 5421 2862 5495 [heed.,
2896 5421 3523 5495 Bem.‘ac_Rothomag.

2141 5490 2233 5566 (e):
2246 5493 2310 5547 In
2333 5492 2540 5549 Theod.
2572 5499 2627 5549 et
2653 5493 2805 5550 Rem.
2841 5492 3017 5549 solum
3058 5490 3277 5566 legitur,
3318 5490 3696 5566 praﬁonitur

434 5557 514 5632 (ά)
528 5559 628 5617 Hic
647 5560 799 5617 locus
825 5560 881 5616 in
923 5557 1159 5634 genuina
1199 5563 1395 5620 Paterii
1423 5557 1764 5629 collectione,
1798 5572 1961 5632 quam
2068 5557 2254 5618 danti.
