3996 6164
329 198 427 267 l8!

1115 200 1336 261 SUPER
1365 194 1662 261 CANTICA
1691 190 2155 261 CANTICORUM
2186 190 2664 261 EXPOSITIO.——
2691 203 2857 262 CAP.
2896 201 2939 261 l.

3538 200 3642 268 ιεξ

327 349 627 424 compungi
655 348 877 407 minime
907 348 1157 405 cessavit.
1189 346 1345 404 Unde
1374 363 1473 417 per
1500 348 1824 420 prophetam
1845 345 1927 402 di-
1952 329 2006 389 Α
2035 346 2313 402 hominem
2342 346 2608 404 exhibuit.
2643 349 2721 404 De
2765 365 2870 420 qua
2916 348 3181 406 effusione
3236 350 3433 408 Paulus
3460 352 3593 410 dicit
3625 373 3638 411 :

328 441 489 496 citur:
514 438 858 496 Constituite
872 438 1020 494 diem
1035 437 1347 493 solemnem
1366 438 1427 492 in
1442 436 1931 510 frequentationi-

326 529 443 598 bus,
456 545 631 601 usque
648 528 720 583 ad
749 543 929 585 cornu
941 526 1337 597 altaris(Psal.
1380 526 1669 595 cxvu,27).
1685 525 1813 581 Dies
1830 539 1923 579 so-

324 617 516 673 lemnis
529 615 770 671 Domino
799 623 883 671 est
910 613 1252 685 compunctio
1266 612 1444 668 cordis
1471 612 1663 675 nostri;
1688 611 1786 669 sed
1808 620 1933 667 tunc

322 707 377 760 iu
404 704 839 776 frequentatione
867 702 984 758 dies
1026 700 1286 757 solemnis
1315 700 1675 767 constituitur,
1709 717 1831 755 cum
1860 700 1931 754 ad

323 794 593 865 lacrymas
620 807 723 863 pro
751 807 939 847 amore
967 792 1083 861 ejus
1111 788 1326 845 assidue
1349 797 1616 845 movetur.
1658 788 1756 844 Cui
1785 788 1933 845 velut

317 884 360 938 si
386 883 732 937 diceremus:
766 879 1019 949 Quandiu
1050 879 1150 933 ista
1197 877 1366 934 acturi
1394 894 1581 933 sumus
1622 880 1649 932 ‘?
1682 877 1931 946 Quandiu

317 969 764 1027 tribulationibus
794 967 1089 1025 aﬁiciemur
1107 968 1136 1020 ‘2
1166 966 1318 1022 Illico
1340 967 1628 1021 terminum
1648 982 1931 1038 quousque

316 1059 426 1117 ﬁeri
437 1056 638 1115 debeat
664 1056 964 1128 subjunxit,
978 1055 1192 1111 dicens:
1217 1056 1391 1127 Usque
1407 1054 1480 1111 ad
1499 1070 1680 1111 cornu
1691 1056 1846 1111 altar
1857 1056 1924 1113 is.

318 1148 493 1204 Cornu
522 1146 725 1219 quippe
754 1144 940 1201 altaris
958 1152 1036 1199 est
1064 1143 1323 1199 exultatio
1352 1141 1609 1199 sacrificii
1628 1143 1926 1212 interioris,

313 1239 479 1307 405
513 1236 609 1290 ubi
641 1251 765 1292 cum
813 1232 1250 1304 pervenerimus,
1278 1233 1395 1302 jam
1456 1246 1798 1301 nequaquam
1828 1248 1929 1287 ne-

314 1341 458 1381 cesse
487 1332 597 1393 est,
626 1333 685 1380 ut
715 1323 1026 1379 solemnem
1054 1320 1200 1376 diem
1258 1320 1494 1376 Domino
1530 1320 1598 1375 de
1630 1327 1812 1375 nostra
1841 1319 1927 1374 la-

312 1413 646 1469 mentatione
677 1412 959 1468 faciamus.
986 1411 1187 1464 Anima
1209 1424 1342 1482 ergo
1364 1425 1486 1479 quae
1511 1408 1624 1479 jam
1652 1424 1753 1478 per
1780 1424 1926 1464 amo-

310 1517 422 1558 rem
447 1500 753 1572 compungi
782 1499 1054 1567 desidera,
1086 1513 1208 1568 quae
1231 1498 1345 1567 jam
1376 1496 1732 1567 contemplari
1763 1496 1927 1552 visio-

312 1605 435 1644 nem
464 1589 656 1659 sponsi
682 1588 765 1643 sui
798 1587 1025 1659 appetit,
1057 1585 1240 1641 dicat:
1279 1584 1584 1642 Osculetur
1607 1601 1697 1641 me
1737 1585 1927 1643 osculo

314 1680 426 1735 oris
467 1679 585 1734 sui.

377 1770 435 1822 6.
482 1766 575 1822 vel
604 1772 752 1821 certe
779 1762 1031 1821 Osculum
1062 1761 1181 1831 ejus
1207 1760 1318 1817 oris
1359 1769 1441 1817 est
1489 1760 1608 1830 ipsa
1660 1759 1925 1831 perfectio

310 1855 468 1927 pacis
497 1854 749 1923 internas,
781 1853 848 1908 ad
880 1867 1043 1923 quam
1069 1866 1193 1905 cum
1223 1849 1650 1922 pervenerimus,
1682 1849 1816 1903 nihil
1847 1864 1926 1904 re-

309 1944 560 2000 manebit
586 1942 828 2013 amplius
862 1940 1007 2011 quod
1030 1954 1369 2010 quaramus.
1414 1937 1566 1994 Unde
1590 1945 1644 1993 et
1669 1946 1794 2009 apte
1810 1936 1931 1992 sub-

311 2033 586 2103 jungitur.
626 2032 768 2099 Quia
782 2029 1171 2085 meiiorasunt
1188 2026 1360 2084 ubera
1379 2027 1501 2096 ejus
1545 2027 1697 2081 vino.
1730 2026 1930 2081 Vinum

316 2121 464 2177 enim
494 2128 582 2175 est
608 2117 833 2174 scientia
860 2116 983 2183 Dei,
1017 2131 1177 2186 quam
1206 2115 1260 2169 in
1283 2114 1387 2169 ista
1416 2114 1528 2169 vita
1554 2113 1718 2183 positi
1766 2127 1928 2170 acce-

315 2210 530 2281 pimus;
564 2208 733 2264 ubera
775 2214 954 2261 autem
1005 2203 1189 2275 sponsi
1221 2212 1345 2259 tunc
1372 2202 1772 2273 amplectimur,
1804 2216 1929 2257 cum

315 2314 442 2354 eum
466 2298 583 2367 jam
615 2295 672 2350 in
727 2301 931 2350 aeterna
960 2291 1131 2364 patria
1158 2308 1261 2362 per
1286 2291 1595 2362 amplexum
1641 2289 1932 2360 presentiae

321 2385 777 2454 contemplemur.
810 2382 965 2438 Dicat
994 2396 1128 2452 ergo
1159 2400 1171 2435 :
1212 2380 1438 2436 Meliora
1466 2383 1602 2434 sunt
1644 2378 1818 2435 ubera
1831 2383 1933 2435 tua

312 2476 467 2530 vino.
499 2476 580 2528 Ac
607 2473 651 2526 si
683 2472 861 2528 dicat:
893 2471 1094 2541 Magna
1122 2476 1207 2524 est
1244 2467 1725 2538 quidemscientia,
1769 2482 1932 2539 quam

312 2563 379 2618 de
402 2572 461 2617 te
474 2561 610 2615 mihi
643 2560 698 2614 in
729 2562 832 2614 hac
862 2560 971 2613 vita
1001 2556 1305 2619 contulisti;
1340 2572 1602 2629 magnum
1632 2561 1718 2611 est
1746 2556 1933 2612 vinum

316 2650 524 2705 notitiae
556 2654 683 2717 tuae,
716 2662 823 2718 quo
853 2662 943 2703 me
972 2645 1232 2715 debrias;
1283 2645 1378 2700 sed
1434 2644 1603 2699 ubera
1661 2653 1750 2699 tua
1805 2651 1931 2699 sunt

311 2739 443 2795 vino
473 2738 726 2813 meliora,
760 2736 888 2807 quia
919 2743 1044 2791 tunc
1071 2750 1174 2804 per
1210 2735 1447 2804 speciem
1477 2741 1531 2788 et
1559 2750 1657 2804 per
1684 2732 1936 2789 sublimi-

313 2835 487 2882 tatem
518 2824 992 2897 contemplationis
1047 2822 1447 2878 transcenditur
1497 2821 1725 2892 quiquid
1784 2820 1852 2875 de
1884 2828 1935 2876 te

312 2917 488 2973 modo
505 2931 605 2986 per
628 2913 791 2970 ﬁdem
812 2914 996 2969 scitur.
1027 2914 1098 2969 Et
1117 2912 1250 2968 odor
1263 2914 1686 2981 unguentorum
1703 2914 1935 2967 tuorum

310 3020 491 3077 super
510 3005 704 3061 omnia
720 3006 978 3059 aromata
995 3021 1016 3068 ;
1043 3001 1171 3056 dum
1202 3000 1394 3054 virtute
1423 2999 1691 3064 scientias,
1740 2997 1937 3053 virtute

2044 434 2291 502 Quicum
2306 438 2367 492 in
2384 439 2570 507 forma
2582 438 2680 493 Dei
2697 442 2862 505 esset,
2883 455 2999 495 non
3029 443 3296 512 rapinam
3325 443 3642 500 arbitratus

2039 528 2096 579 et
2117 540 2171 580 se
2191 541 2309 581 esse
2331 527 2605 597 aequalem
2627 527 2752 595 Deo,
2793 528 2889 583 sed
2920 532 3282 597 semetipsum
3318 532 3643 587 exinanivit

2037 614 2287 682 formam
2312 615 2462 669 servi
2482 617 2769 685 accipiens
2794 616 3094 687 (Philith
3129 618 3206 680 7).
3240 615 3397 686 Quod
3450 620 3647 675 Paulus

2039 701 2198 770 dixit,
2230 702 2597 769 exinanioit;
2629 705 2730 758 hoc
2756 704 3013 759 Salomon
3068 705 3230 772 dixit,
3262 707 3481 777 effudit.
3505 706 3647 777 Quia

2038 804 2172 860 ergo
2198 790 2435 845 humano
2466 792 2659 863 generi
2682 792 2943 847 Dominus
2972 808 3069 861 per
3089 792 3448 850 humilitatem
3476 796 3652 851 incar-

2039 877 2271 933 nationis
2301 878 2555 943 innotuit,
2589 879 2799 935 dicatur
2830 879 2879 935 ei
2923 897 2934 933 :
3001 882 3357 953 Unguentum
3404 883 3648 954 eﬁ‘usum

2037 982 2244 1023 nomen
2268 971 2451 1023 tuum.
2482 967 2736 1039 Sequitur
2760 983 2774 1022 :

2105 1053 2285 1110 (Vers.
2314 1056 2402 1125 2.)
2434 1057 2555 1113 Ideo
2576 1056 3019 1114 adolescentulos
3035 1057 3370 1116 dilexerunt
3389 1065 3444 1117 te

2107 1146 2160 1197 8.
2194 1141 2338 1210 Quid
2368 1145 2473 1199 hoc
2509 1144 2628 1200 loco
2670 1145 3122 1217 adolescentulus,
3180 1148 3281 1203 nisi
3345 1149 3647 1209 electorum

2035 1229 2245 1285 animas
2273 1248 2375 1301 per
2404 1231 2732 1303 baptismum
2789 1243 3079 1291 renovatas
3134 1239 3467 1308 accipimus?
3525 1242 3647 1297 Vita

2037 1318 2240 1390 quippe
2277 1320 2488 1390 peccati
2550 1321 2619 1377 ad
2650 1330 2889 1379 veterem
2920 1325 3196 1381 hominem
3246 1327 3498 1398 pertinet,
3531 1330 3645 1386 vita

2028 1405 2252 1475 justitiae
2281 1408 2350 1463 ad
2386 1424 2607 1464 novum.
2653 1410 2793 1479 Quia
2816 1428 2948 1485 ergo
2971 1423 3307 1485 unguentum
3339 1415 3485 1471 foras
3514 1416 3647 1473 effu-

2034 1494 2131 1562 dit,
2169 1495 2223 1549 in
2254 1510 2438 1552 amore
2468 1513 2568 1554 suo
2587 1498 3016 1556 adolescentulas
3044 1502 3298 1559 ardentes
3328 1502 3456 1560 fecit
3478 1524 3493 1571 ;
3520 1506 3647 1577 quia

2034 1591 2326 1639 renovatas
2364 1585 2576 1641 animas
2604 1587 2872 1645 desiderio
2911 1605 3010 1645 suo
3053 1589 3354 1664 fragrantes
3404 1594 3647 1665 exhibui;

2036 1669 2276 1727 Puerilis
2323 1681 2454 1728 retas
2481 1674 2656 1729 amori
2706 1676 2937 1731 necdum
2993 1679 3281 1751 congruit;
3336 1682 3521 1737 senilis
3576 1684 3648 1739 ab

2036 1774 2223 1816 amore
2250 1760 2469 1815 desinit.
2504 1763 2643 1817 Puer
2679 1771 2777 1832 est,
2821 1765 2911 1835 qui
2965 1768 3094 1824 vita:
3121 1768 3358 1824 ardentis
3408 1771 3646 1828 studium

2036 1847 2272 1903 necdum
2305 1849 2471 1921 cmpit
2501 1865 2515 1920 ;
2546 1867 2708 1906 senex
2740 1859 2843 1921 est,
2886 1854 2977 1924 qui
3016 1864 3255 1926 cmperat
3284 1857 3522 1928 quidem,
3553 1861 3648 1917 sed

2034 1935 2210 1991 desiit.
2245 1935 2385 2005 Quia
2405 1953 2538 2011 ergo
2556 1955 2728 2010 neque
2761 1940 2815 1995 hi
2845 1940 3083 2015 ﬂagrant
3113 1943 3167 1997 in
3189 1946 3357 2015 406
3389 1947 3643 2017 Domino,

2036 2024 2127 2123 qui
2155 2025 2385 2123 necdum
2415 2036 2690 2098 ceperunt,
2723 2046 2899 2123 neque
2942 2031 2997 2084 hi
3053 2032 3143 2101 qui
3191 2033 3307 2103 jam
3365 2046 3649 2123 ceperant.

2035 2112 2129 2167 sed
2160 2113 2492 2185 friguerunt;
2534 2116 2831 2187 postposita
2870 2118 3067 2188 puerili
3114 2121 3201 2175 vel
3250 2123 3411 2178 senili
3459 2112 3643 2196 aetate,

2038 2201 2462 2258 adolescentulus
2508 2220 2731 2262 currere
2764 2205 3037 2277 dicuntur,
3087 2207 3143 2263 id
3179 2218 3259 2265 est
3286 2211 3396 2266 illae
3446 2213 3646 2271 anima:

2038 2307 2161 2361 qua:
2189 2289 2241 2345 in
2276 2291 2394 2361 ipso
2426 2292 2654 2349 fervoris
2681 2309 2870 2350 amore
2897 2304 3039 2351 sunt.

2114 2382 2167 2433 9.
2203 2379 2365 2448 Quod
2393 2388 2573 2435 tamen
2601 2381 2913 2455 intelligere
2937 2383 3099 2440 aliter
3121 2401 3430 2456 possumus.
3465 2388 3651 2448 Potest

2040 2468 2185 2522 enim
2216 2467 2592 2524 adolescentia
2619 2470 2685 2524 ad
2712 2469 3082 2527 inﬁrmitatem
3117 2474 3330 2530 referri.
3368 2477 3648 2534 Juveniles

2042 2556 2242 2626 quippe
2273 2565 2460 2613 aetates
2486 2566 2610 2613 sunt
2639 2559 2773 2615 ordo
2800 2561 3145 2633 angelorum,
3178 2563 3270 2636 qui
3310 2565 3454 2619 nulla
3484 2566 3645 2622 debi-

2042 2645 2193 2700 litate
2223 2645 2349 2700 victi
2379 2655 2522 2714 sunt,
2556 2647 2705 2701 nulla
2760 2646 3068 2704 inﬁrmitate
3111 2652 3367 2721 superati.
3427 2654 3650 2711 Dicatur

2043 2750 2179 2805 ergo
2201 2752 2212 2787 :
2243 2737 2598 2806 Unguentum
2616 2735 2859 2806 effusum
2874 2742 2958 2794 est
2974 2755 3182 2795 nomen
3199 2742 3513 2810 tuum,ideo
3526 2745 3648 2802 ado-

2045 2823 2370 2879 lescentqu
2397 2824 2731 2880 dilexerunt
2766 2828 2821 2881 te
2833 2847 2856 2889 ;
2888 2826 2941 2881 id
2972 2834 3070 2896 est,
3105 2827 3233 2896 quia
3259 2844 3361 2898 per
3385 2830 3646 2888 incarna-

2046 2911 2244 2967 tionem
2276 2919 2445 2980 tuam,
2469 2913 2716 2969 notitiam
2741 2921 2888 2968 tuam
2910 2915 3149 2970 exterius
3166 2914 3425 2987 eﬁ'udisti,
3445 2918 3646 2976 idcirco

2044 2998 2272 3056 infirma}
2299 3000 2494 3056 animae
2523 3009 2769 3056 naturam
2815 3001 3114 3057 humanam
3161 3002 3387 3075 diligere
3425 3023 3643 3078 prava-

311 3070 602 3164 castitatis,
632 3093 828 3149 virtute
884 3088 1288 3155 misericordiae,
1329 3087 1526 3144 virtute
1573 3086 1924 3153 humilitatis,
1956 3070 2006 3133 C
2038 3088 2169 3144 lent.
2203 3088 2315 3144 Illa:
2345 3106 2544 3160 quippe
2585 3091 2822 3146 Virtutes
2850 3107 3081 3147 summa;
3110 3109 3247 3163 quas
3262 3070 3453 3151 'zetati-s
3477 3097 3641 3167 juve-

313 3183 521 3240 virtute
547 3180 820 3236 charitatis
861 3179 1058 3248 pollet.
1124 3177 1182 3232 Si
1237 3184 1543 3232 sanctorum
1574 3174 1683 3230 vita
1707 3175 1931 3230 odorem

312 3279 623 3328 aromatum
667 3284 733 3324 ex
771 3267 1058 3323 virtutibus
1098 3281 1213 3321 non
1231 3265 1475 3328 haberet,
1497 3264 1692 3317 Paulus
1720 3278 1829 3318 non
1850 3262 1935 3317 di-

318 3366 504 3415 ceret:
544 3357 759 3414 Christi
778 3357 954 3412 bonus
972 3353 1311 3412 odorsamus
1362 3354 1470 3409 Deo
1520 3352 1583 3406 in
1641 3352 1796 3408 omni
1821 3351 1936 3408 loco

317 3448 387 3517 (ll
425 3446 556 3502 Cor.
578 3463 618 3515 ι,
651 3446 765 3517 15).
796 3445 905 3501 Sed
933 3443 1098 3514 longe
1138 3441 1492 3497 excellentior
1518 3449 1597 3495 est
1629 3440 1722 3495 illa
1751 3439 1938 3495 unctio

318 3537 446 3605 Dei,
479 3536 553 3590 ad
586 3550 749 3604 quam
778 3533 1103 3605 quandoque
1134 3529 1364 3585 ducendi
1396 3529 1617 3591 sumus’;
1652 3529 1817 3601 longe
1848 3543 1941 3582 ex-

318 3623 607 3681 cellentior
633 3630 717 3678 est
731 3622 868 3677 odor
900 3626 1304 3691 unguentorum
1336 3617 1434 3674 Dei
1455 3616 1787 3673 aromatibus
1823 3616 1940 3673 vir-

320 3718 499 3769 tutum
529 3720 829 3766 nostrarum
854 3726 867 3763 :
900 3710 969 3764 Et
995 3709 1037 3763 si
1062 3708 1174 3778 jam
1207 3722 1409 3778 magna
1422 3712 1546 3761 sunt
1575 3720 1695 3776 qua:
1724 3703 1937 3775 accepi-

324 3819 469 3868 mus,
499 3800 666 3857 valde
697 3808 895 3854 tamem
925 3795 1142 3867 potiora
1171 3803 1295 3850 sunt
1324 3809 1442 3867 qua:
1484 3793 1553 3848 de
1593 3793 1937 3865 contempla-

326 3892 475 3947 tione
502 3887 774 3944 Creatoris
792 3885 961 3942 nostri
993 3883 1269 3954 accepturi
1298 3898 1503 3939 sumus.
1538 3882 1696 3938 Unde
1726 3881 1948 3937 anhelet

325 3977 509 4031 anima
519 3973 732 4030 etdicat
756 3991 769 4027 :
787 3970 924 4028 odor
941 3972 1364 4042 unguentorum
1384 3975 1612 4024 tuorum
1631 3983 1805 4040 super
1816 3982 1948 4022 om-

327 4067 425 4122 nia
438 4066 725 4125 aromata,-
736 4060 794 4115 id
804 4059 1058 4128 est,bona
1073 4057 1165 4113 illa
1180 4073 1302 4128 quae
1325 4072 1421 4128 per
1435 4055 1948 4125 contemplationem

331 4168 628 4224 praeparas,
662 4150 759 4205 ista
789 4146 973 4204 omnia
1002 4146 1259 4202 virtutum
1315 4159 1539 4199 munera
1595 4160 1715 4214 quae
1762 4144 1818 4198 in
1848 4145 1950 4198 hac

334 4243 448 4299 vita
479 4238 727 4304 tribuisti,
756 4234 1158 4292 transcendunt.
1214 4232 1465 4288 Dicamus
1518 4231 1642 4287 huic
1668 4230 1946 4317 Ecclesia,

338 4330 582 4385 dicamus
604 4326 732 4382 huic
754 4325 972 4393 animae,
998 4323 1078 4379 sic
1105 4321 1331 4389 amanti,
1352 4320 1429 4377 sic
1441 4319 1710 4387 aestuanti,
1724 4319 1779 4373 in
1790 4334 1948 4374 amo-

2040 3177 2183 3248 nilis,
2211 3177 2371 3233 etiam
2400 3177 2476 3231 ibi
2509 3187 2558 3233 te
2589 3178 2845 3251 diligunt,
2878 3178 2971 3234 ubi
3002 3180 3153 3236 fusus
3182 3196 3290 3237 non
3320 3198 3399 3251 es,
3432 3186 3555 3255 quia
3585 3192 3641 3240 et

2040 3266 2119 3321 ibi
2144 3274 2193 3321 te
2222 3265 2427 3333 vident,
2461 3266 2549 3320 ubi
2581 3267 2634 3321 in
2663 3275 2806 3322 statu
2835 3267 3140 3324 divinitatis
3166 3278 3217 3325 te
3246 3271 3507 3327 contines.
3536 3272 3643 3342 Qui

2046 3369 2178 3426 ergo
2200 3353 2270 3408 ab
2300 3354 2410 3408 illis
2428 3356 2674 3417 summis
2718 3356 3018 3425 ordinibus,
3065 3360 3220 3429 quasi
3250 3375 3282 3413 a
3314 3359 3647 3428 juvenilibus

2050 3441 2302 3497 aetatibus
2330 3443 2496 3497 etiam
2533 3458 2641 3497 non
2674 3443 2825 3498 fusus
2880 3444 3103 3513 videris,
3144 3445 3379 3502 exterius
3426 3457 3649 3521 propter

2048 3531 2301 3586 homines
2335 3530 2576 3586 funderis
2601 3550 2613 3592 ;
2647 3539 2705 3586 ut
2732 3532 2895 3588 etiam
2926 3532 2995 3588 ab
3024 3533 3463 3606 adolescentulis,
3494 3539 3550 3593 id
3570 3547 3651 3595 est

2050 3618 2125 3674 ab
2155 3618 2382 3675 inﬁrmis
2414 3621 2686 3675 mentibus
2715 3621 2991 3694 diligaris.
3032 3623 3297 3694 Sequitur
3329 3642 3342 3681 :

2125 3707 2302 3775 (Vers.
2337 3710 2412 3778 3.)
2453 3709 2628 3765 Trahe
2665 3726 2776 3765 me.

2126 3799 2211 3850 1ο.
2258 3794 2447 3851 Omnis
2476 3797 2572 3867 qui
2620 3798 2873 3868 trahitur,
2920 3808 3009 3855 aut
3054 3816 3162 3857 non
3191 3800 3393 3871 valens,
3429 3811 3518 3860 aut
3548 3822 3656 3864 non

2054 3884 2262 3949 volens,
2324 3883 2523 3940 invitus
2573 3885 2818 3940 trahitur.
2869 3886 2979 3942 Sed
3007 3890 3101 3958 qui
3151 3889 3325 3945 dicit:
3360 3893 3540 3950 Trahe
3563 3911 3654 3954 me

2057 3971 2221 4026 habet
2248 3971 2456 4042 aliquid
2485 3973 2632 4043 quod
2661 3973 2793 4039 vult,
2828 3975 2989 4030 habet
3010 3976 3217 4048 aliquid
3247 3980 3391 4048 quod
3420 3998 3527 4037 non
3541 3984 3654 4039 vult

2063 4060 2247 4133 [Forte
2281 4061 2580 4132 legendum
2610 4076 2717 4117 non
2764 4063 2944 4136 valet].
2994 4064 3196 4121 Natura
3239 4068 3474 4125 humana
3502 4072 3656 4142 sequi

2061 4151 2236 4205 Deum
2261 4150 2396 4218 vult,
2429 4149 2526 4205 sed
2579 4148 2916 4207 inﬁrmitatis
2963 4154 3346 4211 consuetudine
3375 4167 3652 4229 superata,

2059 4238 2196 4294 sicut
2225 4238 2385 4293 debet
2407 4238 2562 4309 sequi
2591 4238 2673 4310 (a)
2705 4254 2813 4294 non
2837 4241 3115 4309 praevalet.
3149 4242 3313 4299 Videt
3347 4260 3480 4318 ergo
3508 4247 3659 4305 aliud

2057 4327 2113 4382 in
2143 4342 2202 4382 se
2232 4341 2351 4382 esse
2382 4342 2489 4397 quo
2521 4326 2710 4395 tendit,
2729 4327 2875 4383 aliud
2903 4327 2959 4382 in
2979 4344 3037 4384 se
3066 4344 3184 4386 esse
3205 4332 3350 4401 quod
3366 4349 3477 4389 non
3489 4335 3658 4404 valet,

334 4434 455 4474 rem
483 4415 672 4487 sponsi
700 4414 806 4482 sui,
844 4413 988 4467 unde
1017 4418 1224 4466 tantum
1267 4408 1601 4465 desiderium
1619 4407 1935 4479 perceperit‘i

2060 4424 2112 4471 et
2138 4423 2287 4471 recte
2316 4414 2449 4472 dicit
2480 4432 2492 4469 :
2523 4415 2701 4472 Trahe
2729 4432 2838 4472 me.
2887 4416 3055 4486 Quasi
3103 4418 3396 4490 volentem,
3427 4439 3529 4479 nec
3557 4440 3657 4481 va-

337 4505 491 4562 Unde
518 4502 770 4559 notitiam
824 4498 1120 4558 divinitatis
1172 4498 1293 4569 ejus
1322 4495 1770 4570 apprehenderit‘l
1828 4495 1940 4553 Sed

337 4603 467 4646 ecce
494 4587 647 4644 unde
677 4583 1030 4656 exprimeret,
1061 4580 1217 4645 dicit;

411 4695 586 4766 (Vers.
610 4694 690 4763 2.)
723 4693 1075 4763 Unguentum
1094 4688 1337 4760 eﬂ‘usum
1359 4702 1585 4744 nomem
1611 4692 1794 4742 tuum.

410 4786 464 4838 7.
482 4783 835 4853 Unguentum
862 4777 1112 4847 eﬁ'usum,
1143 4781 1231 4833 est
1274 4774 1532 4832 divinitas
1558 4774 1855 4830 incuruata.
1888 4770 1945 4829 Si

340 4871 484 4928 enim
513 4870 586 4926 sit
615 4875 949 4940 unguentum
978 4866 1031 4920 in
1060 4864 1305 4933 vasculo,
1337 4863 1449 4920 olet
1477 4862 1675 4932 minus,
1734 4862 1782 4917 si
1813 4876 1944 4917 vero

339 4960 658 5026 eﬂunditur,
688 4955 828 5012 odor
876 4954 1033 5011 eﬂ‘usi
1085 4952 1346 5027 unguenti
1403 4951 1674 5007 dilatatur.
1731 4950 1946 5007 Nomen

341 5065 473 5122 ergo
489 5046 612 5115 Dei,
629 5052 965 5117 unguentum
979 5041 1209 5098 cﬁ'usum
1226 5048 1324 5109 est,
1340 5040 1467 5112 quia
1484 5040 1552 5095 ab
1570 5039 1946 5094 immensitate

341 5135 639 5193 divinitatis
667 5148 779 5189 suae
808 5131 878 5186 ad
903 5138 1150 5186 naturam
1170 5134 1416 5185 nostram
1438 5143 1498 5182 se
1520 5127 1756 5183 exterius
1784 5125 1940 5194 fudit,

341 5233 400 5282 et
425 5225 492 5281 ab
521 5239 591 5281 eo
620 5222 767 5293 quod
795 5226 880 5277 est
906 5217 1210 5285 invisibilis,
1242 5232 1301 5272 se
1320 5215 1587 5273 visibilem
1600 5214 1838 5270 reddidit
1868 5213 1945 5269 :si

344 5313 486 5371 enim
510 5327 623 5368 non
652 5325 713 5366 se
741 5306 1059 5375 effunderet,
1077 5318 1430 5377 nequaquam
1456 5300 1614 5357 nobis
1642 5299 1944 5358 innotesce-

343 5390 455 5463 ret.
486 5396 692 5458 Edudit
717 5412 778 5455 se
803 5402 1162 5471 unguentum,
1192 5407 1315 5450 cum
1346 5406 1404 5450 se
1429 5390 1603 5449 Deum
1624 5387 1875 5459 servavit,
1894 5394 1948 5449 et

421 5502 495 5581 (a)
524 5497 652 5561 Val.
691 5495 802 5569 CL,
831 5510 946 5557 non
971 5494 1181 5574 potest.

2050 4505 2254 4559 lentem
2284 4518 2343 4559 se
2370 4503 2578 4560 viderat
2598 4504 2814 4573 Paulus,
2838 4521 2961 4560 cum
2993 4506 3202 4563 diceret
3226 4525 3238 4561 :
3263 4509 3447 4567 Mente
3468 4514 3648 4569 servio

2062 4593 2169 4664 legi
2190 4593 2312 4661 Dei,
2340 4608 2514 4649 carne
2543 4596 2740 4649 autem
2758 4595 2867 4665 legi
2884 4598 3109 4667 peccati
3128 4597 3413 4671 (Rom.vu,
3433 4601 3556 4671 25);
3582 4610 3653 4670 et,

2072 4677 2237 4737 Video
2257 4680 2433 4736 aliam
2455 4681 2630 4753 legem
2660 4683 2722 4737 in
2745 4683 3013 4739 membris
3036 4687 3200 4753 meis,
3239 4693 3659 4759 repugnantem

2060 4770 2168 4841 legi
2187 4771 2399 4826 mentis
2428 4784 2567 4826 mea:
2592 4771 2774 4840 (lbid.,
2820 4774 2931 4841 23).
2981 4771 3121 4841 Quia
3151 4789 3281 4845 ergo
3303 4776 3452 4831 aliud
3496 4786 3575 4832 est
3603 4777 3661 4831 in

2057 4857 2223 4913 nobis
2253 4858 2398 4929 quod
2425 4872 2523 4913 nos
2552 4857 2758 4926 incitat,
2791 4859 2941 4914 aliud
2971 4862 3115 4930 quod
3136 4869 3347 4933 gravat,
3371 4863 3615 4919 dicamus
3642 4882 3655 4919 :

2063 4945 2239 5002 Tralte
2279 4962 2369 5002 me
2388 4949 2519 5018 post
2552 4950 2607 5002 te
2631 4965 2649 5004 ς
2671 4962 2969 5004 curremus
2993 4949 3055 5003 in
3083 4949 3308 5005 odorem
3338 4956 3661 5020 unguento-

2053 5049 2185 5090 rum
2207 5037 2460 5091 tuorum.
2490 5035 2551 5089 In
2580 5035 2809 5090 odorem
2838 5043 3236 5107 unguentorum
3252 5036 3653 5109 Deicurrimus,

2053 5138 2174 5177 cum
2240 5122 2397 5178 donis
2451 5123 2572 5193 ejus
2626 5122 3006 5194 spiritualibus
3061 5122 3256 5191 afﬂati,
3298 5123 3355 5180 in
3409 5139 3653 5185 amorem

2054 5210 2282 5266 visionis
2304 5211 2423 5280 ejus
2453 5210 2744 5265 inhiamus.

2129 5299 2222 5355 11.
2261 5296 2559 5355 Sciendum
2588 5313 2717 5354 vero
2748 5304 2849 5366 est,
2883 5297 3010 5367 quia
3050 5296 3107 5353 in
3135 5314 3202 5357 eo
3232 5302 3379 5374 quod
3406 5303 3659 5363 homines

2058 5387 2233 5448 Deum
2290 5392 2606 5463 sequuntur,
2666 5385 2962 5461 aliquando
3028 5386 3330 5467 ambulant,
3362 5393 3654 5469 aliquando
