3996 6164
16 820 33 865 ἱ

20 974 33 991 ι

22 1046 31 1067 l

20 1088 33 1227 ἱ

26 1414 33 1433 1

26 1464 37 1483 9

30 1540 37 1555 μ

38 1870 57 1933 '.

36 2176 51 2211 ε

40 2322 51 2337 ι

42 2356 53 2379 ι

40 2546 49 2565 Ι

40 2574 53 2607 1

42 2648 54 2669 Ι

42 2684 53 2711 ι

36 2830 53 2859 s

40 2864 53 2891 ι

58 4138 69 4193 i

76 5414 93 5451 ‘s

926 18 1255 57 "'1‘."wa

416 322 529 386 483

1612 303 1874 370 BANCTI
1902 307 2243 372 GREGORII
2277 307 2523 374 MAGNl.

3599 314 3696 381 l8i

408 423 646 516 currunt,
679 440 972 517 aliquando
1004 438 1213 499 fortiter
1230 446 1472 497 currunt.
1503 438 1666 507 Quasi
1698 446 1819 509 post
1834 439 2005 494 Deum
2039 440 2089 500 A
2118 438 2299 497 biculo
2316 441 2463 514 regis
2481 441 2820 516 loquebatur,
2840 440 3196 517 quidicebat:
3218 448 3698 506 διενειωηηιεηηι

406 538 665 607 ambulat,
697 534 787 608 qui
819 532 997 605 tepide
1025 530 1298 602 sequitur;
1341 528 1526 597 currit,
1574 526 1665 598 qui
1696 528 2008 599 frequenter

404 628 682 702 sequitur;
718 623 958 695 perfecte
987 621 1180 689 currit,
1199 618 1287 690 qui
1305 623 1717 690 perseveranter
1747 616 2005 688 sequitur.

411 716 699 777 lmmobile
727 712 873 769 enim
930 717 1048 765 erat
1101 724 1195 764 cor
1234 708 1304 761 ad
1351 706 1683 778 sequendum
1730 705 1928 771 Deum,
1957 712 2014 759 et

409 815 535 882 post
552 820 680 861 eum
710 801 995 857 ambulare
1016 797 1261 865 nolebat,
1281 811 1405 852 cum
1437 796 1700 850 adventus
1715 794 1934 849 Domini
1955 792 2011 848 in

404 896 611 955 mundo
638 889 908 963 apparuit,
933 895 985 944 et
1014 887 1083 941 ab
1112 885 1410 940 insensibili
1442 899 1537 939 sua
1563 883 1791 939 statione
1818 883 2011 937 huma-

408 1003 508 1043 nas
535 989 746 1039 mentes
774 977 962 1034 movit.
995 975 1151 1032 Unde
1168 973 1427 1044 scriptum
1449 980 1560 1028 est:
1592 971 1770 1028 Pedes
1793 973 1868 1042 (α)
1888 972 2008 1042 ejus

405 1071 776 1137 steterunt,et
795 1069 949 1121 mota
966 1067 1049 1120 est
1071 1066 1226 1119 terra
1247 1060 1474 1133 (Habac.
1490 1061 1807 1129 m.5,iuxta
1829 1059 2006 1130 LXX).

404 1165 506 1219 Hic
536 1164 723 1216 autem
763 1172 874 1210 non
900 1161 1098 1219 motus,
1144 1150 1236 1205 sed
1271 1165 1464 1206 cursus
1492 1148 1706 1214 dicitur,
1751 1148 1875 1218 quia
1901 1162 2009 1203 non

412 1249 607 1308 sufﬁcit
637 1254 696 1301 ut
723 1258 1036 1317 sequamur,
1079 1239 1183 1294 nisi
1221 1239 1384 1294 etiam
1422 1235 1778 1292 desiderando
1820 1250 2011 1290 curra-

410 1357 550 1396 mus.
585 1336 722 1406 Quia
749 1348 881 1388 vero
939 1344 1117 1401 neque
1170 1342 1391 1383 currere
1448 1324 1658 1389 sufﬁcit,
1709 1324 1813 1379 nisi
1842 1322 2008 1378 etiam

410 1428 652 1502 perfecte
682 1428 951 1488 curratur,
983 1416 1180 1473 Paulus
1206 1415 1336 1471 dicit
1370 1428 1382 1468 :
1416 1415 1505 1471 Sic
1520 1413 1736 1470 currite
1766 1416 1832 1468 ut
1851 1428 2007 1469 com-

410 1499 777 1592 prehendatis
807 1508 863 1580 (ι
892 1510 1015 1565 cor.
1042 1523 1120 1573 ιι,
1150 1507 1261 1575 et).
1294 1504 1361 1558 Et
1394 1501 1643 1592 nonnulli
1689 1501 1819 1592 dum
1847 1499 2010 1592 nimis

409 1588 649 1670 currunt,
682 1602 737 1655 in
794 1595 1237 1652 indiscretionem
1278 1591 1586 1647 dilabuntur
1637 1588 1809 1660 ;plus
1860 1588 2007 1643 enim

413 1710 576 1767 quam
606 1703 829 1746 necesse
857 1693 935 1741 est
965 1682 1206 1753 sapiunt,
1238 1688 1289 1735 et
1312 1695 1370 1735 se
1394 1680 1509 1750 jam
1540 1677 1599 1767 ei
1616 1692 1782 1767 quem
1803 1691 2005 1767 seque-

2114 529 2257 585 mihi
2279 530 2581 601 (Isa.xx1v,
2604 533 2795 603 l6).Et
2823 535 2953 590 alias
2984 554 2997 590 :
3046 537 3250 593 Audivi
3276 554 3492 595 arcana
3521 537 3697 603 vrrba,

2116 634 2235 689 owe
2274 635 2388 674 non
2409 620 2539 676 licet
2559 620 2879 680 hominibus
2900 624 3136 697 loqui(II
3152 626 3271 683 Cor.
3292 642 3390 693 xu,
3410 626 3482 698 tt).
3498 623 3701 681 Primus

2118 723 2251 780 ergo
2280 708 2458 764 aditus
2488 709 2682 767 domus
2711 711 2882 784 istius,
2911 721 3063 785 porta
3094 712 3217 769 ﬁdei
3241 731 3254 777 ;
3288 714 3552 769 secundus
3570 729 3701 786 pro-

2120 806 2321 865 vectus,
2354 813 2610 855 ascensus
2664 800 2815 871 spei;
2878 802 3082 870 tertius,
3140 803 3368 858 latitudo
3398 802 3702 866 charitatis;

2118 890 2357 957 quartus,
2384 887 2500 957 jam
2530 888 2787 959 perfectio
2838 890 3108 945 charitatis
3134 890 3200 945 ad
3232 890 3598 963 cognitionem
3621 907 3711 948 se-

2120 973 2389 1029 crétorum
2417 974 2543 1031 Dei.
2583 975 2720 1046 Quia
2748 978 2995 1034 Ecclesia
3024 986 3206 1034 sancta
3242 980 3295 1034 in
3322 978 3579 1035 membris
3606 980 3713 1035 suis

2114 1062 2384 1132 perfectis,
2415 1063 2471 1118 in
2499 1066 2700 1121 sanctis
2728 1083 2864 1138 ergo
2894 1067 3224 1138 doctoribus,
3276 1068 3332 1124 in
3377 1068 3457 1123 eis
3488 1066 3572 1138 qui
3597 1068 3709 1138 jam

2112 1149 2259 1221 pleni
2287 1158 2340 1206 et
2368 1151 2592 1208 radicati
2621 1162 2745 1209 sunt
2773 1155 2826 1209 in
2856 1155 3128 1226 mysteriis
3155 1156 3276 1225 Dei,
3297 1155 3454 1228 quasi
3468 1156 3535 1209 ad
3552 1154 3709 1210 subli-

2115 1240 2229 1295 mia
2258 1248 2462 1296 secreta
2491 1242 2757 1312 pervenit,
2789 1247 2844 1299 et
2872 1245 3050 1300 adhuc
3093 1244 3147 1299 in
3199 1245 3299 1300 ista
3348 1259 3481 1300 voce
3516 1244 3709 1316 posita,

2109 1328 2227 1397 jam
2257 1328 2351 1383 illa
2379 1338 2640 1399 penetrat.
2673 1331 3003 1389 Introduxit
3043 1350 3132 1389 me
3161 1350 3269 1390 rex
3303 1335 3368 1389 in
3396 1333 3711 1391 cubiculum

2117 1432 2304 1486 suum,
2337 1417 2411 1471 ait
2441 1436 2453 1471 :
2479 1434 2575 1489 per
2601 1422 2895 1490 prophetas
2928 1421 3092 1491 enim,
3139 1438 3239 1493 per
3280 1421 3576 1492 apostolos,
3618 1436 3709 1492 per

2119 1502 2386 1570 doctores,
2418 1501 2509 1573 qui
2539 1504 2594 1557 in
2620 1504 2723 1558 ista
2754 1505 2866 1560 vita
2895 1506 3053 1577 positi
3078 1507 3194 1577 jam
3226 1505 3481 1561 sublimia
3509 1513 3704 1560 secreta

2117 1590 2261 1655 illius
2288 1591 2411 1647 vitae
2444 1593 2817 1662 penetrabant,
2844 1594 3089 1651 Ecclesia
3129 1595 3185 1649 in
3222 1594 3532 1651 cubiculum
3578 1593 3716 1666 regis

2116 1672 2265 1733 illius
2295 1677 2552 1750 ingressa
2580 1678 2778 1737 fuerat.

414 1754 615 1840 bantur
630 1776 949 1850 praeferunt,
973 1771 1103 1826 dum
1134 1785 1258 1823 suas
1297 1768 1524 1823 virtutes
1557 1766 1785 1838 eligunt,
1814 1773 1867 1820 et
1896 1764 2013 1834 ejus
2042 1754 2096 1814 B
2203 1764 2287 1818 l3.
2326 1764 2389 1817 Et
2416 1772 2570 1820 caute
2594 1765 2909 1822 intuendum
2942 1777 3043 1837 est,
3068 1767 3193 1840 quia
3222 1783 3334 1824 non
3362 1767 3574 1823 ἀίοίιξη
3618 1782 3719 1824 ευ-

415 1885 578 1943 quem
598 1865 965 1936 sequebantur
975 1856 1183 1929 judicia
1194 1862 1545 1927 postponunt.
1567 1854 1721 1910 Unde
1737 1853 1877 1907 bene
1896 1868 2019 1943 cum

415 1942 701 2021 diceretur,
732 1964 1049 2014 curramus,
1081 1946 1423 2018 praemissum
1463 1950 1567 2009 est,
1613 1944 1739 2015 post
1784 1944 1859 1997 te.
1895 1942 2022 1996 Post

417 2050 589 2105 Deum
620 2042 763 2099 enim
794 2044 1036 2104 currunt,
1070 2035 1161 2106 qui
1219 2033 1335 2101 ejus
1380 2031 1592 2101 judicia
1647 2029 2016 2096 considerant,

416 2138 540 2210 ejus
566 2131 895 2191 voluntatem
918 2124 1021 2180 sibi
1050 2121 1377 2194 przeferunt;
1408 2127 1463 2175 et
1492 2117 1772 2210 pervenire
1804 2117 1873 2172 ad
1886 2132 2020 2210 eum

417 2205 519 2282 sub
550 2224 715 2292 digna
746 2214 1077 2287 Operatione,
1113 2209 1444 2267 discretione
1486 2206 1836 2263 contendunt.
1886 2205 2023 2259 llinc

419 2312 683 2386 propheta
711 2306 1046 2363 voluntatem
1105 2299 1205 2355 Dei
1234 2297 1593 2386 considerans
1623 2294 1697 2386 ait
1730 2312 1744 2348 :
1775 2293 2026 2386 Adlucsit

419 2380 616 2458 tmiina
643 2411 769 2452 mea
788 2396 911 2466 post
935 2396 988 2446 te
1005 2390 1184 2460 (Psul.
1218 2389 1449 2455 Lxu,9).
1479 2384 1618 2437 Hinc
1648 2384 1805 2438 Petro
1836 2380 2023 2436 consi-

421 2492 554 2546 lium
584 2483 731 2541 danti
757 2481 956 2536 dicitur
974 2495 986 2531 :
1005 2476 1138 2533 Redi
1156 2478 1280 2548 post
1302 2489 1412 2538 me,
1443 2472 1687 2528 Satanas
1705 2490 1723 2527 ε
1740 2485 1854 2526 non
1871 2469 2020 2524 enim

423 2577 576 2650 sapis
590 2589 713 2644 qua:
734 2570 830 2626 Dei
852 2569 1008 2632 sunt,
1041 2564 1136 2620 sed
1162 2579 1288 2650 qua:
1326 2557 1875 2650 hominum-(Matth.
1903 2571 2022 2650 im,

424 2644 541 2727 23-;
576 2663 741 2718 Marc.
787 2671 906 2723 vm,
970 2656 1080 2721 t3).
1140 2649 1276 2719 Quia
1332 2664 1467 2720 ergo
1516 2646 1774 2717 perfectae
1829 2644 2026 2700 animae

427 2765 643 2809 summa
671 2744 885 2803 cautela
915 2741 1013 2798 Dei
1040 2739 1252 2810 judicia
1281 2744 1625 2805 contuentur,
1643 2739 1699 2790 et
1726 2748 1901 2804 neque
1930 2748 2030 2803 per

424 2852 727 2913 torporem,
759 2846 933 2904 neque
961 2845 1059 2902 per
1102 2827 1448 2882 indiscretum
1481 2823 1759 2881 fervorem
1808 2837 2030 2892 praeve-

426 2912 546 2987 nire
576 2928 927 2999 praesumunt,
963 2919 1104 2974 bene
1128 2914 1322 2971 dicitur
1354 2933 1366 2969 :
1401 2916 1535 2970 Post
1564 2918 1618 2969 te
1640 2926 1934 2969 curremus
1963 2912 2029 2966 in

424 3019 649 3076 odorem
670 3012 1092 3084 unguentorum
1114 3002 1526 3062 tuorum.Tunc
1546 3002 1690 3058 enim
1713 3001 1877 3068 407
1907 3007 2030 3071 post

2128 1852 2382 1908 biculum
2408 1856 2617 1923 sponsi,
2635 1854 2734 1909 sed
2762 1857 2825 1911 in
2845 1858 3166 1913 cubiculum
3185 1860 3358 1930 regis.
3384 1856 3720 1911 Nominando

2129 1941 2274 1996 enim
2305 1957 2511 2013 regem,
2543 1943 2895 1999 reverentiam
2926 1953 3263 2001 secretorum
3295 1943 3719 2012 vultostendere,

2131 2030 2258 2100 quia
2291 2038 2492 2102 quanto
2521 2039 2711 2102 potens
2740 2041 2816 2087 est
2852 2032 3185 2104 cubiculum,
3234 2039 3390 2090 tanto
3428 2033 3602 2104 major
3643 2039 3723 2087 est

2131 2118 2441 2174 reverentia
2468 2119 2779 2176 exhibenda
2799 2122 2853 2175 in
2884 2122 2968 2177 his
2981 2124 3051 2177 ad
3082 2138 3203 2193 quae
3236 2122 3485 2177 intratur.
3502 2121 3582 2177 Ne
3597 2135 3722 2192 ergo

2131 2206 2256 2261 dum
2291 2209 2571 2280 cognoscit
2608 2210 2929 2266 secretaDei
2959 2211 3353 2284 unusquisque,
3376 2211 3501 2264 dum
3524 2208 3724 2265 occulta

2129 2295 2333 2365 judicia
2383 2298 2627 2364 rimatur,
2668 2297 2797 2353 dum
2840 2299 2907 2354 ad
2952 2299 3203 2355 sublimia
3259 2296 3726 2369 contemplationis

2132 2382 2413 2452 attollitur,
2452 2386 2746 2441 extollatur
2775 2395 2827 2441 et
2856 2388 2911 2441 in
2939 2388 3248 2459 superbiam
3278 2387 3573 2453 dilabatur,
3588 2384 3726 2455 regis

2134 2472 2330 2528 dicitur
2370 2474 2673 2529 cubiculum
2730 2477 2966 2543 intrare;
2998 2476 3050 2530 id
3106 2485 3209 2546 est,
3250 2476 3346 2531 cui
3379 2483 3526 2530 tanto
3562 2474 3729 2543 major

2135 2562 2439 2617 reverentia
2476 2563 2779 2619 exhibenda
2806 2572 2908 2631 est,
2960 2574 3161 2637 quanto
3203 2566 3388 2635 magis
3428 2564 3604 2618 anima
3661 2559 3728 2615 ad

2136 2651 2517 2722 cognoscenda
2572 2652 2696 2724 ejus
2743 2662 2952 2709 secreta
2990 2654 3219 2710 ducitur.
3254 2653 3326 2709 Ut
3368 2652 3727 2722 unusquisque

2136 2738 2400 2808 proﬁciat,
2431 2740 2518 2810 qui
2545 2742 2659 2811 jam
2690 2743 2956 2798 exaltatus
2984 2759 3084 2815 per
3112 2742 3344 2814 gratiam
3389 2741 3459 2795 ad
3487 2736 3731 2795 sublimia

2140 2830 2345 2878 secreta
2375 2825 2637 2891 pervenit,
2671 2828 2907 2896 seipsum
2948 2827 3205 2891 attendat,
3238 2832 3292 2880 et
3326 2842 3398 2881 ex
3438 2825 3555 2894 ipso
3597 2835 3730 2891 pro-

2141 2910 2281 2967 fectu
2310 2913 2543 2984 amplius
2574 2914 2914 2970 humilietur.
2953 2915 3115 2971 Unde
3148 2923 3201 2969 et
3231 2910 3505 2979 Ezechiel,
3536 2909 3734 2983 quoties

2138 2997 2206 3051 ad
2237 2996 2492 3052 sublimia
2521 2998 2942 3069 contemplanda
2971 2998 3207 3067 ducitur,
3226 2997 3371 3052 ﬁlius
3404 2994 3631 3052 hominis
3646 3007 3732 3048 vo-

422 3114 475 3160 te
503 3099 788 3164 currimus,
819 3092 1033 3165 quando
1089 3097 1143 3145 et
1196 3088 1431 3143 amando
1484 3087 1783 3157 sequimur,
1846 3095 1899 3142 et
1951 3087 2025 3142 ti—
2060 3097 2110 3162 α
2136 3093 2305 3155 catur,
2338 3102 2402 3141 ac
2426 3087 2471 3141 si
2502 3087 2550 3142 ei
2580 3086 2796 3143 dicatur
2826 3106 2839 3141 :
2872 3087 3099 3143 Attende
3127 3087 3263 3159 quid
3303 3102 3386 3153 es,
3416 3093 3469 3141 et
3498 3099 3601 3140 non
3630 3095 3731 3138 ex-

424 3189 624 3247 mendo
653 3184 833 3241 divina
866 3179 1068 3251 judicia
1099 3192 1209 3232 non
1242 3175 1605 3247 praevenimus
1633 3175 1730 3244 (b).

490 3278 683 3349 (Vers.
723 3273 799 3335 3.)
817 3268 1149 3325 Introduxit
1165 3279 1254 3321 me
1272 3280 1377 3320 rex
1396 3264 1459 3318 in
1482 3264 1804 3320 cubiculum
1824 3279 1991 3320 suum
2012 3283 2031 3319 :

425 3364 866 3426 exsultabimus,
888 3361 946 3413 et
982 3354 1384 3411 lxtabimurin
1419 3355 1495 3407 te.

498 3454 585 3507 12.
618 3443 862 3502 Ecclesia
890 3440 1011 3508 Dei,
1043 3437 1196 3511 quasi
1228 3434 1483 3507 quaedam
1513 3434 1708 3490 domus
1738 3436 1883 3507 regis
1914 3443 2028 3503 est;

433 3549 489 3597 et
515 3540 616 3594 ista
643 3536 837 3590 domus
870 3529 1039 3583 habet
1063 3533 1297 3596 portam,
1330 3523 1493 3578 habet
1532 3538 1843 3589 ascensum,
1867 3524 2034 3579 habet

428 3625 747 3687 triclinium,
772 3619 935 3674 habet
963 3611 1499 3672 cubicula.Etomnis
1529 3612 1598 3681 (c)
1630 3612 1719 3681 qui
1746 3612 1889 3667 intra
1918 3612 2029 3666 Ec-

424 3716 646 3773 clesiam
675 3708 837 3765 fidem
869 3702 1176 3771 habet,jam
1199 3707 1410 3771 portam
1442 3698 1597 3754 istius
1624 3699 1903 3773 ingressus
1916 3707 2025 3761 est;

427 3805 573 3876 quia,
606 3801 741 3855 sicut
773 3802 932 3867 porta
957 3792 1173 3861 reliqua
1201 3788 1397 3845 domus
1420 3787 1611 3876 aperit,
1636 3788 1713 3843 ita
1741 3786 1876 3876 ﬁdes
1906 3787 2030 3842 reli-

427 3875 654 3965 quarum
687 3887 937 3941 virtutum
971 3879 1167 3936 ostium
1208 3876 1492 3948 aperit.(d)
1540 3875 1743 3965 Omnis
1766 3875 1854 3946 qui
1888 3876 2029 3930 intra

422 3963 722 4038 Ecclesium
750 3986 904 4043 spem
934 3967 1115 4034 habet,
1141 3968 1258 4037 jam
1283 3965 1353 4020 ad
1399 3979 1684 4019 ascensum
1715 3963 1907 4018 domus
1929 3978 2028 4018 ve-

421 4071 530 4131 nit;
563 4080 687 4137 spes
716 4061 858 4117 enim
889 4058 1065 4114 elevat
1110 4069 1224 4123 cor,
1278 4060 1336 4107 ut
1391 4052 1647 4107 sublimia
1699 4058 1943 4122 appetat,
1975 4059 2029 4107 et

421 4160 533 4215 ima
557 4156 789 4210 deserat.
822 4146 1015 4205 Omnis
1044 4144 1133 4215 qui
1165 4142 1219 4198 in
1249 4142 1354 4197 ista
1381 4140 1546 4197 domo
1575 4139 1801 4210 positus,
1835 4140 2026 4195 chari-

423 4254 594 4303 tatem
621 4241 807 4307 habet,
841 4234 996 4308 quasi
1042 4235 1098 4288 in
1154 4230 1449 4302 triclinium
1508 4227 1856 4287 deambulat;
1916 4228 2027 4283 lata

422 4336 568 4393 enim
597 4336 679 4387 est
705 4326 960 4390 charitas,
980 4338 1103 4394 quas
1131 4333 1304 4391 usque
1325 4318 1397 4373 ad
1416 4317 1763 4371 inimicorum
1784 4314 2028 4371 dilectio-

424 4438 553 4479 nem
583 4417 836 4475 tenditur.
864 4412 1054 4468 Omnis
1084 4407 1175 4479 qui
1205 4407 1260 4461 in
1278 4404 1527 4460 Ecclesia
1554 4403 1788 4473 positus,
1805 4402 1922 4471 jam
1936 4418 2023 4457 su-

424 4508 617 4567 blimia
644 4506 889 4568 rimatur,
915 4500 1030 4568 jam
1060 4494 1271 4552 occulta
1296 4493 1503 4563 judicia
1529 4491 1854 4559 considerat,
1871 4491 2021 4561 quasi

428 4601 483 4655 in
513 4592 821 4652 cubiculum
851 4585 1091 4642 intravit.
1121 4583 1202 4638 De
1232 4587 1385 4653 porta
1405 4580 1601 4635 domus
1625 4578 1778 4634 istius
1809 4578 2025 4634 dicebat

426 4683 645 4758 quidam
662 4699 676 4734 :
693 4677 916 4750 Aperite
933 4672 1075 4728 mihi
1089 4674 1286 4744 portas
1288 4670 1318 4741 j
1322 4669 1440 4724 usti
1445 4672 1465 4722 t
1472 4668 1625 4730 item
1644 4668 1936 4758 ingressus
1958 4668 2022 4723 in

423 4757 522 4833 eas
541 4766 841 4838 conﬁtebor
868 4761 1105 4819 Domino
1131 4758 1306 4829 (Psal.
1332 4771 1497 4823 οινιι,
1539 4758 1650 4826 19).
1683 4757 1763 4812 De
1792 4770 2020 4812 ascensu

418 4862 538 4935 spei
556 4855 801 4915 dicebat:
817 4855 1090 4908 Ascensus
1106 4848 1310 4935 inejus
1327 4845 1492 4935 corde
1519 4844 1804 4935 disposuit
1818 4844 1986 4935 7(Psal
1998 4885 2011 4899 .

426 4932 653 5016 nxxxm,
685 4946 762 5014 6).
788 4942 865 4997 De
894 4936 1139 4995 tricliniis
1178 4934 1299 4990 latis
1353 4934 1546 4990 domus
1586 4934 1745 4988 istius
1774 4932 1973 4988 dicitur
2003 4949 2016 4987 :

416 5044 631 5100 Latum
654 5029 999 5089 mandatum
1023 5030 1186 5082 tuum
1203 5024 1379 5079 nimis
1409 5023 1584 5094 (Psal.
1608 5021 1924 5089 cxvm,96).
1959 5021 2022 5075 In

421 5127 676 5189 mandato
703 5123 812 5179 lato
839 5115 1149 5191 specialiter
1176 5112 1409 5169 charitas
1437 5111 1777 5184 designatur.
1816 5109 1895 5167 De
1928 5125 2020 5167 cu-

491 5289 571 5361 (a)
600 5282 756 5357 Apud
787 5279 957 5361 LXX.
1001 5278 1233 5361 Interpr.
1292 5272 1536 5348 legitur:
1573 5272 1646 5329 ad
1680 5269 1852 5344 pedes
1893 5268 2021 5341 ejus

424 5350 591 5422 mitti
622 5350 680 5414 εἰ
715 5354 997 5424 commota
1015 5352 1101 5424 est
1126 5350 1302 5424 terra.
1344 5416 1355 5424 _
1660 5408 1672 5420 .

492 5409 896 5501 ibiIﬁ'D'iiioe-
929 5416 1230 5501 ψξοὲῖίιιιτ
1243 5412 1566 5501 imbuti“?
1592 5409 1880 5501 9ῗῖἮῇῙέ
1894 5409 2021 5501 νΞΡ

419 5481 768 5570 αιῖὶὶιὶοςιαθ»
798 5490 962 5570 veluti
990 5488 1142 5570 *ἓρὶιο
1183 5489 1366 5569 Primi?
1415 5481 2023 5570 ιξδῑφτζιδρϊίιὲἰὶυεν-ίνὲῑ

424 5552 707 5640 iam.
752 5552 961 5640 inajori
1006 5552 1204 5624 littera'
1225 5556 1392 5637 variis
1429 5552 1703 5619 coloribus
1737 5558 1931 5615 ornata
1971 5558 2026 5614 et

425 5640 663 5725 depicta.

324 6000 493 6058 “IL.

2141 3175 2351 3231 tollaris
2379 3175 2448 3230 de
2479 3175 2561 3229 his
2590 3177 2662 3231 ad
2708 3190 2831 3249 qua:
2877 3176 3157 3233 attolleris.
3200 3177 3312 3232 Sed
3344 3187 3630 3247 paucorum
3659 3177 3733 3225 est

2141 3263 2196 3318 in
2227 3264 2486 3329 Ecclesia,
2518 3264 2623 3318 ista
2660 3265 2909 3320 sublimia
2957 3274 3011 3321 et
3050 3263 3263 3321 occulta
3296 3263 3506 3334 judicia
3539 3260 3631 3317 Dei
3658 3259 3731 3313 ri-

2139 3351 2276 3407 mari
2313 3360 2366 3406 et
2392 3352 2873 3423 comprehendere.
2905 3354 3109 3409 Tamen
3139 3352 3265 3407 dum
3295 3352 3547 3407 videmus
3578 3350 3731 3404 fortes

2138 3441 2294 3496 viros
2321 3456 2482 3509 posse
2513 3440 2582 3494 ad
2614 3448 2811 3495 tantam
2837 3440 3157 3511 sapientiam
3188 3441 3498 3513 pervenire,
3526 3442 3584 3492 ut
3613 3450 3731 3492 con-

2141 3528 2466 3598 templentur
2493 3538 2700 3584 secreta
2731 3530 2826 3585 Dei
2855 3529 2912 3583 in
2955 3529 3209 3585 cordibus
3247 3530 3381 3596 suis,
3415 3536 3466 3583 et
3494 3540 3590 3581 nos
3616 3537 3730 3595 par-

2139 3616 2251 3671 vuli
2286 3615 2582 3671 habeamus
2609 3616 2892 3687 ﬁduciam;
2926 3617 3050 3688 quia
3077 3617 3408 3689 quandoque
3420 3616 3487 3670 ad
3501 3613 3726 3675 veniam,

2139 3704 2463 3774 quandoque
2492 3704 2562 3759 ad
2609 3706 2729 3775 ejus
2783 3704 3015 3777 gratiam
3071 3705 3383 3760 veniamus.
3416 3703 3567 3761 Unde
3592 3707 3727 3756 etes

2138 3792 2321 3848 verbis
2350 3793 2876 3849 adolescentularum
2905 3793 3157 3848 subditur
3190 3808 3204 3848 :

2208 3883 2384 3952 (Vers.
2420 3885 2496 3953 3.)
2526 3883 2959 3939 Exsultabimus
2980 3889 3036 3939 et
3058 3874 3466 3939 lxtabimurin
3487 3885 3559 3936 te.

2224 3971 2393 4039 408
2426 3971 2514 4025 13.
2550 3972 2694 4025 Dum
2719 3971 2958 4026 Ecclesia
2988 3971 3043 4025 in
3082 3972 3165 4025 his
3194 3972 3285 4043 qui
3333 3967 3564 4041 perfecti
3588 3971 3724 4028 sunt,

2135 4059 2438 4131 ingreditur
2462 4059 2767 4114 cubiculum
2799 4059 2965 4131 regis,
2998 4058 3424 4115 adolescentulus
3452 4071 3599 4128 spem
3631 4050 3725 4108 sibi

2135 4146 2493 4201 exultationis
2524 4148 2876 4218 promittunt;
2912 4146 3177 4218 quiadum
3200 4147 3371 4202 fortes
3387 4145 3457 4201 ad
3487 4140 3727 4199 sublimia

2134 4234 2555 4306 contemplanda
2581 4234 3129 4307 perveniunt,inﬁrmi
3155 4249 3307 4306 spem
3339 4233 3408 4289 de
3436 4230 3598 4288 venia
3614 4240 3726 4300 pec-

2134 4330 2380 4380 calorum
2409 4330 2648 4378 sumunt.

2211 4412 2392 4481 (Vers.
2432 4413 2510 4483 3.)
2540 4412 2868 4469 Introduxit
2890 4427 2976 4469 me
2995 4429 3100 4469 rex
3114 4413 3177 4469 in
3195 4410 3520 4469 cubiculum
3541 4417 3720 4467 suum.

2132 4501 2549 4559 exsuttabimus
2574 4502 2968 4559 etlxtabimur
2996 4504 3057 4558 in
3082 4505 3158 4569 te,
3182 4514 3460 4557 memores
3488 4495 3715 4553 uberum

2133 4594 2364 4647 tuorum
2394 4605 2563 4661 super
2589 4590 2805 4646 vinum.
2834 4591 2986 4647 Recti
3005 4588 3257 4662 diligunt
3284 4592 3361 4643 te.

2199 4683 2253 4733 5.
2286 4677 2461 4733 Habet
2496 4678 2597 4734 iste
2653 4693 2880 4748 sponsus
2933 4678 3121 4744 ubera,
3171 4675 3453 4748 quietiam
3484 4688 3575 4729 rex
3609 4681 3720 4740 pro-

2128 4774 2246 4840 pter
2279 4766 2631 4823 reverentiam
2661 4773 2907 4822 vocatur.
2937 4766 3111 4821 Habet
3138 4765 3331 4832 ubera,
3353 4758 3721 4819 sanctosviros

2127 4854 2292 4911 corde
2329 4854 2671 4911 adhaerentes
2697 4854 2823 4909 sibi.
2841 4854 3021 4921 Ubera
3050 4854 3123 4925 (e)
3137 4854 3191 4907 in
3205 4866 3335 4908 arca
3363 4847 3602 4922 pectoris
3623 4842 3721 4898 lixa

2129 4951 2273 5011 sunt,
2292 4951 2343 4999 et
2372 4943 2579 4999 interno
2598 4942 2926 4999 nutrimento
2955 4942 3171 4998 trahunt
3214 4940 3284 4997 ad
3324 4955 3419 4996 eos
3447 4950 3582 5009 quos
3609 4932 3718 4988 for-

2130 5040 2208 5088 tes
2237 5032 2499 5087 nutriunt.
2527 5030 2858 5103 Sanetiergo
2888 5031 2989 5085 viri
3018 5029 3183 5086 ubera
3196 5028 3383 5102 Sponsi
3408 5032 3562 5086 sunt:
3595 5018 3716 5093 αιιιῑι

2128 5136 2195 5177 ex
2215 5120 2418 5177 intimis
2445 5120 2680 5188 trahunt,
2708 5127 2764 5175 et
2791 5118 3027 5176 exterius
3064 5118 3321 5174 nutriunt.
3373 5115 3553 5173 Ubera
3580 5109 3715 5165 illius

2199 5264 2275 5333 (c)
2305 5262 2381 5319 Ita
2413 5262 2626 5320 Divion.
2655 5271 2709 5319 et
2744 5260 2949 5319 Val-Cl.
2996 5264 3056 5317 In
3089 5262 3341 5318 Rothom.
3382 5256 3596 5333 legitur,
3624 5249 3713 5333 qui

2127 5322 2314 5393 intrat
2335 5336 2664 5403 Ecclesium,
2696 5333 3156 5390 consentientibus
3194 5333 3400 5403 Rhem.‘
3419 5322 3704 5403 c't_Theod.

2201 5405 2408 5482 {dim}:
2436 5398 2713 5478 sequimur
2739 5405 2928 5482 adhuc
2952 5404 3202 5482 Divico;
3222 5410 3288 5482 et_
3308 5398 3548 5482 Vgl-Cl.,
3609 5405 3714 5452 :utn

2131 5476 2188 5535 in
2215 5474 2349 5552 aliis
2372 5474 2601 5552 legatur,
2625 5477 2808 5536 omnis
2830 5478 2929 5552 qui
2944 5477 3130 5552 intrat
3157 5474 3487 5552 Ecclesium.

2202 5548 2274 5633 (c)
2305 5545 2541 5625 Val-CL,
2572 5548 2636 5608 in
2655 5545 2867 5610 arcano
2888 5548 3141 5631 pectoris
3159 5545 3283 5621 ﬁxa
3310 5545 3466 5607 sunt.
