3996 6164
315 191 336 209 Ι¹¹

228 315 328 384 tas

954 310 1176 381 SUPER
1205 309 1503 380 CANTICA
1531 305 1987 379 ammonet!
2017 313 2414 380 EXPOSITIO.
2447 354 2518 368 —
2555 318 2713 382 CAP.
2747 317 2788 381 ι.

3411 324 3512 397 ι86

237 461 355 508 sunt
384 449 628 539 apostoli,
658 448 834 539 ubera
864 447 1007 503 illius
1035 455 1160 539 sunt
1196 462 1388 539 omnes
1434 445 1816 539 praedicatores
1842 446 1897 508 A
1931 449 2198 539 Parentur
2225 465 2360 522 ergo
2389 451 2610 522 praemia
2635 455 3071 522 exspectantibus
3091 457 3377 520 adventum
3394 468 3516 539 Dei,

234 540 508 597 Ecclesiae.
541 538 760 605 Vinum,
793 536 929 592 sicut
957 537 1201 607 superius
1225 535 1481 602 diximus,
1507 534 1671 593 fuitin
1693 548 1819 604 pro-

233 627 426 700 phetis,
450 627 629 682 vinum
661 626 764 681 fuit
792 625 847 680 in
876 625 1032 697 lege;
1079 625 1175 680 sed
1229 625 1354 694 quia
1400 623 1669 694 ampliora
1700 629 1821 678 sunt

233 719 352 772 data
378 733 477 786 per
498 713 772 786 apostolos
802 715 1079 780 mandata,
1113 729 1274 784 quam
1306 715 1430 768 data
1479 713 1689 767 fuerant
1725 727 1822 783 per

231 808 534 877 prophetas,
563 813 708 860 recte
735 819 877 858 nunc
906 803 1118 858 dicitur:
1149 803 1412 858 Memores
1446 803 1678 858 uberum
1702 805 1822 858 tuo-

232 911 353 950 rum
371 909 542 965 super
563 895 754 948 vinum
780 911 798 947 :
821 892 943 962 quia
961 891 1051 962 qui
1076 891 1181 946 ista
1208 900 1430 962 possunt
1451 890 1674 962 implere
1701 905 1824 960 qua:

232 985 284 1037 in
310 984 467 1038 Novo
496 983 846 1036 Testamento
876 981 1127 1035 mandata
1156 989 1295 1047 sunt,
1344 979 1491 1034 illam
1542 979 1824 1035 scientiam

233 1071 382 1144 Legis
413 1072 532 1126 sine
562 1069 728 1124 dubio
751 1069 1160 1125 transcendunt.

297 1171 380 1224 16.
415 1167 575 1238 Quod
625 1175 808 1221 tamen
863 1174 917 1221 et
971 1165 1128 1220 aliter
1167 1165 1472 1240 intelligere
1507 1181 1822 1237 possumus:

234 1259 500 1317 Hemores
518 1257 753 1313 uber-um
771 1261 996 1312 tuorum
1010 1271 1180 1327 super
1197 1257 1409 1311 vinum.
1427 1255 1559 1310 Sunt
1572 1253 1721 1308 multi
1737 1252 1828 1324 qui

236 1352 415 1406 vinum
460 1346 685 1420 quidem
735 1344 1013 1415 sapientiae
1056 1343 1279 1409 habent,
1318 1343 1412 1398 sed
1459 1342 1828 1416 cognitionem

239 1436 549 1493 humilitatis
579 1451 687 1490 non
734 1433 954 1488 habent.
1010 1433 1148 1487 Istos
1203 1432 1428 1487 scientia
1480 1432 1648 1496 inflat,
1703 1432 1829 1500 quia

236 1527 458 1582 charitas
490 1539 600 1579 non
633 1520 884 1578 aediﬁcat.
922 1521 1056 1576 Sunt
1086 1535 1213 1576 vero
1244 1520 1397 1574 multi
1429 1519 1520 1592 qui
1549 1519 1627 1575 sic
1643 1519 1828 1573 vinum

234 1615 458 1670 scientia:
489 1612 713 1677 habent,
737 1618 794 1665 ut
841 1609 1013 1664 sciant
1039 1609 1378 1664 considerare
1420 1609 1565 1664 dona
1621 1607 1830 1662 doctri-

236 1721 333 1771 nas,
365 1703 513 1758 dona
558 1698 853 1770 Spiritualis
892 1698 1116 1770 gratias;
1165 1698 1308 1752 dona
1338 1698 1482 1753 enim
1528 1697 1828 1768 spiritualis

1925 545 1981 592 et
2008 538 2364 609 diligentibus
2391 541 2686 596 adventum
2709 543 2854 611 ejus;
2889 546 3014 614 quia
3043 563 3148 603 non
3166 550 3400 624 diligunt
3427 538 3520 613 ad.

1927 635 2145 682 ventum
2188 627 2408 696 judicis,
2468 629 2571 683 nisi
2624 629 2694 684 de
2749 646 2910 686 causa
2965 651 3060 689 sua
3109 653 3520 706 praesumentes.

1928 714 2120 770 Omnis
2134 725 2314 772 autem
2331 717 2619 782 certitudo,
2645 717 2717 787 (ὁ)
2737 720 3000 776 rectitudo
3017 726 3348 785 certitudinis
3362 733 3416 788 in
3432 736 3524 790 di-

1929 803 2162 860 lectione
2186 813 2283 865 est;
2311 813 2362 860 et
2392 805 2516 861 ideo
2547 814 2692 861 recte
2723 806 2948 862 dicitur:
2987 812 3142 868 Recti
3160 813 3418 888 diligunt
3444 829 3522 882 te.

1994 892 2169 961 (Vers.
2203 895 2256 960 4,
2282 893 2358 963 5.)
2394 894 2570 964 Nigra
2601 910 2746 958 sum,
2781 895 2875 950 sed
2897 899 3167 968 formosa,
3197 905 3333 972 ﬁliae
3351 908 3524 969 Jeru-

1931 982 2134 1048 salem,
2158 983 2309 1036 sicut
2324 981 2686 1037 tebernacula
2715 983 2910 1053 Cedar,
2925 987 3160 1056 (c)sicut
3171 994 3337 1063 pellis
3353 997 3530 1057 Salo-

1930 1071 2135 1124 monis.
2156 1070 2338 1156 Nolite
2349 1085 2437 1124 me
2450 1070 2809 1127 considerare
2825 1075 2968 1144 quod
2978 1078 3142 1145 fusca
3155 1081 3282 1152 sim,
3299 1087 3429 1156 quia
3446 1089 3532 1148 de.

1932 1155 2206 1214 coloravit
2234 1173 2323 1212 me
2361 1157 2464 1213 sol.

2007 1247 2092 1300 18.
2153 1245 2362 1301 Scimus
2401 1245 2528 1316 quia
2574 1246 2629 1301 in
2675 1247 2980 1318 primordiis
3041 1253 3320 1328 Ecclesia},
3399 1264 3529 1324 dum

1933 1334 2230 1404 praedicata
2262 1334 2452 1389 fuisset
2479 1335 2655 1407 gratia
2686 1337 3064 1408 Redemptoris
3095 1349 3284 1415 nostri,
3303 1351 3393 1406 alii
3414 1370 3530 1412 cre-

1935 1423 2203 1491 diderunt,
2239 1423 2329 1477 alii
2361 1439 2468 1478 non
2498 1424 2850 1480 crediderunt
2881 1445 2894 1488 ;
2942 1430 3043 1484 sed
3071 1433 3124 1485 hi
3157 1436 3247 1505 qui
3278 1442 3533 1500 credide-

1932 1521 2073 1582 runt,
2106 1512 2175 1566 ab
2204 1511 2510 1566 inﬁdelibus
2548 1513 2786 1582 despecti
2816 1525 2956 1587 sunt,
2991 1527 3041 1573 et
3082 1524 3234 1592 quasi
3264 1543 3529 1596 persecu-

1936 1600 2130 1656 tionem
2153 1601 2324 1670 passi,
2345 1601 2494 1670 quasi
2522 1602 2580 1654 in
2600 1601 2744 1656 viam
2770 1604 3021 1659 Gentium
3046 1607 3357 1671 discessisse
3371 1619 3529 1688 judi-

1932 1690 2038 1744 cati
2068 1698 2210 1744 sunt.
2243 1690 2397 1746 Unde
2425 1689 2670 1745 Ecclesia
2697 1689 2750 1744 in
2780 1691 2981 1748 eisdem
3033 1696 3232 1755 clamat
3274 1706 3535 1765 adversus

234 1793 433 1864 gratiae,
463 1790 618 1860 quasi
651 1787 900 1860 quaedam
931 1786 1188 1841 mamilla:
1209 1795 1330 1840 sunt
1356 1787 1411 1840 in
1430 1794 1668 1856 pectore,
1708 1802 1828 1857 quae
1855 1803 1908 1863 Β
1939 1793 2033 1832 eos
2063 1778 2153 1848 qui
2184 1777 2427 1832 conversi
2459 1794 2567 1832 non
2598 1785 2740 1832 sunt:
2775 1781 2944 1852 Nigra
2965 1799 3110 1855 sum,
3133 1790 3231 1844 sed
3262 1795 3532 1869 formosa,

234 1879 489 1934 subtiliter
516 1877 741 1934 occultis
771 1874 1038 1931 meatibus
1081 1873 1450 1945 spiritualibus
1493 1875 1827 1942 ministrant,

234 1975 280 2022 et
305 1968 565 2022 nutriunt.
605 1965 866 2021 Hemorcs
886 1977 1018 2034 ergo
1043 1963 1278 2018 uberum
1312 1967 1538 2020 tuorum
1568 1979 1736 2034 super
1761 1963 1832 2019 vi-

236 2073 387 2112 num:
417 2057 556 2128 quia
585 2054 638 2110 hi
669 2054 759 2126 qui
791 2053 985 2108 sectari
1016 2050 1190 2105 sciunt
1218 2051 1362 2106 dona
1392 2052 1583 2124 gratiae
1615 2059 1742 2120 tuae,
1775 2057 1832 2106 ut

243 2145 333 2199 sibi
362 2161 468 2199 non
495 2143 739 2198 tribuant
784 2140 933 2214 quod
978 2139 1216 2209 sapiunt,
1265 2141 1361 2194 sed
1393 2141 1461 2194 de
1509 2139 1699 2196 eadem
1741 2155 1833 2193 sa-

236 2233 428 2304 pientia
494 2249 663 2304 quam
726 2237 1066 2302 acceperunt,
1116 2243 1226 2282 non
1266 2229 1612 2290 extolluntur;
1668 2243 1836 2298 super

237 2322 348 2377 illos
370 2322 461 2394 qui
516 2322 588 2376 de
640 2320 908 2391 sapientia
963 2337 1062 2377 sua
1097 2321 1445 2385 extolluntur,
1503 2316 1825 2373 efferuntur.

237 2411 350 2464 Plus
377 2419 458 2465 est
489 2411 641 2465 enim
667 2409 943 2464 humiliter
969 2427 1162 2482 sapere
1192 2425 1353 2481 quam
1385 2422 1574 2477 sapere
1603 2424 1614 2468 ;
1657 2419 1834 2476 neque

245 2498 371 2552 enim
401 2514 536 2554 vere
562 2513 755 2567 sapere
785 2505 888 2562 est,
910 2499 1182 2554 humiliter
1198 2514 1306 2553 non
1332 2511 1541 2568 sapere.
1574 2495 1835 2550 Memores

241 2601 358 2658 ergo
371 2588 613 2644 uberum
637 2590 859 2641 tuorum
875 2603 1044 2658 super
1059 2589 1150 2642 vin
1161 2605 1254 2642 um
1270 2606 1288 2641 :
1306 2585 1431 2657 quia
1444 2584 1675 2638 scientes
1691 2582 1838 2637 dona

241 2677 519 2746 spiritualis
553 2677 742 2748 gratiae
787 2677 1156 2743 considerare,
1192 2674 1575 2731 transcendunt
1622 2689 1714 2728 eos
1744 2673 1835 2745 qui

241 2766 509 2820 scientiam
539 2766 758 2836 quidem
787 2763 1006 2833 habent,
1039 2765 1133 2820 sed
1156 2765 1523 2838 cognitionem
1549 2763 1602 2818 in
1634 2778 1836 2818 memo-

239 2853 360 2908 riam
395 2855 668 2910 donorum
700 2868 809 2907 non
839 2852 1060 2907 habent.
1092 2857 1288 2923 Aperte
1323 2868 1452 2925 ergo
1500 2853 1679 2906 dicere
1713 2858 1830 2907 est:

248 2943 494 2998 Nemore:
515 2942 757 2998 uberum
782 2945 1010 2998 tuorum
1028 2958 1196 3014 super
1228 2944 1421 2996 vinum
1439 2959 1459 2994 :
1491 2941 1618 3010 quia
1648 2940 1836 2996 fortior

246 3040 317 3086 est
342 3031 624 3086 humilitas
653 3045 816 3101 quam
847 3029 1099 3084 scientia.
1139 3030 1336 3085 Vinum
1367 3031 1532 3097 enim,
1566 3037 1644 3084 est
1665 3029 1833 3084 scien-

246 3121 315 3174 tia
329 3137 445 3191 quae
462 3119 724 3186 inebriat,
748 3119 1005 3172 memoria
1027 3118 1254 3172 uberum
1286 3135 1405 3188 qua:
1429 3117 1664 3186 debriat,
1714 3135 1836 3191 qua:
1866 3153 1915 3216 Ο

249 3207 308 3262 ad
333 3208 703 3279 cognitionem
733 3205 994 3261 donorum
1026 3214 1269 3262 revocat.
1312 3207 1574 3262 Memores
1600 3208 1836 3262 uberum

251 3299 463 3352 tuorum
492 3312 674 3367 super
703 3296 931 3350 vinum:
977 3293 1103 3366 quia
1132 3294 1299 3351 vincit
1338 3293 1614 3349 humilitas
1661 3295 1837 3350 abun-

256 3384 476 3439 dantiam
509 3384 774 3440 scientiae.

319 3492 398 3545 t1.
445 3491 610 3547 Recti
650 3490 896 3562 diligunt
929 3495 1020 3546 te:
1069 3491 1148 3546 Ac
1189 3489 1234 3544 si
1267 3488 1504 3545 diceret:
1556 3490 1678 3545 Non
1712 3491 1842 3546 recti

257 3578 417 3636 adhuc
435 3580 650 3635 timent.
680 3581 834 3635 Recti
850 3579 1102 3651 diligunt
1125 3583 1178 3634 te
1197 3599 1214 3634 ε
1231 3578 1408 3632 omnis
1423 3577 1568 3633 enim
1587 3579 1676 3648 qui
1699 3578 1844 3633 bona

268 3683 420 3736 Opera
450 3669 569 3740 agit
599 3683 699 3737 pro
733 3667 942 3734 timore,
976 3666 1072 3722 etsi
1103 3666 1157 3720 in
1205 3682 1370 3738 opere
1425 3674 1607 3720 rectus
1653 3671 1751 3732 est,
1791 3666 1844 3720 in

263 3753 512 3811 desiderio
540 3764 722 3810 rectus
751 3770 855 3809 non
887 3762 986 3816 est;
1021 3753 1184 3810 vellet
1213 3753 1355 3809 enim
1386 3769 1493 3809 non
1538 3768 1661 3810 esse
1699 3755 1844 3825 quod

264 3842 475 3912 timeret,
510 3852 568 3899 et
605 3843 748 3898 bona
779 3859 939 3913 opera
968 3858 1076 3896 non
1108 3842 1329 3897 faceret.
1379 3841 1480 3910 Qui
1524 3859 1649 3898 vero
1701 3843 1846 3897 bona

265 3945 411 4000 opera
439 3947 540 4001 pro
572 3946 761 3986 amore
799 3931 930 4002 agit,
981 3938 1033 3985 et
1078 3930 1131 3983 in
1174 3945 1336 4001 opere
1384 3939 1433 3985 et
1472 3930 1526 3984 in
1576 3931 1844 3986 desiderio

265 4028 426 4072 rectus
445 4028 545 4086 est,
569 4021 651 4088 (a)
685 4018 783 4072 sed
807 4018 1035 4073 dulcedo
1053 4018 1252 4072 amoris
1275 4017 1582 4072 timentibus
1602 4019 1843 4074 abscon-

267 4105 414 4160 ditur.
453 4107 614 4163 Unde
645 4107 907 4176 scriptum
939 4107 1242 4174 est;Quam
1283 4122 1495 4176 magna
1536 4107 1844 4164 multitudo

264 4193 566 4250 dulcedinis
580 4196 1145 4266 tuw.Domine,quam
1159 4194 1500 4251 abscondisti
1513 4195 1846 4251 timentibus

271 4287 317 4335 te
347 4289 403 4338 et
429 4283 821 4355 perfecistieis
836 4284 930 4354 qui
951 4288 1182 4354 sperant
1203 4284 1262 4337 in
1287 4287 1342 4338 te
1363 4283 1534 4352 (Psal.
1555 4299 1691 4351 xxx,
1720 4287 1837 4353 20).

267 4368 498 4426 Dulcedo
530 4372 677 4426 enim
707 4371 830 4436 Dei,
863 4370 1176 4424 timentibus
1205 4369 1384 4425 Deum
1424 4371 1702 4443 incognita
1745 4380 1844 4438 est,

265 4461 565 4514 amantibus
596 4459 652 4514 ﬁt
681 4467 833 4514 nota.
873 4458 977 4526 Qui
1007 4473 1144 4530 ergo
1174 4474 1275 4527 per
1303 4474 1552 4513 amorem
1581 4459 1848 4514 studuerit
1878 4499 1930 4560 D

268 4554 428 4602 rectus
457 4565 595 4613 esse,
629 4548 872 4619 perfecta
901 4547 1122 4602 dilectio
1178 4545 1322 4600 illius
1376 4551 1478 4614 est,
1509 4554 1568 4600 ut
1606 4547 1844 4616 judicem

265 4635 552 4692 venientem
574 4652 686 4691 non
718 4636 922 4703 timeat,
955 4642 1010 4689 ut
1031 4634 1292 4706 quidquid
1341 4636 1410 4690 de
1448 4635 1664 4690 setemis
1710 4652 1847 4708 sup-

267 4721 425 4791 pliciis
453 4724 704 4792 audierit,
726 4725 897 4793 409
925 4738 1030 4779 non
1061 4723 1344 4778 formidet.
1382 4723 1536 4779 Unde
1562 4731 1614 4779 et
1652 4725 1848 4780 Paulus

267 4808 382 4864 dum
409 4812 701 4868 adventum
727 4811 924 4881 judicis
941 4819 1296 4881 exspectaret,
1323 4811 1450 4865 dum
1471 4812 1695 4882 praemia
1724 4813 1848 4868 vitae

265 4906 464 4956 aeternae
491 4908 781 4973 quaereret,
816 4901 945 4956 dicit
970 4919 981 4954 :
1021 4900 1157 4964 Quae
1183 4901 1530 4973 praeparavit
1558 4901 1704 4956 Deus
1733 4916 1850 4957 non

269 4989 435 5044 solum
471 4989 1085 5056 mihi,sedetomnibus
1121 4989 1217 5061 qui
1255 4989 1506 5059 diligunt
1543 4988 1851 5045 adventum

270 5075 374 5144 ejus
389 5078 470 5146 (II
492 5079 629 5134 Tim.
646 5093 725 5146 tv,
747 5077 1056 5148 8).Pra:mia
1076 5076 1219 5132 enim
1244 5075 1597 5147 diligentibus
1617 5092 1648 5130 a
1668 5076 1853 5145 judice

271 5175 626 5237 praeparantur
653 5174 874 5234 aeterna,
917 5165 1042 5236 quia
1071 5165 1253 5220 omnis
1279 5165 1371 5234 qui
1401 5179 1458 5218 se
1496 5164 1640 5218 mala
1687 5179 1854 5236 opera

276 5266 417 5323 agere
446 5254 564 5322 scit,
592 5255 837 5324 judicem
869 5253 1176 5310 venientem
1205 5253 1358 5307 timet
1390 5270 1402 5314 ;
1455 5252 1549 5323 qui
1604 5268 1728 5308 vero
1785 5253 1854 5309 de

277 5341 514 5412 operibus
559 5343 666 5398 suis
711 5342 1010 5415 praesumit,
1049 5341 1255 5412 judicis
1300 5341 1590 5398 adventum
1632 5341 1842 5412 quaerit.

281 5484 757 5627 δυὩὲιὲειέἓέῗῗξ
775 5484 1297 5632 ίῗιὲῗξοάώᾶζθΙ-Οὶη
1321 5484 1531 5542 Theod.
1562 5497 1628 5542 ac
1657 5484 1854 5543 Rhein.

338 5625 514 5705 (bj'lta
543 5627 814 5706 Romam,
841 5625 1096 5706 Theod.;
1118 5635 1221 5691 etc.
1254 5628 1317 5690 In
1338 5626 1459 5688 Val.
1511 5625 1591 5694 Cl.
1621 5625 1855 5706 legitur:

1935 1867 2442 1956 ﬁlia'glerusalem.
2467 1867 2638 1956 Nigra
2671 1884 2787 1922 sum
2819 1870 3038 1941 quidem
3082 1885 3262 1934 vestro
3301 1867 3532 1956 judicio,

1937 1955 2033 2010 sed
2082 1954 2319 2009 formosa
2373 1970 2471 2024 per
2533 1954 2948 2014 illustrationem
2988 1963 3196 2032 gratiae.
3250 1954 3536 2036 Quomodo

1939 2043 2122 2115 nigra?
2158 2044 2309 2099 Sicut
2329 2043 2698 2100 tabernacula
2731 2045 2923 2102 Cedar.
2958 2048 3134 2105 Cedar
3161 2053 3540 2127 interpretatur

1939 2130 2209 2193 tenebras;
2240 2131 2416 2186 Cedar
2437 2132 2579 2186 enim
2609 2134 2882 2188 secundus
2913 2136 3012 2190 fuit
3040 2139 3106 2193 de
3122 2158 3324 2212 genere
3355 2151 3532 2206 Isma-

1940 2219 2048 2288 hel,
2080 2229 2130 2274 et
2161 2219 2334 2274 Cedar
2363 2220 2707 2275 tabernacula
2761 2222 2904 2276 Esau
2961 2223 3190 2282 fuerunt.
3247 2231 3534 2302 Quomodo

1940 2325 2076 2381 ergo
2106 2309 2266 2380 nigra
2294 2307 2427 2397 sicut
2457 2307 2798 2397 tabernacula
2829 2309 3033 2367 Cedar?
3062 2317 3187 2384 quia
3217 2319 3271 2374 in
3301 2339 3535 2397 conspe-

1940 2409 2033 2456 ctu
2061 2407 2242 2456 vestro
2273 2397 2340 2451 ad
2371 2396 2774 2452 similitudinem
2806 2399 3056 2455 Gentium
3097 2404 3342 2472 judicata
3387 2396 3531 2483 sum,

1940 2490 1994 2544 id
2012 2496 2093 2544 est
2122 2487 2188 2541 ad
2205 2484 2604 2540 similitudinem
2621 2495 2981 2554 peccatorum.
2999 2489 3286 2558 Quomodo
3300 2499 3537 2560 formosa

1941 2578 2078 2633 sicut
2099 2575 2258 2646 pellis
2299 2574 2636 2629 Salomonis?
2667 2574 2853 2629 Fertur
2882 2577 3138 2635 Salomon
3169 2588 3383 2652 quando
3407 2599 3537 2646 tem-

1940 2667 2089 2738 plum
2121 2661 2426 2730 aediﬁcavit,
2459 2662 2639 2716 omnia
2668 2663 2758 2716 illa
2789 2679 2918 2719 vasa
2949 2670 3133 2740 templi
3171 2671 3330 2730 factis
3372 2679 3537 2748 pelli-

1943 2755 2042 2808 bus
2067 2751 2424 2822 cooperuisse.
2456 2751 2566 2807 Sed
2596 2750 2852 2806 nimirum
2880 2755 3052 2822 pelles
3097 2758 3404 2820 Salomonis
3435 2768 3538 2825 de-

1941 2859 2082 2898 corae
2112 2857 2229 2896 esse
2260 2847 2544 2910 potuerunt
2564 2839 2620 2892 in
2667 2839 2962 2910 obsquium
3018 2847 3187 2917 regis.
3253 2850 3361 2907 Sed
3415 2858 3541 2927 quia

1943 2932 2202 2987 Salomon
2232 2929 2616 2999 interpretatur
2650 2929 2929 2999 paciﬁcus,
2978 2948 3078 2988 nos
3118 2935 3298 3006 ipsum
3347 2958 3539 3002 verum

1942 3019 2289 3075 Salomonem
2319 3015 2705 3088 intelligamus;
2741 3017 2867 3088 quia
2910 3034 3096 3076 omnes
3124 3023 3318 3083 animae
3348 3031 3540 3089 adhue-

1943 3117 2121 3164 rentes
2151 3108 2288 3176 Deo,
2320 3105 2493 3175 pelles
2535 3105 2843 3160 Salomonis
2879 3117 3019 3178 sunt,
3069 3125 3404 3174 macerantes
3445 3139 3543 3179 se-

1947 3196 2092 3266 ipsas
2122 3203 2175 3250 et
2204 3195 2258 3247 in
2287 3193 2604 3263 obsequium
2647 3194 2791 3265 regis
2837 3196 2987 3266 pacis
3042 3199 3350 3260 redeuntes.
3409 3209 3543 3267 Sum

1947 3300 2077 3340 vero
2109 3285 2165 3337 in
2188 3283 2399 3352 judicio
2429 3283 2566 3337 sicut
2597 3281 2940 3338 tabernacula
2960 3285 3152 3358 Cedar,
3172 3300 3464 3366 quaequesi
3486 3301 3545 3356 in

1947 3374 2092 3430 viam
2125 3371 2380 3427 Gentium
2410 3371 2721 3426 discessisse
2739 3370 2976 3439 judicor;
3010 3376 3106 3430 sed
3147 3377 3303 3446 juxta
3335 3384 3542 3441 verita-

1951 3472 2058 3518 tem
2095 3461 2232 3518 sicut
2256 3460 2414 3530 pellis
2441 3459 2748 3514 Salomonis
2776 3475 2915 3528 sum,
2965 3463 3092 3534 quia
3135 3465 3191 3520 in
3220 3467 3544 3544 obsequium

1948 3551 2095 3624 regis
2123 3551 2398 3605 adhaereo.

2022 3641 2194 3712 (Vers.
2227 3639 2319 3709 5.)
2349 3639 2534 3694 Nolite
2565 3655 2652 3694 me
2681 3641 3036 3700 considerare
3065 3647 3210 3718 quod
3223 3650 3389 3720 fusca
3408 3655 3540 3724 sim,

1951 3732 2084 3803 quia
2112 3729 2450 3784 decoloravit
2494 3743 2580 3783 me
2609 3729 2710 3783 sol.

2025 3822 2110 3872 19.
2162 3816 2524 3871 Peccatricem
2592 3816 2923 3904 attendebat,
2969 3820 3121 3877 illam
3163 3835 3378 3894 partem
3426 3847 3549 3904 qua:

1955 3906 2170 3962 Christo
2200 3904 2524 3959 crediderat.
2579 3903 2688 3959 Sed
2732 3905 2877 3961 dicat
2904 3907 3037 3965 ista:
3085 3912 3271 3970 Nolite
3293 3933 3381 3973 me
3419 3903 3552 3976 con-

1952 3997 2201 4053 siderare
2222 3993 2364 4064 quod
2395 3995 2559 4061 fusca
2577 3993 2707 4061 sim,
2730 3997 2861 4065 quia
2881 3997 3221 4056 decoloravit
3240 4019 3330 4059 me
3345 4007 3549 4064 sol.Sol

1953 4086 2070 4155 ipse
2097 4083 2386 4151 Dominus,
2424 4081 2538 4151 ipse
2565 4081 2788 4136 veniens
2815 4082 3149 4141 decoloravit
3195 4105 3302 4145 me.
3339 4093 3550 4151 Praece-

1953 4173 2064 4244 ptis
2095 4172 2205 4227 suis
2233 4171 2484 4238 ostendit,
2512 4170 2638 4240 quia
2667 4170 2894 4240 pulchra
2919 4187 3025 4227 non
3056 4174 3132 4229 fui
3170 4177 3224 4229 in
3258 4184 3551 4252 praeceptis

1959 4262 2140 4334 Legis.
2176 4260 2268 4316 Sol
2283 4275 2442 4330 quem
2473 4258 2675 4314 arctius
2696 4259 2887 4329 tangit,
2921 4259 3101 4330 ipsum
3123 4257 3436 4330 decolorat;
3473 4271 3551 4326 ita

1959 4360 2012 4406 et
2040 4349 2303 4404 Dominus
2332 4348 2576 4413 veniens,
2609 4361 2768 4418 quem
2799 4363 2895 4418 per
2914 4349 3147 4421 gratiam
3178 4368 3332 4409 suam
3361 4357 3554 4414 distri-

1959 4440 2097 4495 ctius
2127 4437 2321 4509 tetigit,
2354 4435 2714 4497 decoloravit;
2766 4437 2892 4508 quia
2919 4439 3048 4492 dum
3091 4440 3212 4512 plus
3252 4447 3555 4518 appropin-

1962 4544 2190 4600 quamus
2211 4526 2278 4581 ad
2307 4525 2558 4597 gratiam,
2596 4525 2720 4594 plus
2739 4540 2838 4578 nos
2874 4541 2995 4581 esse
3022 4538 3334 4597 peccatores
3373 4551 3557 4608 agno-

1956 4618 2175 4673 scimus.
2208 4615 2501 4669 Videamus
2526 4613 2756 4667 Paulum
2787 4629 2854 4668 ex
2883 4615 3073 4671 Judzea
3101 4620 3411 4677 venientem
3450 4628 3554 4682 de-

1957 4706 2253 4760 coloratum
2283 4721 2294 4756 :
2330 4702 2480 4770 Quod
2522 4699 2576 4757 si
2619 4703 2868 4758 volentes
2909 4703 2973 4758 in
3003 4704 3221 4763 Christo
3238 4709 3556 4781 justiﬁcari

1955 4795 2395 4850 inventiswmus
2413 4792 2592 4863 etipsi
2630 4795 2949 4862 peccatores
2981 4793 3126 4862 (Gal.
3179 4813 3236 4861 ιι,
3287 4799 3404 4870 17).
3451 4801 3557 4871 Qui

1957 4899 2017 4939 se
2056 4883 2110 4936 in
2171 4879 2381 4935 Christo
2424 4886 2767 4950 peccatorem
2807 4879 3029 4947 invenit,
3080 4881 3135 4936 in
3163 4883 3279 4940 sole
3339 4903 3398 4942 se
3454 4890 3558 4944 de-

1959 4973 2260 5028 coloratum
2328 4968 2554 5023 invenit.
2613 4967 2724 5022 Sed
2782 4983 2906 5023 ecce
2962 4983 3089 5038 pars
3153 4971 3256 5024 ista
3303 4989 3424 5042 quae
3491 4993 3560 5032 ex

1957 5061 2146 5118 Judaaa
2175 5057 2418 5122 credidit,
2458 5056 2893 5126 persecutionem
2923 5057 2993 5111 ab
3023 5055 3338 5114 inﬁdelibus
3362 5062 3561 5119 Judaais

1959 5166 2117 5224 passa
2145 5157 2245 5217 est,
2291 5146 2488 5203 aﬂlicta
2532 5143 2718 5201 multis
2758 5144 3215 5201 tribulationibus.
3262 5147 3418 5203 Unde
3499 5167 3562 5207 θ-

1963 5241 2146 5314 quitur
2185 5255 2199 5295 :

1963 5327 2357 5421 (V'crs.5.)Filii
2368 5325 2579 5382 matris
2590 5340 2730 5382 meae
2737 5340 2924 5397 pugna
2933 5323 3439 5385 veruntadversum
3454 5345 3562 5391 me.

1967 5472 2166 5535 Omnis
2189 5476 2384 5529 autem
2407 5467 2687 5528 certitudo
2715 5464 3082 5525 rectitudinis
3101 5464 3163 5520 in
3177 5465 3508 5532 dilectione.

2000 5620 2018 5681 ἱ
2037 5548 2119 5676 (c)‘
2129 5543 2536 5698 Rgglzpirstmicut
2549 5539 2746 5616 pelles,
2769 5545 2823 5598 at
2837 5537 2979 5597 intra
2995 5552 3123 5599 cum
3143 5541 3354 5604 cantatis
3371 5544 3558 5627 habet,

1972 5635 1996 5680 ε
2021 5633 2091 5680 cu
2347 5653 2361 5671 ο
