3996 6164
506 226 609 292 487

1674 224 1920 294 SANCTI
1964 227 2307 292 GREGORII
2346 217 2572 286 MAGNI

3673 221 3771 292 498

578 362 667 421 20.
701 362 838 432 Quia
864 362 961 419 ﬁlii
992 364 1302 436 Synagogaa
1323 360 1414 433 qui
1435 360 1488 416 in
1508 358 1822 417 inﬁdelitate
1841 374 2092 431 perman-
2120 356 2176 418 Α
2276 357 2364 410 23.
2395 353 2502 410 Sed
2527 356 2560 409 ὀ
2592 361 2646 409 tu
2675 352 2754 409 sic
2782 352 3008 421 afﬂicta,
3043 352 3123 409 sle
3149 352 3421 423 destitute,
3478 355 3598 426 quid
3659 374 3772 413 me-

495 464 699 526 serunt,
721 454 919 511 bellum
943 450 1336 525 persecutionis
1364 458 1550 506 contra
1581 448 1893 521 Syuagogaa
1911 446 2100 502 ﬁdeles

496 547 817 615 gesserunt;
849 539 945 594 sed
968 537 1098 593 dum
1127 534 1561 607 persecutionem
1599 534 1806 603 patitur
1841 548 1907 587 ea
1945 547 2095 602 pars,

499 646 620 703 quae
650 645 718 686 ex
739 628 945 683 Judaeis
986 626 1134 680 venit
1181 625 1247 678 ad
1295 622 1478 689 ﬁdem,
1523 621 1770 677 discessit
1804 621 1874 676 ad
1928 623 2096 690 410

494 717 945 796 praedicationem
974 714 1248 770 Gentium.
1277 711 1435 768 Unde
1460 718 1511 766 et
1539 710 1812 781 sequitur:

528 846 701 914 (νοτε.
718 843 793 912 5.)
803 842 1116 897 Posuerunt
1133 853 1221 893 me
1236 836 1525 894 custodem
1549 837 1612 891 in
1631 834 1809 890 vineis
1834 851 1852 898 ;
1870 834 2096 889 vineam

501 949 688 990 meam
724 946 842 986 non
883 927 1177 985 custodiat.

574 1066 663 1118 21.
696 1058 833 1129 Quia
864 1058 992 1112 dum
1021 1072 1108 1112 me
1140 1060 1539 1127 persequuntur
1565 1049 1619 1107 hi
1663 1050 1755 1123 qui
1814 1050 1868 1105 in
1911 1047 2100 1104 Judaaa

501 1155 641 1212 sunt,
659 1145 743 1216 (α)
764 1145 818 1198 in
840 1142 1100 1200 Ecclesiis
1128 1157 1214 1195 me
1244 1139 1525 1196 custodem
1572 1137 1831 1192 fecerunt.
1872 1134 2098 1191 Vineam

499 1250 674 1291 meam
706 1248 813 1288 non
845 1228 1133 1296 custodivi,
1176 1228 1308 1301 quia
1356 1227 1599 1282 Judmam
1649 1224 1888 1280 deserui.
1945 1221 2099 1278 Unde

497 1331 548 1380 et
580 1322 775 1377 Paulus
804 1318 951 1383 dicit,
985 1316 1125 1371 unde
1151 1323 1203 1371 et
1232 1314 1466 1385 apostoli
1498 1311 1689 1370 :Vobis
1713 1314 1952 1367 missum
1972 1314 2100 1382 fue-

498 1417 590 1468 rat
612 1411 837 1467 verbum
850 1406 971 1468 Dei,-
984 1405 1081 1461 sed
1101 1404 1232 1476 quia
1251 1404 1508 1468 indignos
1526 1419 1618 1459 vos
1634 1399 1958 1470 iudicastis,
1974 1415 2099 1456 ecce

498 1503 647 1556 imus
675 1498 747 1555 ad
778 1497 979 1553 Gentes
1009 1495 1156 1564 (Act.
1189 1508 1307 1561 xm,
1339 1493 1539 1561 46).Αο
1578 1490 1619 1544 si
1653 1489 1797 1544 dicat
1823 1502 1836 1543 :
1868 1489 1980 1543 Nos
2009 1488 2097 1543 vi-

499 1604 661 1645 neam
690 1594 929 1641 nostram
956 1580 1226 1638 custodire
1255 1579 1527 1647 volumus,
1560 1578 1658 1633 sed
1688 1577 1817 1650 quia
1849 1592 1949 1631 nos
1991 1575 2096 1645 ipsi

501 1675 816 1749 respuistis,
858 1672 927 1726 ad
977 1670 1275 1725 alienarum
1331 1667 1613 1723 vinearum
1652 1664 1951 1720 custodiam
1996 1679 2096 1720 nos

503 1760 884 1822 transmittitis.
934 1758 1121 1828 Itaque
1157 1771 1279 1825 quae
1318 1754 1554 1809 diximus
1580 1752 1648 1808 de
1696 1752 1985 1823 Synagoga
2023 1751 2091 1805 ad

502 1854 667 1908 ﬁdem
724 1861 1001 1911 conversa,
1078 1844 1326 1900 dicamus
1394 1841 1563 1897 modo
1607 1840 1675 1895 de
1724 1839 1964 1894 Ecclesia
2024 1838 2094 1892 ad

498 1942 668 1997 tidem
698 1944 923 1996 vocata:
948 1935 1117 2004 Nigra
1138 1947 1285 2001 sum,
1298 1930 1393 1987 sed
1417 1934 1686 2000 formosa,
1707 1928 1844 1997 ﬁlia:
1862 1928 2095 1984 Jerusa-

500 2027 631 2082 lem.
659 2021 902 2079 Ecclesia
930 2035 998 2074 ex
1029 2016 1291 2073 Gentibus
1330 2014 1552 2070 veniens
1598 2012 1902 2068 considerat
1954 2009 2094 2064 ﬁde-

498 2114 630 2169 lium
661 2112 889 2177 animas,
921 2122 1056 2179 quas
1103 2104 1326 2169 invenit,
1365 2119 1501 2173 quas
1528 2110 1580 2157 et
1616 2100 1760 2156 ﬁlias
1795 2099 2093 2156 Jerusalem

498 2205 674 2255 vocat.
713 2192 1011 2250 Jerusalem
1039 2188 1240 2259 quippe
1268 2187 1405 2243 visio
1427 2187 1579 2258 pacis
1625 2185 1858 2247 dicitur;
1907 2182 2093 2239 consi-

497 2288 654 2342 derat
683 2283 810 2354 quid
833 2281 980 2347 fecit,
1013 2277 1142 2347 quid
1170 2275 1310 2330 facta
1333 2283 1416 2329 est
1453 2292 1466 2337 ;
1527 2281 1581 2328 et
1617 2272 1899 2328 conﬁtetur
1916 2275 2096 2341 prate-

498 2376 633 2431 ritas
662 2371 870 2440 culpas,
903 2383 971 2423 ne
1020 2364 1255 2435 superba
1285 2363 1390 2423 sit;
1441 2358 1722 2416 conﬁtetur
1763 2366 2094 2430 praesentem

499 2464 686 2529 vitam,
719 2474 787 2513 ne
817 2458 1029 2528 ingrata
1060 2455 1148 2519 sit,
1180 2460 1232 2506 et
1262 2450 1432 2506 dicit:
1466 2450 1638 2521 Nigra
1671 2465 1820 2517 sum,
1854 2448 1948 2503 sed
1968 2450 2093 2518 for-

502 2565 678 2607 mosa.
730 2546 903 2617 Nigra
946 2559 1044 2614 per
1084 2539 1359 2606 meritum,
1411 2538 1651 2593 formosa
1676 2553 1776 2607 per
1820 2536 2089 2608 gratiam;

493 2641 649 2711 nigra
677 2652 778 2707 per
798 2636 965 2690 vitam
989 2629 1335 2703 printer-itam,
1370 2627 1608 2682 formosa
1656 2642 1755 2697 per
1798 2640 2094 2680 conversa-

486 2732 694 2787 tionem
724 2727 1064 2795 sequentem.
1100 2717 1385 2787 Quomodo
1401 2716 1559 2788 nigra
1581 2715 1721 2770 sicut
1749 2713 2098 2770 tabernacula

491 2818 707 2877 Cedar‘?
736 2812 927 2878 Cedar,
959 2806 1313 2865 tabernacula
1337 2807 1578 2877 gentium
1632 2804 1866 2870 fuemnt,
1911 2803 2096 2857 taber-

488 2908 683 2965 nacula
712 2903 1047 2959 tenebrarum
1078 2896 1313 2951 fuerunt.
1347 2894 1415 2949 Et
1444 2892 1701 2965 gentibus
1737 2892 1944 2947 dictum
1975 2898 2093 2946 est:

489 2996 699 3056 Fuistis
711 2988 1015 3064 aliquando
1029 2985 1453 3049 tenebrwmunc
1463 2985 1652 3037 autem
1670 2981 1774 3037 tux
1785 2980 1847 3035 in
1860 2978 2098 3037 Domino

2204 442 2356 498 ruisti
2414 442 2442 496 ἱ)
2493 442 2620 513 quid
2676 458 2745 498 ex
2800 442 2945 497 dono
2987 450 3276 499 consecuta
3329 459 3388 497 es
3432 445 3461 496 Ἰ
3513 446 3636 501 Filii
3662 463 3770 501 ma-

2207 534 2314 589 tris
2338 547 2476 588 mete
2484 535 2887 603 pugnaverunt
2900 530 2972 587 ad
2977 547 3100 587 vers
3108 547 3205 587 um
3216 546 3323 587 me.
3342 530 3459 585 Filii
3473 534 3654 588 matris
3664 538 3778 589 sunt

2204 620 2484 692 apostoli;
2525 628 2697 675 mater
2746 619 2892 675 enim
2943 619 3181 675 omnium
3220 619 3507 675 Jerusalem
3564 637 3780 693 superna

2207 712 2311 765 est.
2346 708 2451 779 Ipsi
2482 715 2861 780 pugnaverunt
2888 716 3076 765 contra
3106 707 3419 775 Ecclesium,
3456 708 3579 763 dum
3607 709 3673 764 ab
3699 710 3779 763 in-

2207 796 2466 853 ﬁdelitate
2496 797 2564 851 ad
2589 796 2753 852 ﬁdem
2800 795 3279 864 praedicationibus
3308 795 3446 865 suis,
3494 798 3644 866 quasi
3672 797 3785 869 qui-

2211 884 2440 940 busdam
2467 884 2679 941 lanceis
2708 883 3098 941 confoderunt.
3135 883 3288 940 Unde
3330 892 3381 939 et
3410 884 3601 939 Paulus
3650 886 3786 955 quasi

2210 973 2431 1045 quidam
2463 980 2740 1045 pugnator
2771 972 2899 1027 dicit
2930 990 2943 1025 :
2981 972 3400 1043 Cogitationum
3443 974 3676 1028 consilia
3697 973 3787 1029 de-

2209 1066 2583 1129 strucntes,et
2596 1076 2820 1117 omnem
2833 1060 3203 1116 altitudinem
3229 1060 3597 1117 extollentem
3616 1077 3670 1117 se
3695 1062 3788 1117 ad-

2206 1150 2711 1207 versusscientiam
2727 1151 2824 1206 Dei
2842 1148 2916 1218 (II
2930 1149 3056 1205 Cor.
3071 1162 3134 1213 χ,
3154 1147 3347 1219 5).Qui
3369 1148 3697 1204 altitudinem
3711 1150 3789 1204 de-

2206 1238 2382 1307 struit,
2413 1238 2596 1309 utique
2624 1244 2903 1309 pugnator
2931 1244 3029 1292 est.
3062 1236 3151 1290 Isti
3183 1251 3324 1308 ergo
3349 1245 3687 1310 pugnatores,
3713 1238 3788 1292 isti

2207 1325 2304 1381 ﬁlii
2324 1328 2506 1381 matris
2559 1326 2857 1382 Jerusalem
2909 1324 3323 1381 debellaverunt
3373 1325 3678 1381 Ecclesiam
3725 1326 3788 1381 ab

2206 1429 2389 1470 errore
2418 1429 2536 1482 suo,
2570 1421 2627 1469 ut
2656 1414 2805 1468 illam
2852 1412 3146 1469 tundarent
3199 1413 3271 1467 ad
3317 1413 3600 1483 justitiam.
3657 1413 3786 1470 Filii

2203 1503 2409 1557 matris
2422 1519 2564 1559 mea
2574 1504 2970 1574 pugnaverunt
2985 1504 3189 1556 contra
3212 1517 3322 1557 me.
3342 1502 3407 1555 Et
3419 1500 3542 1570 quid
3560 1501 3780 1556 fecerunt

2202 1598 2511 1663 pugnantes
2526 1591 2554 1642 Ὺ
2577 1593 2893 1646 Posuerunt
2910 1604 3000 1645 me
3016 1589 3307 1645 custodem
3320 1592 3383 1645 in
3398 1590 3592 1646 vineis.
3614 1589 3782 1645 Vinea

2121 1707 2175 1769 B
2204 1678 2485 1747 Ecclesiae,
2543 1686 2671 1733 sunt
2714 1678 2941 1735 virtutes
2980 1694 3101 1748 qua:
3134 1676 3458 1733 fructiﬁcant
3486 1695 3502 1745 ;
3532 1678 3649 1749 quia
3666 1678 3779 1732 dum

2204 1766 2519 1839 depugnant
2548 1766 2603 1820 in
2634 1782 2720 1822 me
2747 1767 2904 1834 vitia,
2935 1764 3090 1837 quasi
3122 1765 3190 1821 de
3221 1766 3366 1820 mala
3383 1781 3501 1823 mea
3528 1781 3784 1838 meexpu-

2201 1863 2372 1927 gnant
2402 1853 2831 1921 lmctilicatione,
2863 1856 3026 1923 411
3064 1862 3119 1909 et
3147 1854 3404 1910 virtutum
3453 1854 3625 1909 studia
3664 1854 3783 1909 mihi

2200 1943 2464 1998 dederunt
2492 1961 2508 2008 ;
2540 1942 2594 1996 in
2624 1942 2797 1997 vineis
2825 1957 2913 1998 me
2948 1942 3232 1999 custodem
3276 1942 3538 2010 fecerunt,
3576 1950 3630 1997 ut
3668 1942 3775 1996 fru-

2202 2031 2586 2087 ctiﬁcationem
2631 2029 2907 2086 afferrent.
2968 2030 3093 2086 Post
3147 2032 3611 2102 expugnationem
3664 2045 3778 2100 spe-

2201 2119 2413 2176 (ialiter
2440 2119 2628 2176 dicat:
2665 2119 2893 2177 Vineam
2921 2135 3108 2175 meam
3136 2135 3255 2175 non
3303 2119 3594 2176 eustodivi.
3622 2118 3781 2174 Vinea

2201 2208 2486 2276 Ecclesiae,
2516 2207 2734 2277 antiqua
2764 2207 3098 2263 consuetudo
3129 2208 3335 2263 erroris
3383 2212 3484 2272 est,
3532 2224 3645 2279 quae
3668 2207 3782 2262 dun

2202 2304 2382 2350 custos
2405 2295 2476 2350 ad
2504 2297 2733 2352 virtutes
2755 2295 2995 2365 ponitur,
3039 2295 3278 2351 deseruit
3338 2295 3609 2368 antiquam
3653 2309 3777 2352 con-

2204 2383 2546 2438 suetudinem
2577 2384 2778 2438 erroris
2807 2384 2908 2440 sui.

2275 2473 2364 2529 25.
2396 2471 2643 2526 Diximus
2671 2470 2740 2527 de
2770 2470 3069 2543 Synagoga
3096 2471 3345 2527 adﬁdem
3359 2472 3599 2527 veniente
3622 2470 3780 2540 ;dixi-

2203 2577 2325 2617 mus
2352 2560 2420 2615 de
2450 2558 2767 2614 Gentilitate
2798 2575 3083 2624 conversa;
3108 2560 3354 2615 dicamus
3372 2576 3500 2633 ergo
3528 2558 3779 2632 generali-

2203 2658 2285 2705 ter
2334 2649 2402 2704 de
2448 2656 2557 2704 tota
2600 2648 2760 2702 simul
2816 2648 3074 2716 Eczlesia,
3123 2655 3177 2704 et
3231 2650 3541 2719 specialiter
3567 2647 3685 2719 quid
3721 2638 3779 2701 de

2202 2752 2526 2810 unaquaque
2556 2736 2734 2792 anima
2755 2736 3094 2791 sentiendum
3151 2745 3251 2793 est.
3289 2737 3473 2793 Solent
3523 2735 3669 2808 pravi
3692 2751 3780 2789 au-

2204 2828 2427 2895 ditores,
2460 2826 2710 2881 doctores
2738 2841 2866 2880 suos
2909 2840 3017 2881 non
3073 2825 3427 2882 considerare
3483 2825 3621 2895 quod
3670 2830 3781 2878 sunt

2204 2916 2298 2972 sed
2331 2914 2475 2987 quod
2504 2914 2736 2969 fuerunt.
2771 2913 2903 2969 Sani
2936 2929 3067 2985 ergo
3097 2913 3353 2970 doctores
3390 2916 3439 2969 ei
3479 2912 3774 2970 conﬁtentur

2207 3004 2354 3076 quod
2381 3003 2597 3059 fuerunt
2624 3009 2679 3058 et
2707 3002 2989 3073 proferunt
3015 3002 3157 3073 quod
3185 3011 3312 3058 sunt
3344 3021 3356 3067 ;
3386 3011 3445 3058 ut
3472 3019 3566 3057 nec
3592 3015 3772 3074 pecca-

483 3088 758 3163 Ephes.v,
792 3055 866 3153 έ).
899 3075 1187 3146 Quomodo
1217 3073 1458 3129 formosa
1534 3071 1672 3163 sicut
1721 3070 1877 3163 bellis
1929 3070 2089 3163 Salo-

2202 3055 2346 3147 tores
2373 3107 2430 3146 se
2458 3090 2817 3157 abscondant,
2841 3106 2941 3146 nec
2970 3091 3167 3146 iterum
3211 3090 3362 3147 dona
3408 3091 3552 3146 velut
3596 3086 3774 3162 ingrati

489 3159 697 3234 monis?
725 3167 981 3226 Macerati
1006 3164 1150 3219 enim
1173 3178 1362 3217 sumus
1390 3175 1490 3230 per
1518 3159 1913 3229 paenitentiam.
1943 3159 2089 3213 Mor-

492 3264 689 3322 tiﬁcata
709 3275 837 3317 caro
866 3272 965 3327 per
992 3249 1385 3324 paenitentiam,
1416 3247 1573 3318 quasi
1620 3247 1780 3317 pellis
1822 3247 1876 3300 in
1925 3246 2089 3301 obse-

494 3351 677 3423 quium
730 3344 879 3415 regis
931 3337 1233 3423 adducitur.
1294 3332 1498 3423 omnes
1533 3330 2089 3423 Aper‘poenitentiam

496 3419 702 3510 seipsos
729 3432 1045 3503 aﬁligentes,
1077 3422 1321 3479 membra
1349 3419 1547 3510 Christi
1578 3435 1637 3510 se
1667 3419 1898 3510 faciunt.
1921 3420 2096 3510 Mem-

490 3508 595 3585 bra
617 3538 747 3596 ergo
778 3517 969 3573 Christi
998 3530 1099 3585 per
1125 3509 1496 3583 pmnitentiam
1539 3508 1754 3575 aﬂlicta,
1794 3508 1967 3580 pelles
1995 3509 2091 3564 Sa-

489 3614 730 3675 lomonis
758 3615 905 3676 sunt,
937 3605 1059 3675 quia
1092 3598 1415 3656 mortiﬁcata
1454 3613 1585 3654 caro
1614 3596 1767 3651 ﬁunt.

552 3749 644 3805 22.
676 3740 787 3799 Sed
816 3753 944 3795 ecce
973 3741 1124 3791 erant
1152 3732 1206 3785 in
1236 3729 1425 3784 Judma
1456 3725 1664 3794 ﬁdeles,
1698 3726 1787 3796 qui
1816 3725 2087 3797 dedigna-

482 3839 677 3895 bantur
706 3831 776 3886 ad
815 3826 980 3882 ﬁdem
1011 3822 1204 3877 venire
1261 3817 1536 3890 gentiles;
1578 3814 1721 3871 unde
1768 3823 1821 3871 et
1869 3816 2085 3870 Petmm

483 3926 836 3995 redarguunt,
867 3912 1012 3986 quod
1061 3907 1372 3965 Cornelium
1426 3912 1766 3995 susceperat.
1818 3903 1977 3995 Unde
2009 3903 2086 3995 in

484 3993 731 4073 Ecclesia
759 4004 1013 4063 Gentium
1043 3995 1427 4068 subjungitur:
1462 3994 1648 4050 Nolite
1691 4007 1780 4049 me
1822 3993 2083 4049 conside-

488 4118 619 4162 rare
640 4096 783 4173 quod
814 4097 978 4166 fusca
1007 4090 1138 4144 sim.
1162 4084 1342 4173 Nolite
1394 4081 1681 4173 despicere
1732 4079 2080 4173 gentilitatem

488 4207 628 4250 mete
649 4168 1005 4245 inﬁdelitatis,
1054 4173 1222 4231 nolite
1277 4169 1559 4240 despicere
1613 4176 1835 4237 peccata
1878 4168 2082 4238 priora,

486 4277 655 4335 nolite
690 4268 968 4326 attendere
1006 4260 1138 4332 quid
1178 4256 1274 4312 fui.
1307 4253 1487 4323 Quare
1515 4254 1544 4305 ‘l
1574 4251 1695 4321 quia
1755 4250 2086 4309 decoloravit

487 4382 577 4422 me
606 4361 710 4417 sol.
751 4355 842 4412 Sol
876 4354 929 4407 in
960 4365 1026 4405 eo
1055 4344 1355 4409 decolorat,
1388 4342 1444 4394 in
1473 4354 1581 4411 quo
1611 4340 1874 4394 arctiuset
1900 4339 2076 4395 distri-

2199 3180 2489 3252 dcncgent.
2528 3179 2687 3236 Dicat
2711 3194 2844 3250 ergo
2873 3178 2928 3233 in
2957 3178 3072 3233 istis
3099 3178 3349 3235 Ecclesia
3380 3198 3392 3234 :
3427 3182 3595 3252 Nigra
3644 3194 3775 3243 sum,

2198 3269 2296 3323 sed
2321 3271 2588 3339 formosa.
2620 3267 2790 3339 Nigra
2817 3282 2920 3336 per
2951 3283 3063 3336 me,
3097 3269 3348 3323 formosa
3370 3284 3466 3339 rer
3490 3268 3677 3323 donum
3696 3283 3707 3327 ;
3729 3261 3778 3318 ni

2200 3373 2298 3428 gra
2352 3372 2475 3411 sum
2532 3356 2599 3410 de
2654 3355 2950 3425 praeterito,
2992 3355 3228 3411 formosa
3270 3373 3343 3413 ex
3372 3372 3439 3414 eo
3468 3356 3607 3428 quod
3651 3352 3773 3409 facta

2200 3461 2318 3499 sum
2350 3443 2406 3497 in
2436 3443 2648 3498 futuris.
2672 3442 2961 3510 Quomodo
2983 3445 3158 3515 nigra,
3193 3445 3471 3514 quomodo
3504 3447 3722 3499 t'ormosa
3745 3440 3770 3492 ‘l

2197 3533 2371 3602 Nigra
2400 3532 2541 3585 sicut
2571 3530 2918 3585 tabernacula
2948 3529 3143 3598 Cedar,
3173 3530 3417 3587 formosa
3462 3532 3601 3589 sicut
3636 3529 3774 3601 pellis

2198 3620 2529 3676 Salomonis.
2555 3619 2621 3673 Et
2649 3634 2756 3673 non
2786 3626 2867 3673 est
2890 3619 3097 3688 justum
3126 3627 3179 3673 ut
3212 3620 3417 3693 aliquis
3438 3637 3502 3676 ex
3526 3618 3771 3692 praeterita

2196 3709 2307 3765 vita
2361 3716 2632 3780 pensetur,
2686 3706 2761 3775 (ὁ)
2822 3714 2874 3781 et
2925 3724 3031 3761 non
3091 3708 3273 3779 magis
3326 3702 3769 3777 attendaturquod

2196 3796 2315 3865 fuit,
2372 3795 2467 3850 sed
2525 3794 2667 3865 quod
2724 3802 2832 3848 est.
2890 3795 3043 3850 Unde
3099 3796 3388 3869 subjungit
3421 3816 3433 3850 :
3467 3796 3640 3853 Nolite
3689 3807 3768 3847 me

2193 3885 2551 3941 considerare
2579 3880 2726 3955 quod
2741 3884 2904 3953 fusca
2935 3884 3040 3938 sim
3072 3904 3091 3945 ,-
3120 3884 3254 3955 quia
3312 3884 3645 3941 decoloravit
3691 3894 3768 3935 me

2192 3974 2304 4029 sol.
2332 3972 2635 4042 Aliquando
2655 3971 2707 4023 in
2737 3970 3013 4041 Scriptura
3052 3987 3220 4039 sacra,
3250 3973 3335 4028 sol
3354 3973 3571 4043 ponitur
3592 3969 3767 4025 nimius

2191 4070 2355 4117 estus
2411 4069 2742 4115 terrenorum
2766 4059 3028 4114 desiderii
3045 4074 3189 4114 rum.
3230 4061 3389 4116 Unde
3415 4076 3544 4132 ergo
3592 4056 3768 4114 fusca?

2195 4150 2337 4216 Quia
2364 4147 2704 4205 decoloravit
2731 4163 2823 4202 me
2838 4147 2944 4212 sol,
2980 4155 3035 4203 et
3084 4147 3278 4203 ardore
3330 4149 3543 4205 amoris
3588 4144 3768 4202 terreni

2190 4237 2337 4308 apud
2356 4251 2615 4306 sponsum
2643 4235 2956 4292 decolorata
3000 4252 3140 4304 sum,
3172 4235 3229 4292 id
3251 4240 3342 4293 est
3371 4237 3619 4293 indecora
3636 4230 3763 4306 apud

2192 4340 2379 4397 regem
2410 4325 2571 4379 facta.

732 4403 1014 4508 imprimit.
1047 4433 1194 4488 Deus
1219 4403 1436 4497 quando
1465 4403 1764 4478 districtum
1811 4422 2075 4490 iudicium
2103 4403 2162 4466 D
2260 4431 2436 4500 (Vers.
2454 4428 2534 4502 5.)
2553 4429 2901 4488 Fltiimatris
2917 4445 3055 4487 mete
3067 4435 3471 4503 pugnaverunt
3488 4430 3762 4487 adversum

486 4540 653 4601 tenet,
684 4526 837 4601 quasi
866 4518 1252 4579 districtionem
1281 4528 1433 4568 suam
1465 4510 1698 4601 amplius
1739 4511 1997 4601 estliber;
2026 4521 2080 4569 et

485 4598 765 4682 decolorat
792 4616 922 4669 dum
952 4607 1183 4679 amplius
1214 4602 1401 4673 falget,
1444 4599 1571 4670 quia
1613 4600 1743 4654 dum
1779 4598 2077 4657 districtio-

485 4729 607 4771 nem
666 4704 920 4763 subtilius
978 4701 1211 4759 exercet,
1269 4690 1505 4746 districto
1553 4687 1851 4758 adjudicat.
1907 4688 2076 4758 Quasi

489 4802 638 4861 enim
687 4795 871 4853 radios
926 4802 1055 4843 suos
1085 4778 1363 4852 suspendit
1391 4777 1494 4844 sol,
1524 4777 1741 4847 quando
1787 4776 2079 4834 clementer

487 4905 655 4963 opera
709 4886 889 4939 nostra
943 4872 1291 4963 considerat;
1324 4866 1477 4963 quasi
1532 4864 1773 4963 districta
1827 4864 2076 4922 virtutem

486 4958 650 5039 suam
673 4971 912 5033 exhibet,
944 4961 1159 5037 quando
1189 4958 1433 5014 districta
1459 4970 1625 5025 opera
1652 4960 1832 5009 nostra
1852 4962 2068 5024 pensat.

483 5069 640 5129 Dicat
656 5076 790 5136 ergo
816 5055 1060 5115 Ecclesia
1089 5068 1103 5115 ;
1138 5047 1265 5103 inde
1280 5060 1399 5136 sum
1429 5048 1596 5136 tqsca,
1618 5042 2074 5136 undepemtﬁx’

2181 4533 2294 4575 me.

2253 4606 2343 4662 25.
2373 4606 2441 4662 In
2469 4605 2621 4663 omni
2650 4615 2892 4663 creatura
2912 4607 3037 4662 duae
3059 4616 3323 4664 creatura;
3339 4606 3626 4664 rationales
3653 4609 3761 4659 sunt

2183 4694 2439 4762 conditae,
2471 4695 2711 4750 humana
2739 4704 2793 4751 et
2821 4695 3067 4767 angelica
3100 4713 3114 4750 :
3146 4696 3341 4752 cecidit
3374 4695 3595 4769 angelus
3616 4712 3628 4756 ;
3650 4707 3762 4764 per-

2182 4783 2348 4837 suasit
2376 4782 2589 4838 homini
2611 4784 2707 4852 (c).
2738 4784 2907 4838 Mater
2933 4783 3080 4839 enim
3109 4784 3285 4839 omnis
3315 4793 3592 4851 creaturae,
3623 4777 3760 4836 beni-

2182 4868 2363 4942 gnitas
2388 4877 2438 4925 et
2466 4870 2709 4939 potentia
2737 4871 2858 4927 Dei.
2916 4870 3032 4927 Nos
3060 4887 3189 4944 ergo
3237 4880 3290 4927 et
3317 4871 3532 4946 Angeli,
3588 4886 3648 4926 ex
3699 4880 3759 4922 eo

2180 4957 2326 5029 quod
2351 4957 2642 5014 rationales
2692 4958 2897 5015 conditi
2945 4975 3154 5027 sumus,
3186 4960 3344 5032 quasi
3364 4959 3648 5031 quamdam
3670 4970 3752 5011 so-

2181 5044 2432 5102 cietatem
2461 5046 2811 5102 fraternitatis
2838 5047 3117 5103 habemus.
3164 5048 3272 5106 Sed
3299 5049 3429 5120 quia
3459 5046 3638 5121 angeli
3690 5041 3753 5098 ab

481 5159 607 5232 quia
636 5130 835 5212 me'sol
886 5137 1214 5200 decoloravit
1248 5154 1260 5199 ;
1289 5133 1415 5208 quia
1458 5130 1682 5186 Creator
1734 5144 1886 5185 meus
1940 5130 2069 5186 dum
2170 5135 2365 5232 eadem
2394 5135 2630 5232 potentia
2661 5135 2867 5191 conditi
2896 5144 3041 5204 sunt,
3073 5153 3105 5192 a
3136 5144 3307 5209 quaet
3337 5154 3459 5201 nos,
3483 5135 3572 5207 qui
3592 5142 3753 5188 tamen

456 5224 566 5307 .me
585 5240 807 5307 deserit,
832 5249 938 5308 ego
966 5233 1023 5288 in
1042 5241 1221 5285 errore
1237 5224 1390 5295 lapsa
1417 5235 1556 5277 sum.

551 5422 631 5494 (α)
657 5416 784 5494 Υβῖι
815 5413 922 5484 Clu
944 5412 1009 5468 ίπ
1030 5404 1298 5494 ξσσέεξέιὶ·
1317 5469 1617 5494 -ι..εε--..
1647 5469 1696 5494 ,λ

552 5468 630 5563 ili),
656 5468 761 5546 llic
772 5468 894 5545 non,
909 5468 1119 5556 'magts,
1149 5476 1296 5537 idem
1314 5469 1620 5547 signiﬁcem
1647 5468 1858 5531 videtur
1873 5482 1942 5532 ac
1962 5469 2074 5530 mt-

478 5564 653 5633 nime.

2171 5222 2431 5280 cadentes
2459 5223 2639 5297 angeli
2668 5228 2857 5281 contra
2886 5240 2985 5281 nos
3015 5225 3253 5296 quotidie
3294 5224 3497 5281 bellum
3527 5225 3707 5297 gemat
3736 5233 3747 5283 ἱ

2245 5402 2312 5473 (c)
2335 5400 2550 5478 Supple
2578 5404 2645 5463 ut
2674 5400 2919 5472 caderet,
2952 5402 3133 5478 angeli
3164 5401 3301 5477 lapsi
3333 5400 3637 5476 superbiam
3666 5409 3749 5456 se-

2175 5471 2409 5550 quando.

3942 3688 3945 3755 Α
