3996 6164
270 226 367 280 489

966 222 1192 280 SUPER
1230 222 1527 278 CANTICA
1567 223 2025 282 CANTICORUM
2065 227 2467 286 EXPOSITIO.
2501 263 2569 273 -
2609 235 2757 290 CAP.
2797 236 2839 290 Ι.

3447 245 3552 300 490

269 350 400 403 dicat
425 367 437 402 :
456 346 585 402 Filii
601 345 806 401 matris
821 348 1085 403 Ecclesia:
1098 352 1495 418 pugnaverunt
1515 352 1716 405 contra
1728 365 1838 405 me.
1870 350 1923 409 A
1956 350 2239 408 catholicis
2268 368 2379 409 non
2406 354 2550 411 bene
2568 359 2850 429 agentibus
2870 360 3072 418 dicere.
3093 363 3244 420 Multi
3265 364 3406 421 enim
3428 382 3554 438 par-

265 438 395 493 Ecce
422 434 548 490 dum
579 442 817 506 pugnant
847 435 939 490 isti
972 434 1192 505 spiritus
1217 435 1529 506 rationales,
1562 436 1648 492 isti
1676 438 1839 508 Spiri-

267 532 341 579 tus
364 523 459 579 ﬁlii
488 522 675 578 matris
703 524 833 578 dum
862 531 1114 597 pugnant
1143 532 1331 580 contra
1348 524 1607 594 animam,
1641 526 1843 581 faciunt

263 627 371 668 eam
397 611 559 667 rebus
587 611 808 666 terrenis
838 610 1178 681 incumbere,
1210 611 1512 667 actionibus
1558 613 1841 670 saeculari-

262 701 353 755 bus
379 714 589 763 vacare,
623 714 712 754 res
741 698 1076 754 transitorias
1104 716 1380 770 quaerere.
1438 702 1594 758 Unde
1624 710 1675 757 et
1703 703 1839 758 sub-

254 789 428 861 jungit
458 804 473 842 :
512 791 835 846 Posuerunt
867 804 958 844 me
988 788 1278 845 custodem
1300 791 1361 846 in
1394 791 1597 859 vineis,
1618 793 1842 849 vineam

257 894 428 936 meam
454 893 572 934 non
604 877 905 934 custodivi.
930 878 1112 934 Vinea)
1142 878 1286 932 enim
1317 888 1436 934 sunt
1469 879 1713 935 actiones
1737 887 1842 935 ter-

260 982 414 1023 renae.
450 968 531 1022 Ac
558 966 603 1021 si
634 966 779 1022 dicat
808 984 821 1019 :
857 966 916 1020 in
947 966 1158 1022 actibus
1186 967 1420 1023 terrenis
1449 968 1726 1025 custodem
1757 982 1845 1023 me

261 1062 565 1127 posuerunt,
596 1055 674 1125 (τι)
700 1063 753 1110 et
782 1071 904 1125 quas
933 1054 1147 1110 vineam
1180 1072 1377 1123 meam,
1409 1057 1464 1111 id
1491 1062 1573 1112 est
1602 1058 1842 1113 animam

258 1159 423 1200 meam
470 1158 585 1198 non
629 1132 918 1212 custodiri,
952 1143 1116 1198 vitam
1147 1159 1346 1212 meam,
1378 1153 1617 1200 mentem
1668 1160 1843 1201 meam

256 1232 518 1290 custodire
546 1230 798 1303 neglexi;
847 1231 973 1302 quia
1001 1231 1130 1286 dum
1161 1232 1399 1288 exterius
1428 1234 1482 1288 in
1515 1249 1692 1289 rerum
1726 1242 1843 1290 ter-

256 1336 504 1376 renarum
550 1320 759 1376 actione
805 1320 1046 1375 involuta
1084 1337 1223 1389 sum,
1257 1321 1328 1376 ab
1358 1320 1570 1377 interna
1598 1322 1844 1377 custodia

256 1410 430 1481 elapsa
479 1424 629 1463 sum.
677 1408 931 1479 Plerique
980 1424 1049 1465 ex
1094 1424 1159 1464 eo
1209 1425 1269 1465 se
1317 1409 1657 1466 considerant
1698 1411 1841 1481 quod

249 1499 392 1568 juxta
426 1498 588 1567 ipsos
615 1505 715 1566 est,
745 1513 853 1552 non
883 1512 950 1552 ex
979 1513 1046 1553 eo
1093 1498 1241 1569 quod
1293 1505 1438 1554 sunt.
1488 1500 1649 1554 Juxta
1695 1499 1843 1570 ipsos

250 1594 362 1642 sunt
405 1586 735 1658 dignitates,
784 1586 938 1656 juxta
984 1584 1134 1655 ipsos
1181 1593 1305 1640 sunt
1353 1586 1627 1642 exteriora
1675 1586 1841 1642 mini-

250 1675 431 1741 steria;
481 1683 541 1728 et
588 1674 717 1729 dum
764 1673 1068 1729 custodiunt
1121 1674 1265 1744 quod
1306 1674 1464 1744 juxta
1508 1690 1567 1730 se
1616 1674 1840 1743 habent,

249 1762 444 1833 seipsos
470 1762 748 1818 custodire
777 1760 1084 1835 negligant.
1118 1763 1274 1817 Dicat
1305 1778 1438 1835 ergo
1475 1781 1487 1817 :
1524 1765 1848 1819 Posuerunt

249 1867 330 1907 me
342 1850 632 1908 custodem
649 1853 710 1906 in
728 1849 927 1918 vineis,
950 1850 1175 1907 vineam
1203 1866 1384 1906 meam
1399 1867 1511 1908 non
1535 1851 1847 1917 eustodivi;

250 1939 300 1994 id
345 1947 441 2008 est,
491 1939 628 1994 dum
676 1938 929 1993 exteriori
972 1938 1237 1994 custodias
1286 1938 1344 1993 in
1393 1940 1604 1996 actibus
1665 1938 1847 1995 saeculi

252 2028 513 2094 deservio,
562 2025 836 2083 interioris
883 2027 1146 2083 custodire
1193 2025 1613 2084 sollicitudinem
1664 2027 1843 2083 amisi.

253 2114 351 2171 Sed
376 2130 506 2172 ecce
536 2115 763 2170 reducta
801 2115 990 2169 anima
1036 2114 1105 2170 ad
1155 2114 1387 2187 gratiam
1436 2116 1707 2172 Creatoris
1738 2115 1843 2183 sui,

249 2203 351 2273 jam
377 2208 549 2273 amet,
578 2204 695 2275 jam
726 2202 969 2274 requirat
993 2202 1086 2258 ubi
1111 2204 1528 2275 Redemptorem
1570 2220 1723 2261 suum
1754 2205 1844 2259 in-

255 2292 440 2347 veniat.

312 2382 479 2452 (Vers.
518 2381 597 2451 6.)
630 2378 836 2437 Indica
866 2380 1026 2447 mihi,
1056 2397 1221 2453 quem
1249 2382 1443 2452 diligit
1473 2382 1671 2438 anima
1691 2397 1840 2453 mea,

249 2469 334 2524 ubi
357 2486 581 2542 pascas,
615 2469 712 2525 ubi
740 2469 904 2525 cubes
930 2470 994 2525 in
1023 2472 1280 2527 meridie.

306 2560 391 2614 26.
422 2559 485 2612 In
526 2557 760 2614 meridie
807 2557 892 2612 sol
939 2557 1233 2614 ferventior
1273 2565 1375 2615 est.
1427 2558 1618 2615 Omnis
1646 2560 1736 2631 qui
1785 2560 1840 2615 in
1878 2550 1883 2555 ’

247 2643 341 2700 ﬁde
366 2646 562 2714 fervet,
597 2644 650 2698 in
682 2660 871 2701 amore
898 2645 1153 2701 desiderii
1191 2645 1393 2702 fervet.
1449 2649 1557 2703 Iste
1603 2664 1839 2719 sponsus

245 2732 329 2804 qui
355 2734 545 2789 subter
574 2733 831 2788 binnulus
852 2742 1095 2800 vocatur,
1120 2734 1175 2789 in
1206 2734 1368 2790 corde
1399 2736 1640 2806 ipsorum
1665 2736 1839 2806 pascit

241 2822 481 2877 virtutum
508 2821 874 2889 viriditatem;
907 2822 964 2876 in
987 2824 1151 2879 corde
1195 2824 1435 2893 ipsorum
1481 2824 1753 2879 recumbit
1780 2824 1835 2878 in

243 2910 470 2977 meridie,
527 2910 582 2963 in
620 2910 841 2965 fervore
883 2911 1185 2965 charitatis.
1230 2911 1422 2968 Indica
1466 2911 1628 2980 mihi,
1661 2914 1828 2980 412

243 3014 386 3068 quem
403 2998 603 3070 diligit
622 2997 823 3053 animo
838 3014 983 3068 mea,
998 2998 1093 3054 ubi
1106 3016 1326 3072 pascas.
1345 3000 1440 3055 ubi
1456 3000 1623 3056 cubes
1640 3002 1699 3055 in
1728 3017 1834 3056 me-

242 3058 390 3141 ridie.
421 3058 608 3154 Quare
637 3087 714 3140 sic
738 3095 944 3158 quaerat
970 3058 1065 3142 ubi
1095 3058 1300 3158 pascat,
1319 3058 1420 3142 rubi
1443 3088 1628 3156 cubet,
1651 3088 1829 3143 reddit
1860 3058 1907 3124 C

239 3188 440 3230 causam
469 3174 843 3244 inquisitionis
871 3191 1006 3229 suas.

300 3262 472 3331 (Vers.
508 3261 591 3334 6.)
623 3264 700 3319 Ne
731 3266 923 3334 vagari
948 3264 1227 3334 incipiam
1255 3266 1383 3333 post
1429 3280 1620 3337 greges
1658 3265 1829 3321 soda-

240 3349 367 3406 lium
398 3355 655 3410 tuorum.

295 3442 377 3493 27.
407 3437 648 3496 Sodales
676 3438 774 3494 Dei
804 3447 933 3494 sunt
974 3438 1137 3496 amici
1183 3440 1498 3509 familiares,
1532 3440 1668 3496 sicut
1696 3458 1819 3498 om-

235 3539 317 3580 nes
340 3527 427 3597 qui
455 3528 601 3582 bene
620 3527 838 3591 vivunt;
867 3526 962 3582 sed
988 3527 1141 3582 multi
1163 3537 1423 3599 apparent
1445 3528 1663 3585 sodales
1683 3546 1819 3601 esse,

235 3620 278 3668 et
301 3615 514 3670 sodales
549 3631 660 3669 non
688 3623 836 3669 sunt.
876 3614 1034 3670 Multi
1064 3615 1216 3671 enim
1250 3617 1500 3672 doctores
1532 3618 1660 3673 dum
1692 3635 1822 3689 per-

232 3716 421 3758 versam
469 3704 778 3759 doctrinam
822 3704 1132 3769 suaderent,
1166 3703 1382 3760 sodales
1412 3705 1633 3777 quidem
1665 3706 1820 3764 vide-

233 3787 424 3858 bantur,
455 3790 557 3846 sed
586 3792 797 3847 inimici
828 3791 1170 3847 exstiterunt.
1219 3794 1357 3847 Dum
1407 3794 1586 3848 adhuc
1630 3794 1822 3851 doctor

231 3888 352 3933 esset
376 3880 564 3948 Arius,
597 3878 891 3947 Sabellius,
922 3880 1228 3949 Montanus,
1259 3881 1415 3952 quasi
1466 3882 1683 3938 sodales
1734 3884 1819 3939 vi-

231 3965 511 4031 debantur;
547 3967 640 4023 sed
661 3967 792 4022 dum
822 3968 1065 4024 districto
1094 3967 1272 4024 diffusi
1305 3977 1448 4037 sunt,
1483 3971 1686 4025 inimici
1718 3987 1813 4041 ap-

229 4064 524 4124 paruerunt.
566 4056 638 4111 Et
662 4056 984 4127 plerumque
1013 4055 1203 4112 ﬁdeles
1230 4058 1448 4126 animae,
1483 4059 1611 4112 dum
1641 4059 1818 4115 inhae-

230 4150 334 4198 rent
359 4144 527 4201 verbo
558 4144 679 4212 Dei,
704 4144 833 4199 dum
863 4153 1046 4199 amant
1076 4144 1131 4199 in
1162 4145 1484 4202 doctoribus
1516 4147 1659 4201 unde
1690 4162 1816 4217 pro-

226 4225 408 4297 ﬁniant,
447 4244 648 4287 cavere
688 4230 933 4287 nesciunt
975 4247 1352 4303 perversorum
1404 4232 1567 4287 verba
1618 4233 1815 4289 docto-

226 4331 353 4386 rum,
372 4328 425 4374 et
450 4336 522 4375 ex
550 4320 796 4392 ipsorum
823 4335 915 4375 ore
946 4319 1223 4377 deﬁciunt.
1249 4319 1425 4389 Quam
1458 4321 1640 4376 multae
1669 4322 1814 4376 enim

1953 438 2062 493 vuli
2109 439 2248 496 intra
2278 441 2578 498 Ecclesium
2621 444 2805 501 ﬁdeles
2851 458 3115 519 appetunt
3158 453 3299 509 bene
3340 455 3551 525 vivere,

1952 527 2139 584 volunt
2170 529 2333 585 vitam
2373 532 2709 589 rectitudinis
2754 543 2960 605 tenere,
3008 541 3356 598 considerant
3386 543 3553 600 vitam

1952 617 2293 673 sacerdotum
2327 619 2415 689 qui
2446 621 2523 675 eis
2551 623 2824 694 praepositi
2855 634 3015 691 sunt;
3050 636 3104 683 et
3133 629 3260 685 dum
3292 634 3554 690 sacerdo-

1955 713 2031 760 tes
2059 705 2163 776 ipsi
2192 723 2302 763 non
2332 708 2471 766 bene
2501 710 2705 778 vivunt,
2737 712 2869 768 dum
2913 715 2968 769 hi
3014 717 3106 787 qui
3156 729 3414 790 praesunt,
3447 739 3555 779 non

1954 802 2095 850 recte
2126 795 2334 865 vivunt,
2368 798 2421 852 bi
2454 799 2540 869 qui
2573 800 2979 873 subsequuntur
3028 804 3082 859 in
3129 822 3366 865 errorem
3411 810 3557 867 dila-

1954 881 2169 939 buntur.
2203 884 2356 941 Unde
2387 894 2437 941 et
2466 888 2713 944 Ecclesia
2760 892 2911 961 quasi
2945 892 2998 946 in
3029 894 3106 948 eis
3136 896 3375 965 parvulis
3405 906 3457 955 et
3486 899 3555 954 fi-

1951 969 2163 1026 delibus
2190 972 2355 1029 dicit:
2378 975 2572 1033 Indica
2593 979 2754 1046 mihi,
2778 996 2943 1050 quem
2957 981 3148 1054 diligit
3172 986 3371 1043 anima
3399 1003 3546 1058 mea,

1951 1058 2048 1114 ubi
2073 1076 2295 1131 pascas,
2329 1064 2423 1119 ubi
2457 1066 2621 1122 cubes
2651 1069 2714 1123 in
2748 1070 3003 1126 meridie.
3038 1071 3211 1127 Vitam
3242 1073 3374 1128 mihi
3404 1091 3557 1131 vera-

1951 1146 2086 1202 citer
2129 1149 2479 1206 servientium
2514 1154 2608 1208 tibi
2638 1155 2840 1225 indica,
2873 1164 2930 1212 ut
2958 1158 3125 1215 sciam
3177 1161 3272 1215 ubi
3320 1177 3551 1234 pascas;

1953 1234 2281 1293 viriditatem
2310 1240 2589 1307 virtutum,
2614 1252 2671 1298 ut
2700 1245 2869 1301 sciam
2899 1246 2991 1301 ubi
3021 1247 3190 1304 cubes
3217 1249 3273 1304 in
3304 1251 3553 1322 meridie,

1952 1323 2008 1378 id
2030 1333 2111 1379 est
2139 1325 2227 1380 ubi
2260 1329 2513 1397 quie=cas
2534 1330 2587 1384 in
2617 1332 2831 1389 fervore
2852 1335 3156 1401 charitatis;
3188 1353 3257 1394 ne
3286 1339 3415 1393 dum
3439 1357 3560 1412 gre-

1952 1428 2051 1485 ges
2079 1413 2343 1470 sodalium
2378 1424 2589 1473 tuorum
2617 1422 2852 1491 aspicio,
2886 1424 3005 1493 ipsa
3037 1426 3226 1498 vagari
3273 1426 3556 1498 incipiam,

1952 1501 2198 1557 nesciens
2236 1505 2390 1575 cujus
2431 1507 2612 1563 verbis
2658 1525 2746 1565 me
2792 1518 2846 1566 et
2892 1512 3155 1570 doctrinis
3201 1516 3553 1574 committam.

1955 1591 2120 1646 Caute
2157 1592 2301 1647 enim
2348 1594 2511 1651 debet
2557 1598 2735 1653 omnis
2783 1598 3015 1669 auditor,
3069 1604 3243 1658 omnis
3288 1603 3558 1674 infirmus,

1875 1704 1929 1764 Β
1957 1679 2300 1737 considerare
2343 1683 2502 1754 cujus
2551 1687 2739 1742 verbis
2784 1704 2844 1744 se
2895 1690 3119 1747 credere
3156 1691 3371 1760 debeat,
3406 1694 3559 1765 cujus

1959 1767 2274 1838 magisterio
2304 1771 2381 1825 uti
2423 1772 2643 1842 debeat,
2677 1777 2830 1847 cujus
2859 1779 3111 1850 exempla
3141 1782 3295 1853 sequi
3326 1782 3552 1841 debeat.

1956 1855 2025 1911 Et
2049 1871 2175 1913 ecce
2200 1858 2367 1915 verba
2396 1861 2582 1932 sponsi
2611 1862 2911 1921 redduntur
2937 1866 3005 1922 ad
3037 1884 3315 1939 sponsam.

2030 1982 2204 2049 (Vers.
2237 1984 2315 2052 7.)
2368 1983 2437 2041 Si
2466 1987 2696 2058 ignoras
2727 1993 2799 2061 te,
2833 2007 2863 2048 ο
2885 1993 3132 2063 pulchra
3160 1995 3316 2052 inter
3342 1997 3556 2054 mulie-

1957 2085 2073 2159 res,
2099 2072 2386 2142 egredere,
2415 2079 2472 2130 et
2501 2076 2592 2131 abi
2614 2082 2744 2149 post
2768 2081 3003 2151 vestigia
3030 2098 3281 2155 gregum,
3299 2089 3359 2142 et
3387 2102 3558 2159 pasce

1956 2157 2139 2215 haedos
2173 2163 2299 2217 tuos
2317 2162 2500 2231 juxta
2531 2165 2898 2224 tabernacula
2924 2174 3241 2240 pastorum.

2024 2281 2113 2336 28.
2157 2282 2347 2340 Omnis
2401 2287 2583 2343 anima
2640 2288 2770 2343 nihil
2829 2290 2998 2347 debet
3052 2293 3287 2364 amplius
3341 2310 3552 2367 curare,

1954 2386 2113 2441 quam
2144 2380 2201 2426 ut
2229 2373 2465 2444 seipsam
2496 2376 2657 2431 sciat.
2710 2376 2815 2445 Qui
2860 2381 3005 2434 enim
3036 2381 3271 2453 seipsum
3299 2384 3421 2453 scit,
3454 2400 3553 2440 co-

1950 2460 2171 2530 gnoscit
2200 2462 2326 2531 quia
2355 2464 2425 2518 ad
2455 2463 2751 2535 imaginem
2777 2468 2879 2523 Dei
2908 2468 3085 2524 factus
3114 2479 3216 2539 est,
3250 2487 3362 2527 non
3393 2472 3556 2529 debet

1950 2547 2360 2605 similitudinem
2398 2551 2765 2620 jumentorum
2815 2557 3005 2629 sequi,
3055 2558 3170 2613 sive
3215 2559 3271 2613 in
3318 2559 3551 2631 luxuria,

1950 2635 2063 2691 sive
2095 2637 2149 2691 in
2181 2639 2425 2709 appetitu
2454 2643 2709 2711 praesenti
2734 2643 2976 2699 dissolvi.
3002 2645 3082 2701 De
3112 2663 3219 2717 qua
3248 2646 3555 2719 ignorantia

1947 2723 2077 2779 alibi
2109 2726 2305 2781 dicitur
2329 2745 2341 2784 :
2364 2729 2673 2786 Ilomocum
2689 2731 2750 2786 in
2776 2733 2985 2789 honore
3005 2738 3176 2799 esset,
3196 2751 3311 2791 non
3333 2737 3554 2793 intelle-

1946 2815 2058 2880 xit,
2084 2821 2451 2886 comparatus
2474 2821 2855 2889 estjumentis
2878 2822 3304 2893 insipientibus,
3328 2829 3382 2880 el
3398 2825 3551 2880 simi-

1947 2902 2017 2957 lis
2044 2905 2235 2975 factus
2256 2909 2339 2960 est
2359 2906 2479 2961 illis
2499 2909 2675 2977 (Psal.
2696 2924 2887 2977 xnvm,
2914 2910 3023 2982 t3).
3051 2911 3293 2983 Vestigia
3312 2928 3544 2985 gregum

1942 2999 2065 3045 sunt
2093 2992 2333 3048 actiones
2381 2995 2727 3065 populorum,
2762 3013 2883 3068 quae
2914 3006 3112 3068 quanto
3163 2999 3348 3055 multae
3395 3009 3540 3070 sunt,

1941 3087 2085 3135 tanto
2115 3080 2409 3151 impeditae,
2445 3090 2595 3138 tanto
2624 3100 2917 3153 perversae.
2952 3087 3173 3141 Dicatur
3200 3103 3333 3160 ergo
3356 3090 3545 3146 Eccle-

1940 3168 2037 3223 sia:
2071 3186 2082 3222 :
2116 3170 2173 3224 Si
2200 3170 2429 3241 ignoras
2456 3176 2534 3240 te,
2552 3189 2584 3226 ο
2604 3174 2850 3244 pulchra
2892 3173 3048 3231 inter
3073 3177 3360 3244 mulieres,
3383 3194 3542 3249 egre-

1939 3256 2090 3323 dere,
2110 3262 2167 3313 et
2184 3260 2275 3314 abi
2287 3264 2414 3331 post
2428 3262 2665 3333 vestigia
2677 3279 2930 3333 gregum,
2946 3268 3004 3319 et
3013 3280 3176 3336 pasce
3196 3266 3378 3321 bardos
3391 3271 3533 3333 tuos,

1926 3345 2108 3415 juxta
2150 3347 2522 3406 tabernacula
2558 3356 2873 3423 pastorum.
2919 3351 2964 3408 Ο
3002 3360 3075 3419 tu,
3109 3369 3229 3422 quae
3262 3353 3409 3408 foeda
3435 3370 3539 3425 per

1933 3432 2317 3503 ignorantiam,
2339 3453 2441 3507 per
2472 3436 2630 3493 fidem
2654 3439 2880 3508 pulchra
2906 3439 3051 3495 facta
3074 3456 3132 3495 es
3148 3441 3288 3495 inter
3306 3441 3535 3498 aliorum

1935 3522 2168 3579 animas.
2202 3523 2358 3594 Quod
2391 3526 2673 3582 evidenter
2702 3528 2897 3582 dicitur
2922 3527 2989 3583 ad
3010 3529 3311 3585 Ecclesiam
3340 3531 3540 3587 electo-

1934 3626 2081 3680 rum;
2115 3613 2157 3666 si
2191 3613 2417 3684 ignoras
2446 3622 2518 3681 te,
2540 3615 2596 3669 id
2624 3623 2707 3669 est
2728 3617 2831 3671 hoc
2850 3616 3046 3688 ipsum,
3072 3619 3222 3688 quod
3252 3619 3322 3674 ad
3350 3618 3538 3693 imagi-

1933 3716 2056 3755 nem
2090 3717 2265 3756 meam
2294 3703 2443 3757 facta
2472 3719 2552 3771 es,
2575 3702 2830 3773 ignoras;
2861 3705 3141 3777 egredere,
3165 3706 3219 3761 id
3252 3715 3332 3763 est
3361 3708 3530 3766 foras.

1932 3787 1996 3842 Si
2028 3805 2158 3844 vero
2187 3805 2295 3844 non
2326 3790 2618 3861 cognoscis
2641 3791 2717 3862 (b)
2736 3808 2764 3845 a
2789 3809 2901 3864 quo
2922 3795 3064 3849 facta
3086 3810 3161 3861 es,
3185 3796 3447 3867 egredere
3472 3801 3532 3854 et

1931 3876 2053 3945 abi;
2089 3878 2229 3931 vade
2257 3886 2380 3947 post
2403 3879 2635 3951 vestigia
2656 3896 2884 3951 gregum
2905 3901 2921 3948 ;
2945 3898 3191 3952 sequere,
3215 3900 3323 3939 non
3343 3900 3527 3941 exem-

1926 3963 2020 4034 pla
2058 3980 2198 4031 mea,
2230 3968 2398 4034 413
2430 3966 2525 4021 sed
2572 3969 2829 4039 exempla
2872 3970 3214 4040 populorum,
3265 3981 3317 4028 et
3360 3988 3527 4043 pasce

1928 4052 2113 4108 haedos
2144 4061 2262 4107 tuos
2285 4054 2441 4124 juxta
2477 4054 2828 4111 tabernacula
2873 4067 3169 4127 pastorum.
3213 4060 3365 4114 Haedi
3413 4077 3519 4117 no-

1925 4140 2020 4194 stri
2050 4148 2172 4194 sunt
2200 4149 2378 4196 motus
2405 4142 2668 4210 carnales,
2702 4144 2845 4198 haedi
2874 4145 3045 4199 nostri
3090 4154 3213 4200 sunt
3261 4149 3517 4204 tentatio-

1926 4228 2255 4284 nesillicitae.
2274 4229 2387 4284 Abi
2406 4238 2523 4301 post
2548 4231 2781 4302 vestigia
2796 4247 3050 4304 gregum,
3075 4230 3130 4287 id
3150 4237 3230 4288 est
3250 4234 3521 4293 descende

1925 4324 2048 4387 post
2072 4318 2303 4389 vestigia
2332 4318 2676 4390 populorum,
2710 4328 2762 4375 et
2791 4336 2955 4392 pasce
2984 4321 3171 4378 haedos
3202 4330 3341 4392 tuos,
3361 4324 3417 4378 id
3435 4334 3521 4381 est

224 4403 398 4471 plebes
424 4406 568 4475 istas,
597 4423 718 4478 quae
747 4408 816 4464 de
844 4408 1129 4463 sodalibus
1165 4408 1534 4477 crediderunt,
1580 4416 1634 4463 et
1681 4410 1809 4464 dum
1839 4408 1896 4472 Ι)
1928 4404 2068 4458 nutri
2104 4410 2284 4462 motus
2331 4408 2602 4475 carnales,
2651 4423 2762 4463 non
2805 4408 2920 4481 jam
2963 4425 3153 4466 sensus
3191 4412 3517 4484 spirituales,

225 4504 307 4546 us
332 4503 738 4567 persequuntur,
770 4512 871 4567 per
899 4511 1098 4569 greges
1138 4495 1407 4551 sodalium
1454 4500 1805 4553 erraverunt!

224 4577 359 4636 Dicat
371 4598 503 4655 ergo
529 4601 543 4637 :
567 4582 765 4640 Indica
790 4584 934 4640 mihi
960 4585 1058 4640 ubi
1070 4600 1296 4657 pascas,
1315 4584 1411 4640 ubi
1430 4585 1594 4641 cubes
1611 4587 1675 4641 in
1694 4602 1806 4643 me-

223 4668 454 4737 ridie,ne
470 4672 664 4742 vagari
682 4672 955 4745 incipiam
973 4676 1102 4745 post
1133 4689 1330 4745 greges
1360 4673 1641 4729 sodalium
1673 4677 1805 4731 tuo-

221 4770 355 4811 rum.
374 4759 563 4816 Indica
578 4760 637 4814 in
657 4776 885 4833 quorum
903 4760 1076 4816 corda
1095 4761 1364 4817 veraciter
1384 4761 1713 4832 requiescas,
1737 4777 1808 4817 ne

222 4841 461 4916 incipiam
487 4848 675 4920 vagari
703 4855 827 4919 post
854 4863 1051 4921 greges
1079 4864 1288 4917 eorum,
1319 4850 1413 4920 qui
1443 4849 1663 4906 sodales
1707 4849 1807 4905 tibi

225 4930 476 5004 videntur,
508 4935 566 4991 id
590 4944 670 4991 est
698 4936 787 5007 qui
818 4936 1114 4992 familiares
1143 4936 1218 4992 tui
1247 4936 1567 5006 creduntur,
1602 4944 1655 4993 et
1694 4953 1806 4994 non

224 5030 357 5077 sunt.
382 5022 596 5080 Omnes
624 5024 960 5094 sacerdotes,
984 5041 1172 5081 omnes
1189 5025 1447 5082 doctores
1469 5025 1685 5082 sodales
1704 5025 1805 5083 Dei

221 5117 345 5176 sunt,
366 5119 624 5184 quantum
654 5112 721 5168 ad
751 5113 1021 5184 speciem;
1055 5122 1315 5185 quantum
1345 5130 1479 5171 vero
1511 5114 1581 5170 ad
1615 5113 1800 5183 vitam,

223 5196 357 5252 multi
383 5215 493 5255 non
521 5200 761 5270 sodales,
785 5200 885 5256 sed
905 5200 1205 5258 adversarii
1234 5211 1381 5258 sunt.
1405 5202 1515 5259 Sed
1535 5204 1654 5260 haec
1682 5204 1803 5276 ipsa

223 5296 328 5353 quae
354 5286 590 5344 diximus
637 5288 708 5345 de
752 5289 1030 5347 bmreticis
1076 5290 1375 5364 magistris,
1404 5306 1703 5362 possumus
1730 5291 1801 5349 de

248 5496 261 5506 ‘
276 5484 352 5558 (ει)
380 5488 537 5547 Forte
563 5489 876 5563 legendum,
910 5495 1099 5565 atque.

346 5584 349 5585 ί
478 5609 725 5678 Panos.
769 5610 1021 5693 LXXIX,

1918 4493 2015 4547 sed
2044 4502 2219 4549 motus
2267 4496 2533 4551 carnales.
2579 4497 2687 4551 Abi
2730 4499 2892 4569 juxta
2932 4498 3285 4555 tabernacula
3330 4510 3518 4573 pasto-

1918 4598 2061 4651 rum,
2096 4583 2141 4636 si
2166 4598 2343 4656 agnos
2371 4585 2553 4655 pascis
2582 4586 2637 4639 in
2667 4586 3012 4644 tabernaculo
3056 4598 3357 4661 pastorum,
3384 4607 3519 4664 pas-

1917 4672 2076 4739 ceris,
2107 4670 2163 4727 id
2190 4680 2270 4727 est
2297 4673 2351 4727 in
2379 4674 2637 4729 doctrinis
2683 4675 3102 4749 magistrorum,
3156 4679 3209 4733 in
3257 4680 3520 4737 doctrinis

1916 4760 2316 4831 Apostolorum,
2350 4760 2407 4815 in
2434 4762 2698 4818 doctrinis
2724 4766 3131 4836 prophetarum.
3156 4767 3218 4823 Si
3249 4785 3379 4825 vero
3408 4771 3518 4827 bae-

1918 4848 2018 4902 dos
2065 4848 2273 4920 pascis,
2319 4850 2477 4920 juxta
2522 4851 2870 4909 tabernacula
2908 4863 3187 4925 pastorum
3230 4873 3418 4927 pasce,
3458 4865 3518 4913 ut

1915 4935 2023 4992 ﬁde
2050 4938 2266 4993 voceris
2294 4937 2623 5009 Christiana,
2655 4946 2712 4995 et
2739 4956 2848 4996 non
2878 4942 3167 5012 operibus;
3214 4944 3340 5014 quia
3370 4944 3514 4999 intra

1914 5024 2114 5081 videris
2143 5041 2262 5083 esse
2288 5042 2391 5097 per
2421 5026 2604 5097 ﬁdem,
2637 5032 2694 5085 et
2721 5046 2829 5085 non
2861 5029 2999 5084 intra
3027 5045 3127 5100 per
3153 5044 3338 5099 opera.
3370 5030 3513 5099 Quia

1914 5128 2042 5170 ecce
2071 5114 2388 5186 increpasti,
2421 5131 2555 5172 ecce
2584 5116 2909 5189 redarguisti
2940 5116 3092 5187 (quid
3124 5117 3266 5173 enim
3296 5132 3405 5172 non
3433 5118 3513 5174 di-

1912 5201 2035 5274 cis),
2067 5203 2197 5274 quid
2229 5212 2282 5259 tu
2311 5204 2549 5279 benigne
2568 5220 2633 5262 ea
2647 5205 2764 5276 jam
2795 5211 3050 5277 operatus
3068 5204 3168 5261 es?
3189 5204 3287 5262 Dic
3310 5205 3507 5278 plane:

1909 5292 2051 5349 Nam
2078 5291 2324 5367 sequitur
2355 5311 2368 5349 :

1958 5498 2032 5570 (b)
2061 5497 2181 5558 Val.
2215 5498 2322 5574 Cl.,
2353 5499 2426 5556 ad
2453 5496 2607 5575 quid,
2638 5513 2672 5554 a
2699 5513 2806 5574 quo
2834 5500 2996 5575 facta
3029 5512 3109 5581 es.

3292 5628 3365 5697 16
