1998 3082
62 36 88 57 ρί
101 21 189 56 ‘3‘.
331 22 404 49 Ἕως-³

35 57 129 85 “try-’5'
160 77 173 86 ‘
195 74 198 77 .
220 54 244 64 ’⁸
263 57 279 84 _"
307 57 313 71 Γ
353 51 379 74 .’“
401 64 404 77 ι

61 90 85 107 ί,
113 93 141 102 ιδ
164 108 167 112 ,
231 98 238 104 η
340 88 344 98 ι

50 120 98 137 ᾗς.
146 129 149 132 _
260 120 261 124 η

24 144 71 159 καί
106 149 113 154 .

81 179 93 190 --
271 169 320 197 tot

51 208 78 222 ﬂ.
119 208 141 215 .,

35 249 37 251 ι
112 262 121 269 Γ
144 246 147 258 .
314 229 400 264 (Vere.

33 269 80 287 at,”
271 274 404 287 _--.-....-r...

38 353 58 373 Ἰ
70 340 82 370 I7
95 353 112 371 ν.

36 373 52 394 ε

70 1747 113 1756 .-
136 1747 139 1749 _

0 1747 104 1784 πέλε.

39 1784 78 1804 γε.
88 1791 94 1794 _
132 1784 144 1796 ,’

57 1826 106 1856 ,ΑΞ

83 1863 109 1886 ἴε,

57 1893 108 1919 at;
124 1890 137 1917 ,ἶ

55 1919 78 1938 ἃ
88 1919 102 1942 ξκ
148 1936 150 1938 ,

0 1919 128 2050 E';
142 1956 153 1962 .

85 1987 95 2006 μ
123 1989 130 2002 1

82 2014 122 2048 ξῖιιτ
142 2036 145 2044 .

62 2050 102 2067 η
141 2056 146 2062 ,

102 2064 134 2092 (Α

97 2108 102 2113 '
115 2104 122 2117 ’.

77 2122 127 2152 raw

71 2203 94 2227 δέ
120 2203 127 2208 ⁵
171 2200 176 2203 ’

153 2264 169 2287 η

95 2294 128 2319 ,a,

85 2450 119 2473 ἴιῑ
133 2450 138 2453 ⁷
155 2450 165 2467 Γ

95 2476 106 2503 τ’
127 2472 162 2508 ίξῇ

112 2516 113 2519 η
126 2508 134 2522 ἐ
144 2522 147 2525 _

0 2450 145 2568 ἐκ
157 2529 175 2540 *⁵
194 2534 199 2539 .

80 2593 126 2629 μὴ.

75 2627 132 2680 ξ’ῗῦ
166 2658 178 2672 ι

95 2680 143 2717 '22.
150 2701 160 2710 .»

114 2730 123 2737 .
134 2731 148 2744 η

102 2744 160 2778 Ἑρ..
172 2753 183 2771 '.

128 2803 141 2814 1
171 2819 177 2823 η

108 2822 143 2838 .δ⁴“
174 2834 195 2840 ν

104 2841 144 2853 ,γ
167 2847 171 2849 .

112 2853 177 2896 λζ’,
257 2853 312 2864 ιυυι

128 2903 182 2926 ,Ὗη

140 2923 162 2933 .,
204 2933 205 2937 Ἴ

131 2936 156 2950 “,

0 2853 166 3076 Ε>⁴
230 2959 233 2961 _

218 2976 242 2985 ι.

285 3062 292 3069 ν

269 273 430 302 assimilan
448 274 487 306 te,
500 273 594 301 amica
608 278 681 300 mea.

307 319 352 346 29.
370 316 473 346 Omnes
485 317 532 352 qui
542 315 666 351 luxurias,
679 314 722 349 qui
735 310 931 349 superbiae,qui
942 309 1073 341 avaritiae,

269 361 316 399 qui
340 361 490 395 individim,
509 361 555 397 qui
576 359 692 388 fallacia
718 357 886 390 deserviunt,
911 355 998 382 adhuc
1022 353 1073 399 sub

271 397 353 435 curru
369 406 517 434 Pharaonis
531 409 601 438 sunt,
618 404 645 431 id
660 407 703 431 est
723 403 772 430 sub
795 400 928 437 regimine
951 397 1071 432 diaboli;

273 450 363 480 omnis
385 457 451 479 vero
466 450 511 484 qui
538 449 566 476 in
588 448 752 482 humilitate,
778 446 805 473 in
829 444 963 476 castitate,
980 443 1006 470 in
1021 442 1074 469 do-

269 495 368 529 ctrina,
384 495 414 522 in
428 494 557 522 charitate
581 493 683 526 fervet,
706 492 765 526 jam
790 497 875 525 equus
897 487 1009 516 eﬂectus
1033 487 1073 514 est

271 539 410 568 Creatoris
425 538 523 573 nostri,
536 538 596 573 jam
621 537 648 564 in
673 544 754 565 curru
770 534 818 562 Dei
833 534 937 570 positus
952 535 1002 565 est,
1015 532 1072 566 jam

270 591 404 613 sessorem
419 584 507 611 Deum
521 582 614 610 habet.
638 581 714 609 Unde
734 580 843 608 cuidam
870 578 911 605 cui
937 575 1072 604 Dominus

271 628 446 665 praesidebat,
461 627 559 655 dicitur
575 635 581 653 ε
599 627 707 654 Durum
716 627 756 653 est
768 624 819 651 tibi
826 623 957 650 adversus
966 621 1072 648 stimu-

272 674 334 701 lum
344 673 497 701 calcitrare
505 672 579 706 (Act.
590 678 631 702 lx,
643 670 680 706 E3).
693 671 730 696 Ac
741 669 764 695 si
775 668 892 695 diceret:
906 666 979 693 Meus
989 672 1073 699 equus

272 725 312 751 es,
333 717 393 752 jam
413 720 507 744 contra
529 724 572 743 me
593 715 731 743 calcitrare
754 720 809 740 non
834 715 920 747 potes,
943 711 999 744 jam
1023 708 1072 735 tibi

271 769 339 798 ergo
353 761 496 797 presideo.
513 761 554 788 De
568 759 626 786 istis
641 759 717 793 equis
731 757 796 785 alibi
807 756 919 783 dicitur:
933 754 1030 783 Misisti
1041 754 1071 780 in

255 807 346 836 .mart‘
359 814 441 842 equos
454 807 517 833 tuos
529 804 678 832 turbantes
692 810 779 838 aquas
791 799 1015 835 multas(Habac.
1030 805 1071 830 ru,

269 851 326 886 17).
344 841 433 878 Habet
447 857 513 885 ergo
529 856 623 876 currus
639 848 722 880 Deus,
737 846 800 881 quia
815 843 957 871 animabus
972 841 1072 870 sanctis

267 895 407 931 prasidet,
424 898 450 922 et
463 902 512 930 per
526 893 631 921 animas
645 894 755 919 sanctas
775 890 985 923 circumquaque
1004 894 1070 922 per-

267 939 362 967 currit.
377 939 454 967 Unde
469 938 597 973 scriptum
613 940 670 964 est:
683 937 788 964 Curras
799 934 844 961 Dei
860 934 955 961 decem
966 931 1070 964 millia,

268 985 425 1020 multiplex
444 984 539 1010 millia
562 982 724 1010 lwtantium
743 979 878 1007 Dominus
888 977 1069 1011 (Psal.r.xvn,

268 1029 324 1064 18).
333 1028 423 1056 Habet
437 1035 533 1055 currus
545 1026 660 1057 Pharao,
672 1025 716 1059 qui
732 1028 823 1051 tamen
837 1030 931 1050 currus
951 1021 977 1047 in
1004 1028 1070 1047 mari

267 1072 352 1100 rubro
366 1071 501 1099 submersi
517 1074 588 1103 sunt,
606 1070 669 1105 quia
685 1068 762 1095 multi
784 1068 905 1102 perversi
928 1066 955 1092 in
978 1065 1070 1099 bapti—

269 1122 357 1145 amate
379 1116 473 1144 mutati
495 1119 565 1142 sunt.
584 1114 659 1141 Dicat
678 1121 743 1147 ergo
759 1114 880 1146 Sponsus
896 1120 901 1137 :
921 1111 1068 1160 Equptalu:

266 1170 327 1191 meo
337 1163 368 1190 in
376 1160 506 1189 curribus
516 1160 673 1187 Pharaonis
682 1156 839 1185 assiimlaui
849 1159 886 1189 te,
894 1156 987 1183 amica“
996 1161 1070 1185 mea;

265 1206 296 1235 id
310 1210 362 1240 est,
379 1206 444 1233 dum
463 1204 554 1232 adhuc
573 1207 601 1230 tu
621 1210 694 1230 esses
718 1203 745 1228 in
771 1200 895 1228 curribus
912 1198 1068 1231 Pharaonis,

265 1251 331 1279 dum
347 1250 435 1277 adhuc
450 1247 578 1284 operibus
602 1245 759 1274 daemonicis
783 1243 936 1272 deservires
952 1251 958 1270 ε
976 1250 1028 1277 ego
1045 1246 1069 1268 te

268 1294 399 1330 equitatui
414 1300 476 1320 meo
491 1291 649 1325 assimilavi,
665 1290 728 1325 quia
752 1288 853 1316 attendi
875 1287 939 1323 quid
961 1287 1068 1322 praede-

268 1337 415 1367 stinatione
430 1336 458 1364 in
472 1340 498 1364 te
512 1335 633 1369 fecerim,
648 1338 674 1362 et
691 1334 767 1369 equis
782 1333 849 1360 meis
862 1336 886 1360 te
901 1330 1068 1366 comparavi.

267 1382 349 1411 Videt
363 1381 435 1409 enim
449 1381 523 1409 Deus
538 1380 627 1408 adhuc
642 1378 740 1406 multos
758 1377 883 1410 luxuriae,
899 1377 987 1404 adhuc
1001 1383 1070 1403 ava-

269 1426 338 1455 ritiae
353 1426 512 1460 servientes,
529 1428 557 1453 et
572 1428 662 1452 tamen
677 1423 789 1450 attendit
803 1422 830 1449 in
845 1425 947 1449 secreto
966 1420 1070 1455 judicio

268 1470 335 1507 quid
347 1471 404 1505 jam
425 1470 460 1498 de
482 1469 550 1504 ipsis
575 1471 700 1504 operatus
721 1471 775 1501 est,
796 1466 858 1501 quia
880 1465 964 1492 habet
986 1471 1071 1498 eques

264 1515 340 1544 Deus
356 1522 363 1542 :
380 1514 429 1542 sed
444 1513 545 1541 multos
560 1513 633 1541 videt
644 1512 734 1540 adhuc
742 1518 827 1546 equos
839 1518 899 1538 esse
910 1508 1066 1537 Pharaonis.

267 1559 305 1587 Et
319 1559 383 1594 quia
396 1558 549 1586 considerat
561 1557 669 1585 occulto
682 1556 796 1590 judicio,
813 1554 918 1582 occulta
934 1552 1070 1589 praedesti-

269 1603 378 1631 natione
393 1602 427 1630 ad
443 1602 544 1630 bonum
560 1600 775 1632 commutandus,
787 1599 890 1626 similes
904 1598 964 1625 illos
978 1601 1070 1625 atten-

265 1647 306 1676 dit
317 1647 377 1682 jam
389 1647 468 1684 equis
476 1647 542 1680 suis,
554 1645 619 1680 quia
629 1645 702 1673 videt
711 1644 750 1679 (α)
759 1644 822 1671 illos
832 1643 866 1670 ad
878 1650 984 1670 currum
993 1649 1070 1669 suum

264 1691 403 1725 ducturus,
416 1691 462 1727 qui
477 1690 551 1726 prius
567 1690 595 1717 in
609 1696 688 1718 curru
704 1687 854 1715 Pharaonis
869 1686 1068 1714 deserviebant.

266 1736 318 1766 Ubi
344 1735 545 1764 consideranda
569 1738 629 1761 sunt
650 1733 757 1760 occulta
778 1731 891 1766 judicia,
908 1730 972 1766 quia
993 1729 1070 1757 multi

271 1781 398 1809 videntur
424 1787 475 1815 per
501 1778 736 1814 praedicationem,
763 1784 812 1811 per
835 1775 1005 1811 sapientiam,
1021 1782 1071 1809 per

267 1825 428 1858 castitatem,
445 1831 494 1859 per
505 1823 672 1859 largitatem,
687 1829 737 1856 per
751 1820 984 1856 longanimitatem
1008 1818 1070 1854 equi

265 1869 318 1898 Dei
338 1876 415 1901 esse;
432 1871 458 1896 et
469 1872 561 1895 tamen
584 1866 690 1894 occulto
711 1865 815 1900 judicio
829 1864 889 1898 Dei,
906 1864 982 1900 equis
997 1864 1070 1891 Plia-

268 1913 362 1942 raonis
377 1913 559 1941 assimilantur
570 1920 576 1937 :
589 1915 616 1939 et
625 1910 701 1938 multi
713 1910 838 1938 videntur
851 1917 901 1944 per
914 1907 1070 1943 avaritiam,

270 1965 323 1994 per
346 1956 514 1993 superbiam,
539 1964 588 1992 per
610 1954 756 1988 invidiam,
781 1962 831 1989 per
852 1953 986 1980 luxuriam
1008 1951 1070 1987 equi

267 2001 418 2030 Pharaonis
433 2008 508 2031 esse:
531 2004 558 2028 et
580 2004 671 2027 tamen
685 1998 792 2027 occulto
807 1998 857 2025 Dei
868 1997 972 2032 judicio
993 1996 1070 2032 equis

267 2045 322 2075 Dei
336 2045 525 2074 assimilantur.
540 2043 611 2079 Quia
625 2046 653 2071 et
662 2043 723 2071 illos
734 2043 807 2070 videt
815 2042 850 2070 de
859 2042 939 2069 bonis
952 2041 987 2069 ad
998 2042 1071 2069 mala

269 2089 350 2125 verti,
364 2093 392 2118 et
411 2089 476 2117 istos
490 2089 564 2118 videt
578 2088 613 2116 de
628 2087 707 2116 malis
721 2087 755 2115 ad
770 2087 843 2114 bona
865 2086 966 2114 reduci.
996 2086 1071 2114 Sicut

269 2142 338 2171 ergo
346 2135 384 2171 (b)
394 2141 446 2169 per
455 2132 645 2162 discretionem
656 2131 733 2159 multi
744 2131 789 2166 qui
800 2130 863 2166 equi
873 2130 998 2158 videntur
1007 2130 1067 2163 Dei,

268 2179 331 2215 equi
347 2182 410 2206 sunt
425 2177 576 2206 Pharaonis
592 2184 642 2212 per
654 2175 799 2211 reprobam
819 2174 901 2203 vitam
925 2182 986 2209 quae
1008 2174 1069 2201 ilics

272 2222 410 2259 sequitur;
425 2221 464 2249 ita
479 2228 528 2257 per
542 2221 668 2256 pietatem
692 2219 768 2247 multi
782 2218 828 2253 qui
842 2218 903 2253 equi
919 2218 1069 2246 Pharaonis

269 2266 407 2300 videntur,
422 2265 481 2300 ejus
496 2265 574 2293 electi
588 2272 639 2300 per
652 2268 771 2292 sanctam
782 2263 864 2291 vitam
879 2270 960 2298 quam
975 2262 1002 2290 in
1017 2262 1069 2290 ﬁne

268 2317 317 2339 suo
340 2309 471 2338 servaturi
495 2313 574 2343 sunt,
602 2308 679 2344 equis
703 2308 751 2335 Dei
777 2306 970 2334 assimilantur.
993 2307 1069 2335 Unde

269 2354 358 2389 414
372 2353 511 2382 blanditur
524 2353 644 2389 Sponsus
659 2356 685 2380 et
699 2352 782 2380 dicit:
799 2352 947 2388 Equitatui
961 2360 1022 2380 meo
1037 2353 1069 2380 in

268 2398 398 2428 curribus
404 2397 564 2426 Pharaonis
569 2397 666 2426 animi
671 2396 729 2425 lavi
735 2399 771 2432 te,
779 2397 871 2425 amica
877 2404 949 2424 mea.
957 2397 986 2424 Id
993 2400 1032 2424 est
1039 2400 1068 2425 tu

269 2442 361 2472 adhuc
374 2442 402 2470 in
412 2442 536 2470 curribus
547 2441 696 2470 Pharaonis
706 2441 814 2468 subdita
824 2441 1006 2475 deserviebas,
1015 2442 1068 2469 sub

269 2487 341 2517 vitiis
356 2485 493 2522 currebas,
509 2486 556 2514 sed
571 2493 624 2523 ego
638 2486 740 2514 attendi
756 2485 821 2521 quid
836 2485 870 2513 de
885 2489 910 2513 te
925 2493 973 2521 per
993 2494 1068 2522 prae-

303 2548 344 2620 (αξ
358 2548 419 2577 Val.
435 2548 487 2582 Cl.,
502 2547 570 2576 illo:
584 2555 702 2577 currum
717 2556 799 2576 suum
814 2548 958 2576 ducturos.

303 2585 330 2620 (ι
358 2583 419 2613 Val.
440 2584 492 2617 CL,
508 2591 561 2620 per
574 2583 809 2613 indiscretionem
825 2584 958 2612 Rothoma

302 2583 346 2622 (b)_
358 2583 419 2622 Val.
440 2584 492 2622 Cl.,
508 2591 561 2620 per
574 2583 809 2613 indiscretionem
825 2584 1000 2620 Rothomag.,
1014 2593 1067 2622 per

264 2620 561 2657 ρνωάςειίηιειίοριετη-

303 2656 342 2696 (οξ
349 2655 401 2684 Hic
414 2654 564 2684 absolvitur
577 2655 689 2683 homilia
699 2654 817 2684 secunda
829 2654 857 2682 in
871 2655 964 2683 codice
974 2656 1066 2684 Divio-

299 2710 395 2761 ἴδἰη
407 2725 530 2763 vulgatis
554 2726 672 2763 additur,
694 2726 848 2763 monilibus
865 2726 1066 2762 pradicalores

172 2753 183 2771 ’·
205 2777 209 2779 -
262 2753 478 2798 cessantia};
485 2753 530 2790 uel
542 2753 1062 2798 autcaesanumquam;

261 2796 308 2834 ut
313 2795 381 2834 quia
389 2795 702 2834 Ecclesiam'muniunt,
713 2800 744 2825 ut
754 2799 854 2833 pectus
861 2798 982 2834 monile;
991 2799 1033 2826 vel
1046 2795 1063 2826 a

257 2830 454 2870 rotunditate,
469 2832 500 2862 id
512 2834 559 2863 ut
573 2830 761 2870 perfectione:
773 2833 806 2861 In
822 2840 899 2862 mon.
916 2830 983 2869 Quae
996 2834 1063 2862 nulli

876 158 997 187 SANCTI
1013 154 1186 186 GREGORH
1200 152 1313 183 MAGNI
1860 160 1908 187 ις’

314 229 400 264 (Vers.
417 228 457 264 8.)
471 227 622 264 Equitatui
641 233 704 254 meo
718 225 750 252 in
768 222 897 252 curribus
914 220 1070 250 Pharaonis
1081 218 1110 249 A
1125 217 1336 264 destinationem
1349 217 1581 264 feci._l3quitatui
1595 226 1655 247 meo
1669 220 1821 248 assimilavi
1836 223 1869 255 te,
1883 221 1907 248 id

1123 265 1162 288 est
1177 261 1270 289 electis
1285 262 1353 290 meis
1367 261 1483 289 similem
1500 267 1524 289 te
1539 263 1575 297 (ε)
1591 262 1702 290 attendi.

1159 324 1244 358 (Vers.
1257 325 1296 360 9.)
1311 326 1442 353 Pulchra
1456 327 1523 354 sunt
1534 333 1613 361 genae
1625 327 1682 353 tua:
1691 327 1764 354 sicut
1773 327 1888 356 turtur-is
1900 338 1908 356 :

1122 369 1228 397 collum
1244 372 1325 397 tuum
1340 370 1415 398 sicut
1434 371 1565 399 monilia.

1158 419 1202 445 30.
1215 418 1315 445 Turtur
1325 422 1469 453 postquam
1478 426 1572 454 parem
1581 427 1658 446 suum
1669 419 1814 454 perdiderit
1821 420 1909 453 semel,

1121 470 1260 497 nunquam
1274 462 1350 490 alteri
1365 471 1395 490 se
1408 463 1508 498 jungit,
1524 463 1572 490 sed
1586 471 1695 499 semper
1709 463 1828 491 solitaria
1841 464 1909 491 habi-

1122 510 1182 534 tans
1197 507 1224 533 in
1237 507 1343 542 gemitu
1357 509 1530 542 perseverat;
1545 507 1609 542 quia
1625 515 1704 542 quem
1719 507 1846 544 diligebat
1862 516 1910 536 non

1122 551 1262 579 inveniens
1277 551 1385 587 quaerit.
1411 551 1456 579 Sic
1479 556 1573 579 sancta
1589 559 1704 586 quaeque
1718 552 1807 579 anima
1819 552 1879 579 dum
1894 560 1909 579 a

1122 595 1229 630 Sponso
1244 603 1292 623 suo
1307 596 1407 623 absens
1422 598 1472 630 est,
1490 596 1524 623 ab
1538 596 1595 630 ejus
1616 603 1712 623 arnore
1732 604 1786 623 non
1808 596 1909 629 recedit,

1121 641 1169 667 sed
1183 640 1211 666 in
1225 640 1284 674 ejus
1309 640 1475 667 desiderium
1498 647 1610 675 semper
1633 640 1742 667 anhelat
1767 644 1793 668 et
1814 640 1909 676 gemit;

1122 688 1149 712 et
1163 685 1228 711 dum
1243 684 1319 711 illum
1337 692 1418 720 quem
1443 684 1522 712 valde
1546 684 1647 720 diligit,
1662 692 1716 712 non
1731 684 1840 717 invenit,
1856 684 1912 719 quia

1122 728 1158 756 ab
1181 728 1256 756 omni
1273 729 1365 756 alieno
1380 736 1476 756 amore
1490 736 1519 755 se
1533 728 1664 762 retrahit,
1687 728 1764 764 quasi
1785 728 1812 755 in
1832 736 1911 764 gena-

1121 781 1181 800 rum
1197 773 1360 800 verecundia
1374 773 1526 800 castitatem
1542 773 1633 800 cordis
1643 773 1704 807 ipso
1715 773 1806 800 habitu
1820 777 1845 800 et
1858 777 1912 799 actu

1122 817 1247 845 exteriori
1263 817 1389 844 ostendit.
1404 817 1549 852 Sequitur:
1563 817 1674 845 Collum
1688 819 1769 845 tuum
1784 818 1911 845 sicutmo-

1122 862 1208 889 uilia.
1243 861 1295 889 Per
1322 862 1423 889 collum
1449 868 1575 896 sponsae,
1606 861 1796 896 praedicatores
1822 865 1912 888 sancta}

1085 897 1112 928 Β
1128 905 1257 933 Ecclesiae
1263 905 1448 941 designantur.
1456 905 1495 940 (ἀ)
1504 906 1534 932 in
1543 905 1692 932 monilibus
1698 913 1813 941 gemma:
1820 906 1845 932 in
1854 913 1912 932 auro

1127 955 1273 985 ponuntur.
1292 951 1341 977 Per
1355 958 1448 977 aurum
1473 950 1575 984 quippe
1597 950 1741 985 sapientia,
1756 957 1803 984 per
1816 949 1913 984 lapides

1126 1002 1210 1029 opera
1234 995 1431 1029 exprimuntur.
1457 994 1564 1021 Collum
1578 1002 1644 1030 ergo
1660 1002 1765 1027 sponsae
1779 994 1844 1021 sicut
1857 1001 1911 1021 mo-

1126 1039 1190 1066 nilia
1209 1039 1317 1071 existit;
1335 1039 1394 1073 quia
1412 1038 1525 1074 quilibet
1549 1041 1639 1065 rectus
1663 1038 1793 1066 Ecclesia
1819 1038 1912 1073 pradi-

1125 1087 1199 1110 cator
1213 1087 1239 1110 et
1252 1084 1383 1118 sapientia
1402 1083 1514 1110 interius
1537 1090 1565 1109 se
1590 1083 1686 1116 induit,
1701 1088 1726 1110 et
1740 1090 1821 1116 opera
1844 1087 1911 1109 exte-

1127 1129 1181 1155 rius
1196 1132 1313 1161 exercet,
1336 1135 1396 1162 qua:
1418 1127 1446 1155 in
1467 1127 1598 1162 sapientia
1625 1128 1713 1155 videt.
1734 1127 1782 1155 Cui
1795 1131 1820 1154 et
1833 1127 1912 1154 adhuc

1125 1172 1221 1199 dicitur
1237 1181 1243 1198 :

1160 1227 1249 1261 (Vers.
1282 1226 1339 1262 to.)
1366 1226 1540 1254 Murenulas
1566 1234 1670 1254 aureas
1698 1227 1834 1262 faciemus
1866 1225 1913 1253 tibi

1124 1271 1327 1299 vermiculata:
1341 1273 1469 1307 argento.

1160 1321 1203 1347 3t.
1221 1320 1257 1354 (c)
1270 1319 1418 1347 Murenulis
1439 1319 1552 1347 monilia
1576 1319 1648 1347 collo
1673 1319 1804 1355 ligantur;
1820 1318 1876 1353 quia
1888 1319 1912 1345 et

1124 1364 1257 1399 sapientia
1272 1367 1298 1391 et
1310 1363 1406 1399 religio
1430 1372 1445 1391 a
1470 1363 1621 1398 Scripturis
1645 1364 1745 1391 sanctis
1763 1363 1911 1399 praedicato-

1124 1408 1201 1436 ribus
1228 1408 1402 1445 adjungitur;
1422 1415 1472 1443 per
1485 1407 1641 1435 murenulas
1656 1408 1727 1435 enim
1742 1411 1831 1435 sancta
1845 1406 1912 1434 Scri-

1124 1457 1201 1489 ptura
1217 1453 1388 1489 intelligitur.
1409 1451 1485 1487 Qute,
1502 1452 1571 1480 bene
1586 1460 1677 1480 aureae
1692 1456 1718 1480 et
1732 1455 1842 1488 argento
1857 1458 1911 1479 ver-

1125 1497 1261 1525 miculata:
1277 1497 1421 1529 dicuntur;
1448 1496 1511 1531 quia
1534 1501 1560 1524 et
1584 1496 1719 1531 sapientia
1741 1499 1831 1523 sancta
1844 1494 1911 1522 Scri-

1125 1546 1202 1577 ptura
1217 1541 1315 1577 fulget,
1327 1545 1355 1575 let
1379 1548 1478 1569 sonora
1503 1540 1697 1576 praedicatione
1720 1548 1770 1576 per
1791 1539 1911 1567 mundum

1125 1586 1242 1614 auditur.
1260 1586 1335 1613 Sicut
1346 1585 1418 1613 enim
1434 1593 1484 1620 per
1498 1593 1593 1612 aurum
1609 1584 1753 1619 sapientia,
1766 1584 1804 1612 sic
1817 1591 1863 1618 per
1873 1590 1912 1610 ar-

1124 1634 1237 1666 gentum
1252 1634 1343 1657 sancta
1358 1629 1521 1664 praedicatio
1536 1629 1749 1656 demonstratur.
1774 1628 1820 1655 His
1834 1625 1913 1656 verbis

1125 1674 1223 1709 Sponsi
1248 1681 1348 1709 sponsa
1376 1673 1533 1708 respondet,
1547 1677 1574 1701 et
1589 1680 1639 1708 per
1664 1679 1809 1708 corporeae
1831 1678 1911 1699 remm

1125 1719 1230 1754 species
1245 1725 1369 1746 amorem
1379 1718 1497 1751 intimat,
1508 1725 1562 1753 quo
1573 1717 1752 1753 spiritualiter
1759 1717 1826 1744 intus
1835 1714 1909 1746 ardet.

1126 1763 1220 1791 dicens
1236 1771 1242 1790 ε

1160 1820 1248 1855 (Vers.
1261 1820 1317 1855 tt.)
1325 1821 1396 1848 Dum
1410 1822 1546 1848 essetrex
1559 1819 1589 1847 in
1602 1819 1737 1848 accubitu
1744 1826 1799 1852 suo,
1813 1816 1910 1846 nardur

1124 1872 1187 1892 mea
1202 1864 1279 1892 dedit
1294 1865 1405 1893 adorem
1420 1872 1518 1892 suum.

1160 1914 1204 1942 32.
1222 1913 1257 1948 (Ι)
1271 1913 1432 1941 Accubitum
1447 1921 1523 1940 suum
1536 1921 1586 1940 rex
1603 1916 1666 1940 tunc
1680 1911 1798 1947 intravit,
1814 1908 1910 1946 quando

1124 1957 1258 1985 Dominus
1273 1961 1363 1985 noster
1376 1958 1454 1985 Iesus
1470 1957 1592 1984 Christus
1609 1956 1788 1992 corporaliter
1803 1954 1858 1983 cali
1871 1953 1909 1980 in-

1124 2002 1224 2030 teriora
1249 2002 1414 2036 penetravit.
1446 2001 1506 2036 Quo
1533 2001 1571 2028 ibi
1598 2000 1795 2036 requiescente,
1822 1997 1911 2026 nardus

1124 2054 1233 2082 sponsae
1243 2046 1355 2074 odorem
1366 2054 1450 2073 suum
1463 2045 1555 2079 dedit;
1565 2045 1629 2080 quia
1640 2045 1725 2073 virtus
1731 2040 1911 2072 sanc‘mEecle-

1124 2090 1171 2118 sim
1186 2098 1298 2118 suavem
1311 2090 1413 2117 famam
1428 2089 1557 2117 bonitatis
1581 2089 1664 2125 longe
1684 2090 1789 2124 lateque
1810 2084 1909 2122 sparsit.

1083 2146 1110 2177 D
1126 2134 1167 2162 Ad
1183 2134 1266 2162 malos
1280 2134 1353 2162 enim
1367 2134 1499 2162 Dominus
1514 2133 1646 2167 ascendit,
1663 2138 1690 2161 et
1704 2132 1829 2168 Spirittm
1852 2137 1909 2157 san-

1125 2182 1198 2206 ctum
1226 2186 1307 2206 suum
1328 2186 1411 2213 super
1434 2178 1585 2213 discipulos
1608 2177 1683 2205 misit
1702 2178 1773 2212 (Act.
1803 2175 1840 2211 1);
1863 2179 1909 2208 quo

1125 2222 1229 2257 impleti
1252 2222 1336 2251 verba
1357 2222 1451 2250 salutis
1473 2222 1577 2250 mundo
1602 2221 1794 2257 pmdicarent.
1824 2223 1849 2247 et
1866 2223 1910 2252 per

1124 2271 1218 2295 sancta
1227 2274 1311 2302 opera
1320 2266 1384 2295 boni
1392 2267 1486 2294 odoris
1497 2267 1598 2294 famam
1609 2266 1794 2301 circumquan
1804 2271 1818 2291 θ
1826 2261 1910 2290 didun-

1124 2311 1229 2339 derent.
1244 2312 1320 2339 Hunc
1335 2310 1436 2346 quippe
1451 2310 1583 2346 Spiritum
1598 2310 1626 2337 in
1641 2310 1776 2345 baptismo
1789 2312 1909 2341 Imaque-

1125 2363 1177 2390 que
1191 2355 1279 2383 ﬁdelis
1292 2355 1383 2383 anima
1397 2355 1510 2390 recipit;
1526 2358 1555 2383 ut
1568 2362 1618 2390 per
1632 2362 1694 2382 eum
1708 2353 1758 2381 sibi
1778 2360 1809 2380 er
1832 2350 1907 2378 virtu-

1124 2403 1181 2427 tum
1202 2399 1374 2427 eonfectione
1394 2403 1534 2435 unguenta
1557 2401 1713 2433 componat,
1737 2400 1763 2424 et
1782 2393 1908 2431 [mximos

1123 2442 1243 2478 exempli
1265 2443 1431 2471 exhibitione
1455 2443 1532 2477 quasi
1552 2442 1683 2479 unguenti
1696 2441 1779 2470 odore
1803 2437 1903 2468 reﬁci!!-

1123 2487 1251 2523 Sequitur
1267 2496 1274 2515 :

1084 1521 1109 1554 G

1122 2558 1157 2579 ex
1167 2551 1229 2579 ltlss.
1244 2550 1383 2579 codicibus
1396 2550 1498 2578 nostris
1512 2550 1651 2578 exhibent.

1158 2587 1194 2621 (θ)
1210 2587 1240 2614 ln
1254 2586 1335 2614 nullis
1349 2587 1413 2613 Mss.
1430 2586 1583 2614 invenimus
1595 2593 1656 2620 qum
1670 2584 1698 2612 in
1712 2583 1790 2612 editis
1803 2582 1854 2610 hac
1863 2585 1902 2607 III-

1122 2622 1259 2655 tecedunt,
1266 2622 1382 2650 scilicet:
1392 2622 1512 2650 Murena
1522 2622 1611 2657 piscis
1621 2623 1673 2657 est,
1681 2621 1728 2657 qut
1739 2627 1790 2657 cap
1803 2621 1837 2657 ut
1846 2622 1902 2657 vere

1122 2658 1158 2685 tit
1166 2666 1195 2685 se
1201 2659 1233 2685 in
1246 2652 1401 2693 circulum,
1408 2658 1444 2685 ad
1450 2652 1532 2693 σπι]αὲ
1540 2652 1726 2693 θωεηιριαήῖε
1735 2652 1789 2693 imit
1803 2652 1841 2693 ῖὶε
1849 2656 1902 2693 ηυξ

1120 2693 1274 2721 murenula
1288 2689 1414 2722 dicitur:
1427 2689 1787 2728 qua'designalurprwdica
1803 2689 1834 2722 1'0,
1848 2692 1902 2722 t1“

1119 2728 1237 2756 auribus
1251 2728 1386 2761 inheret,
1403 2725 1488 2756 σιέιισ
1503 2725 1644 2762 penetrat.
1659 2725 1788 2762 Rurenul.
1803 2732 1851 2762 r_....

1155 2755 1190 2798 (f)
1206 2755 1420 2791 Premittitur'in
1434 2755 1542 2791 excusis
1559 2772 1564 2790 :
1581 2762 1689 2791 Nardus
1704 2763 1746 2798 est
1756 2761 1788 2798 [te
1803 2758 1838 2798 'ba
1851 2755 1901 2798 huj-

1118 2796 1207 2836 gnilis,
1223 2807 1285 2835 quae
1289 2801 1405 2834 gustata
1412 2799 1502 2836 frigus
1508 2798 1640 2836 expellit,
1651 2796 1788 2832 etcalefac
1803 2796 1813 2823 l
1822 2797 1900 2827 mm:

1118 2834 1187 2871 bra;
1202 2834 1263 2871 qua!
1277 2843 1341 2863 mss.
1357 2834 1488 2864 nesciunt.
1519 2851 1524 2855 ~
