3996 6164
269 348 351 409 493
930 342 1153 402 SUPER
1192 338 1495 399 CANTICA
1532 334 1989 396 CANTICORUM
2028 334 2402 395 EXPOSITO.
2442 366 2513 377 —
2552 337 2700 392 CAP.
2741 336 2809 394 ΙΙ.

3416 344 3519 398 494

322 480 486 549 (Vers.
538 474 647 545 12.)
706 472 1032 529 Fasciculus
1069 470 1315 542 myrrha
1355 466 1597 523 dilectus
1647 465 1810 534 mihi,
1844 466 1897 527 A
1925 472 2137 522 catores
2165 462 2431 535 intelligi;
2464 463 2552 534 qui
2582 464 2980 536 simplicitatem
3011 484 3171 540 quam
3199 470 3523 541 pradicant,

267 571 396 625 inter
418 566 581 621 ubera
616 578 743 618 mea
772 561 1228 618 commorabitur.

322 659 396 712 33.
437 654 764 708 Mortuorum
810 664 1042 720 corpora
1087 645 1313 720 myrrha
1359 643 1570 701 condiri
1622 641 1821 710 solent,

266 762 322 802 ne
352 746 667 816 putrescant.
718 741 988 811 Myrrham
1036 738 1239 808 quippe
1268 733 1587 806 corporibus
1615 748 1684 787 ne
1718 747 1826 803 pu-

267 839 467 891 trescant
494 830 834 897 adhibemus,
867 828 998 883 dum
1041 825 1287 881 membra
1315 830 1497 880 nostra
1541 822 1597 876 in
1624 820 1830 875 Christi

265 921 559 992 exemplum,
590 934 691 990 per
715 916 1032 972 eorumdem
1061 912 1530 970 mortiﬁcationem
1572 926 1605 965 a
1638 917 1829 981 putre-

267 1013 372 1067 dine
395 1008 618 1063 luxuria
645 1004 1027 1076 restringimus
1063 1018 1077 1071 ;
1110 1018 1180 1058 ne
1210 1003 1338 1056 dum
1383 1000 1598 1071 ea_siue
1630 997 1829 1054 condi-

263 1107 418 1155 mento
452 1095 835 1162 dimiserimus,
868 1092 1120 1147 dissoluta
1141 1088 1433 1162 putredine
1452 1103 1630 1143 escam
1660 1088 1714 1154 4
1729 1088 1766 1154 1
1780 1089 1829 1155 5

264 1188 510 1245 vermibus
529 1184 746 1240 aternis
766 1189 947 1236 nostra
976 1195 1205 1251 corpora
1233 1179 1524 1233 faciamus.
1564 1176 1669 1231 Sed
1703 1173 1833 1245 quid

262 1284 328 1334 est
367 1274 504 1346 quod
538 1272 796 1328 dilectum
825 1286 979 1324 suum
1021 1283 1220 1338 sponsa
1258 1282 1365 1321 non
1408 1266 1706 1335 myrrham,
1738 1262 1836 1317 sed

264 1364 554 1421 fasciculum
604 1362 834 1431 myrrha
879 1358 1143 1423 nominat,
1175 1356 1275 1410 nisi
1307 1355 1453 1425 quod
1482 1355 1610 1408 dum
1649 1359 1837 1408 sancta

262 1470 390 1510 mens
418 1450 614 1507 Christi
662 1449 829 1503 vitam
862 1463 926 1502 ex
958 1445 1106 1502 omni
1134 1453 1288 1516 parte
1336 1443 1664 1509 considerat,
1695 1458 1834 1496 con-

260 1551 328 1598 tra
350 1541 528 1596 omnia
558 1537 689 1592 vitia
720 1554 786 1591 ex
817 1537 934 1606 ejus
980 1534 1292 1588 imitatione
1320 1539 1687 1602 repugnantes
1718 1532 1835 1583 vir-

261 1639 379 1689 tutes
418 1634 757 1699 congregat;
812 1639 885 1678 ex
935 1622 1133 1693 quibus
1178 1621 1280 1675 sibi
1322 1620 1636 1674 fasciculum
1667 1622 1842 1690 aptat,

261 1735 351 1791 quo
376 1717 553 1773 carnis
582 1730 696 1769 sua
734 1712 1073 1783 putrediuem
1104 1710 1486 1779 sempiternam
1520 1708 1791 1777 abstergat
1812 1708 1840 1759 ‘l

1932 562 2168 622 servant,
2200 561 2253 609 et
2297 552 2532 608 visibilia
2576 562 3003 625 contemnentes,
3052 558 3121 614 ad
3164 568 3370 616 aterna
3399 576 3524 617 cum

1935 643 2151 715 magnis
2196 641 2490 715 gemitibus
2536 641 2808 698 anhelant.
2858 645 3121 719 Sequitur
3166 664 3273 705 vox
3316 665 3532 722 sponsa

1936 733 2161 788 dicentis
2184 748 2197 788 :

2008 821 2187 892 (Vers.
2223 821 2309 887 15,
2344 823 2453 889 16.)
2467 823 2571 879 Ece
2588 824 2649 877 tu
2667 821 2995 894 pulcheres,
3012 824 3216 882 dilecte
3244 829 3346 896 mi,
3366 832 3420 884 et
3440 828 3531 885 dc-

1938 927 2099 967 ccrus
2118 928 2136 964 :
2155 911 2301 967 lectu
2312 908 2401 965 ius
2416 914 2611 967 noster
2625 910 2877 979 ﬂoridus,
2903 914 3065 984 tigna
3086 914 3376 971 domorum
3397 932 3533 973 no:-

1942 1003 2172 1055 trarum
2199 999 2455 1066 cedriua,
2490 1000 2743 1071 laquaria
2772 1003 3118 1071 cypressina.

2015 1086 2106 1143 36.
2146 1086 2382 1141 Pulcher
2411 1095 2463 1142 et
2509 1087 2741 1142 decorus
2796 1088 3026 1145 dilectus
3063 1091 3277 1159 dicitur,
3326 1093 3453 1165 quia
3480 1092 3538 1149 in

1942 1175 2225 1230 divinitate
2253 1183 2306 1230 et
2333 1176 2666 1230 humanitate
2707 1176 2777 1231 ab
2823 1178 2971 1232 omni
3019 1181 3221 1234 amanti
3264 1197 3325 1237 se
3355 1188 3538 1239 mente

1943 1265 2062 1319 sine
2110 1264 2321 1319 macula
2372 1265 2805 1332 reprehensionis
2854 1268 3129 1334 aspicitur.
3182 1269 3354 1338 Quem
3409 1271 3537 1325 dum

1942 1369 2143 1423 sponsa
2198 1353 2361 1422 pleno
2418 1353 2684 1407 «lesivlerio
2744 1357 3012 1424 sequitur,
3056 1359 3297 1413 omnium
3347 1360 3538 1415 mundi

1943 1442 2402 1513 perturbatiormm
2454 1442 2827 1503 nuliviscitur;
2888 1454 2936 1497 et
2975 1446 3104 1499 dum
3150 1447 3204 1501 in
3247 1449 3371 1514 ejus
3402 1465 3536 1518 pace

1947 1530 2191 1602 quiescit,
2228 1532 2402 1583 magis
2468 1551 2493 1577 ι·
2529 1531 2705 1601 magis
2733 1532 3036 1586 decoratur.
3080 1536 3232 1590 Unde
3262 1540 3536 1604 sequitur:

1947 1618 2222 1673 Lectulus
2248 1625 2438 1673 nnster
2471 1620 2703 1674 lyr-idus.
2739 1619 2879 1688 Quid
2908 1623 3158 1677 lectulum
3184 1641 3415 1696 sponsa,
3441 1628 3536 1680 nisi

1949 1710 2041 1762 otii
2075 1709 2308 1776 quietem
2335 1707 2443 1761 inte
2494 1743 2501 1758 .
2572 1724 2693 1762 mus
2718 1710 2745 1762 ‘l
2776 1710 2928 1763 Mens
2959 1713 3100 1765 enim
3133 1730 3255 1785 qua
3283 1732 3462 1783 sponsi
3492 1734 3539 1768 m

257 1808 343 1877 Qui
398 1807 539 1861 bene
595 1804 737 1857 inter
790 1801 962 1856 ubera
1017 1800 1339 1855 commorari
1371 1799 1584 1863 dicitur,
1632 1797 1758 1866 quia
1786 1814 1837 1849 In
1870 1821 1921 1879 Β
1950 1812 2103 1850 Suum
2140 1800 2229 1847 '11.:
2252 1806 2405 1849 istum
2436 1816 2531 1845 W‘
2562 1796 2783 1851 "iam"?
2809 1808 2971 1858 ετηθίο
2998 1802 3309 1871 inquamin“
3342 1814 3542 1873 ιιοιεδιι

257 1895 526 1952 dilectione
576 1892 673 1946 Dei
718 1898 773 1946 et
819 1888 1046 1960 proximi
1110 1888 1370 1941 habitatio
1418 1886 1615 1941 Christi
1654 1894 1841 1940 sancta

259 1984 550 2041 aediﬁcatur.
574 1982 774 2038 Sancta
802 1980 1001 2050 quippe
1031 1977 1214 2030 anima
1248 1977 1376 2030 dum
1411 1977 1580 2030 Deum
1610 1975 1690 2031 sic
1721 1975 1839 2029 dili-

258 2075 342 2143 git,
370 2083 421 2127 ut
470 2071 789 2141 proximum
821 2084 925 2122 non
954 2074 1279 2132 cotntemnat,
1332 2072 1386 2119 et
1416 2065 1647 2134 proximi
1680 2080 1838 2119 amo-

260 2178 355 2215 rem
381 2163 455 2215 sic
482 2158 829 2230 exsequitur,
863 2164 918 2210 ut
945 2156 1188 2209 divinum
1220 2170 1325 2207 non
1374 2145 1604 2213 mitiuat,
1652 2152 1837 2222 procul

256 2249 402 2304 dubio
439 2248 618 2303 ubera
646 2246 701 2300 in
735 2254 952 2315 pectore
983 2243 1087 2297 sibi
1135 2243 1297 2308 locat,
1331 2241 1529 2311 quibus
1555 2240 1836 2295 Christum

259 2337 575 2407 amplectens
630 2335 813 2405 ipsum
870 2332 1089 2387 nutriat.
1150 2330 1318 2399 Quasi
1377 2330 1525 2384 enim
1583 2329 1840 2383 uberibus

244 2426 474 2482 Christus
501 2423 745 2480 nutritus
787 2421 1089 2486 roboratur,
1122 2420 1252 2473 dum
1286 2420 1387 2474 hac
1434 2418 1654 2490 gemina
1694 2417 1839 2472 dile-

252 2514 430 2580 ctione,
477 2522 539 2568 ut
584 2511 779 2567 fortius
825 2509 1103 2577 inhareat,
1150 2508 1468 2563 delectatur.
1515 2506 1598 2562 De
1626 2521 1733 2577 quo
1788 2512 1843 2561 et

249 2602 409 2657 adhuc
439 2602 649 2657 dicitur
667 2618 680 2654 :

309 2692 478 2759 (Vers.
503 2694 530 2745 1
546 2691 623 2760 3.)
648 2689 849 2744 Botrus
873 2685 1040 2760 Cypri
1055 2684 1296 2741 dilectus
1313 2699 1471 2740 meus
1494 2683 1659 2753 mihi,
1692 2684 1755 2739 in
1770 2683 1847 2739 vi-

246 2781 359 2836 m:
384 2778 664 2852 Engaddi.

309 2870 392 2924 34.
442 2868 663 2940 Cyprus
710 2864 882 2921 insula
937 2866 1038 2933 est,
1083 2862 1140 2917 in
1187 2877 1297 2935 qua
1339 2860 1623 2918 uberiores
1671 2859 1845 2917 vinea

256 2973 399 3028 quam
429 2956 569 3013 alibi
596 2962 910 3011 nascuntur.
967 2954 1071 3008 Per
1122 2951 1359 3022 Cyprum
1413 2965 1545 3022 ergo
1598 2950 1846 3006 Ecclesia

248 3046 559 3101 universalis
607 3043 942 3114 designatur,
1002 3056 1122 3111 qua
1165 3039 1365 3095 multas
1419 3038 1611 3094 vineas
1658 3038 1842 3106 nutrit,

250 3134 363 3189 dum
394 3135 448 3189 in
473 3133 680 3189 multas
697 3131 973 3187 Ecclesias
994 3129 1187 3196 divisa,
1221 3128 1409 3183 vinum
1435 3127 1583 3197 quod
1608 3125 1844 3181 latiﬁcat

242 3238 325 3278 cor
348 3221 614 3287 hominis,
646 3221 854 3293 gignit.
907 3219 986 3288 (a)
1016 3215 1269 3289 Engaddi
1310 3216 1689 3287 interpretatur
1719 3214 1838 3269 fons

241 3311 387 3366 haedi.
419 3311 629 3366 Hadus
675 3316 852 3363 autem
910 3306 1206 3377 antiquitus
1235 3321 1333 3375 pro
1380 3305 1615 3374 peccatis
1643 3304 1837 3359 immo-

242 3399 461 3454 labatur.
503 3396 654 3467 Quid
686 3412 820 3468 ergo
848 3410 945 3466 per
972 3395 1179 3449 fontem
1225 3392 1369 3448 hadi
1398 3392 1504 3447 nisi
1537 3392 1838 3461 baptismus

243 3486 423 3543 Christi
467 3486 782 3561 ﬁguratur?
828 3484 890 3538 In
937 3498 1044 3555 quo
1074 3482 1201 3537 dum
1252 3496 1453 3553 corpus
1493 3480 1835 3553 intinguitur,

237 3575 402 3630 anima
455 3574 737 3635 abluitur;
801 3580 858 3627 et
882 3587 978 3643 per
1032 3570 1179 3625 illius
1215 3568 1378 3625 ﬁdem
1428 3569 1518 3641 qui
1549 3584 1647 3640 pro
1701 3583 1838 3639 pec-

245 3664 511 3719 catoribus
540 3670 782 3718 mortem
810 3658 1045 3732 pertulit,
1094 3658 1287 3714 anima
1303 3659 1538 3712 humana
1575 3673 1609 3712 a
1635 3672 1836 3727 pecca-

245 3751 303 3807 tis
336 3754 600 3809 omnibns
642 3749 897 3805 mandari
938 3764 997 3804 se
1043 3747 1237 3805 credit.
1290 3746 1386 3802 Cui
1434 3762 1562 3803 mox
1608 3747 1838 3803 dilectus

244 3842 525 3897 resnondet
550 3861 563 3897 :

355 3855 563 3898 onaet:

270 3855 471 4001 εἴξατε.
494 3929 767 4001 14.)Εοεε
786 3932 851 3984 tu
876 3926 1118 4000 pulchra
1143 3942 1223 3994 es,
1245 3926 1436 3983 amica
1449 3939 1597 3996 mea,
1627 3940 1753 3983 cccc
1774 3928 1839 3983 tu

239 4020 491 4090 pulchra,
541 4018 701 4076 oculi
739 4018 828 4073 tui
854 4016 1266 4073 columbarum.
1515 4071 1535 4084 .

298 4110 386 4164 35.
426 4110 531 4165 Bis
564 4107 853 4180 pulchram
884 4105 1131 4175 Sponsus
1161 4118 1420 4175 sponsam
1453 4118 1606 4159 suam
1641 4110 1835 4187 vocat;

235 4197 346 4267 quia
373 4198 464 4255 cui
515 4195 881 4253 delectionem
911 4194 1013 4250 Dei
1044 4200 1098 4249 et
1145 4191 1380 4263 proximi
1411 4192 1594 4256 donat,
1652 4193 1839 4264 gemi-

234 4300 346 4341 nam
387 4284 864 4358 pulchritudinem
910 4283 959 4339 ei
1008 4281 1219 4351 inserit,
1278 4296 1384 4351 qua
1426 4281 1745 4350 delectatur,
1777 4289 1832 4337 et

232 4390 385 4445 quam
442 4374 658 4430 laudat.
718 4372 888 4443 Cujus
940 4369 1082 4428 oculi
1130 4370 1273 4426 bene
1317 4369 1691 4425 columbarum
1721 4385 1838 4426 esse

231 4464 616 4532 perhibentur;
664 4462 795 4535 quia
824 4461 953 4517 dum
996 4460 1054 4515 in
1095 4458 1484 4531 temporalibus
1537 4458 1727 4531 gemit,
1781 4466 1836 4515 et

232 4531 293 4605 ad
317 4559 533 4609 ater-na
556 4552 632 4623 (b)
665 4531 940 4606 desiderio
960 4547 1181 4620 rapitur,
1203 4548 1259 4602 in
1282 4546 1623 4619 simplicitate
1641 4562 1831 4603 sensus
1858 4531 1912 4592 D

231 4654 346 4695 suos
389 4641 658 4709 custodit,
705 4647 761 4696 et
803 4638 1050 4696 carnales
1100 4636 1564 4707 concupiscentias
1592 4636 1832 4692 detesta-

231 4735 327 4783 tur.
360 4730 638 4786 Colomba
666 4728 873 4801 quippe
901 4727 957 4782 in
979 4741 1165 4782 amore
1194 4741 1293 4798 pro
1336 4733 1496 4781 cantu
1545 4725 1734 4798 gemit.
1764 4726 1834 4781 Et

232 4813 361 4873 bene
387 4825 589 4875 sancta
618 4817 800 4873 anima
826 4815 1100 4872 columba
1127 4822 1514 4887 comparatur;
1549 4813 1675 4884 quia
1703 4813 1832 4869 dum

231 4907 443 4976 reprobi
494 4906 704 4978 quique
750 4906 809 4960 in
836 4919 1023 4961 amore
1053 4904 1244 4960 mundi
1272 4904 1518 4975 garriunt
1549 4910 1601 4959 et
1636 4902 1833 4959 laetan-

234 5000 328 5063 tur,
356 5010 522 5051 mens
552 4995 729 5051 electa
755 4993 813 5049 in
840 4993 1045 5050 caelesti
1091 4991 1363 5049 desiderio
1393 4991 1670 5055 atteritur;
1705 4991 1833 5064 quia

234 5080 373 5139 timet
394 5100 468 5140 ne
500 5084 720 5141 amittat
747 5082 892 5154 quod
921 5081 1119 5153 diligit,
1152 5081 1282 5137 dum
1313 5078 1573 5136 differtur.
1605 5080 1833 5136 Possunt

232 5171 381 5228 etiam
411 5189 522 5244 per
551 5171 748 5229 oculos
790 5170 1186 5238 columbarum,
1232 5168 1597 5226 Ecclesarium
1623 5168 1828 5241 pradi-

293 5294 367 5366 (a)
397 5296 507 5353 Hic
538 5296 796 5354 inseritur
823 5295 878 5350 in
908 5293 1027 5350 aliis
1053 5292 1274 5350 excusis
1299 5311 1310 5347 :
1345 5292 1410 5366 1η
1433 5292 1684 5366 Engaddi
1712 5293 1826 5366 bal-

233 5363 445 5440 Iamum
473 5367 765 5440 gignitur,
787 5365 930 5439 quod
944 5382 1075 5422 cum
1090 5366 1230 5440 oleo,
1248 5363 1576 5440 pontiﬁcali
1603 5363 1825 5440 benedi-

235 5436 411 5510 εΐὶοπε
425 5435 688 5495 chrisma
704 5435 970 5510 efﬁcitur,
984 5435 1399 5510 quo‘dona'sanc
1407 5435 1450 5489 tt
1468 5436 1712 5510 Spiritus
1727 5451 1826 5491 ea:-

231 5509 590 5576 primuntvr.
622 5505 896 5581 Eng'addi,
931 5505 1033 5564 etc.
1051 5505 1220 5581 Qua,
1250 5514 1434 5581 utpote
1469 5505 1826 5581 mss,_igno_ta

234 5581 607 5652 {mansimus
655 5577 964 5652 Desumpta
983 5578 1264 5652 ividentur
1296 5577 1365 5634 ex
1395 5578 1542 5635 Bella
1569 5577 1679 5634 lib.
1700 5593 1739 5634 ιι
1769 5577 1826 5634 in

234 5645 378 5707 Cant.
408 5651 489 5710 ad
508 5650 769 5711 eumdem
794 5645 942 5709 vers.
972 5651 1197 5730 Bctrur.

1871 3167 1924 3232 Ο
1956 3125 2339 3197 praedicatione
2385 3124 2591 3180 calesti
2639 3125 2942 3197 instruitur,
2994 3130 3269 3187 munimen
3298 3134 3534 3205 accipiat

1951 1888 2020 1937 ab
2042 1886 2295 1937 nta.m‘)us
2315 1884 2765 1939 SOllit‘lllllllnlbUS
2790 1890 2969 1941 mundi
2999 1899 3170 1957 vacat,
3185 1893 3399 1947 virtutes
3420 1893 3546 1964 qui-

1953 1976 2041 2026 bu‘
2084 1976 2293 2039 Spnnso
2323 1989 2421 2027 sun
2444 1974 2672 2041 placeat,
2710 1977 2850 2029 intus
2871 1980 3200 2033 accumulat.
3246 1986 3295 2047 4
3325 1980 3550 2051 tﬁQua

1952 2062 2079 2116 dum
2128 2064 2310 2116 omnia
2340 2078 2460 2130 qua
2506 2065 2818 2129 tempnralia
2859 2073 2982 2118 sunt
3030 2071 3341 2137 contemnit,
3376 2072 3550 2127 lectu-

1950 2152 2056 2206 lum
2091 2152 2189 2204 sibi
2220 2166 2340 2205 cum
2384 2152 2593 2218 Spoaso
2625 2168 2675 2204 ID
2706 2168 2838 2220 pace
2868 2153 3105 2210 victoria
3137 2157 3282 2221 facit,
3320 2159 3408 2213 ubi
3441 2176 3550 2232 quo

1952 2240 2163 2310 quietus
2208 2247 2421 2309 pausat,
2456 2254 2521 2294 eo
2550 2240 2783 2310 amplius
2830 2240 2990 2295 ﬂores
3022 2243 3223 2299 invenit
3264 2247 3460 2316 quibus
3488 2266 3549 2304 se

1950 2330 2210 2383 decoram
2246 2330 2458 2397 Sponso
2486 2329 2754 2383 ostendat.
2803 2328 3055 2399 Sequitur
3096 2351 3107 2386 :
3147 2336 3319 2405 Tigna
3355 2337 3552 2394 domo-

1949 2434 2081 2473 rum
2098 2421 2433 2473 nostrarum
2445 2417 2697 2483 cedrina,
2709 2418 2967 2490 laquaria
2987 2425 3184 2477 nostra
3205 2429 3546 2496 cypressina.

1950 2505 2028 2578 (c)
2059 2507 2161 2560 Per
2188 2504 2404 2570 domos,
2438 2506 2621 2575 plures
2643 2506 2916 2562 Ecclesias
2944 2507 3319 2581 intelligimus,
3351 2513 3434 2583 (ἀ)
3454 2531 3557 2585 per

1950 2595 2099 2667 ligna
2128 2594 2352 2650 cedrina
2379 2593 2767 2662 praedicatores
2793 2595 3167 2670 designamus,
3194 2616 3295 2670 per
3312 2602 3559 2673 laqueria

1951 2682 2273 2754 cypressina
2323 2682 2472 2753 ipsos
2522 2683 2754 2754 populos
2809 2683 3129 2757 ﬁguramus.
3195 2689 3369 2762 Tigna
3412 2693 3558 2748 enim

1953 2779 2153 2828 tectum
2211 2777 2529 2838 sustentant,
2577 2771 2824 2842 laquaria
2881 2789 3012 2830 vero
3058 2776 3281 2832 domum
3327 2779 3558 2852 implent

1953 2866 2239 2916 etoruant.
2254 2858 2349 2914 Sic
2365 2858 2442 2915 sic
2470 2859 2525 2912 in
2552 2868 2743 2915 sancta
2760 2861 3003 2918 Ecclesia
3028 2865 3412 2934 pradicatores
3428 2869 3556 2925 boni

1956 2949 2290 3018 Scripturam
2334 2946 2573 3002 divinam
2604 2948 2661 3002 in
2699 2949 2863 3004 corde
2893 2958 2944 3006 et
2989 2967 3082 3007 ore
3112 2960 3348 3024 portant,
3392 2972 3555 3027 quam

1959 3035 2213 3093 ﬁdelibus
2228 3034 2305 3108 (c)
2323 3035 2695 3106 expendentes
2720 3037 3047 3108 pra-dicant;
3071 3049 3129 3096 ut
3162 3042 3292 3097 dum
3312 3044 3558 3102 Ecclesia

1952 3177 2059 3287 quo
2107 3213 2177 3268 ab
2223 3212 2491 3267 imbribus
2548 3214 2901 3269 tentationum
2930 3177 3294 3291 ,protegatur.
3335 3177 3559 3279 “Certi-du:

1947 3309 2129 3358 autem
2158 3311 2212 3356 et
2248 3317 2514 3373 cypresus
2543 3300 2902 3371 imputribilia
2933 3304 3079 3376 ligna
3109 3322 3231 3362 esse
3260 3310 3552 3378 perhiben-

1947 3399 2056 3445 tur.
2099 3389 2308 3459 Quibus
2336 3390 2478 3445 bene
2507 3406 2696 3445 omnes
2714 3391 2869 3447 electi
2888 3391 3224 3464 ﬁgurantur;
3256 3398 3384 3467 quia
3413 3400 3551 3455 dum

1948 3478 2268 3549 temporalia
2297 3478 2447 3534 nullo
2476 3478 2752 3535 desiderio
2782 3488 3072 3551 sectantur,
3100 3486 3289 3541 aterni
3308 3485 3461 3557 ﬁunt,
3486 3504 3551 3545 eo

1949 3567 2097 3638 quod
2128 3576 2305 3624 mente
2337 3568 2393 3623 in
2437 3575 2641 3625 aterna
2669 3566 2926 3642 ﬁguntur.
2958 3572 3273 3643 Respondet
3304 3576 3551 3648 Sponsus

1900 3646 1907 3652 ’
1949 3663 2003 3712 et
2035 3655 2165 3712 dicit
2189 3674 2200 3709 :

2573 3754 2800 3813 CAPUT
2840 3757 2890 3812 Il
2905 3797 2919 3813 .

2018 3842 2176 3915 (Cap.
2209 3842 2725 3916 II.—Vers.t.)Ego
2752 3846 2858 3914 ﬂos
2873 3850 3079 3921 campi,
3103 3855 3159 3907 et
3195 3851 3385 3912 lilium
3402 3871 3542 3915 con-

1946 3930 2210 3988 vallium.

2019 4023 2076 4075 1.
2140 4020 2283 4074 Bene
2338 4018 2529 4077 ﬂorem
2585 4020 2827 4078 Christus
2882 4040 2943 4081 se
2972 4025 3236 4098 nominat,
3288 4032 3379 4102 qui
3410 4032 3544 4091 dum

1946 4108 2131 4179 spinas
2185 4115 2531 4179 peccatorum
2582 4111 2922 4180 exterminat,
2972 4123 3204 4172 mentem
3238 4135 3452 4189 sponsa
3490 4131 3544 4178 et

1946 4195 2341 4268 pulchritudine
2369 4214 2482 4253 sua
2519 4198 2748 4268 justitia
2787 4210 3035 4272 exornat,
3086 4213 3138 4259 et
3166 4206 3384 4263 naribus
3411 4225 3539 4265 cor-

1947 4285 2033 4340 dis
2105 4285 2231 4339 dum
2289 4285 2507 4342 caeleste
2570 4287 2900 4344 desiderium
2955 4292 3210 4363 applicat,
3283 4295 3541 4354 interiora

1946 4374 2143 4429 anima
2170 4374 2326 4446 quasi
2355 4373 2526 4431 odore
2552 4374 2837 4433 ret‘ocillat.
2880 4370 2991 4448 Qui
3013 4382 3257 4453 sequitur
3285 4384 3461 4442 adhuc
3484 4395 3539 4444 et

1946 4461 2076 4517 dicit
2096 4480 2108 4517 :

2012 4551 2189 4620 (Vers.
2213 4550 2463 4624 2.)Sicat
2481 4555 2672 4612 lilium
2689 4556 2843 4614 inter
2858 4558 3072 4630 spinas,
3090 4562 3171 4618 sic
3193 4565 3382 4622 amica
3411 4582 3538 4625 mea

1942 4641 2097 4697 inter
2114 4640 2291 4710 ﬁlias.

2012 4728 2064 4783 2.
2097 4729 2247 4785 Bene
2275 4731 2415 4787 sicut
2442 4731 2613 4788 lilium
2631 4733 2770 4791 inter
2781 4735 2985 4807 spinas,
3009 4754 3212 4811 sponsa
3240 4740 3377 4799 inter
3402 4744 3541 4801 ﬁlias

1941 4831 2061 4872 esse
2089 4816 2410 4887 perhibetur
2433 4822 2597 4893 ;quia
2626 4838 2748 4878 cum
2777 4824 2932 4881 multi
2961 4827 3067 4882 sint
3095 4828 3152 4883 in
3180 4828 3425 4886 Ecclesia
3447 4833 3537 4904 qui

1940 4904 2072 4961 solis
2088 4905 2273 4963 verbis
2291 4907 2559 4964 Christum
2586 4910 2924 4983 conﬁtentur,
2957 4916 3216 4986 operibus
3245 4933 3370 4974 vero
3398 4919 3539 4974 nihil

1940 4992 2043 5048 nisi
2090 4993 2354 5050 humanas
2387 4997 2779 5061 sollicitudines
2807 5009 3103 5070 sectantur,
3135 5004 3264 5058 dum
3301 5005 3413 5060 sola
3442 5006 3535 5061 ida

1940 5081 2120 5137 anima
2140 5082 2194 5137 in
2222 5083 2319 5139 lilii
2340 5084 2607 5157 dignitate
2639 5097 3005 5160 computatur,
3056 5107 3220 5160 quas
3235 5094 3535 5149 mortalita-

1939 5170 2005 5225 tis
2033 5171 2216 5228 radice
2252 5172 2321 5227 ad
2363 5174 2640 5231 coelestem
2686 5177 3142 5248 pulchritudinem
3189 5182 3445 5252 assurgit,
3478 5190 3533 5240 et

2007 5294 2080 5364 (ὁ)
2115 5294 2276 5366 Editi,
2307 5297 2380 5353 ad
2409 5301 2627 5354 (eterna
2655 5299 2953 5356 desideria.

2004 5368 2075 5435 (c)
2090 5366 2206 5422 Hoc
2217 5367 2342 5423 loco
2360 5376 2482 5424 octo
2505 5369 2771 5424 linearum
2788 5379 3152 5427 assumentum
3168 5377 3504 5437 resecuimus

1933 5422 2073 5511 Msfs;
2097 5422 2339 5511 «amnium
2365 5422 3152 5511 causamaiataiat?“
3170 5422 3182 5428 ·
3198 5422 3524 5453 "ww:

2001 5507 2082 5650 ἑά)
2112 5508 2242 5564 Hac
2268 5508 2469 5565 omissa
2494 5524 2561 5564 ex
2591 5507 2731 5564 Mssf
2760 5515 3154 5570 revocavimus.

2029 5578 2087 5650 ei
2117 5580 2179 5633 In
2189 5580 2439 5650 vulgatis,
2453 5588 2645 5638 contra
2664 5582 2790 5640 Mss.
2810 5581 2992 5650 ﬁdem,
3005 5603 3154 5650 quas:

2029 5578 2439 5709 fcilelnngrlgatis,
2453 5588 2645 5638 contra
2664 5582 2790 5640 Mss.
2810 5581 2992 5656 ﬁdem,
3005 5589 3167 5663 quasi
3186 5591 3401 5653 tectam
3428 5610 3527 5656 ea:-

1930 5664 2276 5726 pandentes.
