3996 6164
527 397 631 449 495
1727 395 1972 452 SANCTI
2013 396 2147 453 GRE

2263 397 2356 453 ΒΗ
2398 395 2633 452 MAGNI
3533 430 3538 436 ’
3693 404 3778 457 496

531 519 811 576 munditia
835 518 1305 576 candoremcorde
1323 525 1375 575 et
1393 519 1849 591 corporesibiipsi
1868 521 2122 591 custodit,
2151 522 2210 584 Α
2239 519 2415 587 satiat,
2466 527 2644 574 tamen
2677 535 2744 574 ex
2793 519 2887 575 illo
2936 518 3164 574 minimo
3210 520 3352 590 quod
3397 521 3578 576 cursim
3624 524 3781 592 sumit,

531 616 592 666 et
643 607 923 680 proximos
970 624 1214 680 quosque
1255 607 1416 664 bonae
1443 608 1716 679 Opinionis
1746 610 1916 666 odore
1951 609 2139 666 reﬁcit.
2243 608 2550 664 considerat
2588 617 2848 680 quantum
2895 607 3092 664 debeat
3137 623 3321 663 amore
3348 609 3482 680 quod
3508 618 3656 666 emat.
3689 612 3781 668 Po-

530 697 637 754 Sed
667 697 799 768 quia
821 697 1067 768 Sponsus
1086 712 1344 768 sponsam
1373 713 1528 752 suam
1551 706 1694 753 tanta
1721 698 1886 754 laude
1915 699 2140 772 dignam
2243 705 2344 753 test
2400 706 2578 753 tamen
2637 713 2738 768 per
2793 697 2987 753 cellam
3044 696 3309 752 vinariam
3341 697 3596 768 Scriptura
3623 699 3787 757 divina

531 785 744 854 habuit,
776 785 896 856 ipsa
921 785 1040 856 jam
1062 800 1130 841 ex
1160 784 1342 841 debito
1363 785 1567 856 laudat,
1599 800 1631 842 a
1653 802 1760 859 quo
1783 787 1987 842 laudari
2017 803 2141 858 per—
2238 785 2490 858 ﬁgurari.
2532 787 2632 841 Per
2660 786 2798 842 hanc
2814 786 3016 856 quippe
3046 787 3100 840 in
3131 801 3333 856 sponsa
3360 786 3578 841 charitas
3602 787 3788 842 ordina-

535 873 713 944 spicit,
747 881 801 929 et
829 872 958 929 dicit
986 889 999 928 :
2239 883 2347 942 tur,
2380 874 2510 947 quia
2541 874 2594 930 in
2623 876 2740 946 ejus
2769 874 3016 931 doctrina
3046 874 3332 930 manifeste
3361 874 3570 929 discitur
3591 875 3790 946 qualiter

599 963 774 1034 (Vers.
807 963 886 1028 3.)
932 962 1090 1018 Sicut
1124 963 1312 1018 malus
1343 964 1497 1020 inter
1529 965 1684 1036 ligna
1711 965 2024 1036 sylvarum,
2056 967 2136 1023 sic
2236 964 2383 1019 Deus
2416 971 2469 1019 et
2498 963 2774 1035 proximus
2800 963 3049 1019 ordinate
3078 963 3396 1036 diligantur.
3427 963 3535 1018 Hac
3559 963 3791 1020 charitate

533 1050 776 1107 dilectus
808 1066 964 1107 meus
994 1053 1150 1107 inter
1176 1052 1353 1122 filios.
2234 1068 2491 1124 percussa
2518 1053 2760 1124 sequitur
2790 1061 2842 1108 et
2869 1052 3035 1108 dicit:

604 1144 657 1194 3.
692 1139 864 1212 Ligna
892 1140 1179 1210 sylvestria
1209 1140 1326 1195 esui
1361 1139 1646 1197 hominum
1679 1142 1890 1198 habiles
1931 1143 2135 1199 fructus
2307 1142 2906 1212 (Vers.5.)l"ulciteme
2925 1141 3388 1213 ﬂoribus,stipate
3404 1157 3490 1198 me
3503 1141 3795 1214 malis,quia

531 1244 641 1286 non
671 1228 942 1300 gignunt;
1000 1228 1176 1284 malus
1206 1244 1335 1285 vero
1382 1231 1529 1302 quod
1581 1230 1779 1302 gignit,
1811 1247 2052 1303 congrue
2082 1241 2134 1288 et
2234 1246 2426 1287 amore
2461 1232 2720 1301 Iangueo.

532 1316 824 1372 salubriter
867 1316 1111 1371 homines
1158 1317 1342 1372 edunt.
1396 1318 1585 1374 Merito
1616 1335 1750 1389 ergo
1785 1335 1885 1388 per
1927 1320 2131 1374 malum
2309 1323 2360 1373 6.
2396 1320 2507 1376 Per
2536 1319 2698 1374 ﬂores
2732 1319 2906 1375 teneri
2939 1319 3140 1392 quique
3170 1327 3222 1375 et
3236 1319 3564 1390 incipientes,
3593 1333 3681 1390 per
3705 1333 3801 1372 ma-

532 1406 799 1472 Christus,
845 1421 944 1476 per
987 1405 1268 1474 sylvestria
1311 1421 1441 1461 vero
1488 1405 1641 1478 ligna
1679 1408 1856 1463 caeteri
1889 1408 2134 1464 homines
2233 1405 2286 1460 1a
2317 1423 2452 1462 vero
2500 1406 2727 1478 perfecti
2760 1406 2948 1462 ﬁdeles
2978 1407 3353 1479 designantur.
3386 1407 3594 1476 Sponsa
3621 1406 3796 1478 quippe

534 1494 877 1567 ﬁgurantur;
911 1494 1034 1564 quia
1080 1493 1134 1548 in
1166 1494 1283 1549 solo
1315 1494 1526 1548 Christo
1557 1495 1736 1551 cibum
1767 1495 1957 1551 salutis
1987 1513 2130 1568 quo-
2233 1495 2356 1566 quia
2387 1511 2574 1551 amore
2607 1497 2846 1568 languet,
2883 1496 3055 1552 fulciri
3087 1513 3148 1551 se
3180 1495 3400 1550 ﬂoribus
3432 1503 3483 1550 et
3509 1494 3683 1565 stipari
3699 1511 3800 1548 ma-

532 1584 630 1639 ties
661 1583 953 1654 quaerimus
981 1582 1287 1638 invenimus
1321 1597 1334 1652 ;
1366 1583 1422 1636 in
1466 1583 1584 1652 ejus
1617 1583 1797 1642 verbis
1845 1592 1897 1639 et
1933 1601 2129 1640 exem-
2231 1581 2298 1637 lis
2329 1584 2556 1654 appetit,
2598 1585 2722 1654 quia
2750 1584 2878 1639 dum
2909 1601 2973 1640 se
3002 1583 3318 1640 aeternitatis
3347 1583 3610 1638 desiderio
3638 1581 3795 1648 afﬁcit,

527 1673 635 1744 plis
691 1673 901 1728 animas
957 1680 1170 1726 nostras
1224 1671 1400 1726 fructu
1430 1672 1581 1728 suavi
1611 1681 1664 1727 et
1710 1673 1913 1727 salubri
1945 1673 2129 1730 reﬁci—
2231 1671 2360 1726 dum
2391 1672 2622 1742 qualiter
2649 1673 2778 1728 illuc
2807 1673 3118 1743 perveniat,
3152 1681 3262 1728 tota
3306 1671 3573 1727 anxietate
3597 1671 3796 1742 perqui-

526 1779 662 1817 mus.
714 1763 836 1831 Ipse
879 1768 958 1814 est
1009 1760 1210 1831 quippe
1253 1760 1463 1832 lignum
1495 1762 1640 1828 vitae,
1672 1761 1752 1832 (a)
1783 1763 1930 1834 quod
1975 1764 2132 1818 nobis
2232 1760 2321 1829 rit,
2353 1761 2426 1831 (b)
2456 1760 2551 1815 sed
2583 1761 2988 1832 perventionem
3011 1760 3141 1816 dum
3175 1761 3406 1815 incarne
3430 1760 3576 1825 vivit,
3605 1759 3800 1815 omnino

529 1852 733 1906 tribuit.
791 1852 915 1920 Ipse
944 1856 1028 1904 est
1059 1848 1151 1920 qui
1198 1848 1328 1902 dum
1358 1848 1514 1903 nobis
1551 1849 1902 1920 semetipsum
1949 1851 2124 1920 inspi-
2153 1874 2207 1933 Β
2239 1864 2345 1903 non
2378 1849 2600 1918 invenit,
2634 1849 2857 1921 fatigata
2901 1851 2956 1904 in
2987 1849 3264 1905 desiderio
3315 1865 3414 1904 suo
3441 1849 3736 1919 requiescit,
3760 1854 3805 1902 et

528 1949 630 2007 rat,
663 1939 902 1995 animam
943 1937 1140 2007 pascit.
1192 1937 1252 1990 In
1281 1937 1492 1992 caeteris
1519 1953 1646 1993 vero
1676 1939 1722 1990 si
1753 1939 1882 2008 quid
1915 1940 2127 1994 refocil-
2235 1937 2291 1992 in
2322 1937 2425 1993 hoc
2467 1938 2584 1994 solo
2611 1939 2837 2010 gaudet,
2869 1939 2915 1993 si
2947 1939 3096 1993 circa
3125 1955 3184 1994 se
3211 1938 3473 2010 prospicit
3518 1938 3596 1992 vel
3625 1936 3798 2008 quibus

529 2029 746 2086 lationis
796 2027 1118 2095 invenimus,
1179 2041 1287 2080 non
1342 2025 1486 2096 quod
1541 2025 1779 2095 illorum,
1830 2028 1927 2082 sed
1984 2029 2128 2099 quod
2230 2027 2372 2097 ipsa,
2424 2025 2510 2082 vel
2556 2027 2612 2080 in
2640 2042 2865 2098 quorum
2913 2028 3250 2098 perfectione
3296 2027 3709 2083 consolationem
3743 2024 3802 2079 de

532 2116 726 2174 Christi
773 2124 874 2184 est,
907 2113 1108 2169 abillis
1138 2113 1439 2177 sumimus,-
1489 2114 1616 2184 quia
1643 2114 1904 2186 quidquid
1951 2115 2010 2170 in
2050 2118 2131 2171 eis
2230 2116 2496 2188 languore
2534 2129 2628 2169 suo
2677 2115 2990 2186 perspicere
3033 2115 3220 2186 possit.
3271 2115 3480 2184 Quibus
3527 2115 3590 2169 de
3627 2127 3806 2185 sponso

531 2215 730 2279 praeter
756 2207 927 2260 Deum
959 2210 1058 2271 est,
1093 2202 1429 2258 mortiferum
1461 2202 1622 2258 nobis
1650 2204 1841 2274 procul
1862 2204 2027 2260 dubio
2056 2205 2132 2260 in-
2234 2218 2330 2258 suo
2360 2203 2758 2273 subsequenter
2787 2204 2905 2259 haec
2951 2204 3120 2259 dicit:

533 2296 802 2354 venimus.
2309 2293 2485 2361 (Vers.
2502 2294 2578 2362 6.)
2593 2291 2757 2348 Laeva
2771 2293 2892 2363 ejus
2906 2292 3006 2349 sub
3018 2293 3202 2364 capite
3215 2308 3339 2350 meo
3357 2295 3413 2349 et
3427 2292 3656 2349 dextera
3668 2291 3811 2348 illius

601 2381 1548 2453 (Vers.3.)Subumbrailliusquem
1564 2381 1968 2450 desiderabam,
1986 2382 2132 2446 sedi;
2235 2381 2664 2452 amplexabitur
2692 2397 2801 2436 me.

532 2480 588 2534 et
621 2478 847 2539 fructus
878 2473 998 2542 ejus
1029 2470 1215 2525 dulcis
1245 2471 1472 2538 gutturi
1497 2485 1636 2525 meo.

602 2566 655 2618 4.
715 2560 914 2617 Umbra
973 2558 1172 2612 Christi
1226 2558 1493 2626 protectio
1543 2566 1622 2612 est
1675 2557 1908 2627 Spiritus
1937 2560 2126 2614 sancti.

536 2651 764 2723 Spiritus
793 2648 993 2720 quippe
1023 2656 1238 2700 sanctus
1267 2653 1498 2699 mentem
1532 2661 1692 2714 quam
1724 2648 1922 2718 replet,
1945 2647 2134 2703 obum-

542 2743 701 2802 brat;
736 2737 866 2810 quia
895 2750 1114 2790 omnem
1149 2734 1502 2789 tentationum
1540 2735 1811 2790 fervorem
1835 2744 2130 2806 temperat;

536 2838 592 2886 et
647 2829 775 2882 dum
831 2841 961 2879 aura
1017 2838 1132 2878 suae
1189 2821 1558 2892 inspirationis
1615 2824 1854 2878 suaviter
1898 2833 2133 2880 mentem

539 2917 732 2990 tangit,
775 2913 1040 2986 quidquid
1091 2911 1237 2965 noxii
1284 2911 1485 2966 caloris
1533 2911 1830 2966 sustinebat
1872 2912 2131 2982 expellit:

539 3016 596 3063 et
625 3021 789 3078 quam
830 3003 950 3072 jam
979 3000 1202 3055 forsitan
1249 3000 1446 3054 nimius
1477 3000 1728 3055 vitiorum
1772 3009 1937 3056 aestus
1964 3004 2128 3071 417

540 3095 838 3150 marcidum
888 3092 1114 3155 fecerat,
1163 3089 1359 3143 umbra
1395 3089 1565 3144 sancti
1594 3089 1821 3158 Spiritus
1847 3099 2137 3162 protegens

535 3190 783 3243 recreat;
819 3188 876 3235 ut
905 3179 1032 3232 dum
1059 3178 1114 3231 in
1146 3178 1263 3247 ejus
1309 3177 1656 3247 inspiratione
1684 3178 1877 3232 sedens
1920 3186 2134 3248 pausat,

535 3273 682 3331 vires
729 3269 948 3341 colligat
994 3266 1190 3338 quibus
1234 3266 1301 3320 ad
1349 3273 1607 3320 eteruam
1657 3266 1823 3320 vitam
1869 3266 2140 3322 robustius

537 3368 736 3420 currat.
767 3358 1022 3428 Sequitur
1045 3357 1144 3409 :Et
1162 3358 1388 3425 [ructus
1402 3355 1522 3424 ejus
1550 3355 1731 3410 dulcis
1752 3357 2134 3426 gutturi-meo.

539 3452 717 3508 Arbor
735 3448 940 3519 quippe
962 3442 1242 3498 fructifera
1259 3443 1374 3512 ipse
1395 3443 1644 3496 Christus
1666 3443 1718 3496 in
1744 3443 1910 3498 corde
1933 3443 2140 3513 planta-

540 3549 627 3595 tus
659 3535 940 3595 consistit;
976 3547 1138 3604 quam
1168 3531 1212 3584 si
1245 3546 1398 3584 mens
1439 3538 1624 3585 nostra
1653 3531 1818 3602 digne
1859 3531 2056 3603 diligit,
2091 3539 2142 3586 et

544 3630 810 3684 instanter
839 3621 1060 3687 excolit,
1102 3620 1310 3674 fructus
1342 3618 1594 3672 nimirum
1626 3619 1852 3674 interius
1880 3620 2142 3690 pulchros

548 3727 602 3774 et
633 3715 790 3771 utiles
820 3711 1021 3784 gignit.
1056 3707 1203 3775 Quos
1223 3707 1350 3762 dum
1369 3723 1520 3762 mens
1541 3707 1760 3777 capiens
1789 3708 1946 3764 avide
1968 3724 2147 3764 come-

550 3807 649 3876 dit,
663 3819 852 3860 omnes
873 3798 1056 3852 mundi
1075 3795 1390 3866 voluptates
1411 3811 1523 3866 prae
1541 3795 1659 3865 ejus
1679 3797 1967 3852 dulcedine
1990 3806 2146 3867 post-

550 3895 723 3968 ponit.
758 3891 926 3946 Dulce
957 3886 1100 3942 enim
1125 3893 1202 3940 est
1227 3883 1385 3940 valde
1411 3883 1514 3939 sibi
1532 3885 1772 3940 coelestia
1802 3885 2061 3956 cogitare,
2094 3887 2150 3941 in

555 3981 855 4041 aeternitate
898 3975 1117 4032 oculum
1152 3972 1401 4028 intimum
1444 3971 1634 4045 ﬁgere,
1667 3982 1724 4027 ut
1770 3973 2064 4045 aliquando
2097 3974 2152 4029 in

555 4071 772 4128 ﬂetibus
817 4066 985 4122 etiam
1028 4079 1184 4118 mens
1211 4077 1444 4118 accensa
1475 4069 1891 4135 compungatur,
1925 4069 1977 4115 et
2008 4062 2153 4118 inter

558 4163 825 4231 lacrymas
872 4153 1176 4220 sublevate,
1209 4151 1532 4222 angelorum
1576 4149 1723 4217 cibo,
1758 4150 1878 4220 ipsa
1906 4149 2157 4206 videlicet

559 4247 842 4322 sapientia,
893 4250 1092 4316 quanto
1141 4240 1369 4310 dulcius,
1419 4243 1564 4295 tanto
1608 4239 1821 4294 avidius
1874 4248 2155 4310 pascatur.

561 4340 694 4397 Inde
724 4344 804 4392 est
831 4332 977 4406 quod
1006 4329 1255 4385 subditur
1284 4345 1296 4382 :
1361 4376 1363 4378 .

632 4429 811 4496 (Vers.
841 4422 920 4490 4.)
950 4417 1276 4474 Introduxit
1292 4432 1380 4472 me
1397 4418 1511 4473 Rea:
1532 4417 1593 4472 in
1625 4416 1830 4472 cellam
1853 4419 2156 4488 vinariam,

565 4514 847 4575 ordinavit
865 4512 927 4564 in
956 4523 1045 4563 me
1073 4505 1449 4562 charitatem.

632 4607 687 4657 5.
720 4599 866 4670 Quid
912 4595 1056 4650 enim
1085 4610 1181 4664 per
1225 4592 1420 4648 cellam
1454 4591 1719 4647 vinariam
1758 4596 2158 4669 congruentius,

569 4705 734 4763 quam
782 4688 958 4758 ipsam
1008 4696 1260 4738 arcanam
1308 4681 1622 4736 aeternitatis
1650 4684 2160 4754 contemplationem

566 4778 864 4849 accipimus
885 4775 912 4830 Ὺ
943 4774 1002 4827 In
1030 4773 1130 4825 hac
1173 4768 1471 4825 aeternitate
1498 4769 1679 4841 angeli
1710 4772 1879 4826 sancti
1910 4772 2034 4829 vino
2063 4790 2160 4829 sa-

563 4868 781 4943 pientiae
800 4862 1152 4927 inebriantur,
1177 4859 1306 4913 dum
1327 4859 1508 4928 ipsum
1531 4859 1701 4913 Deum
1724 4859 1860 4916 facie
1882 4861 1953 4916 ad
1968 4862 2159 4918 faciem

563 4959 830 5022 videntes,
850 4949 997 5008 omni
1015 4947 1290 5018 voluptate
1313 4945 1539 5017 spiritali
1562 4947 1846 5003 satiantur.
1871 4949 2018 5005 Hanc
2039 4967 2158 5006 san-

561 5059 651 5108 cta
671 5061 824 5102 mens
839 5036 1181 5114 (postpositis
1193 5034 1443 5091 omnibus
1467 5035 1872 5107 temporalibus)
1885 5038 1930 5091 si
1949 5054 1980 5092 a
1999 5054 2159 5109 spon-

561 5155 625 5196 so
655 5133 1025 5193 introducatur
1052 5127 1235 5193 intrat,
1269 5124 1323 5178 in
1353 5140 1457 5194 qua
1485 5141 1549 5179 ex
1580 5124 1686 5180 illis
1714 5127 1980 5198 angelicis
2016 5127 2156 5183 deli-

557 5229 654 5286 ciis
704 5230 964 5299 quantum
993 5214 1099 5271 sibi
1128 5213 1462 5282 conceditur,
1508 5220 1709 5285 gustat.
1735 5216 1802 5270 Et
1832 5215 1957 5286 quia
1983 5215 2158 5272 adhuc

560 5318 619 5374 in
649 5327 877 5386 corpore
923 5303 1267 5376 corruptibili
1310 5302 1598 5374 detinetur,
1651 5321 1710 5359 se
1757 5303 2000 5375 perfecte
2047 5320 2155 5362 non

627 5470 708 5538 (a)
737 5463 964 5538 Excusi,
995 5476 1161 5538 quam
1192 5458 1352 5538 nobis
1383 5458 1605 5538 tribuit.

625 5527 703 5612 (ὑί
730 5539 821 5612 Sic
850 5527 1048 5612 legitur
1075 5533 1130 5586 in
1173 5530 1443 5612 ompibus
1463 5531 1599 5612 ltlss.‘
1635 5529 1810 5612 Quam
1839 5527 2148 5612 lectionem,

555 5601 1092 5668 ets‘i'obscuriorem.
1143 5601 1536 5670 praeferendam
1569 5602 1822 5655 duximus
1866 5601 2180 5655 Editorum‘

551 5679 707 5743 alteri
730 5697 741 5742 ;
749 5675 1051 5754 perquirit,
1071 5689 1133 5728 eo
1147 5672 1290 5747 quod
1306 5675 1737 5747 perfectionem,
1752 5671 1884 5731 dum
1901 5673 1960 5728 in
1973 5688 2149 5730 carne

2167 3224 2216 3287 C

2304 2469 2358 2523 Ἷ.
2392 2469 2495 2523 Per
2523 2469 2722 2524 laevam
2753 2468 2942 2539 sponsi
2973 2469 3083 2527 vita
3125 2486 3393 2540 praesens,
3431 2487 3527 2541 per
3557 2470 3813 2525 dexteram

2235 2573 2364 2613 vero
2387 2557 2495 2612 vita
2515 2564 2722 2612 eterna
2743 2558 3076 2630 designatur.
3093 2559 3196 2613 Per
3211 2567 3380 2628 caput
3401 2567 3581 2614 autem
3600 2573 3814 2629 sponsae,

2239 2662 2394 2700 mens
2441 2662 2569 2716 quae
2617 2646 2813 2701 anima:
2856 2647 3163 2702 dominatur
3210 2649 3524 2703 assumitur.
3570 2647 3675 2702 Sed
3702 2645 3821 2700 laeva

2239 2735 2425 2804 sponsi
2475 2734 2577 2788 sub
2607 2735 2786 2804 capite
2829 2750 3044 2804 sponsa;
3090 2752 3207 2791 esse
3256 2737 3476 2802 dicitur,
3519 2744 3573 2792 et
3615 2735 3820 2789 dextera

2239 2824 2353 2890 ejus
2395 2822 2736 2892 amplexatur
2781 2839 2921 2892 eam,
2974 2824 3100 2893 quia
3129 2825 3300 2881 vitam
3355 2824 3705 2896 temporalem
3734 2823 3821 2876 sub

2239 2920 2421 2966 mente
2464 2927 2562 2966 sua
2607 2927 2822 2981 semper
2863 2913 3034 2981 ponit,
3090 2913 3253 2967 vitam
3303 2929 3440 2968 vero
3490 2921 3741 2968 aeternam
3775 2917 3826 2962 ut

2241 3000 2388 3055 omni
2409 3000 2573 3054 modo
2595 3004 2938 3070 amplexetur
2956 3001 3308 3071 concupiscit.
3346 3003 3476 3057 Haec
3497 3001 3690 3071 quippe
3719 3012 3826 3068 quae

2243 3089 2842 3160 videt,magnanimiter
2861 3096 3041 3144 mente
3069 3089 3285 3143 sublimi
3329 3081 3634 3154 conculcet,
3660 3086 3831 3144 ofﬁciis

2246 3177 2574 3231 cmlestibus
2623 3193 2680 3231 se
2706 3185 2962 3246 occupat.
3000 3178 3127 3233 Haec
3171 3193 3238 3232 ex
3269 3179 3598 3233 necessitate
3626 3177 3826 3236 tolerat,

2248 3266 2315 3321 ad
2348 3266 2437 3318 illa
2459 3281 2667 3320 summo
2692 3266 2967 3320 desiderio
2999 3265 3150 3335 quasi
3172 3265 3404 3322 brachio
3425 3267 3650 3321 dextero
3669 3263 3833 3335 sponsi

2249 3354 2467 3408 astricta
2517 3354 2772 3423 suspirat.
2807 3354 2864 3407 In
2915 3369 3037 3423 quae
3067 3369 3190 3409 cum
3240 3354 3641 3426 aliquantulum
3668 3353 3833 3418 intrat,

2249 3441 2647 3498 delectabiliter
2677 3442 2924 3511 quiescit,
2959 3443 3111 3512 cujus
3141 3442 3344 3511 quietis
3377 3443 3669 3498 dilectione
3692 3457 3838 3496 mun-

2251 3530 2428 3585 danos
2473 3530 2733 3584 tumultus
2787 3531 3008 3585 omnino
3058 3530 3278 3584 fastidit.
3336 3531 3430 3587 Sic
3493 3531 3840 3603 quiescentem

2253 3619 2437 3687 utique
2467 3633 2700 3688 sponsus
2731 3619 2966 3690 amplius
2983 3617 3178 3690 diligit,
3211 3626 3262 3674 et
3294 3619 3370 3674 ab
3401 3621 3520 3690 ejus
3540 3618 3844 3675 excitatione

2253 3707 2529 3776 improbos
2558 3723 2799 3776 quosque
2828 3708 3059 3778 repellit,
3092 3707 3310 3772 dicens;

2327 3796 2501 3866 (Vers.
2525 3797 2602 3864 7.)
2618 3795 2828 3864 Adjuro
2845 3813 2955 3864 vos,
2973 3797 3110 3865 ﬁlia:
3127 3795 3481 3864 Jerusalem,
3496 3813 3598 3872 per
3608 3810 3844 3869 capreas,

2257 3899 2549 3956 cervosque
2569 3888 2612 3951 4
2626 3890 2658 3952 1
2674 3886 2722 3953 8
2739 3901 3084 3956 camporum,
3100 3901 3172 3940 ne
3184 3888 3691 3958 suscitetis,neque
3702 3885 3848 3954 evigi-

2264 3974 2380 4028 lare
2397 3973 2633 4043 faciatis
2645 3973 2933 4040 dilectam,
2958 3973 3031 4044 (c)
3045 3973 3219 4029 donec
3239 3975 3372 4045 ipsa
3385 3975 3550 4030 velit.

2334 4065 2386 4114 8.
2440 4061 2598 4116 Cervi
2644 4070 2696 4114 et
2742 4077 2954 4132 caprea:
2984 4059 3186 4115 munda
3220 4062 3492 4118 animalia
3512 4063 3565 4117 in
3599 4063 3718 4133 lege
3745 4075 3854 4115 esse

2261 4149 2634 4220 perhibentur.
2677 4148 2821 4217 Quid
2862 4165 2996 4221 ergo
3025 4165 3123 4220 per
3150 4165 3352 4204 cervos
3395 4159 3452 4205 et
3481 4165 3730 4223 capreas,
3762 4145 3856 4202 nisi

2264 4237 2449 4305 ﬁdem,
2492 4255 2644 4310 spem
2691 4246 2742 4294 et
2789 4238 3108 4296 charitatem
3156 4240 3522 4312 accipimus?
3573 4241 3718 4310 Quas
3743 4239 3858 4292 dum

2265 4327 2423 4382 nobis
2452 4327 2684 4380 mundas
2713 4343 3014 4397 servamus,
3065 4345 3162 4399 per
3206 4330 3441 4386 easdem
3491 4330 3636 4385 altos
3664 4335 3861 4384 montes

2267 4415 2738 4485 contemplationis
2787 4416 3154 4472 ascendimus.
3212 4417 3419 4474 Sancta
3462 4427 3649 4475 autem
3695 4416 3865 4473 anima

2269 4519 2466 4575 sponsa
2521 4503 2718 4559 Christi
2767 4521 2799 4559 a
2865 4505 3070 4560 cunctis
3123 4507 3316 4561 mundi
3377 4504 3865 4578 perturbationibus

2189 4576 2242 4636 D
2273 4593 2550 4666 quiescere
2577 4593 2802 4663 appetit,
2834 4593 2888 4646 in
2910 4594 3030 4648 sinu
3069 4594 3256 4664 Sponsi
3283 4576 3486 4667 sopitis
3518 4596 3749 4653 terrenis
3775 4610 3867 4650 cu-

2268 4681 2580 4753 piditatibus
2637 4681 2869 4737 dermire
2924 4689 3114 4738 sancto
3167 4683 3277 4739 otio
3323 4685 3687 4756 concupiscit,
3723 4683 3794 4736 ita
3819 4687 3869 4734 ut

2268 4771 2431 4826 etiam
2454 4769 2760 4825 necessaria
2771 4769 3042 4840 colloquia
3063 4770 3368 4843 aliquando
3398 4773 3666 4839 fastidiat,
3689 4772 3868 4827 solius-

2268 4875 2374 4930 que
2403 4857 2588 4928 sponsi
2616 4857 2970 4914 collocutione
2995 4867 3196 4929 quanto
3235 4861 3504 4930 quietius,
3551 4869 3702 4916 tanto
3723 4873 3866 4916 sere-

2268 4948 2389 5002 nius
2419 4947 2728 5003 hilarescat.
2769 4947 2877 5002 Sed
2921 4949 3060 5004 hanc
3099 4948 3474 5005 dormientem
3506 4950 3758 5007 carnales
3785 4946 3872 5019 qui

2265 5045 2394 5091 sunt
2421 5034 2474 5090 in
2504 5035 2776 5105 Ecclesia,
2826 5052 3213 5108 nonnunquam
3252 5037 3580 5109 importune
3626 5039 3868 5104 excitant,

2267 5125 2500 5198 negotiis
2531 5124 2715 5179 mundi
2746 5140 2864 5180 eam
2895 5124 3175 5195 implicare
3200 5125 3573 5198 desiderant;
3606 5128 3733 5200 quia
3759 5126 3872 5198 ejus

2263 5215 2431 5271 vitam
2454 5214 2694 5270 inutilem
2716 5213 3060 5282 existimant,
3091 5213 3219 5270 dum
3247 5213 3320 5270 ab
3353 5233 3557 5273 eorum
3585 5218 3733 5275 curis
3760 5231 3870 5272 eam

2261 5320 2320 5359 se
2365 5302 2724 5359 abstinentem
2767 5302 3131 5359 considerant.
3181 5303 3254 5358 Hi
3285 5304 3428 5361 tales
3458 5307 3600 5363 satis
3643 5319 3873 5378 congrue

2259 5457 2424 5513 vivit.
2447 5497 2460 5511 .
2499 5455 2819 5529 requiescit.
2847 5455 2915 5529 Et
2945 5457 3007 5512 in
3039 5456 3138 5529 hoc
3159 5456 3271 5512 solo
3299 5457 3528 5528 gaudet
3558 5459 3610 5514 si
3642 5460 3794 5514 circa
3817 5470 3872 5511 se

2259 5529 2493 5602 respicit
2510 5547 2528 5595 ;
2547 5527 2633 5583 vel
2645 5527 2841 5602 quibus
2858 5527 3280 5602 ipsaproﬁciat,
3297 5527 3393 5583 vel
3411 5531 3477 5584 in
3497 5547 3747 5602 quorum
3759 5542 3870 5602 prof

2255 5598 2742 5674 fectionegonsola
2749 5598 3298 5674 tionemdelauguore
3316 5613 3425 5674 suo
3440 5598 3695 5672 recipere
3704 5598 3872 5674 possit

2324 5674 2398 5743 (c)
2419 5671 2477 5725 In
2509 5670 2836 5742 Rothomag.
2867 5668 3057 5725 etVal.
3076 5668 3164 5725 Cl.
3188 5668 3866 5749 qwadusquéipsa'velil.

3866 5927 3908 5953 η.
