3996 6164
233 295 322 349 L97

904 284 1125 343 SUPER
1163 284 1460 341 CANTICA
1498 284 1951 344 CANTICORUM
1986 286 2393 346 EXPOSITIO.
2432 322 2503 331 ——
2531 291 2685 346 CAP.
2716 293 2785 346 Il.

3405 292 3508 347 498

236 436 332 476 non
355 415 463 485 ﬁlii,
494 413 584 470 sed
613 412 738 469 ﬁlim
767 410 1130 474 nominantur,
1176 410 1303 480 quia
1346 410 1476 465 dum
1520 409 1793 465 eﬁ'emina-
1828 408 1886 470 A
1914 419 2094 467 autem
2124 419 2177 469 et
2204 414 2474 470 cancellos
2501 415 2590 489 qui
2618 414 3027 488 aSpicitpartim
3057 416 3293 488 videtur,
3311 416 3508 491 partim

237 519 305 565 tos
330 520 495 562 mores
537 503 802 563 nutriunt,
858 500 998 556 virili
1046 499 1310 569 dignitate
1342 498 1561 565 amissa,
1611 499 1800 569 quales

233 596 430 652 interius
457 593 736 658 habentur,
768 586 1003 645 exterius
1022 587 1485 643 nominefemineo
1502 586 1798 659 designan-

234 695 319 740 tur.
348 684 407 738 Hi
437 681 681 736 dilectam
713 678 968 733 suscitare
1007 676 1110 731 sub
1157 674 1515 747 adjurationis
1554 676 1798 746 pondere

233 773 578 846 prohibentur,
607 784 676 823 ne
702 767 956 849 videlicet
979 772 1212 820 mentem
1244 781 1367 837 qua:
1397 764 1466 820 ad
1495 763 1798 820 vacandum

232 865 330 919 Deo
355 879 409 916 se
428 859 678 930 accingit,
710 865 765 912 et
794 857 923 912 solis
951 854 1282 926 spiritalibus
1309 853 1500 909 studiis
1530 853 1798 909 inhaerere

229 948 554 1021 concupiscit,
590 945 917 1015 importunis
959 942 1439 999 sollicitationibus
1475 941 1795 1012 inquietent,

230 1050 273 1099 et
298 1037 523 1095 tenebris
551 1050 804 1090 curarum
837 1040 1171 1088 terrenarum
1201 1030 1418 1087 oculum
1461 1030 1643 1086 cordis
1674 1031 1798 1101 ejus

231 1127 539 1187 obnubilent.
572 1125 641 1178 Et
669 1131 850 1178 tamen
877 1137 986 1177 non
1016 1121 1066 1176 ei
1096 1120 1273 1175 omnis
1303 1135 1432 1175 cura
1462 1119 1691 1189 proximi
1721 1119 1799 1174 in-

231 1217 505 1283 terdicitur,
532 1214 631 1268 sed
660 1211 879 1284 quando
921 1204 1165 1265 suacitziri
1199 1208 1414 1278 debeat,
1447 1208 1567 1278 ejus
1613 1208 1799 1264 volun-

230 1308 312 1365 tati
336 1302 669 1374 relinquitur,
702 1300 832 1372 quia
861 1298 1102 1372 profecto
1133 1297 1280 1352 omni
1326 1295 1579 1367 perfectae
1607 1296 1801 1353 animm

231 1392 626 1451 discernendum
654 1397 758 1458 est,
813 1395 868 1443 et
920 1386 1141 1459 quando
1197 1386 1403 1441 caelesti
1457 1385 1801 1455 contempla-

230 1484 354 1540 tione
399 1481 630 1549 studeat,
690 1485 745 1533 et
785 1476 1003 1549 quando
1060 1475 1437 1546 proximorum
1486 1473 1804 1529 utilitatibus

230 1572 486 1629 inserviat.
518 1570 673 1624 Hanc
708 1564 942 1622 vacandi
986 1565 1105 1621 Deo
1147 1563 1418 1619 licentiam
1447 1563 1803 1619 libentissime

229 1677 401 1733 sponsa
430 1657 675 1729 suscipit,
692 1655 981 1725 statimque
1009 1652 1237 1710 verbum
1258 1651 1444 1723 sponsi
1460 1652 1804 1724 amplectitur

229 1760 272 1807 et
295 1750 411 1805 dicit
442 1765 456 1802 :

282 1840 444 1909 (Vers.
474 1837 555 1902 8.)
597 1833 721 1891 Vox
750 1832 1073 1890 dilectimei
1099 1852 1119 1886 :
1137 1847 1262 1888 ecce
1287 1832 1395 1887 iste
1416 1832 1571 1887 venit
1592 1830 1804 1888 saliens

227 1930 279 1984 in
302 1927 602 1993 montibus,
640 1923 976 1981 transiliens
1006 1922 1197 1979 colles.

290 2021 342 2071 9.
377 2017 456 2071 Ac
484 2014 529 2068 si
561 2013 769 2068 diceret
801 2030 812 2065 :
849 2012 999 2066 Hanc
1032 2026 1225 2067 vocem
1259 2010 1444 2066 dilecti
1474 2010 1580 2065 mei
1612 2009 1801 2080 sponsi

227 2121 323 2160 esse
347 2117 704 2176 recognosco,
724 2101 868 2157 hanc
899 2101 969 2155 ab
997 2101 1122 2170 ejus
1152 2115 1246 2156 ore
1266 2115 1485 2170 semper
1503 2099 1688 2154 audire
1712 2099 1809 2153 de-

226 2193 400 2261 sidero,
431 2194 563 2263 quia
595 2190 648 2243 in
680 2191 786 2244 hoc
815 2188 974 2243 video
1004 2196 1268 2259 quantum
1317 2202 1404 2241 me
1434 2186 1643 2258 diligat,
1684 2202 1805 2242 cum

227 2297 299 2336 me
323 2281 386 2335 ab
412 2278 760 2351 amplexibus
787 2279 905 2347 ejus
934 2274 1659 2345 desiderabilibusimpediri
1681 2291 1808 2344 pro-

225 2368 399 2424 hibeat.
430 2368 511 2424 Ad
545 2370 648 2423 hos
677 2367 960 2436 amplexus
989 2363 1219 2437 qualiter
1264 2363 1587 2434 pervenerit,
1627 2362 1807 2417 subito

226 2465 400 2524 narrat,
431 2457 626 2513 dicens
655 2473 666 2510 :
702 2457 839 2512 Ecce
860 2456 967 2509 iste
990 2454 1143 2509 venit
1174 2452 1385 2508 saliens
1406 2452 1471 2507 in
1494 2452 1804 2517 montibus,

227 2548 534 2604 transiliens
556 2546 751 2601 colles.
776 2542 864 2598 Ad
885 2541 1169 2612 amplexus
1192 2556 1406 2612 sponsa
1422 2557 1533 2595 sua:
1548 2539 1807 2593 Christus

223 2636 383 2691 venire
411 2635 737 2706 disponens,
795 2630 1190 2687 humanitatem
1231 2636 1469 2683 nostram
1518 2627 1809 2699 dignanter

228 2725 508 2795 assumpsit.
546 2724 638 2777 Ad
670 2720 811 2792 quod
843 2719 1166 2791 mysterium
1219 2716 1610 2789 peragendum,
1659 2715 1809 2786 quasi

225 2800 401 2867 saliens
426 2813 477 2866 in
508 2810 798 2866 montibus
826 2807 993 2872 venit,
1027 2806 1153 2876 quia
1182 2806 1430 2875 quaedam
1453 2820 1621 2876 opera
1671 2804 1810 2859 inter

224 2900 444 2955 homines
455 2898 851 2969 ostendit,quae
868 2896 1026 2950 valde
1046 2893 1300 2949 sublimia
1314 2902 1366 2949 et
1382 2910 1547 2963 super
1558 2894 1809 2949 homines

224 3004 319 3043 esse
343 2988 680 3059 perspiciens
708 2988 1004 3040 humanum
1035 2999 1209 3056 genus
1241 2982 1499 3037 admirari
1523 2982 1808 3051 potuit,at-

225 3076 408 3146 tingere
432 3093 542 3132 non
572 3074 766 3146 potuit.
800 3072 958 3142 Quod
997 3072 1140 3127 enim
1182 3072 1251 3126 de
1299 3071 1509 3144 virgine
1538 3078 1695 3126 natus
1726 3080 1804 3128 est
1835 3103 1885 3166 Ο

223 3165 345 3237 quod
367 3166 434 3221 ad
462 3164 775 3237 vagientem
808 3161 1145 3217 adorandum
1176 3161 1260 3215 ire
1304 3168 1551 3231 pastores
1580 3161 1807 3231 angelus

223 3254 490 3323 admonuit,
523 3267 722 3324 magos
758 3251 913 3305 stella
950 3249 1244 3321 perduxit;
1300 3249 1444 3319 quod
1472 3249 1720 3320 pendens
1749 3251 1806 3304 in

222 3355 353 3395 cruce
380 3356 483 3410 qua
508 3341 655 3395 hora
674 3338 845 3394 voluit
863 3336 1115 3407 spiritum
1137 3336 1315 3392 emisit
1340 3354 1352 3400 ;
1388 3336 1531 3407 quod
1564 3343 1806 3391 mortuus

223 3429 358 3483 tertia
386 3430 473 3485 die
501 3429 747 3499 seipsum
774 3426 1070 3495 suscitavit,
1095 3425 1240 3498 quod
1262 3426 1469 3480 caelum
1500 3424 1802 3496 ingressus,

225 3515 455 3587 Spiritum
482 3524 747 3572 sanctum
778 3514 974 3587 quibus
1003 3514 1105 3569 sibi
1128 3514 1329 3585 placuit
1359 3514 1616 3579 donavit;
1659 3512 1803 3584 quod

224 3602 325 3659 ﬁdei
351 3622 459 3660 sua:
483 3621 585 3676 per
604 3604 902 3675 piscatores
928 3611 981 3658 et
1010 3602 1204 3669 idiotas
1233 3602 1499 3657 mundum
1530 3602 1801 3674 subjuga-

222 3691 306 3759 vit;
333 3696 442 3750 hac
469 3694 680 3749 faciens
712 3692 865 3763 quasi
914 3692 970 3746 in
1014 3691 1291 3747 montibus
1327 3688 1649 3757 ambulavit,
1695 3704 1802 3761 quo

221 3794 324 3835 eum
350 3782 488 3837 nulla
518 3789 773 3838 creatura
800 3796 830 3835 a
888 3781 1041 3851 sequi
1087 3779 1274 3834 valuit.
1308 3780 1367 3833 In
1416 3778 1500 3833 his
1547 3778 1802 3833 nimirum

219 3870 641 3945 operibuscolles
656 3868 962 3936 transilivit,
986 3868 1114 3939 quia
1143 3873 1362 3923 sanctos
1387 3881 1603 3935 omnes,
1628 3883 1803 3938 quan-

218 3962 511 4031 tumcunque
569 3958 941 4025 excreverint,
999 3956 1241 4027 potentia
1298 3971 1414 4011 suae
1474 3956 1803 4027 operationis

223 4048 550 4103 transcendit.
580 4049 662 4102 De
692 4062 801 4119 quo
832 4053 884 4101 et
912 4046 1156 4116 sequitur
1187 4059 1200 4099 :

277 4154 535 4224 (νει-³3.)
566 4154 786 4211 Similis
807 4156 892 4209 est
906 4152 1149 4209 dilectus
1163 4167 1320 4209 meus
1335 4166 1572 4224 capreis,
1595 4151 1805 4208 hinnu-

228 4241 362 4314 loque
388 4258 707 4301 cervorum.

284 4331 473 4387 Similis
503 4347 722 4402 caprea
746 4330 888 4387 bene
911 4346 1030 4386 esse
1058 4329 1271 4400 dicitur,
1304 4330 1431 4400 quia
1453 4346 1520 4385 ex
1546 4330 1803 4404 Synago-

225 4433 283 4513 gs
308 4434 512 4513 carnem
548 4420 727 4513 traxit,
749 4435 870 4492 qua:
884 4432 984 4490 per
1008 4434 1259 4513 capream
1287 4418 1609 4513 ostenditur.
1631 4421 1800 4513 419
1832 4452 1886 4513 D

225 4500 277 4557 Et
300 4504 415 4575 quia
442 4522 510 4561 ex
540 4504 889 4576 antiquorum
922 4511 1231 4560 sanctorum
1280 4503 1446 4576 stirpe
1483 4508 1803 4580 progenitus

225 4598 309 4657 est,
336 4593 485 4661 quasi
516 4592 776 4648 hinnulus
803 4608 1087 4649 cervorum
1117 4600 1262 4649 recte
1310 4608 1429 4652 esse
1462 4596 1799 4668 perhibetur.

229 4675 459 4750 Sequitur
488 4699 502 4735 :

284 4786 443 4854 (Vera.
467 4791 547 4859 9.)
566 4789 652 4843 En
677 4788 797 4860 ipse
811 4792 930 4844 stat
950 4792 1080 4860 post
1096 4790 1379 4862 parietem
1402 4795 1689 4860 nostrum,
1715 4808 1805 4848 as-

229 4874 423 4942 piciens
437 4892 543 4949 per
570 4879 879 4948 fenestras,
895 4878 975 4946 (a)
995 4879 1346 4951 prospiciens
1366 4896 1468 4952 per
1494 4881 1804 4937 cancellos.

1910 516 2041 557 vero
2091 518 2150 558 se
2201 503 2503 559 abscondit.
2565 505 2655 560 Sic
2710 508 2764 560 et
2820 506 3086 561 Dominus
3139 506 3293 562 Iesus
3345 507 3510 563 Chri-

1906 597 2021 643 stus
2049 589 2178 645 dum
2209 598 2262 646 et
2291 592 2553 647 miracula
2580 608 2679 663 per
2723 592 2980 649 divinatis
3028 596 3325 664 potentiam
3357 595 3507 666 fecit,

1903 684 1961 731 et
2012 678 2230 747 abjecta
2287 696 2385 751 per
2440 681 2591 737 canis
2649 680 3013 737 inﬁrmitatem
3068 683 3304 754 pertulit,
3344 685 3498 756 quasi

1905 782 2006 836 per
2035 766 2327 823 fenestram
2355 776 2410 824 et
2438 769 2706 826 cancellos
2730 771 3028 843 prospexit,
3062 772 3188 842 quia
3217 772 3273 826 in
3301 771 3408 828 alio
3438 772 3514 829 la-

1908 862 2045 923 tens,
2075 855 2130 910 in
2159 856 2265 912 alio
2297 858 2417 929 quis
2443 866 2589 913 esset
2643 859 2917 930 apparuit.
2984 861 3293 915 Incarnatus
3329 860 3512 931 itaque

1910 943 2170 1000 Ecclesiae
2197 962 2329 1012 suae,
2348 945 2433 1001 vel
2454 946 2746 1020 unicuique
2763 947 3016 1018 perfecta
3029 948 3224 1003 animae
3247 948 3507 1021 loquitur,

1910 1040 1962 1088 et
1990 1032 2058 1087 ad
2089 1042 2346 1089 aeternam
2376 1037 2686 1090 exhortatur
2708 1036 2959 1107 patriam,
2993 1036 3179 1093 dicens
3212 1053 3225 1093 :

1980 1137 2161 1209 (Vers.
2197 1141 2310 1211 10.)
2339 1139 2542 1213 Surge;
2560 1158 2825 1215 propera,
2866 1145 3053 1200 amica
3079 1160 3227 1214 mea,
3256 1143 3515 1202 columba

1911 1242 2057 1295 mea,
2089 1231 2339 1299 formosa
2359 1246 2504 1297 mea,
2526 1235 2583 1287 et
2608 1234 2758 1288 veni.

1984 1336 2075 1388 11.
2117 1335 2345 1406 PrOpter
2372 1335 2531 1391 ﬁdem
2559 1338 2802 1393 Christus
2816 1353 3075 1408 sponsam
3096 1355 3251 1395 suam
3272 1338 3506 1396 amicam

1910 1428 2088 1490 vocat,
2133 1424 2442 1479 columbam
2478 1434 2702 1497 pmpter
2741 1426 3167 1497 simplicitatem,
3218 1428 3515 1485 formosam

1911 1520 2139 1582 propter
2167 1512 2558 1582 operationem.
2593 1512 2729 1582 Quia
2768 1514 2912 1569 enim
2961 1514 3076 1571 sine
3110 1514 3216 1571 ﬁde
3242 1517 3357 1573 Deo
3386 1516 3513 1589 pla-

1912 1613 2035 1654 cere
2064 1614 2173 1655 non
2204 1617 2509 1671 possumus,
2546 1601 2685 1659 bene
2713 1619 2809 1674 per
2834 1601 2997 1659 ﬁdem
3042 1604 3201 1661 amici
3232 1620 3514 1675 vocamur,

1912 1686 2037 1755 quia
2065 1688 2193 1743 dum
2218 1687 2324 1744 ﬁde
2360 1690 2604 1746 coelestia
2649 1692 2977 1763 appetimus,
3028 1693 3255 1764 abjectis
3282 1695 3517 1751 terrenis

1833 1759 1887 1820 Β
1919 1777 2033 1832 Deo
2054 1777 2416 1833 adhmremus.
2447 1759 2709 1835 Columba
2724 1759 2871 1837 vvere
2899 1759 3039 1837 bene
3080 1759 3259 1838 anima
3292 1791 3514 1856 propter

1915 1864 2316 1935 simplicitatem
2348 1865 2559 1935 dicitur,
2584 1867 2710 1937 quia
2729 1867 2860 1923 dum
2877 1869 3178 1938 simplicem
3202 1871 3376 1926 Deum
3397 1886 3517 1927 cor-

1918 1953 2000 2007 dis
2065 1952 2408 2024 simplicitate
2469 1964 2853 2026 perscrutatur,
2932 1973 3272 2031 nequaquam
3330 1959 3520 2016 mundi

1915 2040 2154 2112 ineptam
2184 2042 2433 2097 lmtitiam
2457 2042 2722 2099 dissoluta
2770 2052 3021 2113 sectatur,
3072 2048 3171 2102 sed
3203 2063 3420 2118 semper
3447 2048 3520 2103 ad

1915 2137 2117 2184 aeterna
2146 2130 2441 2197 festinans,
2464 2132 2729 2188 columbae
2750 2134 3012 2205 gemitum
3035 2134 3314 2207 diligendo
3332 2136 3517 2192 imita-

1917 2225 2019 2273 tur;
2052 2220 2275 2291 Propter
2302 2222 2677 2290 Operationem
2722 2223 2903 2278 anima
2940 2222 3179 2279 formosa
3221 2233 3365 2280 recte
3413 2239 3518 2295 ap-

1914 2307 2171 2378 pellatur,
2204 2309 2331 2381 quia
2361 2309 2489 2364 dum
2517 2310 2807 2380 praeteritae
2835 2310 2960 2368 vitae
2998 2319 3223 2381 peccata
3242 2327 3343 2381 per
3371 2313 3520 2368 bona

1915 2410 2087 2464 Opera
2118 2397 2355 2463 redimit,
2388 2398 2541 2470 quasi
2570 2399 2845 2469 antiquam
2885 2399 3271 2469 turpitudinem
3302 2416 3518 2456 assum-

1914 2491 2004 2553 pta
2028 2484 2200 2539 forma
2230 2486 2441 2541 meliori
2473 2490 2599 2542 ante
2628 2488 2812 2558 sponsi
2836 2488 3023 2544 oculos
3049 2489 3351 2546 abscondit.
3366 2491 3522 2546 Hanc

1914 2571 2094 2645 itaque
2122 2575 2365 2629 hortatur
2392 2575 2635 2646 Sponsus
2689 2584 2746 2631 ut
2792 2585 2985 2650 surgat
3032 2585 3085 2633 et
3124 2578 3339 2647 veniat;
3389 2578 3521 2651 quia

1914 2661 2139 2733 dignum
2171 2671 2254 2718 est
2282 2671 2339 2718 ut
2376 2664 2691 2736 quicunque
2720 2665 2791 2720 ad
2821 2681 3063 2721 amorem
3089 2665 3291 2721 Christi
3321 2682 3522 2737 prope-

1914 2757 2018 2819 rat,
2051 2752 2232 2806 carnis
2258 2760 2532 2822 torporem
2572 2761 2834 2824 quantum
2876 2761 3049 2824 potest
3080 2754 3319 2822 abjiciat,
3361 2762 3416 2811 et
3457 2770 3519 2812 se

1914 2839 1983 2894 ad
2013 2848 2214 2895 aeterna
2231 2839 2619 2912 consequenda
2647 2839 2894 2896 celeriter
2939 2842 3211 2913 accingat.
3251 2842 3361 2897 Sed
3392 2843 3523 2914 quia

1914 2936 1971 2984 ut
2000 2929 2069 2983 ad
2098 2928 2341 2985 coelestia
2398 2929 2737 2998 festinemus,
2796 2945 2899 2998 per
2925 2929 3315 2985 exhibitionem
3362 2932 3506 2989 Novi

1914 3017 2240 3074 Testamenti
2271 3033 2303 3072 a
2333 3018 2447 3074 Deo
2478 3018 2806 3089 accepimus,
2838 3016 2962 3073 ideo
2991 3026 3133 3074 recte
3162 3019 3402 3090 sequitur
3440 3035 3454 3075 :

1988 3126 2166 3194 (Vers.
2202 3125 2313 3196 11.)
2344 3125 2470 3181 lam
2490 3125 2644 3180 enim
2666 3123 2858 3196 hyems
2890 3124 3144 3195 transiit,
3172 3126 3352 3183 imber
3371 3126 3520 3185 abiit

1915 3218 1972 3270 et
2002 3214 2254 3270 recessit.

1986 3321 2074 3375 12.
2107 3318 2251 3389 Quid
2279 3335 2375 3390 per
2401 3319 2674 3391 hyemem,
2706 3320 2807 3374 nisi
2829 3320 2967 3392 legis
2995 3322 3274 3379 austeritas
3304 3322 3513 3378 intelli-

1914 3408 2156 3481 gendum
2186 3408 2308 3463 est?
2329 3407 2462 3476 Quae
2486 3408 2615 3463 dum
2637 3409 2689 3463 in
2709 3409 3019 3465 carnalibus
3038 3410 3319 3467 sacriﬁciis
3346 3427 3520 3483 popu-

1913 3498 2024 3553 lum
2054 3497 2332 3567 antiquum
2362 3497 2610 3567 detinuit,
2631 3498 2698 3553 ad
2717 3499 3029 3569 appetenda
3043 3498 3306 3571 spiritalia
3336 3506 3391 3556 et
3409 3514 3518 3556 cce-

1914 3585 2070 3643 lestia
2099 3585 2483 3643 observatores
2506 3602 2635 3642 suos
2655 3603 2764 3643 non
2784 3586 3010 3657 adjuvit.
3035 3588 3330 3645 Possumus
3351 3589 3518 3645 etiam

1913 3691 2011 3747 per
2040 3676 2289 3746 hyemem
2318 3675 2487 3730 vitam
2515 3682 2842 3746 praesentem
2873 3675 3200 3749 intelligere,
3233 3693 3359 3748 quae
3389 3678 3519 3733 dum

1911 3780 2011 3820 nos
2038 3764 2270 3819 assiduis
2326 3763 2712 3819 testationibus
2761 3763 2996 3833 impetit,
3053 3766 3206 3835 quasi
3250 3766 3518 3822 imbribus

1910 3852 2238 3922 importunis
2269 3851 2336 3907 ad
2361 3852 2702 3922 sequendum
2728 3851 3000 3907 Christum
3031 3860 3243 3924 torpere
3271 3854 3513 3924 compel-

1911 3937 1989 3992 lit.
2023 3937 2131 3992 Sed
2150 3936 2268 4006 jam
2291 3952 2495 4005 sponsa
2522 3943 2732 4008 surgat,
2759 3935 2885 4006 quia
2914 3937 3105 4008 hyems
3134 3937 3367 4005 transiit,
3384 3953 3520 4010 quo-

1912 4026 2061 4080 niam
2093 4032 2294 4096 quanto
2324 4024 2506 4096 magis
2533 4023 2653 4079 dies
2681 4023 2901 4079 ultimus
2929 4025 3111 4089 instat,
3142 4041 3381 4096 praesens
3408 4025 3520 4082 vita

1911 4112 2133 4182 recedit,
2166 4120 2220 4167 et
2248 4127 2355 4183 quo
2382 4111 2614 4183 amplius
2643 4119 2855 4183 tempus
2883 4112 2952 4167 ad
2965 4112 3251 4167 terminum
3273 4112 3510 4179 ducitur,

1912 4217 1979 4259 eo
2005 4202 2163 4258 citius
2190 4200 2520 4257 currendum
2550 4204 2652 4269 est,
2683 4216 2751 4256 ne
2780 4201 2952 4256 electa
2981 4200 3164 4256 anima
3191 4200 3389 4257 oblatis
3408 4201 3513 4256 sibi

1915 4291 2230 4347 muneribus
2250 4289 2468 4346 aeternis
2508 4289 2768 4359 privetur.
2827 4288 3076 4345 Transiit
3124 4289 3267 4344 enim
3301 4288 3514 4360 dicitur,

1915 4380 2042 4451 quia
2070 4380 2125 4433 in
2156 4378 2408 4451 proximo
2444 4376 2739 4433 transitura
2767 4392 2892 4434 esse
2934 4392 3045 4433 non
3092 4376 3386 4433 dubitatur.
3412 4378 3518 4434 Se-

1917 4469 2098 4542 quitur
2126 4486 2141 4523 :

1981 4592 2160 4666 (Vers.
2196 4593 2309 4665 12.)
2340 4592 2527 4650 Flores
2563 4595 2959 4667 apparuerunt
2993 4591 3058 4649 in
3089 4596 3265 4663 terra,
3296 4596 3519 4668 tempus

1905 4683 2229 4756 putationis
2261 4682 2514 4739 advenit.

1984 4792 2071 4845 t3.
2106 4788 2292 4844 Flores
2322 4788 2642 4860 apparuisse
2660 4787 2715 4843 in
2733 4795 2881 4844 terra
2905 4788 3173 4854 dicuntur,
3199 4788 3328 4861 quia
3357 4803 3520 4844 sanc-

1916 4884 1983 4932 tae
2011 4876 2207 4933 animae
2238 4892 2361 4933 cum
2394 4893 2426 4931 a
2453 4876 2773 4947 corporibus
2819 4877 3101 4945 recedunt,
3133 4876 3187 4930 in
3215 4876 3350 4931 caelo
3378 4876 3525 4931 reci-

291 4966 374 5017 to.
410 4963 577 5033 Quasi
608 4973 735 5034 post
764 4965 1025 5035 parietem
1054 4974 1298 5022 nostrum
1346 4968 1593 5023 Christus
1622 4968 1809 5024 incar—
1915 4965 2157 5035 piuntur.
2189 4966 2256 5020 Et
2284 4964 2413 5036 quia
2442 4964 2497 5019 in
2527 4967 2629 5021 hac
2671 4964 2784 5020 vita
2830 4964 3081 5035 quamvis
3129 4966 3315 5033 hyems
3344 4962 3527 5031 fuerit,

237 5056 369 5106 natus
394 5054 564 5121 stetit,
597 5052 725 5123 quia
755 5053 810 5107 in
844 5053 1182 5109 humanitate
1230 5064 1507 5127 assumpta
1552 5056 1813 5113 divinitas

235 5135 384 5193 latuit.
416 5142 484 5196 Et
513 5141 645 5213 quia
673 5141 791 5210 ejus
818 5139 1237 5198 immensitatem
1285 5144 1328 5198 si
1362 5144 1690 5214 ostenderet,
1723 5144 1813 5199 in-

237 5221 438 5283 ﬁrmitas
465 5231 706 5285 humana
736 5228 873 5284 ferre
898 5245 1005 5284 non
1036 5239 1237 5301 posset,
1269 5232 1448 5287 carnis
1477 5232 1814 5289 obstaculum

241 5312 433 5386 objecit,
463 5325 518 5374 et
546 5316 805 5389 quidquid
856 5319 1043 5390 magni
1089 5318 1229 5374 inter
1276 5321 1530 5376 homines
1565 5329 1821 5392 operatus

244 5409 328 5470 δι,
357 5406 506 5477 quasi
537 5414 664 5477 post
692 5406 949 5479 parietem
980 5405 1197 5463 latitans
1238 5408 1382 5464 fecit.
1435 5409 1536 5464 Per
1561 5408 1826 5466 fenestras

1920 5070 1952 5109 a
1982 5055 2125 5110 bono
2155 5068 2319 5126 Opere
2348 5068 2458 5109 non
2489 5059 2822 5123 torpuerunt,
2875 5067 3005 5107 mox
3053 5057 3111 5104 ut
3156 5052 3524 5118 recesserunt,

1922 5143 1977 5197 in
2007 5149 2153 5199 term
2182 5142 2479 5200 viventium
2535 5139 2770 5213 gloriose
2832 5139 3148 5195 ﬂoruerunt.
3196 5137 3341 5192 Bene
3392 5151 3530 5209 ergo

1924 5231 2167 5304 sequitur
2180 5230 2325 5302 quod
2346 5229 2511 5287 dicit:
2539 5230 2773 5299 Tempus
2789 5226 3110 5299 putationis
3129 5226 3385 5293 advenit,
3410 5222 3536 5294 quia

1930 5335 2036 5391 quo
2065 5318 2296 5390 amplius
2326 5320 2380 5373 in
2410 5317 2550 5375 ccelo
2581 5316 2879 5373 electorum
2919 5330 3176 5370 numerus
3203 5314 3361 5383 420
3393 5328 3531 5370 con-

1933 5418 2212 5482 gregatur,
2230 5424 2294 5464 eo
2317 5406 2543 5464 celerius
2561 5404 2780 5475 reprobi
2800 5403 2871 5458 ab
2888 5401 3131 5459 Ecclesia
3152 5411 3407 5476 tanquam
3422 5419 3536 5460 sar-

311 5580 381 5650 (a)
411 5581 533 5636 Val.
568 5579 673 5650 Cl.,
701 5597 807 5654 per
823 5584 1111 5653 fenestras
1132 5589 1189 5642 et
1207 5602 1310 5661 per
1328 5586 1634 5645 cancellos.
1653 5585 1933 5657 Rothom.,
1962 5600 2067 5659 per
2082 5587 2373 5657 fenestras
2401 5584 2457 5639 et
2478 5579 2782 5638 cancellos.
