3996 6164
459 276 564 334 499

1673 282 1919 339 SANCTI
1968 279 2308 338 GREGORII
2365 276 2589 334 MAGNI

3632 280 3725 339 500

460 411 645 463 menta
673 404 884 463 inutilia
907 412 1277 483 amputantur,
1294 417 1351 466 ut
1376 409 1608 467 mundus
1635 409 1792 467 citius
1814 408 2049 466 ﬁniatur.
2081 403 2136 465 A
2165 402 2343 476 gnari,
2375 408 2429 459 et
2454 417 2557 472 per
2583 417 2869 459 cavernam
2898 400 3171 470 maceria,
3219 400 3335 471 ipsa
3360 403 3607 471 protectio
3633 418 3728 460 an-

461 494 719 567 Sequitur
748 513 762 551 :

532 583 825 654 (Vers.12,
849 587 962 656 13.)
1012 589 1122 645 Vox
1154 590 1406 645 turturis
1451 589 1654 646 audita
1697 590 1873 645 estin
1904 592 2060 644 terra

460 676 679 743 nostra,
696 674 839 744 ﬁcus
867 677 1111 745 protulit
1135 692 1352 749 grossos
1375 694 1527 747 suos,
1577 679 1759 735 vineta
1788 679 2059 747 ﬂorentes

458 759 740 817 dederunt
766 763 989 819 odorem
1015 781 1204 821 suum.

536 850 622 904 14.
672 849 815 918 Quid
844 867 943 921 per
986 860 1265 922 turturem,
1306 853 1412 909 nisi
1443 854 1727 919 Ecclesia;
1777 856 1909 927 quid
1962 871 2060 926 per

463 944 661 992 terram
689 939 899 1009 sponsi,
931 940 1036 995 nisi
1066 941 1174 995 vita
1204 942 1300 997 illa
1352 944 1511 998 beata
1554 944 1871 1017 designatur
1891 945 1919 997 ‘l
1950 944 2057 1000 Sed

459 1040 569 1079 vox
595 1027 816 1081 turturis
840 1027 897 1081 in
928 1037 1071 1084 terra
1101 1029 1288 1101 sponsi
1318 1032 1506 1087 audita
1532 1047 1651 1088 esse
1677 1033 1898 1101 dicitur;
1931 1033 2058 1104 quia

457 1113 588 1168 dum
614 1131 716 1186 pro
745 1115 1012 1173 desiderio
1040 1133 1140 1173 suo
1196 1126 1382 1174 sancta
1417 1120 1667 1176 Ecclesia
1714 1121 2053 1193 deprecatur,

458 1220 491 1259 a
521 1203 730 1258 Christo
750 1206 810 1258 in
839 1206 974 1261 calo
1024 1206 1441 1263 clementissime
1477 1209 1789 1264 exauditur.
1843 1212 1922 1266 De
1952 1227 2056 1281 qua

456 1299 601 1347 recte
624 1291 874 1347 subditur
892 1311 905 1347 :
928 1294 1092 1350 Ficus
1110 1297 1354 1366 protulit
1366 1313 1581 1367 grossos
1596 1314 1747 1363 suos;
1765 1301 1942 1356 vineae
1954 1302 2055 1369 ﬂo-

457 1384 651 1436 rentes
668 1379 945 1437 dederunl
960 1383 1182 1439 odorem
1206 1401 1371 1440 suum
1388 1424 1401 1438 .
1427 1385 1585 1441 Ficus
1612 1386 1814 1459 quippe
1830 1403 2055 1459 grossos

455 1482 585 1523 suos
612 1468 852 1538 protulit,
886 1470 1011 1541 quia
1066 1479 1251 1527 sancta
1306 1472 1551 1528 Ecclesia
1608 1483 1878 1546 martyres
1930 1491 2055 1531 suos

451 1556 523 1611 ad
550 1564 811 1612 aternam
837 1558 1067 1628 patriam
1094 1559 1388 1631 praemisit.
1431 1562 1557 1617 Post
1583 1578 1719 1633 quos
1748 1563 1919 1619 vinea
1947 1564 2053 1620 tlo-

448 1649 630 1700 rentes
659 1644 883 1701 odorem
912 1662 1069 1701 suum
1109 1647 1397 1717 dederunt,
1442 1649 1569 1720 quia
1613 1667 1715 1721 per
1743 1652 2051 1709 universum

2168 492 2359 564 gelica
2389 490 2655 547 custodia
2682 489 2924 562 ﬁgurari.
2950 490 3015 545 In
3037 505 3146 563 qua
3174 488 3414 545 custodia
3431 504 3548 547 cum
3566 491 3730 548 anima

2164 581 2400 653 ponitur,
2432 580 2571 636 bene
2601 578 2649 635 ei
2678 595 2711 635 a
2739 594 2940 650 sponso
2979 578 3175 635 dicitur
3201 596 3214 634 :

2237 688 2415 759 (Vera.
2450 686 2561 757 14.)
2596 686 2831 743 Ostende
2860 685 3005 742 mihi
3023 687 3231 758 faciem
3256 693 3433 755 tuam,
3454 692 3605 745 sonet
3633 705 3731 746 vos:

2166 780 2267 832 tua
2287 778 2351 832 in
2372 774 2606 832 auribus
2635 776 2775 832 meis
2804 794 2824 831 :
2855 791 2961 832 vox
2983 777 3137 833 enim
3169 779 3267 832 tua
3296 775 3551 844 dulcis,“
3568 776 3730 848 facie:

2166 869 2267 921 tua
2295 865 2517 922 decora.

2236 975 2322 1027 16.
2356 971 2497 1041 Quid
2519 972 2664 1029 enim
2694 989 2795 1043 per
2823 971 3039 1041 faciem,
3071 970 3179 1027 nisi
3232 970 3399 1027 ﬁdem
3444 984 3547 1043 qua
3572 985 3603 1025 a
3628 971 3732 1027 Deo

2163 1061 2559 1131 cognoscimur,
2591 1061 2936 1131 accipimus?
2960 1060 3031 1114 Et
3082 1060 3209 1129 quid
3257 1076 3355 1130 per
3398 1073 3598 1127 vocem,
3641 1058 3734 1114 nisi

2161 1148 2599 1221 pradicationem
2631 1148 2983 1222 intelligimus
2998 1150 3027 1202 εἲ
3057 1147 3170 1204 Sed
3190 1147 3435 1219 pracipit
3452 1162 3666 1218 sponsus
3679 1151 3735 1202 ut

2162 1237 2213 1293 ei
2243 1252 2438 1308 sponsa
2469 1236 2664 1293 faciem
2685 1253 2839 1291 suam
2870 1236 3138 1301 ostendat,
3155 1237 3283 1308 quia
3296 1236 3592 1306 quicunque
3608 1250 3666 1290 se
3682 1233 3733 1289 ﬁ-

2161 1326 2286 1381 dem
2302 1325 2430 1381 dicit
2441 1326 2660 1392 habere,
2674 1341 2898 1382 necesse
2915 1333 2999 1380 est
3010 1332 3062 1379 ut
3074 1325 3129 1379 in
3142 1325 3299 1380 bonis
3316 1325 3570 1395 operibus
3581 1325 3728 1392 421

2161 1426 2219 1466 se
2249 1418 2517 1478 exerceat,
2550 1418 2606 1464 ut
2634 1409 2690 1464 in
2719 1409 2975 1480 operibus
3005 1409 3366 1466 exterioribus
3388 1408 3520 1464 ﬁdes
3535 1409 3737 1466 interior

2160 1499 2481 1554 innotescat.
2510 1497 2616 1554 Sed
2645 1505 2699 1554 et
2727 1513 2896 1568 Opera
2917 1513 3144 1554 necesse
3173 1501 3260 1554 est
3286 1505 3346 1553 ut
3373 1513 3473 1553 vox
3498 1499 3737 1569 pradica-

2161 1587 2324 1652 tionis
2355 1595 2632 1657 sequatur,
2656 1586 2782 1656 quia
2796 1586 3101 1658 quicunque
3129 1586 3185 1641 in
3206 1586 3407 1641 sanctis
3427 1586 3671 1656 operibus
3685 1602 3738 1643 se

2159 1675 2366 1743 dilatat,
2399 1689 2746 1745 consequens
2775 1683 2858 1730 est
2885 1682 2944 1729 ut
2971 1675 3043 1730 ad
3066 1675 3259 1730 eadem
3289 1674 3540 1730 facienda
3565 1676 3735 1745 proxi-

450 1733 991 1835 ﬂundum‘éxemg‘a
1046 1735 1309 1835 bonoru‘m
1366 1752 1597 1835 operum
1662 1749 2041 1835 °¥cref’°r‘f“t-
2072 1759 2126 1818 Β
2158 1779 2277 1819 mos
2304 1778 2545 1834 quosque
2566 1764 2899 1819 exhortatur.
2920 1764 3051 1818 Ideo
3064 1763 3330 1835 sequitur:
3363 1764 3471 1819 Vox
3484 1765 3629 1818 enim
3645 1767 3736 1818 tua

448 1822 634 1877 Vinea
674 1820 858 1892 utique
910 1820 1071 1878 ﬂores
1127 1825 1452 1894 producunt,
1497 1842 1622 1882 cum
1672 1827 1899 1899 singula
1937 1834 2049 1889 Ec-

447 1908 629 1965 clesia
684 1909 893 1965 animas
947 1911 1095 1982 prius
1149 1910 1396 1968 infideles
1444 1914 1514 1969 ad
1574 1915 1700 1971 tidei
1750 1918 2050 1978 novitatem

438 2012 541 2067 per
587 1997 915 2068 baptismum
974 1999 1228 2056 educunt.
1294 2000 1402 2057 Sed
1451 2002 1613 2059 ﬂores
1669 2004 1771 2075 ipsi
1822 2009 2047 2065 odorem

439 2085 747 2156 proferunt,
821 2102 943 2142 cum
999 2088 1282 2144 credentes
1338 2090 1535 2146 anima
1606 2095 1854 2164 exempla
1908 2097 2048 2154 bona

441 2190 542 2245 per
567 2190 790 2230 suavem
819 2175 1124 2246 opinionem
1157 2176 1262 2232 sibi
1306 2177 1535 2234 invicem
1585 2189 1639 2237 et
1685 2182 1807 2237 aliis
1850 2201 2046 2256 asper-

435 2270 589 2336 gunt.
634 2263 744 2319 Sed
800 2264 927 2335 quia
982 2266 1223 2321 Christus
1280 2274 1512 2337 utroque
1559 2270 1722 2326 modo
1780 2273 2044 2330 exhorta-

434 2350 595 2407 tionis
645 2367 744 2407 nos
801 2353 984 2422 trahit,
1034 2362 1092 2408 ut
1171 2354 1423 2411 videlicet
1488 2364 1538 2411 et
1595 2361 1893 2430 praceptis
1945 2378 2047 2419 nos

436 2438 748 2507 admoneat,
783 2448 836 2496 et
865 2442 1134 2512 exemplis
1190 2452 1499 2499 sanctorum
1554 2460 1654 2500 nos
1711 2448 1906 2520 erigat,
1959 2450 2047 2505 id-

436 2528 583 2583 circo
612 2543 830 2598 sponsa
856 2544 971 2583 sua
1000 2531 1154 2598 prius
1182 2538 1239 2585 ut
1264 2540 1512 2603 surgeret
1537 2533 1883 2592 admonendo
1908 2554 2046 2609 pra-

437 2615 603 2684 cepit,
635 2622 687 2670 et
716 2615 912 2671 deinde
943 2617 1194 2688 exempla
1222 2627 1533 2675 sanctorum
1563 2621 1631 2676 ad
1677 2624 2045 2696 cognitionem

439 2702 686 2769 adduxit,
718 2711 919 2774 etpost
973 2706 1354 2775 exemplorum
1409 2708 1802 2767 exhibitionem
1851 2712 2046 2770 iterum

438 2806 499 2846 se
529 2791 598 2845 ad
627 2792 885 2862 pracepti
935 2794 1421 2851 commonitionem
1473 2800 1753 2869 convertit,
1812 2802 1998 2859 dicens
2030 2823 2042 2858 :

509 2879 687 2951 (Vers.
712 2883 799 2947 13,
836 2880 948 2953 14.)
962 2883 1154 2954 Surge,
1172 2885 1359 2940 amica
1371 2901 1517 2951 mea,
1542 2905 1701 2944 soror
1720 2907 1866 2956 mea,
1888 2896 1943 2947 et
1962 2909 2046 2949 ve-

437 2968 523 3035 ni,
557 2969 813 3025 columba
833 2987 959 3027 mea
991 2972 1052 3026 in
1082 2974 1462 3043 foraminibus
1489 2982 1690 3049 petra,
1715 2980 1779 3033 in
1803 2996 2046 3037 caverna

446 3072 727 3112 maceria.

513 3160 599 3210 15.
634 3157 819 3226 Surgit
847 3157 1047 3227 anima,
1075 3176 1194 3214 cum
1227 3179 1257 3214 a
1307 3165 1511 3233 peccati
1563 3168 1959 3237 perpetralione
1987 3184 2046 3223 se

448 3243 634 3316 erigit;
668 3248 837 3311 venit,
886 3264 1006 3302 cum
1059 3266 1155 3318 per
1178 3250 1323 3305 bona
1382 3269 1551 3321 opera
1594 3254 1848 3310 desiderii
1879 3257 2047 3310 sancti

447 3333 698 3406 passibus
726 3336 929 3391 sanctis
958 3336 1030 3390 ad
1071 3337 1317 3394 caelestia
1374 3341 1567 3396 tendit.
1626 3343 1826 3399 Sancta
1854 3345 2051 3399 etenim

447 3437 607 3476 mens
635 3437 758 3479 cum
796 3424 1088 3494 praterita
1135 3425 1265 3482 vita
1313 3429 1703 3499 turpitudinem
1762 3432 2048 3503 conspicit,

450 3525 575 3565 cum
605 3521 828 3581 peccata
856 3529 949 3567 sua
982 3522 1267 3570 enumerat
1323 3532 1447 3588 qua
1490 3518 1642 3588 fecit,
1693 3535 1821 3575 mox
1868 3536 2051 3576 secum

449 3598 504 3653 in
531 3600 863 3656 conscientia
911 3602 1199 3672 erubescit,
1254 3612 1305 3659 et
1362 3622 1697 3678 quacunque
1744 3610 1802 3663 in
1850 3610 2052 3665 mundo

456 3687 741 3754 dilexerat,
770 3689 838 3743 ad
869 3689 1055 3745 odium
1082 3691 1185 3746 sibi
1243 3694 1573 3749 transferens
1611 3694 1829 3751 ﬂetibus
1860 3714 1918 3753 se
1946 3713 2055 3767 pu-

451 3775 550 3841 nit,
583 3782 635 3831 et
655 3775 772 3846 ipsa
803 3778 1121 3848 pauitantia
1148 3779 1293 3835 facta
1338 3782 1632 3849 robustior,
1683 3784 1756 3839 ab
1784 3786 1935 3840 omni
1967 3786 2055 3840 in-

448 3864 761 3936 quinatione
804 3866 969 3921 etiam
1029 3868 1106 3937 (a)
1163 3867 1328 3934 exilit,
1393 3878 1448 3926 et
1496 3871 1566 3925 ab
1620 3873 1777 3927 omni
1841 3882 2057 3945 torpore

454 3952 806 4025 negligentia
835 3969 897 4010 se
926 3955 1146 4025 excutit,
1198 3964 1257 4012 ut
1310 3958 1423 4028 jam
1480 3959 1536 4013 in
1590 3959 1790 4016 inﬁmis
1837 3963 2057 4035 cogita-

453 4039 694 4097 tionibus
723 4057 832 4098 non
856 4042 1060 4113 jaceat,
1089 4045 1185 4100 sed
1215 4046 1286 4101 ad
1316 4050 1627 4117 appetenda
1646 4049 1943 4106 invisibilia
1965 4068 2062 4123 per

451 4134 642 4186 sancta
671 4130 941 4187 desideria
978 4148 1039 4187 se
1070 4134 1350 4189 extendat.
1369 4135 1496 4191 Hac
1540 4137 1724 4208 itaque
1753 4155 1907 4195 mens
1935 4156 2059 4194 sur-

452 4218 531 4289 git
560 4225 610 4273 et
648 4219 814 4289 venit,
846 4220 974 4292 quia
999 4229 1051 4277 et
1080 4238 1112 4276 a
1142 4223 1377 4293 torporis
1423 4223 1731 4280 inﬁrmitate
1774 4243 1872 4298 per
1901 4242 2059 4283 com-

413 4341 421 4349 -
451 4306 800 4375 punctionem
829 4323 889 4363 se
918 4308 1100 4380 erigit,
1135 4318 1189 4364 et
1235 4310 1289 4364 in
1319 4311 1522 4367 sanctis
1558 4313 1754 4368 studiis
1795 4330 1855 4369 se
1894 4331 2056 4369 exer-

457 4409 609 4461 cens,
643 4395 710 4449 ad
739 4403 940 4451 aterna
968 4397 1198 4467 pedibus
1224 4400 1422 4454 amoris
1447 4400 1631 4455 currit.
1667 4402 1767 4456 Per
1791 4402 2059 4458 foramina

454 4491 633 4536 autem
665 4492 850 4552 petra,
883 4484 1109 4540 vulnera
1140 4502 1392 4541 manuum
1422 4496 1477 4542 et
1509 4488 1716 4558 pedum
1776 4490 1972 4546 Christi
2005 4492 2060 4546 in

454 4585 618 4624 cruce
645 4570 929 4639 pendentis
957 4572 1189 4630 libenter
1215 4574 1602 4631 intellexerim.
1636 4578 1940 4634 Cavernam
1966 4596 2055 4635 ve-

454 4672 517 4713 ro
548 4658 821 4726 maceria,
854 4659 1048 4714 vulnus
1073 4661 1254 4718 lateris
1290 4664 1434 4733 quod
1479 4664 1670 4721 lancea
1718 4666 1921 4722 factum
1953 4676 2056 4735 est,

459 4746 654 4801 eodem
682 4761 844 4801 sensu
866 4748 1119 4803 dixerim.
1157 4751 1225 4805 Et
1252 4750 1392 4807 bene
1419 4752 1669 4808 columba
1698 4754 1751 4808 in
1782 4756 2060 4812 foramini-

459 4835 563 4891 bus
591 4842 761 4905 petra
790 4843 842 4891 et
870 4836 925 4890 in
954 4851 1185 4892 caverna
1215 4840 1469 4895 maceriae
1518 4857 1634 4896 esse
1664 4843 1882 4913 dicitur,
1935 4845 2061 4915 quia

461 4924 591 4979 dum
622 4922 676 4977 in
701 4922 881 4979 crucis
908 4925 1284 4982 recordatione
1332 4928 1647 4999 patientiam
1707 4931 1903 4986 Christi
1933 4933 2061 4987 imi-

462 5020 620 5080 tatur,
681 5013 810 5068 dum
862 5012 980 5084 ipsa
1048 5014 1271 5071 vulnera
1345 5025 1570 5087 propter
1624 5022 1933 5091 exemplum
1991 5021 2059 5076 ad

463 5103 786 5158 memoriam
813 5101 1042 5170 reducit,
1075 5103 1230 5175 quasi
1279 5105 1535 5160 columba
1582 5106 1635 5160 in
1678 5107 2057 5177 foraminibus,

462 5191 541 5248 sic
570 5191 801 5262 simplex
831 5191 1017 5246 anima
1043 5192 1100 5246 in
1150 5192 1462 5249 vulneribus
1506 5196 1896 5251 nutrimentum
1954 5212 2061 5269 quo

461 5281 819 5347 convalescat,
875 5280 1099 5336 invenit.
1176 5281 1407 5337 Possunt
1489 5291 1669 5339 tamen
1741 5301 1840 5355 per
1905 5284 2058 5341 fora-

459 5368 604 5424 mina
652 5377 842 5440 petra,
899 5370 1277 5426 incarnatiouis
1343 5370 1538 5427 Christi
1583 5381 1927 5429 sacramenta
1976 5374 2058 5428 si-

528 5511 609 5579 (a)
638 5511 698 5581 lu
729 5510 967 5581 Excusis,
1002 5510 1177 5566 etiam
1205 5512 1568 5581 cogitationis
1599 5513 1793 5569 exilit.

2158 1852 2345 1909 dulci:
2361 1857 2417 1908 et
2433 1853 2611 1923 facies
2637 1856 2737 1908 tua
2751 1852 2971 1908 decora.
2996 1852 3147 1906 Tunc
3175 1850 3318 1906 enim
3353 1858 3405 1907 et
3434 1867 3536 1907 vox
3551 1851 3730 1921 placet,

2156 1950 2210 1997 et
2238 1940 2405 1997 facies
2434 1941 2737 2007 decoratur,
2784 1940 3002 2012 quando
3031 1947 3085 1995 et
3113 1955 3283 2010 opera
3319 1939 3623 2011 pradicatio
3650 1954 3734 1995 se-

2155 2030 2355 2101 quitur,
2385 2038 2441 2085 et
2471 2046 2682 2084 rursum
2697 2027 3136 2098 pradicationem
3156 2029 3299 2084 bona
3311 2044 3480 2098 opera
3492 2026 3735 2083 comitan-

2152 2125 2259 2173 tur.
2293 2118 2617 2188 Hujusmodi
2635 2116 3080 2188 pradicatoribus
3100 2124 3498 2187 consequenter
3512 2115 3699 2172 dicitur
3718 2132 3732 2168 :

2226 2226 2400 2295 (Vers.
2426 2225 2538 2295 15.)
2573 2225 2764 2296 Capite
2794 2222 2958 2280 nobis
2978 2223 3553 2296 (b)vulpeculas,qua
3571 2222 3738 2278 demo-

2156 2315 2376 2370 litmtar
2404 2316 2600 2369 vineas
2632 2332 2651 2368 :
2681 2329 2818 2368 nam
2837 2313 2999 2369 vinea
3026 2315 3225 2368 nostra
3239 2313 3471 2382 floruit.

2228 2423 2312 2476 17.
2345 2421 2447 2476 Per
2471 2421 2664 2491 vulpes
2691 2419 2955 2490 haretici,
2989 2436 3087 2492 per
3114 2419 3304 2476 vineas
3327 2419 3556 2491 singula
3570 2417 3740 2474 Eccle-

2152 2508 2249 2565 sia
2280 2509 2650 2580 designantur.
2668 2509 2777 2565 Sed
2795 2509 2988 2580 vulpes
3007 2508 3197 2565 vineas
3219 2508 3605 2569 demoliuntur;
3630 2505 3740 2577 quia

2153 2613 2251 2670 per
2278 2597 2559 2653 hareticos
2590 2596 2849 2654 Ecclesia
2877 2613 2909 2652 a
2937 2605 3096 2652 recta
3125 2596 3249 2652 ﬁdei
3278 2597 3552 2652 viriditate
3580 2596 3739 2651 exsic—

2152 2695 2364 2742 cantur.
2395 2684 2527 2754 Qua
2558 2686 2697 2741 bene
2725 2686 2967 2756 parvula
3026 2685 3294 2751 dicuntur,
3330 2686 3458 2755 quia
3512 2681 3740 2754 quamvis

2152 2783 2345 2831 contra
2372 2775 2661 2830 veritatem
2703 2775 2846 2829 intus
2893 2774 3225 2845 superbiant,
3285 2774 3522 2830 exterius
3574 2780 3742 2828 tamen

2152 2864 2207 2919 in
2237 2863 2418 2920 verbis
2435 2863 2796 2917 humilitatem
2835 2879 2935 2933 per
2991 2862 3400 2918 simulationem
3457 2869 3729 2917 sectantur.

2152 2952 2284 3021 Qua
2316 2960 2441 3006 tunc
2470 2968 2502 3007 a
2529 2952 2725 3006 sanctis
2754 2951 3203 3022 pradicatoribus
3219 2952 3523 3020 capiuntur,
3539 2948 3738 3021 quando

2152 3042 2381 3095 instante
2410 3040 2779 3107 altercatione,
2815 3040 3098 3094 sententiis
3141 3040 3388 3095 veritatis
3417 3038 3736 3095 convincun—

2073 3103 2121 3166 ί]
2156 3146 2258 3201 tur.
2288 3129 2683 3184 Pradicatores
2712 3103 2914 3198 quippe
2944 3129 3113 3183 sancti
3143 3128 3440 3197 aliquando
3468 3142 3625 3183 canes
3650 3138 3741 3195 per

2156 3217 2562 3272 similitudinem
2594 3216 2846 3271 dicuntur
2875 3234 2888 3269 :
2925 3217 3050 3285 quia
3085 3216 3569 3287 pradicationibus
3612 3214 3740 3270 assi-

2157 3306 2299 3374 duis,
2333 3305 2486 3375 quasi
2511 3305 2795 3360 latratibus
2822 3305 3169 3375 importunis,
3214 3304 3558 3360 adversarios
3585 3316 3741 3375 quos-

2160 3410 2263 3463 que
2292 3408 2324 3449 a
2353 3409 2523 3466 grege
2543 3394 2726 3449 ovium
2751 3410 2933 3449 arcere
2962 3394 3229 3449 nituntur.
3268 3394 3369 3448 Isti
3385 3409 3551 3449 canes
3573 3392 3745 3462 vulpes

2161 3481 2369 3537 Christo
2398 3483 2644 3553 capiunt;
2677 3481 2804 3554 quia
2831 3481 3023 3537 ducem
3052 3498 3210 3536 suum
3238 3481 3372 3537 dum
3402 3480 3631 3537 ﬁdeliter
3656 3477 3738 3533 di-

2159 3572 2356 3643 ligunt,
2391 3585 2489 3643 pro
2535 3570 2654 3640 ejus
2705 3585 2893 3625 amore
2946 3569 3278 3639 laborantes,
3337 3570 3746 3643 tergiversantes

2162 3659 2446 3715 haereticos
2467 3659 2537 3713 ab
2568 3658 2994 3715 involutionibus
3022 3657 3405 3729 quastionum,
3439 3656 3591 3729 quasi
3620 3672 3651 3710 a
3670 3664 3741 3709 te-

2161 3746 2410 3802 nebrosis
2439 3746 2623 3803 caveis
2668 3745 2735 3800 ad
2765 3747 2940 3802 lucem
2983 3746 3225 3803 veritatis
3264 3746 3529 3802 educunt.
3582 3742 3747 3812 Quare

2163 3852 2293 3892 vero
2323 3835 2564 3907 vulpium
2599 3834 2879 3891 demolitio
2920 3835 3185 3903 timeatur,
3232 3835 3609 3890 manifestatur
3635 3844 3748 3888 cum

2168 3924 2364 3982 dicitur
2389 3944 2407 3980 :
2439 3925 2581 3980 Nam
2603 3925 2766 3979 vinea
2795 3927 2989 3980 nostra
3007 3923 3222 3993 ﬂoruit.
3248 3922 3421 3978 Vinea
3448 3922 3644 3993 quippe
3662 3918 3749 3973 ﬂo-

2167 4014 2294 4082 ruit,
2327 4013 2451 4083 quia
2481 4020 2669 4068 sancta
2697 4011 2937 4066 Ecclesia
2969 4028 3068 4081 per
3094 4011 3425 4082 baptismum
3446 4010 3583 4065 ﬁlios
3608 4008 3671 4063 ad
3686 4005 3747 4060 ﬁ-

2167 4102 2255 4156 dei
2284 4117 2484 4157 novam
2512 4101 2977 4156 conversationem
3006 4100 3282 4170 perduxit.
3325 4100 3536 4169 Quibus
3565 4097 3751 4152 timen-

2167 4190 2295 4245 dum
2321 4197 2422 4256 est,
2453 4205 2522 4244 ne
2551 4189 2621 4245 ab
2651 4189 2918 4245 hareticis
2946 4189 3327 4258 depraventur,
3353 4189 3482 4260 quia
3511 4188 3634 4242 dum
3647 4184 3752 4257 qui-

2168 4293 2272 4348 que
2300 4277 2582 4334 credentes
2633 4277 2688 4331 in
2745 4277 3042 4333 novitatem
3106 4277 3303 4331 Christi
3357 4281 3750 4350 regenerantur,

2169 4381 2277 4438 quo
2307 4365 2535 4437 quisque
2566 4365 2802 4421 tenerior
2832 4372 2933 4432 est,
2968 4380 3034 4420 eo
3054 4364 3214 4419 citius
3243 4366 3313 4419 ad
3345 4366 3751 4436 pravitatemse—

2084 4448 2134 4510 Ο
2167 4455 2401 4509 ducitur.
2444 4454 2695 4509 Floribus
2725 4454 2946 4509 omnino
2978 4452 3274 4508 timendum
3306 4461 3408 4522 est,
3424 4470 3493 4508 ne
3521 4455 3749 4523 pereant,

2168 4542 2295 4613 quia
2327 4542 2454 4597 dum
2488 4543 2665 4597 adhuc
2694 4542 2919 4611 quisque
2941 4542 3009 4596 ad
3049 4542 3439 4612 perfectionem
3472 4556 3572 4611 per
3599 4554 3752 4595 exer-

2167 4631 2356 4687 citium
2392 4631 2706 4685 diuturnum
2766 4647 2873 4685 non
2921 4630 3218 4696 convaluit,
3268 4630 3428 4686 facile
3458 4629 3559 4683 sia
3601 4627 3752 4680 dente

2167 4734 2442 4776 venenoso
2472 4720 2765 4785 mordetur,
2799 4718 2868 4772 ab
2893 4721 2996 4774 hoc
3017 4720 3158 4790 quod
3190 4725 3386 4774 nactus
3417 4718 3752 4783 fuerat,eva—

2167 4809 2357 4863 nescit.
2392 4806 2634 4862 Perfecta
2672 4807 2813 4861 enim
2848 4823 3075 4878 quaque
3130 4807 3310 4861 anima
3357 4807 3413 4861 in
3440 4820 3548 4877 quo
3575 4819 3631 4859 se
3649 4803 3753 4871 jam

2167 4896 2267 4951 diu
2300 4895 2561 4962 exercuit,
2596 4894 2754 4951 facile
2782 4910 2890 4949 non
2918 4894 3139 4961 amittit,
3155 4895 3282 4965 quia
3298 4910 3410 4966 quo
3432 4889 3755 4964 frequentius

2167 4985 2349 5055 palato
2380 4983 2568 5038 intimo
2606 4999 2768 5055 quam
2800 4983 2971 5038 dulcis
3010 4983 3079 5037 sit
3124 4982 3391 5038 Dominus
3419 4981 3665 5055 gustavit,
3693 4990 3754 5031 eo

2167 5072 2496 5129 constantius
2549 5071 2733 5143 sponsi
2788 5071 3165 5126 rectitudinem
3223 5079 3386 5139 tenet,
3435 5079 3489 5126 et
3542 5066 3755 5123 distorta

2168 5160 2395 5215 fastidit.
2427 5161 2562 5228 Qua
2590 5159 2939 5231 prosequitur
2966 5157 3369 5227 convenienter,
3412 5167 3465 5214 et
3487 5157 3614 5212 dicit
3641 5170 3653 5209 :

2238 5250 2418 5319 (Vers.
2456 5252 2540 5308 16,
2575 5249 2689 5319 11.)
2719 5249 2970 5304 Dilectus
2991 5263 3151 5303 meus
3173 5247 3338 5315 mihi,
3356 5250 3416 5302 et
3430 5262 3528 5317 ego
3546 5244 3652 5310 illi,
3666 5239 3756 5314 qui

2164 5338 2427 5410 pascitur
2439 5338 2594 5395 inter
2607 5338 2753 5406 lilia,
2768 5337 2940 5393 donec
2954 5338 3170 5410 aspiret
3182 5335 3321 5406 dies,
3337 5339 3395 5390 et
3408 5333 3754 5391 inclinentur

2165 5427 2397 5483 umbrae.

527 5577 601 5653 (b)
631 5580 721 5638 Sic
748 5580 988 5653 legimus
1018 5581 1074 5635 in
1102 5577 1355 5639 omnibus
1372 5584 1609 5640 Mss.ubi
1641 5584 1783 5641 Editi
1813 5584 2033 5656 habent,
2066 5585 2565 5659 vulpesparvulus,
2592 5586 2731 5643 forte
2748 5584 2882 5659 quia
2892 5593 3087 5658 postea
3111 5584 3336 5658 legitur:
3358 5582 3615 5655 parvula
3631 5577 3736 5632 die.
