3996 6164
214 276 293 331 501

846 270 1071 327 SUPER
1109 267 1404 325 CANTICA
1441 263 1895 325 CANTICORUM
1928 260 2327 320 EXPOSITIO.
2368 291 2436 302 -—-
2476 260 2624 316 CAP.
2665 264 2759 319 III.

3368 266 3473 321 502

268 399 433 454 l8.Ac
460 395 504 451 si
532 394 731 452 diceret
764 414 777 449 :
815 396 1003 451 Dilecti
1033 396 1139 450 mei
1170 395 1468 451 amicitiam
1498 401 1757 451 constan-
1785 390 1840 451 A
1872 390 2051 447 forma
2099 387 2292 444 similis
2337 387 2596 444 Ecclesiae
2638 389 2756 459 erit,
2789 396 2842 445 et
2889 398 3064 447 tamen
3107 404 3274 464 super
3311 393 3466 464 ipsos

211 498 277 544 ter
302 494 461 553 teneo,
492 483 615 555 quia
646 485 763 555 ejus
793 491 1122 540 constantem
1154 483 1591 540 benevolentiam
1631 498 1763 556 erga

209 591 279 631 me
303 573 477 629 sentio.
507 571 649 642 Quia
678 573 806 627 dum
860 572 978 641 ejus
1006 570 1438 627 familiaritatem
1470 571 1763 644 benignam

210 663 371 727 habeo,
390 661 575 717 durum
594 659 726 715 mihi
750 668 830 716 est
848 660 1111 733 quidquid
1136 660 1186 715 ei
1207 660 1501 716 adversum
1518 660 1765 715 inimicos

209 751 428 806 latrantes
456 748 639 804 audio.
679 750 746 803 Et
774 750 900 803 dum
931 748 987 803 in
1015 750 1136 819 ejus
1164 748 1475 805 assiduitate
1497 748 1671 821 qualis
1701 749 1767 802 sit

209 840 356 906 video,
386 838 429 893 si
457 837 583 910 quid
612 838 817 893 erroris
844 837 1121 910 proferunt
1149 837 1466 904 adversarii,
1492 852 1526 892 a
1543 837 1769 894 veritate

207 943 339 998 quam
363 927 416 980 in
442 927 557 995 ejus
588 926 793 982 visione
821 926 1075 999 cognovi,
1120 943 1231 983 non
1276 927 1492 983 recedo.
1542 927 1621 982 De
1661 940 1769 997 quo

207 1015 561 1088 benesequitur
583 1015 687 1085 Qui
715 1017 975 1088 pascitur
990 1016 1147 1073 inter
1183 1016 1330 1083 lilia,
1361 1017 1537 1072 donec
1557 1015 1772 1088 uspiret

206 1107 317 1169 dies,
330 1108 380 1160 et
400 1105 766 1159 inclinentur
781 1103 1160 1173 umbrw.Quid
1178 1120 1274 1176 per
1287 1104 1397 1159 lilia
1417 1105 1515 1175 (a),
1535 1102 1636 1158 nisi
1657 1100 1774 1155 ani-

206 1209 288 1249 ma
312 1192 688 1265 designantur?
722 1191 856 1262 Quae
885 1193 1016 1248 dum
1047 1193 1308 1248 castitatis
1332 1192 1632 1248 candorem
1649 1190 1775 1247 reti-

203 1289 322 1345 nent,
349 1296 441 1351 per
458 1280 619 1336 bona;
650 1281 808 1336 famae
838 1280 1155 1352 Opinionem
1176 1280 1443 1351 proximis
1472 1280 1774 1352 quibusque

204 1368 401 1424 suaviter
425 1369 591 1424 olent.
620 1371 767 1425 Inter
789 1368 903 1424 lilia
930 1385 1171 1440 sponsus
1201 1385 1336 1441 ergo
1368 1369 1622 1440 pascitur,
1650 1368 1774 1439 quia

202 1457 356 1529 procul
383 1456 545 1512 dubio
588 1459 897 1513 animarum
949 1459 1195 1514 castitate
1223 1457 1545 1526 delectatur,
1576 1473 1698 1528 quae
1724 1464 1777 1512 et

204 1546 250 1600 in
286 1562 338 1601 se
377 1545 699 1601 munditiam
746 1547 926 1603 carnis
973 1554 1326 1620 conservant,
1358 1555 1411 1602 et
1451 1562 1549 1619 per
1575 1545 1776 1600 nitidas

205 1632 521 1706 cogitationes
553 1649 736 1690 coram
767 1650 830 1690 eo
854 1634 1091 1706 placent,
1123 1639 1177 1691 et
1207 1635 1462 1707 exempla
1517 1633 1777 1706 proximis

1864 494 2124 547 summos,
2156 476 2246 551 qui
2299 477 2456 548 quasi
2510 486 2720 534 montes
2775 480 3063 551 excellunt,
3113 481 3166 535 in
3224 480 3464 537 Ecclesia

1866 567 2152 623 sublimior
2201 564 2479 621 eminebit.
2512 565 2617 635 Qui
2647 567 2778 622 dum
2805 569 2991 624 venire
3037 579 3295 638 moratur,
3337 570 3465 640 quia

1867 673 1991 713 eum
2046 670 2263 725 semper
2296 662 2483 710 sancta
2538 654 2719 710 anima
2755 656 3074 729 perquirere
3102 657 3307 727 nititur,
3341 659 3463 715 ideo

1868 745 2113 816 sequitur
2143 763 2156 800 :
3316 734 3321 737 “

2505 833 2723 890 CAPUT
2759 835 2854 891 III.

1942 923 2099 995 (Cap.
2130 924 2223 980 III.
2257 923 2494 979 —Vers.
2518 923 2595 992 1.)
2639 923 2704 977 In
2751 923 2960 979 lectulo
2996 940 3117 980 meo
3154 941 3254 996 per
3280 930 3471 984 nocte:

1872 1013 2102 1085 quaesivi
2125 1027 2288 1085 quem
2317 1012 2504 1084 diligit
2531 1012 2729 1068 anima
2745 1027 2872 1068 mea
2902 1031 2920 1065 :
2950 1014 3181 1084 quasivi
3207 1013 3395 1084 illum,
3419 1017 3477 1071 et

1872 1118 1990 1157 non
2019 1116 2232 1158 inveni.

1946 1202 1971 1253 1
1987 1197 2282 1254 .Lectulum
2302 1196 2403 1251 sibi
2432 1204 2619 1253 sancta
2639 1197 2821 1252 anima
2840 1214 2944 1269 per
2964 1205 3154 1255 noctas
3174 1200 3327 1268 facit,
3347 1200 3479 1257 dum

1874 1297 2066 1343 omnes
2094 1286 2527 1357 perturbationes
2556 1285 2742 1340 mundi
2774 1285 3015 1359 fugiens,
3037 1297 3300 1344 secretam
3331 1305 3476 1346 com-

1874 1383 2047 1446 parat,
2078 1375 2134 1430 in
2165 1390 2275 1448 quo
2304 1374 2612 1447 requiescit.
2657 1376 2717 1428 In
2747 1375 2850 1430 hoc
2878 1376 3074 1432 lectulo
3105 1393 3264 1449 quem
3295 1377 3476 1450 diligit

1876 1463 2085 1534 quierit,
2120 1464 2245 1534 quia
2273 1462 2402 1518 dum
2433 1462 2503 1519 ab
2533 1462 2783 1518 omnibus
2810 1463 3265 1521 sollicitudinibus
3286 1465 3479 1522 mundi

1875 1559 2051 1619 vacat,
2084 1551 2139 1605 in
2163 1550 2283 1621 ejus
2312 1551 2667 1623 inquisitione
2695 1552 2969 1622 quomodo
2999 1552 3068 1608 ad
3097 1552 3254 1609 illum
3287 1570 3481 1625 perve-

1876 1639 2008 1709 niat,
2035 1654 2144 1695 non
2175 1639 2402 1710 quescit.
2432 1639 2743 1696 Notandum
2771 1649 2856 1695 est
2883 1648 3059 1696 autem
3078 1642 3204 1712 quia
3230 1658 3330 1713 per
3347 1659 3475 1699 noc-

207 1722 700 1793 φιιείοάοτίε422
732 1723 1003 1779 suavitem
1050 1725 1276 1780 donant.
1308 1725 1439 1780 Dies
1479 1738 1612 1779 vero
1645 1729 1771 1777 tunc
1800 1736 1855 1797 Β
1884 1733 1966 1785 tes
1993 1728 2208 1799 quaerit,
2227 1727 2318 1799 qui
2347 1727 2511 1783 modo
2540 1729 2597 1783 in
2625 1730 2730 1784 hoc
2758 1728 2961 1785 mundo
2988 1730 3137 1799 vivit,
3159 1739 3212 1786 et
3238 1731 3480 1802 perfecte

206 1811 449 1882 aspirabit,
471 1819 528 1867 et
560 1812 768 1868 umbrae
795 1812 1216 1879 inclinabuntur,
1237 1813 1456 1884 quando
1486 1812 1596 1867 vita
1613 1817 1769 1867 aeter-

207 1915 260 1951 na
282 1900 571 1970 apparebit,
618 1908 673 1956 et
713 1917 952 1972 praesens
988 1902 1098 1957 vita
1146 1900 1376 1957 ﬁnietur.
1411 1899 1623 1972 Quippe
1654 1898 1771 1954 dies

207 1986 300 2055 erit,
317 1988 397 2043 hic
418 2003 546 2043 vero
578 1989 652 2059 (b)
675 2005 783 2044 nox
803 2007 816 2052 ;
840 1990 969 2060 quia
998 1990 1087 2046 hic
1114 1988 1171 2044 in
1202 1989 1411 2045 visione
1447 1987 1767 2060 caligamus,

206 2072 266 2128 ibi
288 2076 391 2130 dies
418 2075 539 2148 ipsa
568 2084 681 2132 tota
708 2078 904 2132 veritas
933 2078 1205 2134 mentibus
1235 2077 1485 2133 elucebit.
1517 2077 1599 2133 Ad
1626 2078 1772 2133 hanc

205 2161 320 2217 diem
345 2179 562 2233 prorsus
592 2181 625 2219 a
653 2165 779 2221 imm
807 2166 1079 2221 enituntur
1101 2174 1158 2221 ut
1180 2166 1530 2237 perveniant:
1556 2174 1773 2238 propter

205 2250 335 2319 hanc,
358 2252 621 2322 justitiam
652 2254 917 2309 illibatam
947 2255 1005 2309 in
1028 2265 1287 2326 quantum
1305 2262 1529 2328 possunt
1551 2271 1772 2312 conser-

204 2347 305 2393 vant
320 2353 332 2410 ;
350 2348 400 2395 et
425 2341 555 2412 quia
577 2341 701 2398 sine
722 2341 935 2398 Christo
956 2344 1089 2398 nihil
1108 2353 1349 2415 possunt,
1366 2346 1485 2416 ejus
1507 2345 1772 2401 auxilium

205 2425 437 2495 invocant,
479 2430 606 2500 ejus
656 2431 1081 2488 familiaritatem
1129 2432 1472 2488 desiderant.
1534 2432 1775 2503 Quarum

206 2513 306 2569 dum
331 2524 560 2573 mentem
594 2518 924 2588 considerat,
969 2535 1139 2591 prope
1168 2529 1248 2576 est
1265 2521 1535 2594 benignus
1554 2530 1609 2578 et
1629 2522 1784 2594 adju-

212 2611 299 2670 vat,
318 2614 361 2659 et
387 2622 490 2677 quo
520 2606 761 2676 amplius
788 2606 1094 2679 proﬁciunt,
1127 2625 1192 2665 eo
1222 2610 1542 2665 familiarius
1561 2627 1779 2682 semper

212 2699 345 2759 amat,
373 2692 543 2750 donec
594 2693 759 2751 ﬁnitis
807 2696 1044 2752 tenebris
1076 2697 1283 2766 mundi,
1316 2698 1385 2752 ad
1413 2697 1536 2755 vitae
1564 2706 1779 2755 aeternae

212 2774 359 2833 lucem
385 2782 657 2852 perfectas
680 2783 899 2840 educat.
940 2785 1115 2854 Quam
1144 2787 1320 2842 lucem
1353 2787 1476 2858 quia
1503 2788 1663 2843 valde
1689 2788 1781 2844 de-

212 2864 437 2938 siderant,
459 2888 694 2941 eamque
725 2888 847 2927 cum
879 2874 1149 2929 Dominus
1173 2876 1245 2929 ad
1269 2875 1535 2945 judicium
1553 2876 1779 2944 venerit,

212 2953 469 3012 videndam
499 2975 628 3015 esse
655 2968 868 3030 putant,
893 2959 1099 3018 idcirco
1128 2979 1252 3018 cum
1277 2980 1491 3020 summo
1510 2964 1783 3021 desiderio

212 3040 367 3099 dicunt
393 3064 408 3100 :

267 3131 425 3200 (Vers.
451 3136 565 3206 17.)
601 3139 911 3205 Revertere,
935 3140 1142 3196 similis
1164 3145 1303 3209 esto,
1337 3140 1543 3197 dilecte
1567 3144 1671 3210 mi,
1692 3159 1784 3199 ca-

212 3233 334 3286 preae
361 3222 708 3297 hinnuloque
736 3242 1027 3283 cervorum
1056 3244 1226 3301 super
1250 3234 1475 3286 montes
1498 3231 1709 3286 Bethel.

268 3310 340 3363 t9.
371 3311 416 3364 Α
444 3313 609 3367 nobis
634 3314 865 3371 dilectus
894 3316 1249 3388 corporaliter
1275 3324 1404 3373 tunc
1433 3318 1589 3385 abiit,
1611 3335 1787 3390 quan-

212 3394 267 3449 do
290 3405 400 3467 post
425 3403 877 3459 resurrectionem
907 3404 961 3458 in
990 3405 1188 3460 caelum
1218 3406 1485 3462 ascendit.
1513 3408 1662 3464 Tunc
1692 3424 1786 3462 au-

213 3484 297 3537 tem
337 3496 647 3557 revertetur,
681 3491 895 3560 quando
951 3492 1007 3546 in
1048 3491 1158 3548 ﬁne
1202 3493 1391 3548 mundi
1442 3494 1783 3550 resuscitatis

212 3574 489 3642 corporibus
534 3578 841 3643 hominum,
874 3579 1127 3635 omnibus
1155 3580 1211 3635 in
1256 3580 1469 3649 judicio
1510 3580 1781 3637 manifes-

211 3657 396 3716 tabitur.
414 3661 517 3732 Qui
545 3682 669 3721 vere
698 3666 893 3733 similis
921 3683 1139 3740 capreae
1177 3671 1232 3724 et
1251 3669 1474 3725 hinnulo
1497 3685 1781 3725 cervorum

212 3752 475 3819 apparebit,
495 3755 630 3825 quia
661 3755 718 3808 in
746 3771 906 3812 carne
935 3766 1120 3812 nostra
1150 3757 1376 3813 veniens
1406 3759 1475 3813 ad
1491 3758 1777 3827 judicium,

214 3838 430 3896 omnibus
476 3858 536 3898 se
592 3845 932 3900 monstrabit.
989 3846 1093 3901 Per
1148 3861 1398 3916 capream
1442 3845 1607 3913 enim,
1659 3863 1781 3917 quae

212 3927 436 3983 mundum
467 3941 551 3987 est
582 3932 808 4001 animal,
835 3934 1078 3990 Ecclesia
1119 3935 1453 4007 designatur,
1498 3951 1619 4005 quae
1649 3935 1778 3989 dum

210 4007 253 4064 in
288 4016 580 4076 ccelestibus
610 4029 791 4077 mente
818 4022 1043 4090 habitat,
1076 4023 1231 4093 quasi
1262 4024 1316 4077 in
1346 4022 1619 4078 montibus
1647 4040 1778 4095 pas—

210 4102 337 4160 citur.
369 4108 465 4163 Per
491 4124 688 4166 cervos
714 4118 893 4166 autem
924 4111 1057 4182 quid
1087 4111 1234 4166 aliud
1267 4128 1431 4183 quam
1460 4118 1642 4183 patres
1674 4129 1777 4167 au-

210 4190 316 4262 liqui
341 4195 704 4266 designantur,
763 4214 830 4254 ex
871 4215 1103 4271 quorum
1134 4215 1297 4256 carne
1327 4201 1566 4256 Christus
1593 4209 1774 4271 natus,

209 4286 332 4352 quasi
371 4288 623 4343 hinnulus
661 4303 946 4346 cervorum
1004 4288 1204 4344 monde
1259 4296 1342 4343 est
1377 4290 1777 4360 praesentatus‘l

208 4371 360 4431 Bethel
410 4385 591 4433 autem
648 4378 846 4433 domus
883 4377 983 4432 Dei
1036 4377 1431 4449 interpretatur.
1465 4376 1600 4446 Quae
1630 4377 1771 4433 bene

1877 1816 2129 1872 tenebras
2161 1815 2578 1887 temporalitatis
2589 1818 2658 1885 (ο)
2684 1833 2717 1872 a
2742 1833 2799 1872 se
2820 1817 3038 1873 excutit.
3062 1818 3211 1887 Quas
3232 1835 3339 1891 quo
3360 1837 3483 1892 gra-

1876 1903 2052 1961 viores
2078 1904 2296 1974 patitur,
2329 1919 2393 1959 eo
2423 1904 2720 1960 ferventius
2736 1905 2927 1975 quaerit
2946 1922 3091 1974 eum,
3117 1923 3223 1978 quo
3239 1907 3480 1979 invento,

1877 1987 2130 2049 tenebras
2157 1991 2396 2064 amplius
2422 2008 2533 2047 non
2560 1992 2815 2062 patietur.
2842 1994 2956 2049 Sed
2986 1994 3113 2064 quia
3142 2012 3303 2065 quem
3335 2014 3484 2067 quae-

1875 2080 1965 2145 rit,
1998 2096 2275 2151 nunpuam
2326 2080 2568 2150 perfecte
2625 2080 2679 2135 in
2718 2080 2822 2137 hoc
2852 2082 3055 2136 mundo
3086 2082 3318 2151 invenit,
3350 2084 3477 2143 ideo

1875 2168 2186 2241 subjungit:
2222 2168 2462 2236 Quaesivi
2488 2168 2660 2224 illum
2687 2172 2744 2224 et
2774 2185 2887 2225 non
2918 2170 3133 2225 inveni.
3166 2168 3308 2239 Quia
3336 2187 3466 2229 vero

1879 2257 2115 2312 maximo
2148 2256 2417 2312 desiderio
2446 2264 2657 2324 aestuat,
2690 2264 2743 2312 et
2783 2255 3051 2328 quidquid
3101 2264 3264 2325 tenet,
3297 2259 3351 2314 ei
3375 2276 3486 2316 non

1879 2343 2095 2413 suﬂicit,
2128 2345 2304 2400 donec
2345 2344 2603 2401 dilectum
2647 2343 2908 2413 inveniat,
2938 2344 3062 2401 ideo
3114 2347 3481 2404 constantiam

1834 2465 1837 2469 «
1880 2431 2245 2506 inquisitionis
2275 2433 2574 2505 subjungit,
2607 2432 2792 2489 dicens
2822 2451 2836 2487 :

1961 2523 2115 2591 423
2149 2523 2328 2592 (Vers.
2353 2524 2431 2591 2.)
2454 2522 2726 2593 Surgam,
2744 2522 2988 2579 circuibo
3018 2524 3345 2582 civitatem:
3374 2542 3479 2599 per

1882 2611 2029 2667 vicos
2050 2614 2106 2666 et
2127 2610 2348 2682 plateas
2367 2627 2616 2682 quaram
2644 2626 2807 2683 quem
2836 2611 3045 2684 diligit,
3078 2614 3276 2670 anima
3305 2630 3432 2671 mea
3456 2631 3477 2668 :

1884 2716 2007 2773 qua:
2033 2700 2142 2755 sivi
2168 2697 2361 2766 illum,
2385 2702 2443 2753 et
2473 2715 2589 2754 non
2618 2700 2839 2754 inveni.

1955 2790 2010 2843 2.
2044 2785 2186 2856 Quid
2214 2802 2313 2855 per
2340 2786 2612 2842 civitatem
2640 2785 2696 2841 in
2725 2787 2829 2842 hoc
2852 2786 2993 2855 loco,
3026 2786 3129 2842 nisi
3146 2788 3444 2845 Ecclesium
3472 2807 3486 2854 ;

1889 2875 2019 2947 quid
2049 2892 2147 2947 per
2189 2875 2339 2929 vicos
2383 2874 2638 2942 civitatis,
2672 2874 2777 2929 nisi
2818 2874 3089 2944 spiritales
3118 2893 3362 2947 quosque
3392 2893 3493 2934 ac-

1889 2964 2162 3035 cipimus?
2192 2961 2295 3032 Qui
2327 2962 2456 3017 dum
2487 2963 2563 3033 (d)
2592 2962 2659 3017 ad
2688 2962 2990 3018 Ecclesiam
3022 2971 3131 3019 toto
3160 2966 3324 3021 corde
3352 2982 3494 3039 gra-

1814 3087 1863 3149 C
1893 3053 2135 3122 diuntur,
2186 3059 2472 3123 angustam
2519 3051 2665 3107 viam
2695 3059 2894 3117 tenent,
2927 3067 3032 3121 qua
3063 3052 3136 3107 ad
3164 3054 3327 3108 vitam
3356 3071 3492 3126 per-

1894 3141 2188 3197 ducantur.
2210 3141 2316 3195 Per
2342 3140 2548 3210 plateas
2577 3148 2778 3207 autem,
2798 3140 3087 3196 saeculares
3115 3140 3491 3214 designantur,

1894 3231 1984 3302 qui
2016 3231 2144 3284 dum
2173 3228 2479 3300 voluptates
2508 3245 2629 3283 suas
2659 3228 2854 3283 multas
2881 3237 3199 3301 sequuntur,
3222 3230 3358 3285 latas
3378 3232 3494 3287 vias

1892 3317 2435 3393 gradiuntur.Surgit
2462 3332 2595 3390 ergo
2626 3333 2825 3387 sponsa
2854 3333 2884 3372 e
2915 3326 2967 3372 et
2986 3316 3260 3373 civitatem
3281 3318 3489 3388 circuit,

1893 3407 2019 3477 quia
2073 3405 2313 3478 perfecta
2367 3407 2548 3461 anima
2591 3421 2712 3476 quas
2748 3404 2978 3460 visibilia
3033 3404 3257 3473 fastidit,
3301 3405 3492 3461 omnes

1890 3501 2107 3549 sanctos
2137 3493 2228 3566 qui
2257 3500 2380 3548 sunt
2408 3493 2494 3549 vel
2525 3492 2739 3548 fuerunt
2767 3493 2822 3547 in
2843 3492 3108 3563 Ecclesia,
3142 3499 3322 3549 mente
3351 3510 3489 3550 con-

1890 3583 2073 3653 spicit,
2088 3582 2132 3637 si
2151 3581 2280 3653 quid
2302 3580 2442 3636 forte
2459 3581 2513 3635 in
2532 3596 2718 3636 eorum
2747 3581 2964 3637 actibus
2989 3582 3190 3651 reperit
3210 3581 3355 3653 quod
3371 3582 3492 3639 imi-

1890 3671 2072 3741 tando,
2117 3671 2188 3725 ad
2237 3670 2420 3739 sponsi
2464 3669 2832 3725 inventionem
2871 3669 3162 3740 aliquando
3208 3673 3491 3742 pervenire

1886 3758 2078 3829 possit.
2104 3758 2209 3811 Per
2237 3757 2385 3811 vicos
2414 3763 2593 3811 autem
2624 3764 2676 3810 et
2718 3772 2815 3827 per
2860 3757 3071 3826 plateas
3118 3758 3327 3828 quaerit,
3364 3759 3491 3830 quia

1887 3846 2016 3902 dum
2045 3861 2143 3916 per
2185 3845 2450 3900 bonorum
2500 3843 2856 3898 imitationem
2885 3846 2954 3899 ad
2983 3845 3165 3902 dilecti
3198 3845 3493 3902 familiares

1887 3934 2168 4004 amplexus
2218 3932 2507 4002 pervenire
2549 3932 2768 4004 satagit,
2801 3947 2910 3987 non
2939 3934 3111 3988 solum
3142 3933 3196 3988 in
3225 3934 3493 4005 spiritali-

1889 4023 2006 4092 bus,
2037 4021 2130 4076 sed
2161 4028 2214 4075 et
2240 4021 2295 4074 in
2325 4020 2461 4090 ipsis
2490 4020 2655 4075 etiam
2683 4019 2992 4075 carnalibus
3021 4020 3315 4091 aliquando
3341 4022 3492 4079 inve-

1884 4112 1964 4165 nit
1994 4108 2139 4181 quod
2168 4107 2364 4163 imitari
2396 4107 2560 4181 digne
2580 4108 2771 4179 possit.
2802 4107 2908 4164 Sed
2931 4115 3224 4179 postquam
3244 4109 3489 4165 laborem

1883 4198 2219 4272 geminatum
2272 4196 2590 4266 insinuavit,
2632 4196 2827 4251 iterum
2876 4194 3249 4252 difﬁcultatem
3293 4195 3488 4252 inven-

1883 4287 2044 4343 tionis
2072 4285 2273 4355 subdit,
2304 4285 2491 4341 dicens
2518 4303 2530 4339 :
2569 4286 2809 4354 Quaesivi
2825 4285 3015 4355 illum,
3039 4289 3097 4340 et
3123 4302 3240 4342 non
3267 4285 3484 4341 inveni.

1883 4375 1990 4431 Sed
2019 4374 2150 4430 dum
2180 4373 2376 4444 quaerit
2404 4381 2457 4429 et
2486 4389 2593 4429 non
2622 4372 2851 4443 invenit,
2883 4373 2999 4445 ipsa
3029 4373 3191 4429 etiam
3222 4373 3488 4447 quaeritur

208 4459 413 4519 Ecclesia
460 4466 558 4521 Dei
605 4465 820 4533 dicitur,
862 4466 989 4538 quia
1032 4465 1088 4520 in
1126 4436 1192 4522 ea
1231 4436 1511 4521 Dominus‘
1537 4465 1767 4533 habitat,
1798 4436 1852 4496 Β
1883 4470 1937 4519 et
1964 4436 2255 4529 invenitur,
2288 4470 2341 4517 et
2370 4461 2490 4517 ideo
2521 4462 2777 4517 subditur
2807 4479 2819 4516 :

208 4547 312 4604 dum
337 4568 427 4623 per
455 4553 619 4610 ﬁdem
651 4554 816 4610 corda
845 4561 1005 4610 notra
1052 4554 1366 4609 mundatur.
1408 4555 1585 4625 Super
1608 4570 1775 4609 mon-

209 4640 272 4691 tes
291 4655 409 4714 ergo
437 4643 622 4699 Bethel
651 4642 846 4697 similis
875 4643 1086 4713 capreas
1122 4642 1453 4713 hinnuloque
1482 4657 1771 4698 cervorum

208 4730 490 4796 apparebit;
521 4730 647 4802 quia
676 4732 731 4785 in
760 4747 825 4786 ea
842 4730 1191 4786 humanitatis
1212 4730 1390 4786 forma
1418 4730 1486 4785 ad
1505 4730 1772 4800 judicium

210 4813 374 4881 veniet,
402 4836 566 4891 quam
621 4819 690 4874 ab
718 4819 972 4875 Ecclesia
1009 4818 1262 4889 sumpsit,
1306 4820 1526 4892 quando
1556 4818 1612 4874 in
1668 4820 1771 4875 hoc

211 4904 379 4962 mundo
407 4923 476 4962 ex
504 4915 721 4979 patrum
746 4907 1014 4980 progenie
1043 4908 1199 4978 quasi
1227 4907 1483 4963 hinnulus
1512 4922 1583 4963 ex
1600 4906 1774 4963 cervis

210 4988 399 5048 humilis
425 5003 582 5051 natus
609 4994 731 5051 fuit.
753 4994 858 5065 Qui
885 5012 1015 5052 vero
1044 5004 1099 5052 et
1124 4995 1319 5051 similis
1346 5011 1579 5067 capreae,
1615 5002 1667 5051 et
1687 5011 1775 5051 su-

211 5091 289 5146 per
334 5092 537 5139 montes
589 5082 774 5139 Betbel
813 5084 1115 5156 apparebit,
1143 5085 1266 5157 quia
1308 5101 1376 5140 ex
1423 5083 1775 5140 humanitatis

239 5201 1111 5280 (Qadduntvulgatimisimundgc
1120 5207 1770 5280 animmsilentibushlss.

237 5273 300 5341 (lt)
323 5276 398 5331 Ita
424 5273 709 5349 legitur'in
734 5273 997 5349 jomnibus
1026 5278 1160 5333 Mss.
1198 5283 1267 5333 At
1292 5278 1349 5332 in
1376 5279 1598 5334 Excusis
1631 5297 1642 5333 :
1678 5278 1768 5335 hic

214 5349 386 5420 quippe
401 5348 518 5420 nec:
543 5352 648 5414 est,
668 5348 745 5404 ibi
776 5364 901 5405 vero
931 5348 1049 5420 dies
1064 5349 1195 5420 erit,
1210 5349 1342 5420 quia
1371 5350 1460 5405 hic
1481 5349 1543 5403 in
1568 5349 1775 5406 visione

215 5417 438 5494 veritatis
468 5419 801 5494 caligantia,
831 5420 907 5475 ibi
929 5419 1072 5476 Deus
1091 5417 1358 5492 ipse'tota
1386 5420 1594 5476 veritas
1617 5435 1776 5477 men-

217 5483 337 5541 tibus
359 5483 613 5545 elucebit.

274 5556 581 5631 tc)Vulgati,
604 5558 991 5617 reluctantibus
1021 5560 1270 5618 omnibus
1314 5562 1438 5629 Ms,
1474 5578 1507 5618 a
1550 5578 1609 5620 se
1661 5578 1776 5621 non

1952 4552 2131 4623 (Vers.
2149 4553 2226 4622 3.)
2250 4553 2599 4608 Invenerunt
2624 4567 2712 4607 me
2728 4552 2928 4624 vigiles
2951 4553 3047 4625 qui
3065 4552 3396 4610 custodiunt
3412 4554 3490 4611 ci-

1880 4641 2115 4697 vitatem
2136 4662 2153 4695 .-
2178 4641 2323 4696 Num
2346 4656 2507 4709 quem
2541 4639 2733 4712 diligit
2765 4642 2964 4696 anima
2996 4656 3122 4696 mea
3151 4642 3373 4698 vidistis
3390 4642 3420 4695 .9

1952 4732 2005 4784 3.
2036 4728 2181 4798 Quid
2207 4744 2309 4799 per
2349 4729 2563 4802 vigiles,
2610 4728 2711 4784 nisi
2753 4728 3005 4785 doctores
3046 4730 3303 4786 Ecclesia:
3333 4732 3487 4788 desi-

1879 4818 2153 4891 gnantur?
2185 4816 2289 4886 Qui
2319 4818 2448 4872 dum
2478 4817 2751 4873 lucrandis
2782 4818 3066 4874 animabus
3111 4826 3165 4874 et
3193 4820 3406 4890 scriptis
3435 4828 3491 4875 et

1880 4906 2039 4961 dictis
2067 4904 2378 4976 invigilant,
2409 4905 2506 4962 ubi
2535 4904 2793 4962 desiderii
2822 4907 3209 4979 aliquantulum
3227 4906 3483 4984 sentiunt,

1880 5002 2234 5068 augmentare
2262 4995 2329 5051 ad
2361 4993 2554 5050 melius
2579 5010 2855 5068 nunquam
2885 4997 3121 5051 cessant.
3140 4994 3207 5049 Hi
3229 5007 3483 5064 sponsam

1879 5092 2213 5156 quaerentem
2261 5082 2563 5151 inveniunt,
2588 5083 2719 5157 quia
2756 5083 2903 5155 piam
2934 5082 3172 5137 animam
3210 5079 3480 5136 Christum

1881 5210 2123 5266 excutit.
2152 5207 2334 5265 Lectio
2363 5215 2570 5273 nostra,
2593 5208 2691 5263 etsi
2720 5206 2893 5275 prima
2923 5204 3118 5275 fronte,
3142 5203 3362 5275 veritate
3389 5219 3479 5259 ca-

1881 5296 2001 5336 rere
2046 5278 2310 5343 videatur,
2343 5287 2423 5335 est
2469 5286 2649 5332 tamen
2693 5272 2892 5341 verior,
2936 5274 3095 5345 juxta
3138 5274 3194 5328 S.
3227 5272 3482 5345 Gregorii

1882 5357 2141 5411 mentem.
2159 5349 2338 5404 anima
2356 5349 2498 5405 enim
2514 5364 2638 5421 quq:
2651 5361 2850 5421 omnes
2872 5344 3074 5421 mundi
3092 5344 3481 5421 perturbatio-

1882 5437 1985 5498 ηεξ
2006 5423 2235 5498 fugiens
2260 5415 2534 5476 lectulum'
2554 5418 2659 5498 sivi
2688 5417 2853 5498 facit,
2879 5415 3132 5498 tenebras
3161 5416 3482 5498 temporali-

1883 5488 2014 5548 tatis'
2035 5488 2295 5563 perfecte,
2321 5497 2578 5563 quantum
2610 5489 2665 5563 in
2690 5488 2811 5563 ipsa
2840 5493 2939 5563 est,
2973 5503 3004 5542 a
3033 5502 3092 5543 se
3118 5488 3347 5545 excutit.

1956 5557 2390 5635 (d)'Excusi,qui
2418 5561 2552 5617 dum
2583 5558 2657 5616 ad
2688 5557 2938 5617 scelesti.
