3996 6164
499 399 602 452 503
1710 391 1955 449 SANCTI
1995 388 2337 445 GREGORII
2376 387 2600 443 MAGNI
3671 393 3759 445 504

496 512 743 574 invenire
771 523 1107 591 satagentem
1141 517 1434 588 excipiunt,
1465 523 1517 571 et
1547 524 1605 571 ut
1648 515 1808 571 citius
1837 513 2095 579 inveniat,
2127 510 2181 570 A
2210 510 2362 567 sicut
2378 510 2601 582 virgula
2617 514 2769 584 fumi
2789 530 2863 570 ex
2881 514 3226 572 aromatibus
3241 514 3494 585 myrrha,
3510 517 3562 569 et
3579 513 3761 577 thuris.

496 606 782 679 praeceptis
822 606 1107 673 instruunt,
1143 606 1413 677 exemplis
1448 606 1769 662 accendunt.
1803 602 1953 672 Quos
2006 601 2100 657 illa
2208 604 2265 657 et
2293 601 2549 657 universi
2568 603 2817 675 pulveris
2847 604 3224 676 pig-mentarii
3246 603 3275 656 ?

494 695 861 768 interrogans,
888 695 1021 752 dicit
1046 713 1058 750 :
1086 697 1229 752 Num
1258 710 1423 768 quem
1452 694 1637 765 diligit
1658 693 1855 749 anima
1876 707 2003 747 mea
2024 691 2103 746 vi-
2282 692 2335 744 7.
2367 691 2429 744 In
2460 691 2674 747 deserto
2705 691 2906 764 itaque,
2940 693 2995 747 in
3018 693 3121 749 hoc
3158 691 3356 748 mundo
3394 690 3637 758 Ecclesia,
3664 691 3766 748 sive

497 783 664 839 dictis
685 788 709 839 ἵ
732 785 872 839 Bene
900 799 994 840 eos
1024 800 1224 854 sponsa
1244 784 1577 854 interrogare
1597 782 1809 850 dicitur,
1831 780 1957 850 quia
1972 780 2102 835 dum
2210 786 2395 834 sancta
2426 796 2657 852 quaeque
2682 782 2864 836 anima
2893 781 3043 847 vivit,
3075 781 3204 836 dum
3227 798 3258 837 a
3288 796 3450 854 regno
3480 780 3621 835 exsul
3644 780 3767 835 inter

496 887 683 929 eorum
713 873 914 943 scripta
943 872 1026 928 vel
1058 872 1227 929 verba
1283 871 1534 945 vigilanti
1573 870 1756 926 animo
1788 876 2100 940 perscruta-
2210 865 2428 937 bestias,
2462 868 2739 925 daemones
2770 870 3034 940 videlicet,
3058 869 3231 942 degit.
3270 870 3367 925 Hic
3394 868 3530 925 enim
3557 867 3649 923 etsi
3672 883 3769 923 non

500 967 604 1027 tur,
634 969 885 1031 tanquam
935 960 1288 1032 prmeentibus
1344 961 1505 1015 etiam
1562 958 1876 1015 absentibus
1934 958 2105 1012 animi
2210 956 2432 1012 omnino
2464 974 2495 1013 a
2524 974 2730 1031 sponso
2762 959 3043 1029 deseritur,
3063 967 3241 1015 tamen
3270 957 3395 1014 dum
3424 959 3476 1013 in
3503 971 3653 1013 carne
3675 963 3764 1025 est,

499 1048 803 1105 intentione
828 1048 1076 1119 loquens,
1119 1049 1250 1122 quid
1270 1049 1338 1105 de
1360 1048 1569 1104 Christo
1590 1046 1874 1115 senserint,
1913 1046 2107 1102 scisci-
2212 1045 2457 1100 nondum
2487 1048 2556 1101 ad
2584 1056 2784 1102 certam
2813 1048 2927 1117 ejus
2945 1049 3210 1106 visionem
3239 1047 3545 1111 admittitur,
3567 1045 3684 1100 dum
3710 1043 3771 1098 ab

500 1142 659 1192 tatur.
685 1137 826 1206 Quia
852 1153 980 1194 vero
1011 1138 1138 1192 dum
1168 1137 1224 1192 in
1255 1152 1348 1193 eos
1376 1136 1623 1204 intendit,
1643 1151 1916 1206 nunquam
1947 1150 2109 1207 spon-
2216 1149 2281 1189 eo
2310 1151 2408 1206 per
2434 1135 2620 1190 exsilia
2651 1145 2706 1192 et
2743 1137 3064 1193 tentationes
3099 1137 3492 1209 peregrinatur,
3522 1134 3639 1204 quia
3666 1133 3778 1186 dum

504 1240 622 1280 sum
653 1226 876 1295 invenit,
906 1234 1301 1297 consequenter
1329 1224 1611 1297 subjungit
1642 1241 1654 1278 :
2218 1224 2396 1279 adhuc
2424 1239 2545 1279 cum
2572 1241 2635 1280 eo
2667 1241 2772 1280 non
2804 1235 3012 1299 regnat,
3045 1226 3222 1282 deseri
3253 1226 3323 1280 ab
3351 1240 3413 1280 eo
3451 1223 3546 1278 sibi
3574 1222 3779 1278 videtur.

585 1315 767 1384 (Vers.
800 1316 880 1386 4.)
902 1314 1207 1372 Paululum
1237 1332 1368 1371 cum
1401 1314 1844 1387 pertransissem
1870 1328 1981 1383 eos,
2014 1314 2111 1369 in-
2221 1312 2306 1368 Ob
2337 1313 2438 1368 hoc
2467 1329 2684 1383 semper
2726 1314 2943 1369 laborat
2991 1324 3045 1369 ut
3080 1314 3355 1381 ascendat,
3380 1321 3437 1368 ut
3472 1327 3619 1384 quem
3648 1307 3788 1363 valde

516 1403 643 1459 veni
671 1420 831 1476 quem
862 1404 1049 1476 diligit
1075 1404 1274 1460 anima
1302 1419 1449 1459 mea.
2220 1401 2422 1473 diligit,
2455 1403 2632 1473 magis
2679 1419 2741 1458 ac
2789 1404 2967 1475 magis
2996 1402 3207 1472 sentiat,
3254 1410 3513 1472 quatenus
3560 1398 3789 1469 quoniam

587 1492 642 1546 4.
677 1490 957 1547 Paululum
995 1492 1191 1564 vigiles
1241 1492 1447 1560 transit,
1478 1498 1531 1545 ct
1584 1489 1843 1546 dilectum
1891 1489 2115 1557 invenit,

521 1578 647 1651 quia
675 1579 805 1635 dum
835 1596 930 1636 eos
956 1596 1126 1651 puros
1156 1580 1406 1637 homines
1432 1595 1550 1635 esse
1579 1580 1799 1651 c0gitat,
1833 1578 1901 1632 ad
1929 1577 2121 1634 divini-

521 1675 682 1723 tatem
726 1676 964 1723 mentem
1006 1668 1184 1742 erigit,
1230 1668 1414 1739 ibique
1458 1683 1717 1738 sponsum
1755 1683 1911 1722 suum
1958 1682 2122 1737 supra

519 1756 771 1812 homines
800 1757 943 1811 Patri
974 1756 1244 1828 aequalem
1274 1757 1573 1828 cognoscit.
1607 1754 1779 1825 Quem
1810 1764 1935 1811 tunc
1963 1755 2120 1811 inve-

2223 1490 2462 1559 perfecte
2493 1506 2614 1545 eum
2646 1491 2699 1544 in
2730 1491 2944 1547 deserto
2997 1507 3106 1547 non
3158 1499 3327 1558 tenet,
3363 1489 3446 1545 vel
3474 1489 3527 1543 in
3556 1488 3663 1558 ipso
3689 1487 3792 1556 ejus

2226 1578 2501 1634 desiderio
2532 1593 2591 1633 se
2623 1578 2847 1648 reﬁciat,
2879 1588 2937 1635 ut
2966 1580 3045 1635 sic
3075 1580 3127 1634 in
3158 1580 3246 1635 via
3275 1578 3540 1644 roborata,
3571 1575 3794 1648 quando-

2227 1682 2331 1737 que
2388 1667 2454 1721 ad
2510 1668 2615 1721 hoc
2670 1669 2813 1739 quod
2871 1669 2963 1723 diu
3008 1668 3344 1739 concupivit,
3389 1666 3650 1737 perveniat
3684 1664 3802 1719 Sunt

2227 1755 2428 1832 quippe
2478 1755 2722 1824 nonnuli,
2755 1757 2845 1829 qui
2877 1757 3005 1811 dum
3037 1757 3221 1813 omnia
3249 1755 3486 1813 visibilia
3516 1752 3789 1819 fastidiunt,

521 1844 664 1900 uisse
692 1861 751 1900 se
782 1845 933 1913 dicit,
965 1861 1086 1900 cum
1132 1844 1336 1899 sanctis
1381 1844 1659 1899 laboribus
1688 1844 1893 1915 adjuta,
1925 1844 1979 1898 in
2008 1845 2124 1913 ejus
2156 1859 2210 1919 Β
2236 1850 2473 1898 mentem
2504 1844 2557 1897 in
2588 1845 2826 1900 caelestia
2856 1846 3090 1918 erigunt,
3119 1853 3173 1900 et
3220 1844 3345 1915 quia
3386 1845 3440 1897 in
3476 1841 3662 1896 inﬁmis
3688 1837 3805 1893 nihil

524 1929 823 1989 divinitatis
853 1934 1151 1990 claritatem
1182 1936 1398 1990 oculum
1428 1931 1551 1988 ﬁdei
1584 1942 1841 2004 tanquam
1872 1949 1972 2003 per
2000 1949 2129 2003 spe-

522 2022 705 2077 culum
751 2023 1172 2092 contemplando
1225 2022 1622 2092 aliquantulum
1652 2019 1788 2092 ﬁgit.
1820 2020 1975 2091 Quod
2006 2029 2128 2076 tan-

523 2110 697 2166 tillum
744 2118 947 2184 quanta
986 2110 1242 2167 aviditate
1297 2109 1495 2165 mentis
1541 2109 1818 2181 suscipiat,
1872 2111 2127 2169 ostendit.

524 2200 710 2256 dicens
743 2218 755 2253 :

597 2289 772 2359 (Vers.
807 2289 883 2359 ι.)
912 2290 1087 2345 Tenui
1109 2304 1239 2345 eum
1272 2304 1376 2344 nec
1407 2288 1723 2357 dimittam,
1749 2288 1924 2344 donec
1947 2289 2135 2344 intro-

523 2378 725 2434 ducam
746 2375 911 2433 illum
934 2378 994 2433 in
1013 2376 1239 2433 domum
1262 2378 1468 2433 matri:
1486 2392 1646 2445 meae,
1661 2380 1716 2432 et
1733 2377 1794 2432 in
1812 2377 2136 2434 cubiculum

519 2468 809 2539 genitricis
832 2482 991 2521 mete.

593 2558 654 2609 5.
694 2554 859 2609 Mater
885 2552 1145 2609 Ecclesiae
1169 2553 1460 2625 Synagoga
1491 2552 1736 2619 exstitit;
1772 2552 1899 2623 quia
1919 2569 1986 2609 ex
2019 2554 2138 2625 ipsa

528 2649 745 2696 sanctos
774 2641 1160 2711 praedicatores
1188 2640 1392 2707 habuit,
1435 2656 1466 2695 a
1511 2641 1704 2711 quibus
1731 2643 1956 2698 verbum
1986 2644 2137 2698 veri-

530 2728 657 2784 tatis
685 2728 941 2800 suscepit,
972 2744 1072 2799 per
1118 2728 1260 2798 quod
1305 2729 1359 2782 in
1389 2727 1495 2785 ﬁde
1525 2736 1848 2803 regenerata
1877 2731 1997 2786 fuit.
2032 2733 2140 2787 Te-

530 2824 623 2873 net
649 2832 785 2889 ergo
817 2832 1072 2888 sponsum
1104 2817 1351 2873 Ecclesia
1389 2817 1563 2874 donec
1601 2819 1656 2872 in
1696 2819 1916 2875 domum
1958 2821 2141 2876 matris

528 2921 654 2962 eum
696 2905 1017 2971 introducet,
1045 2906 1176 2977 quia
1204 2922 1382 2976 usque
1408 2907 1464 2961 in
1506 2905 1667 2962 ﬁnem
1698 2908 1885 2963 mundi
1917 2908 1986 2962 ab
2020 2909 2142 2978 ejus

531 2993 641 3050 ﬁde
669 3001 722 3049 et
752 3009 937 3050 amore
983 3009 1092 3049 non
1139 2994 1357 3060 recedit,
1392 2994 1567 3051 donec
1608 2995 1676 3050 ad
1716 2993 1879 3051 ﬁdem
1921 2997 2142 3053 Judaaos

531 3081 792 3137 adducat.
828 3083 951 3138 Non
981 3083 1127 3152 quod
1153 3092 1339 3152 postea
1376 3083 1633 3147 recedat;
1667 3084 1869 3156 quippe
1901 3100 2060 3155 quem
2082 3085 2139 3140 in

529 3170 718 3226 exsilio
747 3170 941 3243 diligit,
974 3170 1030 3224 in
1085 3171 1257 3241 patria
1285 3171 1478 3227 videns
1500 3170 1735 3244 amplius
1766 3173 1993 3229 amabit.
2026 3173 2135 3229 Sed

529 3259 598 3314 de
628 3258 722 3313 illo
750 3266 999 3330 tempore
1028 3259 1155 3313 dicit
1205 3259 1414 3326 debuit,
1448 3260 1516 3314 de
1560 3275 1667 3329 quo
1723 3276 1753 3314 a
1809 3261 2135 3331 quibuslibet

529 3332 752 3419 prepter
780 3346 1105 3403 obsistentes
1134 3347 1453 3402 tentationes
1482 3346 1716 3402 dubitari
1736 3348 1930 3419 potuit.
1950 3351 2011 3404 In
2041 3351 2136 3407 do-

531 3452 681 3491 mum
727 3450 862 3509 ergo
904 3435 1096 3490 matris
1151 3434 1406 3490 dilectum
1464 3435 1787 3503 introducet,
1820 3438 2033 3508 quando
2082 3440 2137 3494 in

531 3523 640 3579 ﬁne
666 3523 856 3579 mundi
886 3523 1128 3579 Ecclesia
1158 3539 1254 3594 per
1270 3522 1711 3594 praedicationem
1743 3526 1911 3593 424
1943 3525 1997 3581 in
2025 3526 2137 3598 ple-

534 3612 660 3668 bem
685 3612 962 3682 judaicam
994 3612 1297 3668 Christiana
1336 3616 1681 3668 sacramenta
1732 3614 2008 3670 immittet.
2079 3616 2137 3669 in

531 3699 841 3757 cubiculum
871 3708 1051 3756 autem
1081 3700 1231 3772 quasi
1262 3701 1319 3755 in
1338 3701 1684 3757 secretiorem
1710 3710 1918 3773 partem
1942 3702 2136 3759 domus

533 3805 654 3845 eum
686 3788 1010 3854 introducet,
1042 3789 1168 3861 quia
1196 3805 1264 3845 ex
1301 3789 1491 3845 eadem
1539 3790 1698 3860 plebe
1746 3789 1823 3845 ita
1866 3791 2133 3862 plurimos

533 3884 829 3946 convertet,
860 3885 916 3931 ut
943 3893 1139 3933 omnes
1170 3878 1355 3933 mundi
1385 3878 1626 3933 sarcinas
1655 3878 1940 3949 abjiciant,
1975 3888 2028 3934 et
2081 3881 2137 3936 in

536 3966 744 4020 intimis
771 3966 1190 4038 cogitationibus
1219 3966 1321 4022 soli
1338 3967 1453 4021 Deo
1480 3965 1700 4036 placere
1730 3968 2135 4038 concupiscant.

537 4054 917 4124 Hujuscemodi
946 4054 1193 4110 homines
1212 4053 1519 4110 cubiculum
1548 4055 1745 4110 facient
1774 4072 1994 4127 sponso,
2015 4058 2140 4129 quia

537 4142 666 4198 dum
696 4158 729 4198 a
773 4158 832 4198 se
860 4159 1051 4199 omnes
1093 4143 1279 4199 sordes
1321 4143 1629 4214 cupiditatis
1673 4144 1952 4214 abjicient,
1988 4146 2141 4217 quasi

537 4239 805 4288 secretum
833 4232 1013 4288 locum
1040 4235 1095 4286 in
1125 4240 1308 4289 mente
1338 4231 1393 4286 in
1431 4248 1538 4303 quo
1569 4232 1881 4301 delectetur,
1912 4249 2143 4304 compo-

537 4328 690 4377 nent.
732 4322 781 4376 A
812 4336 1042 4393 quorum
1084 4320 1473 4393 inquietatione
1524 4321 1580 4375 in
1626 4320 1707 4377 eis
1750 4321 2147 4377 delectabiliter

538 4426 774 4482 pausans
803 4424 1052 4480 sponsus,
1081 4408 1359 4479 improbos
1386 4408 1641 4478 prohibet
1670 4408 1859 4463 dicens
1890 4428 1903 4463 :

613 4499 797 4567 (Vers.
816 4497 897 4564 5.)
918 4498 1130 4566 Adiuro
1153 4513 1265 4563 vos,
1287 4497 1422 4565 ﬁliae
1441 4498 1775 4563 Jerusalem,
1794 4514 1896 4568 per
1916 4515 2147 4571 capreas

2238 1931 2381 2003 quod
2411 1930 2488 1987 eis
2516 1931 2805 2001 dulcescat,
2827 1932 3188 2004 conspiciunt,
3225 1941 3392 1989 totum
3423 1946 3516 1987 cor
3541 1930 3608 1984 ad
3637 1942 3807 1995 super-

2244 2036 2315 2074 na
2369 2029 2702 2076 convertunt.
2760 2022 2827 2076 Hi
2878 2022 2948 2076 ab
3000 2022 3253 2077 omnibus
3300 2020 3456 2077 malis
3486 2017 3713 2075 moribus
3760 2028 3809 2069 se

2247 2118 2468 2177 exuunt,
2500 2124 2723 2164 censum
2782 2110 2967 2164 mundi
3024 2126 3148 2166 cum
3204 2108 3547 2181 cupiditabus
3590 2112 3811 2162 contem-

2245 2205 2397 2263 nunt,
2430 2213 2525 2268 spe
2551 2199 2620 2252 ad
2646 2198 2938 2253 invisibilia
2970 2199 3210 2267 tendunt,
3252 2206 3307 2254 et
3334 2213 3440 2271 quo
3468 2193 3704 2266 ampliori
3737 2190 3816 2245 de-

2244 2285 2445 2341 siderio
2491 2287 2599 2340 illis
2649 2286 2929 2355 inhaerent,
2962 2303 3027 2343 eo
3056 2288 3231 2359 magis
3279 2303 3347 2342 ac
3402 2285 3573 2356 magis
3600 2280 3816 2337 modeste

2245 2374 2646 2443 corruptionem
2691 2378 2867 2430 ferunt
2917 2392 3077 2448 quam
3109 2376 3338 2431 habent.
3378 2374 3443 2428 Hi
3470 2371 3706 2427 nimirum
3732 2382 3817 2438 per

2247 2461 2517 2517 desertum
2549 2464 2865 2529 ascendunt,
2900 2464 3027 2533 quia
3055 2464 3180 2518 dum
3226 2463 3283 2518 in
3332 2463 3439 2518 hoc
3476 2458 3666 2516 mundo
3694 2457 3820 2510 inter

2251 2550 2575 2606 tentationes
2604 2552 2814 2617 vivunt,
2849 2568 2954 2622 quo
3012 2552 3246 2622 amplius
3296 2553 3425 2607 dum
3457 2550 3541 2604 hic
3568 2551 3819 2602 morantur

2251 2639 2425 2694 deseri
2456 2648 2722 2708 metuunt,
2756 2656 2821 2695 eo
2880 2640 3099 2711 quidem
3144 2641 3335 2695 fortius
3362 2640 3466 2696 ista
3495 2637 3748 2697 deserunt,
3776 2636 3822 2685 et

2250 2726 2541 2782 ferventius
2570 2728 2640 2783 ad
2668 2727 2757 2782 illa
2787 2729 3126 2800 gradiuntur,
3159 2729 3213 2783 in
3243 2729 3439 2800 quibus
3475 2740 3592 2781 cum
3623 2720 3819 2784 iuerint,

2247 2815 2380 2870 nihil
2410 2816 2644 2887 amplius
2673 2817 2817 2886 quod
2848 2833 2943 2873 eos
2972 2821 3242 2884 amoveat,
3268 2819 3391 2887 jam
3428 2814 3696 2870 timebunt.

2320 2905 2380 2959 8.
2420 2906 2570 2960 Bene
2602 2914 2781 2961 autem
2813 2907 2949 2961 sicut
2973 2906 3184 2978 virgula
3212 2902 3643 2961 fumiascendere
3658 2898 3822 2953 dicun-

2251 3001 2355 3062 tur,
2372 2992 2495 3063 quia
2516 3001 2566 3048 et
2582 2994 2806 3049 odorem
2831 2994 2989 3049 bonae
3008 2995 3193 3063 famae,
3209 3007 3266 3049 et
3280 2993 3635 3049 subtilitatem
3652 2982 3824 3043 mentis

2251 3082 2452 3137 habere
2483 3082 2751 3137 dicuntur.
2783 3083 2905 3137 Non
2947 3092 3125 3138 autem
3156 3082 3522 3153 quarumlibet
3548 3092 3718 3133 rerum
3746 3071 3823 3128 fu.

2252 3186 2371 3224 mus
2400 3169 2499 3224 iste
2528 3186 2643 3226 esse
2672 3170 2886 3238 dicitur,
2916 3170 3011 3226 sed
3039 3186 3103 3226 ex
3153 3170 3492 3226 aromatibus
3522 3166 3755 3238 myrrhae.
3781 3165 3828 3214 εί

2246 3258 2435 3324 thuris,
2478 3267 2531 3313 et
2559 3259 2796 3313 universi
2825 3259 3065 3329 pulveris
3103 3258 3458 3330 pigmentarii
3485 3257 3704 3312 existere
3734 3249 3824 3304 de-

2247 3347 2505 3401 claratur.
2559 3347 2781 3418 Myrrha
2825 3348 3028 3420 quippe
3071 3356 3403 3404 mortuorum
3451 3356 3679 3415 corpora
3703 3352 3823 3395 con-

2246 3434 2469 3488 diuntur
2522 3451 2592 3490 ne
2635 3443 2963 3505 putrescant,
2998 3436 3152 3491 thura
3206 3452 3343 3492 vero
3392 3432 3743 3490 accenduntur
3777 3432 3827 3480 ut

2246 3523 2546 3578 redoleant.
2603 3524 2710 3579 Per
2758 3527 3033 3595 myrrham
3088 3540 3222 3598 ergo
3278 3523 3462 3580 carnis
3516 3513 3828 3576 mortiﬁcatio

2246 3612 2509 3683 signatur,
2544 3627 2642 3682 per
2680 3613 2805 3667 thus
2832 3628 2962 3668 vero
3018 3614 3325 3669 orationum
3360 3609 3622 3668 munditia
3649 3602 3827 3661 intelli-

2248 3698 2415 3768 gitur.
2458 3699 2664 3756 Sancta
2692 3700 2858 3773 igitur
2884 3701 3066 3756 anima
3094 3702 3222 3756 dum
3251 3716 3472 3756 carnem
3510 3713 3653 3753 suam
3680 3710 3709 3750 a
3734 3707 3828 3763 pu-

2245 3788 2459 3844 tredine
2486 3788 2737 3844 vitiorum
2767 3789 3074 3855 mortiﬁcat,
3091 3790 3219 3844 dum
3250 3805 3443 3845 omnes
3470 3785 3653 3843 mundi
3670 3781 3833 3850 volup-

2248 3884 2384 3933 tates
2412 3893 2509 3948 per
2530 3876 2919 3933 continentiam
2951 3878 3207 3950 abnegat,
3233 3878 3388 3948 quasi
3411 3888 3668 3948 myrrram
3696 3867 3833 3925 mori-

2252 3977 2375 4021 turo
2404 3965 2621 4037 corpori
2649 3966 2888 4035 adhibet,
2918 3973 2978 4021 ut
3005 3974 3126 4038 post
3144 3966 3420 4036 judicium
3451 3980 3486 4020 a
3513 3958 3831 4031 corruptione

2253 4062 2458 4108 {eterna
2488 4070 2676 4108 sanum
2708 4062 3049 4125 permaneat.
3089 4054 3222 4109 Cum
3251 4070 3389 4110 vero
3418 4069 3477 4109 se
3515 4052 3581 4107 ad
3616 4043 3832 4106 scelestis

2250 4141 2446 4212 majori
2474 4142 2748 4197 desiderio
2783 4142 3050 4198 accendit.
3083 4145 3248 4211 425
3277 4152 3333 4198 et
3361 4139 3590 4198 acordis
3610 4132 3832 4194 cubiculo

2251 4245 2442 4285 omnes
2473 4230 2772 4301 superﬂuas
2797 4230 3156 4304 cogitationes
3187 4232 3464 4287 ferventer
3483 4227 3682 4299 abjicit,
3700 4217 3835 4297 quasi

2257 4318 2587 4373 thuribulum
2636 4333 2732 4375 cor
2781 4335 2944 4374 suum
2973 4334 3155 4374 coram
3184 4321 3299 4375 Deo
3330 4318 3484 4375 facit.
3514 4319 3572 4371 In
3600 4328 3699 4386 quo
3724 4311 3836 4365 dum

2258 4422 2358 4477 per
2405 4407 2756 4462 dilectionem
2794 4407 3019 4463 virtutes
3062 4416 3385 4480 congregat,
3418 4405 3577 4478 quasi
3605 4402 3840 4459 carbones

2256 4494 2309 4549 in
2340 4496 2615 4551 thuribulo
2644 4502 2874 4567 coaptat,
2924 4496 2983 4551 in
3038 4512 3145 4567 quo
3188 4496 3424 4568 seipsam
3455 4509 3606 4550 meus
3635 4491 3686 4546 in
3712 4501 3836 4544 con-

543 4599 842 4655 cervosque
870 4599 1222 4655 camporum,
1245 4600 1319 4640 ne
1347 4584 1657 4653 suscitatis,
1681 4600 1860 4657 neque
1877 4559 2148 4658 evigilare
2172 4559 2226 4620 D
2259 4592 2444 4654 spectu
2474 4584 2574 4639 Dei
2603 4586 2730 4656 igne
2758 4585 3028 4641 charitatis
3050 4585 3333 4641 accendat.
3362 4586 3610 4655 Dumque
3640 4579 3837 4634 ferven-

542 4672 778 4743 faciatis
805 4671 1095 4737 dilectam,
1119 4671 1294 4727 donec
1327 4674 1451 4744 ipsa
1492 4673 1647 4728 velit.

620 4761 671 4814 6.
695 4758 755 4813 In
786 4760 890 4815 hoc
918 4759 1102 4830 utique
1133 4759 1392 4829 ostendit,
1426 4760 1551 4830 quia
1580 4760 1822 4830 ejusdem
1854 4763 2148 4833 perfectio-

544 4848 628 4904 nis
656 4849 920 4921 quosdam
953 4848 1022 4903 de
1051 4848 1346 4921 Synagoga
1393 4856 1511 4920 post
1552 4850 1963 4906 conversionem
1994 4851 2148 4908 inve-

543 4937 676 5007 niet,
708 4936 861 5007 cujus
889 4936 957 4991 de
987 4935 1230 4991 Ecclesia
1249 4952 1410 5007 quam
1432 4935 1716 5007 plurimos,
1744 4938 1939 4993 dumin
1961 4954 2147 4994 eorum

545 5025 725 5099 quiete
763 5024 1010 5081 similiter
1045 5024 1360 5093 delectatur,
1393 5023 1465 5077 ab
1505 5024 1585 5079 eis
1606 5026 1684 5096 (α)
1724 5025 2143 5098 inquietatorem

542 5114 814 5187 prohibet,
837 5114 974 5169 sicut
993 5113 1061 5167 ab
1089 5112 1333 5169 Ecclesia
1354 5112 1653 5183 prohibuit.
1676 5114 1989 5170 Introducta
2009 5131 2144 5188 ergo

542 5205 616 5260 ad
645 5203 809 5260 ﬁdem
838 5203 1151 5276 Synagoga,
1169 5201 1426 5258 Ecclesiae
1443 5208 1679 5257 mentem
1701 5218 1800 5272 per
1828 5218 1994 5274 Opera
2022 5220 2144 5275 quae

545 5289 718 5358 videt,
747 5288 1033 5358 conspicit,
1067 5294 1119 5341 et
1164 5284 1550 5342 sublimitatem
1603 5286 1715 5355 ejus
1761 5287 1920 5342 valde
1962 5287 2143 5342 admi-

762 5393 852 5430 lClI.
883 5393 895 5430 ε

762 5394 775 5430 ι
883 5393 895 5430 :

544 5377 894 5537 Μέῗῖεῗεῗέ.)
919 5464 1056 5531 Qum
1074 5469 1160 5523 est
1182 5466 1293 5521 ista
1316 5481 1439 5538 qua
1457 5464 1684 5522 asendit
1701 5481 1804 5537 per
1833 5465 2138 5535 desertum,

2260 4679 2338 4727 tes
2359 4681 2411 4727 et
2450 4674 2680 4727 mundae
2724 4674 2996 4729 orationes
3028 4673 3098 4728 ad
3127 4674 3297 4729 Deum
3338 4672 3553 4739 emittit,
3583 4666 3726 4739 quasi
3756 4663 3834 4717 lu—

2261 4776 2406 4814 mum
2436 4768 2737 4815 aromatum
2760 4777 2829 4815 ex
2853 4760 3127 4817 thuribulo
3157 4760 3359 4829 educit,
3383 4772 3440 4815 ut
3462 4775 3643 4814 coram
3659 4753 3835 4809 dilecto

2257 4864 2427 4903 suave
2446 4848 2709 4918 redoleat,
2730 4857 2784 4904 et
2810 4849 3086 4920 proximos
3111 4865 3356 4922 quosque
3374 4848 3445 4904 ad
3474 4849 3590 4916 ejus
3617 4852 3836 4899 amorem

2257 4953 2356 5006 per
2382 4937 2527 4992 bona
2556 4938 2807 5008 exempla
2841 4937 3116 4994 concitare
3143 4954 3249 4993 non
3277 4937 3510 4992 desinat.
3536 4934 3641 4990 Sed
3669 4936 3836 4985 notan-

2256 5025 2384 5080 dum
2429 5024 2573 5097 quod
2627 5041 2735 5079 non
2792 5026 2864 5080 ait
2892 5026 3126 5081 universi
3164 5025 3453 5097 pigmenti,
3493 5022 3589 5077 sed
3622 5011 3838 5075 universi

2256 5114 2493 5183 pulveris
2509 5114 2875 5185 pigmentarii.
2903 5114 3187 5185 Pigmenta
3203 5113 3407 5185 quippe
3428 5112 3675 5173 facimus,
3690 5118 3838 5176 quan-

2255 5201 2324 5258 do
2353 5202 2576 5258 virtutes
2603 5218 3005 5275 congregamus
3035 5203 3091 5256 in
3110 5202 3295 5257 corde.
3315 5200 3550 5270 Quando
3571 5212 3692 5252 vero
3711 5194 3839 5263 ipsas

2253 5298 2468 5346 nostras
2487 5290 2707 5346 virtutes
2726 5308 2824 5362 per
2850 5291 3067 5363 singula
3096 5306 3322 5361 quaeque
3350 5303 3521 5359 opera
3549 5279 3841 5357 diligentius

2252 5386 2620 5448 retractemus,
2653 5395 2722 5433 ne
2778 5379 2913 5449 quid
2967 5378 3021 5432 in
3061 5378 3319 5447 Operibus
3353 5374 3554 5431 nostris
3596 5370 3838 5426 incultum

2254 5475 2553 5537 remaneat,
2586 5482 2653 5523 ne
2694 5466 2835 5525 inter
2873 5467 3099 5524 virtutes
3138 5466 3327 5521 vitium
3356 5464 3539 5532 lateat,
3571 5469 3693 5516 tunc
3720 5468 3840 5529 pro-

609 5666 692 5738 (a)
721 5664 1076 5740 Rothomag.,
1107 5671 1592 5742 inquietationem
1617 5688 1636 5723 :
1665 5671 1847 5728 Lectio
1875 5670 2118 5742 priorum
2150 5669 2433 5728 Editorum
2465 5669 2742 5742 paululum
2768 5678 2855 5727 est
2889 5669 3128 5729 diversa.
