3996 6164
281 380 374 433 505

936 377 1156 432 SUPER
1192 378 1496 434 CANTICA
1535 380 1984 436 CANTICORUM
2027 381 2419 437 EXPOSITIO.
2462 414 2528 422 —
2569 386 2727 439 CAP.
2777 386 2874 438 Ill.

3453 383 3558 438 δοῦ

279 503 360 559 cul
388 500 544 557 dubio
573 502 851 574 unguenta
880 501 1132 558 virtutum
1170 503 1324 575 quasi
1352 503 1406 559 in
1436 504 1711 574 pulverem
1747 513 1854 559 tun-
1882 509 1938 568 A
1966 507 2108 577 quia,
2141 507 2526 576 secundum(a)
2547 507 3024 576 praescientiaasuaa
3045 508 3292 578 gratiam,
3317 506 3560 562 Christus

279 592 456 658 dimus,
483 595 542 644 ut
571 606 637 645 eo
659 590 948 646 mundiora
995 592 1103 648 sint
1123 608 1290 662 opera
1313 601 1516 663 nostra,
1544 610 1652 665 quo
1675 594 1858 648 subti-

276 679 368 734 lius
393 695 455 734 ea
483 679 553 734 ab
581 679 727 734 omni
760 679 1107 750 subreptione
1128 681 1384 736 vitiorum
1406 681 1717 738 discernere
1747 698 1857 737 non

277 783 560 823 cessamus.
601 767 991 838 Hujuseemodi
1021 777 1230 824 mentes
1259 769 1451 825 dilecto
1483 787 1582 826 suo
1611 770 1856 826 delecta-

277 855 399 911 biles
417 872 472 910 se
504 873 602 927 per
629 857 752 926 ejus
777 857 1011 928 gratiam
1042 857 1262 924 faciunt,
1297 867 1348 912 et
1394 859 1522 913 dum
1579 859 1649 914 ab
1707 859 1855 915 omni

275 943 532 999 mundano
563 949 794 1014 strepitu
824 961 883 1000 se
905 945 1168 1014 dividunt,
1193 946 1370 1002 locum
1402 946 1455 1001 in
1486 963 1592 1017 quo
1623 963 1856 1017 sponsus

273 1032 578 1103 requiescat,
630 1033 684 1087 in
730 1034 924 1103 seipsis
977 1043 1324 1106 componunt.
1386 1035 1464 1090 De
1513 1052 1618 1105 qua
1663 1037 1854 1108 requie

271 1120 504 1176 subditur
532 1140 544 1174 :

330 1210 500 1276 (νοτε.
528 1213 581 1276 6,
603 1210 770 1275 8.)En
790 1211 1064 1267 lectulum
1082 1211 1402 1268 Salomonis
1421 1215 1723 1285 sexaginta
1739 1217 1854 1284 [or-

269 1301 340 1353 tes
356 1299 612 1353 ambiunt
633 1315 706 1354 ea:
733 1302 1062 1369 fortissimis
1094 1301 1293 1370 Israel,
1337 1316 1539 1357 omnes
1594 1307 1851 1358 tenentes

262 1387 476 1457 gladios,
511 1391 571 1441 et
600 1388 674 1442 ad
696 1387 841 1444 bella
870 1389 1204 1455 doctissimi,
1225 1391 1672 1463 uniuscujusque
1693 1391 1848 1446 ensis

261 1492 412 1546 super
426 1482 620 1544 femur
647 1493 816 1532 suum
847 1482 1076 1550 propter
1099 1480 1328 1535 timores
1371 1486 1703 1537 nocturnos.

319 1568 370 1618 9.
400 1564 662 1619 Salomon
693 1566 894 1636 quippe
927 1565 1191 1636 paciﬁcus
1233 1569 1642 1639 interpretatur.
1706 1568 1849 1636 Quid

258 1667 373 1724 ergo
402 1669 497 1722 per
514 1653 889 1720 Salomonem,
922 1655 1023 1710 nisi
1051 1656 1296 1711 Christus
1315 1657 1725 1729 intelligitur,de
1741 1673 1849 1729 quo

260 1740 503 1811 scriptum
537 1750 657 1796 est:
693 1743 814 1814 Ipse
846 1748 930 1798 est
961 1762 1078 1816 pax
1107 1747 1430 1818 nostra,qui
1445 1747 1583 1816 fecit
1604 1753 1846 1816 utraque

1963 601 2202 648 sanctam
2234 594 2531 649 Ecclesiam
2563 595 2632 649 de
2663 596 2865 650 sanctis
2896 596 2949 649 in
2983 603 3245 652 aeternum
3300 610 3560 665 perman-

1962 683 2104 736 suris
2133 682 2431 737 construxit
2487 681 2788 739 Columnas
2809 686 2931 755 ejus
2950 686 3089 754 fecit
3107 681 3559 754 argenteas,quia

1965 770 2140 825 eidem
2174 770 2433 827 Ecclesiae
2459 771 2844 842 praedicatores
2873 772 3050 837 dedit,
3083 772 3173 841 qui
3231 780 3280 826 et
3336 779 3392 824 ut
3439 785 3560 826 eam

1964 860 2231 929 exemplis
2258 867 2636 925 sustentarent,
2670 877 2869 932 magna
2893 859 3442 929 justitiazrectitudine
3459 874 3560 912 ro-

1962 948 2192 1017 boravit,
2223 958 2274 1003 et
2305 957 2360 1002 ut
2390 948 2869 1020 praedicationibus
2898 948 3191 1015 erudirent,
3223 948 3395 1002 nitore
3438 946 3561 1001 elo-

1962 1037 2093 1107 quii,
2126 1037 2287 1110 quasi
2319 1038 2608 1107 splendore
2635 1037 2871 1108 argenti,
2896 1036 3193 1093 decoravit.
3228 1037 3555 1092 Reclinato-

1959 1127 2111 1181 rium
2132 1143 2372 1182 aureum
2404 1126 2546 1193 fecit,
2571 1127 2696 1197 quia
2714 1127 2842 1180 dum
2861 1126 2914 1180 in
2932 1125 3186 1182 cordibus
3199 1125 3563 1195 perfectorum

1958 1214 2310 1283 respleniluit,
2342 1216 2423 1269 eis
2455 1215 2752 1269 divinitatis
2782 1231 2894 1270 suae
2925 1215 3213 1285 potentiam
3267 1229 3365 1283 per
3419 1227 3560 1268 con-

1959 1303 2365 1374 templationem
2400 1305 2653 1358 ostendit.
2689 1305 2747 1357 In
2779 1321 2886 1375 qua
2917 1302 3376 1372 contemplatione
3432 1300 3562 1356 dum

1957 1391 2032 1444 eis
2052 1391 2512 1460 pulchritudinem
2545 1392 2846 1447 caelestium
2871 1392 3191 1464 gaudiorum
3215 1389 3560 1456 monstravit,

1956 1480 2106 1551 quasi
2138 1480 2539 1536 reclinatorium
2567 1497 2634 1535 ex
2667 1497 2799 1535 auro
2830 1483 3156 1550 composuit,
3191 1480 3319 1551 quia
3377 1479 3560 1534 locum

1955 1569 2013 1621 in
2043 1584 2152 1638 quo
2181 1585 2238 1623 se
2270 1569 2634 1624 refocillantes
2665 1569 3013 1638 requiescant
3068 1568 3338 1638 apposuit.
3401 1565 3560 1635 Quod

1954 1656 2353 1712 reclinatorium
2378 1658 2518 1712 bene
2550 1674 2771 1712 aureum
2804 1673 2921 1712 esse
2938 1657 3137 1711 dicitur
3165 1674 3176 1710 :
3210 1657 3344 1726 quia
3359 1657 3564 1712 melior

1954 1750 2038 1801 est
2060 1746 2345 1816 sapientia
2357 1749 2583 1802 cunctis
2601 1748 2876 1818 Opibus,et
2893 1749 3217 1817 omniaquae
3238 1745 3562 1801 desideran-

257 1846 418 1884 unum
438 1829 468 1882 Ρ
487 1829 720 1902 (Ephes.
744 1847 805 1897 ιι,
828 1833 964 1902 14.).
981 1833 1258 1890 Salomoni
1290 1851 1420 1906 ergo
1439 1835 1692 1890 lectulum
1717 1834 1846 1888 iaci-
1872 1857 1926 1916 Β
1963 1837 2059 1888 tur
2073 1836 2147 1904 (ὁ)
2163 1836 2292 1891 huic
2309 1851 2422 1890 non
2449 1837 2640 1892 valent
2659 1837 2974 1906 comparari
2996 1837 3180 1905 (Prov.
3204 1851 3320 1903 vxu,
3345 1835 3454 1904 11).
3475 1835 3557 1888 Ad

259 1934 384 1987 mus,
414 1919 640 1989 quando
669 1936 700 1974 a
722 1921 912 1974 mundi
931 1921 1383 1978 sollicitudinibus
1405 1923 1626 1977 omnino
1657 1937 1842 1977 cessa-

259 2022 383 2074 mus,
414 2007 549 2062 dum
579 2009 636 2062 in
649 2009 770 2063 solo
788 2008 1055 2064 desiderio
1073 2011 1268 2065 Christi
1287 2011 1518 2066 libenter
1539 2027 1845 2082 pausamus,

259 2099 416 2165 eique,
447 2105 514 2150 ut
544 2097 828 2152 nobiscum
861 2107 1066 2169 pauset,
1091 2115 1188 2154 cor
1217 2100 1286 2154 ab
1317 2099 1465 2155 omni
1501 2107 1716 2154 terrena
1745 2117 1846 2153 cu-

257 2183 463 2253 piditate
501 2185 843 2239 mundamus.
877 2187 1138 2241 Denarius
1168 2195 1348 2243 autem
1382 2204 1644 2242 numerus
1679 2187 1723 2241 si
1755 2203 1850 2257 per

261 2273 519 2327 senarium
545 2273 951 2343 multiplicetur,
981 2275 1234 2330 nimirum
1263 2277 1540 2347 sexaginta
1571 2277 1850 2346 complen-

262 2363 354 2414 tur.
386 2361 494 2415 Per
507 2360 792 2416 denarium
817 2363 997 2434 itaque
1015 2365 1349 2436 Decalogum
1365 2365 1502 2435 legis
1527 2365 1846 2434 accipimus,

257 2464 343 2517 per
360 2449 638 2504 senarium
669 2459 851 2505 autem
884 2459 1049 2506 totum
1081 2453 1184 2507 hoc
1231 2461 1441 2522 tempus
1498 2453 1851 2524 intelligimus

259 2538 387 2605 quod
417 2554 522 2592 sex
547 2538 740 2594 diebus
772 2539 1092 2610 Operatoriis
1109 2540 1548 2596 volvividemus.
1567 2543 1672 2596 Per
1694 2557 1852 2596 sexa-

259 2625 390 2696 ginta
419 2627 594 2698 igitur
626 2627 794 2682 fortes
825 2643 1011 2682 omnes
1038 2629 1310 2698 perfectos
1341 2630 1431 2699 qui
1465 2629 1680 2683 fuerunt
1728 2638 1850 2686 ante

259 2714 409 2769 nosin
439 2714 695 2770 Ecclesia
725 2716 1108 2788 intelligimus;
1146 2718 1236 2788 qui
1268 2717 1396 2771 dum
1425 2719 1612 2773 decem
1644 2734 1852 2789 praece-

259 2810 339 2872 pta
365 2802 511 2875 legis
539 2819 646 2875 quo
679 2804 1066 2874 spiritalius,eo
1085 2805 1273 2860 fortius
1301 2807 1357 2860 in
1375 2822 1476 2861 sex
1494 2807 1683 2860 diebus
1705 2822 1851 2861 com-

259 2890 711 2963 plevemnt,quasi
740 2895 1158 2964 sexagenarium
1179 2911 1462 2948 numerum
1480 2895 1841 2965 perfecerunt.

261 2977 318 3032 Hi
331 2978 589 3034 lectulum
613 2980 921 3036 Salomonis
942 2982 1335 3052 ambiunt,quia
1353 2991 1591 3038 mentem
1610 2990 1849 3038 sanctam

261 3066 309 3120 in
334 3083 434 3138 qua
464 3066 727 3122 Christus
757 3078 952 3139 pausat
979 3070 1163 3126 verbis
1193 3080 1244 3125 et
1275 3072 1539 3142 exemplis
1578 3073 1846 3141 muniunt,

261 3155 436 3223 quibus
464 3156 541 3210 ab
570 3156 719 3210 aditu
751 3159 945 3212 mentis
989 3159 1268 3215 venientes
1325 3161 1509 3215 hostes
1563 3160 1848 3230 repellunt,

258 3242 370 3297 dum
398 3244 583 3316 ipsam
616 3254 853 3300 mentem
883 3248 1147 3317 exemplis
1174 3248 1453 3316 sustinent,
1486 3249 1700 3319 scriptis
1730 3265 1852 3304 eru-

260 3330 411 3386 diunt.
444 3334 519 3388 Hi
545 3342 730 3388 tenent
758 3334 990 3406 gladios,
1025 3344 1077 3390 et
1107 3337 1177 3390 ad
1207 3336 1349 3390 bella
1383 3337 1681 3392 doctissimi
1728 3337 1848 3392 exi-

260 3427 407 3488 stunt,
439 3421 573 3492 quia
603 3421 732 3476 dum
766 3423 989 3478 verbum
1022 3425 1121 3479 Dei
1152 3441 1316 3495 opere
1375 3425 1672 3495 complent,
1704 3427 1848 3496 quod

260 3510 405 3564 corde
435 3511 639 3578 sciunt,
671 3512 848 3583 magis
877 3527 942 3568 ac
965 3513 1141 3585 magis
1182 3529 1397 3585 semper
1445 3513 1589 3568 docti
1636 3516 1846 3569 hostem

259 3613 417 3668 suum,
449 3599 762 3654 daemonem
795 3600 1020 3667 scilicet,
1045 3601 1310 3672 sapientia
1334 3601 1713 3658 et'fortitudine
1734 3603 1851 3658 vin-

261 3695 388 3740 cunt.
419 3689 527 3742 Per
551 3687 796 3760 gladium
854 3687 1016 3755 enim,
1070 3689 1298 3744 verbum
1353 3691 1449 3744 Dei
1508 3691 1845 3763 designatur,

260 3789 346 3843 per
369 3791 562 3830 manus
593 3783 774 3832 autem
806 3777 999 3846 quibus
1029 3777 1244 3848 gladios
1277 3786 1458 3834 tenent
1498 3780 1616 3849 ipsa
1674 3796 1847 3852 opera

262 3860 567 3931 ﬁgurantur.
591 3866 672 3919 De
703 3865 898 3936 quibus
927 3865 1065 3920 bene
1094 3866 1847 3942 subditur.:Uniuscujusque

261 3954 396 4007 ensis
415 3970 591 4026 super
609 3956 801 4025 femur
812 3971 980 4010 suum
993 3959 1225 4026 propter
1256 3956 1487 4012 timores
1509 3962 1842 4014 nocturnos.

261 4038 385 4106 Quid
408 4059 510 4111 per
529 4059 738 4110 ensem,
757 4042 860 4096 nisi
892 4043 1126 4114 rigorem
1149 4044 1572 4100 conversationis
1596 4065 1608 4110 ;
1632 4055 1682 4101 et
1714 4048 1843 4118 quid

257 4143 350 4195 per
379 4129 575 4196 femur,
607 4129 711 4184 nisi
744 4131 894 4186 carni
923 4132 1216 4202 appetitum
1265 4133 1565 4203 accipimus
1587 4135 1614 4187 ‘l
1670 4137 1840 4193 Eleeti

260 4229 378 4285 ergo
407 4219 634 4290 quique,
667 4219 754 4289 qui
781 4219 898 4289 jam
921 4219 989 4274 ad
1021 4220 1410 4290 perfectionem
1444 4222 1566 4278 vitm
1600 4227 1840 4293 provecti

259 4311 388 4370 sunt,
420 4322 645 4378 semper
672 4323 855 4362 ensem
881 4324 1045 4379 super
1075 4308 1252 4363 femur
1279 4327 1436 4365 suum
1468 4309 1662 4379 ferunt,
1717 4314 1843 4383 quia

259 4390 422 4462 rigore
451 4396 883 4451 conversationis
909 4397 1206 4468 appetitum
1237 4399 1412 4453 carnis
1454 4400 1671 4456 assidue
1702 4400 1842 4472 fran-

262 4488 401 4551 gunt,
435 4499 505 4538 ne
535 4482 709 4538 hostis
739 4501 898 4554 quem
928 4484 983 4539 in
1014 4495 1170 4542 nocte
1203 4488 1362 4557 hujus
1391 4489 1574 4543 mundi
1629 4489 1838 4559 timent,

1961 1923 2063 1977 hoc
2093 1923 2491 1978 reclinatorium
2525 1923 2702 1978 multis
2733 1923 3015 1979 laboribus
3043 1923 3371 1993 pervenitur,
3424 1921 3559 1976 mul-

1960 2010 2027 2064 tis
2058 2011 2494 2066 tribulationibus
2521 2013 2939 2079 ascenditur,ita
2968 2012 3096 2077 ut,si
3129 2027 3349 2067 necesse
3374 2011 3557 2078 fuerit,

1960 2099 2119 2153 etiam
2170 2100 2391 2172 sanguis
2437 2099 2638 2155 eﬁundi
2689 2101 3048 2170 permittatur.
3109 2101 3241 2155 Ideo
3299 2115 3558 2154 ascensus

1958 2195 2103 2242 recte
2133 2203 2444 2257 purpureus
2475 2205 2591 2242 esse
2614 2189 2832 2243 dicitur.
2869 2189 3005 2242 Dum
3037 2189 3184 2242 enim
3215 2187 3385 2242 sancti
3438 2187 3566 2258 qui-

1959 2292 2062 2347 que
2092 2284 2352 2345 martyres
2381 2285 2605 2347 propter
2634 2277 2798 2332 vitam
2830 2283 3088 2331 aaternam
3119 2291 3345 2344 corpora
3376 2291 3474 2329 sua
3493 2274 3562 2328 ad

1959 2365 2226 2435 supplicia
2244 2365 2735 2434 tradiderunt,dum
2749 2365 3065 2436 ﬂagella,(c)
3087 2363 3360 2434 equuleos,
3384 2363 3557 2434 ignes,

1959 2453 2176 2524 gladios
2205 2461 2259 2508 et
2288 2454 2393 2508 alia
2425 2453 2836 2509 innumerabilia
2860 2461 3125 2509 tormenta
3141 2453 3405 2523 patienter
3434 2467 3561 2522 per-

1961 2541 2211 2607 tulerunt,
2243 2557 2422 2598 nonne
2452 2542 2521 2596 ad
2554 2542 2953 2598 reclinatorium
3015 2542 3179 2610 istud,
3213 2542 3284 2594 ad
3339 2539 3560 2594 beatam

1958 2629 2183 2695 scillicet
2206 2629 2500 2700 vitam,per
2519 2647 2800 2705 ascensum
2819 2645 3153 2701 purpureum
3171 2629 3564 2684 ascenderunt?

1959 2717 2064 2772 Sed
2091 2734 2190 2772 nos
2221 2718 2405 2773 miseri
2437 2719 2566 2788 quid
2597 2720 2828 2791 agimus,
2862 2719 2954 2789 qui
2986 2719 3036 2772 in
3066 2721 3172 2774 hoc
3228 2718 3435 2773 ferculo
3463 2731 3562 2772 co-

1959 2805 2160 2860 lumna:
2189 2815 2463 2877 argentea:
2486 2822 2593 2861 non
2616 2823 2819 2876 sumus,
2854 2807 2980 2878 quia
3001 2814 3244 2861 sanctam
3264 2804 3561 2861 Ecclesiam

1960 2910 2060 2948 nec
2089 2895 2358 2964 exemplis
2388 2902 2766 2963 sustentamus,
2799 2911 2901 2950 nec
2947 2894 3339 2964 praedicatione
3391 2893 3566 2948 doce-

1959 2986 2122 3036 mus?
2187 2983 2244 3036 In
2278 2999 2338 3038 ea
2391 2984 2805 3038 reclinatorium
2864 2999 3085 3037 aureum
3135 2997 3242 3036 non
3300 2981 3566 3035 habemus

1962 3071 2108 3142 quia,
2141 3071 2373 3127 terrenis
2396 3071 2816 3144 cogitationibus
2848 3071 3094 3137 involuti,
3119 3071 3189 3125 ad
3219 3069 3568 3140 splendorem

1963 3160 2242 3229 sapientiae
2270 3177 2366 3230 per
2394 3160 2918 3230 contemplationem
2948 3176 3054 3215 non
3085 3159 3439 3231 assurgimus.
3471 3159 3570 3212 As-

1960 3264 2183 3303 censum
2212 3265 2536 3319 purpureum
2596 3264 2696 3304 nec
2747 3250 2907 3304 etiam
2958 3248 3359 3322 cognoscimus,
3419 3246 3565 3317 quia,

1958 3336 2323 3406 voluptatibus
2345 3344 2622 3403 vacantes,
2655 3337 2873 3392 labores
2903 3344 2956 3392 et
3004 3335 3403 3408 persecutiones
3459 3350 3561 3405 pro

1956 3432 2160 3479 aeterna
2189 3425 2525 3481 beatitudine
2556 3425 2696 3480 ferre
2726 3442 3055 3481 recusamus.
3088 3424 3408 3481 Consolatur
3461 3438 3562 3478 nos

1957 3513 2350 3583 aliquantulum
2383 3515 2528 3584 quod
2559 3514 2626 3569 de
2653 3517 2756 3570 hoc
2787 3513 2990 3570 ferculo
3023 3513 3273 3568 subditur
3315 3527 3328 3566 :
3385 3511 3565 3568 Media

1956 3603 2242 3657 charitate
2270 3605 2604 3670 constravit,
2635 3607 2866 3675 propter
2893 3604 3045 3673 ﬁlias
3067 3599 3558 3669 Jerusalem.Quid

1957 3690 2102 3744 enim
2137 3706 2232 3762 per
2263 3689 2402 3745 ﬁlias
2432 3691 2760 3760 Jerusalem,
2794 3709 2914 3747 cum
2947 3709 3056 3747 non
3099 3690 3240 3746 ﬁlios
3284 3690 3380 3744 sed
3426 3687 3567 3743 ﬁlias

1954 3778 2174 3847 dixerit,
2207 3779 2584 3850 intelligimus,
2617 3780 2721 3833 nisi
2754 3795 2854 3834 nos
2881 3780 3111 3848 debiles,
3133 3779 3224 3849 qui
3244 3780 3300 3832 in
3318 3776 3567 3834 Ecclesia

1955 3881 2064 3921 non
2094 3866 2220 3933 viri,
2254 3868 2350 3922 sed
2383 3868 2602 3922 feminae
2631 3884 2842 3936 sumus,
2876 3869 3001 3938 quia
3017 3877 3205 3923 contra
3235 3867 3364 3923 vitia
3394 3865 3562 3920 forti-

1955 3962 2038 4009 ter
2067 3970 2174 4010 non
2212 3954 2563 4021 reluctamur,
2591 3955 2816 4009 viriliter
2844 3971 2952 4010 non
2981 3956 3307 4019 resistimus,
3363 3954 3564 4008 mulie-

1952 4043 2123 4097 briter
2151 4043 2502 4113 subjacemus
2522 4044 2550 4095 ?
2572 4042 2868 4098 Jerusalem
2901 4043 3045 4097 enim
3078 4043 3213 4098 visio
3229 4042 3376 4113 pacis
3392 4042 3562 4097 inter-

1952 4138 2216 4200 pretatur,
2249 4146 2348 4201 per
2369 4147 2529 4200 quam
2558 4130 2831 4200 Ecclesia,
2858 4147 2977 4201 quae
3007 4139 3088 4186 est
3128 4134 3303 4185 mater
3356 4139 3559 4197 nostra,

1951 4218 2293 4291 designatur,
2327 4234 2393 4275 eo
2424 4220 2569 4290 quod
2599 4219 2811 4274 assidue
2841 4234 3028 4290 pacem
3050 4227 3368 4290 perpetuam
3422 4233 3560 4273 con-

1950 4308 2267 4378 templatur.
2301 4308 2358 4363 Si
2390 4323 2525 4380 ergo
2547 4323 2654 4362 nos
2683 4307 2736 4361 in
2770 4307 2978 4362 ferculo
3009 4307 3456 4378 Regiscolumna:
3478 4319 3561 4359 ειν·

1949 4405 2161 4466 genteae
2181 4412 2290 4450 non
2311 4412 2512 4464 sumus,
2545 4395 2952 4451 reclinatorium
2984 4411 3205 4450 aureum
3237 4409 3342 4450 non
3371 4393 3549 4448 habe-

1948 4501 2188 4556 mus,per
2204 4500 2488 4541 ascensum
2508 4500 2839 4555 purpureum
2862 4485 3158 4540 ascendere
3169 4499 3276 4539 non
3297 4483 3562 4547 valemus;

262 4578 470 4638 repente
503 4571 748 4638 veniens,
780 4573 1002 4628 mollem
1032 4575 1231 4628 aditum
1263 4575 1524 4646 inveniat,
1551 4585 1600 4632 et
1630 4594 1728 4647 per
1745 4593 1846 4633 vo-
1879 4563 1936 4625 D
1966 4573 2156 4629 saltem
2190 4573 2529 4641 charitatem,
2563 4589 2684 4643 quas
2708 4573 3015 4628 communis
3071 4572 3326 4628 omnibus
3378 4571 3564 4627 electis

263 4655 468 4726 luptatis
497 4659 782 4716 mollitiem
829 4663 995 4730 426
1050 4678 1114 4716 eo
1146 4662 1384 4728 facilius,
1418 4681 1524 4736 quo
1556 4666 1852 4736 voluptuo-

263 4745 423 4802 siores
470 4749 757 4818 invenerit,
791 4750 860 4805 ad
891 4751 1146 4821 graviora
1176 4760 1402 4820 peccata
1433 4754 1711 4824 perducat.
1773 4757 1852 4812 De

264 4831 412 4889 laude
431 4835 616 4907 itaque
647 4838 955 4894 Salomonis
986 4839 1158 4895 adhuc
1187 4841 1472 4896 subditur:

324 4919 504 4988 (Vera.
527 4923 717 4990 9,10.)
741 4924 1035 4979 Ferculum
1064 4927 1204 4995 [ecit
1235 4925 1341 4980 sibi
1371 4943 1476 4982 rex
1501 4928 1769 4983 Salomon
1782 4929 1850 4985 de

265 5004 428 5076 lignis
461 5009 684 5066 Libani.
707 5011 1010 5069 Columnas
1040 5018 1364 5084 argenteas,
1415 5016 1850 5073 reclinatorium

263 5111 515 5166 aureum,
571 5115 872 5156 ascensum
910 5117 1304 5173 purpureum;
1349 5103 1535 5159 media
1565 5105 1850 5162 charitate

262 5188 585 5257 constravit,
610 5193 844 5261 propter
880 5190 1032 5258 ﬁlias
1059 5191 1392 5247 Jerusalem.

324 5275 408 5327 10.
434 5274 604 5347 Ligna
637 5276 825 5330 Libani
856 5277 1204 5348 imputribilia
1233 5295 1354 5333 esse
1367 5289 1695 5336 asseruntur.
1718 5283 1853 5338 Fer-

263 5358 432 5416 culum
464 5379 594 5437 ergo
627 5365 755 5421 fecit
787 5365 890 5419 sibi
923 5381 1016 5420 rex
1048 5365 1305 5422 Salomon
1332 5368 1404 5423 de
1450 5368 1611 5442 lignis
1643 5370 1848 5438 Libani,

327 5504 401 5589 (ᾳ)
433 5507 552 5561 Val.
583 5507 686 5573 Cl.,
713 5510 1033 5580 praesentire
1060 5525 1177 5566 sua:
1191 5509 1610 5589 gratiam,quod
1633 5513 1853 5572 minime

266 5587 982 5654 probamus.Contradicunt
1010 5610 1224 5664 quoque
1254 5594 1345 5650 alii
1374 5587 1507 5651 Mss.

329 5675 400 5746 (b)
419 5677 641 5750 Excusi,
675 5680 727 5736 ei
754 5697 868 5736 non
883 5686 1124 5753 possunt
1141 5687 1484 5756 comparari.

1963 4663 2116 4732 quasi
2149 4663 2203 4716 in
2235 4662 2414 4717 medio
2436 4661 2614 4732 posita
2641 4671 2739 4727 est,
2757 4669 3060 4716 teneamus.
3085 4663 3189 4717 Per
3204 4661 3342 4716 hanc
3363 4660 3565 4732 quippe

1960 4766 2050 4805 rex
2084 4750 2340 4806 Salomon
2373 4766 2472 4806 nos
2503 4750 2556 4803 in
2587 4749 2795 4805 ferculo
2827 4765 2925 4805 suo
2956 4766 3082 4805 esse
3113 4749 3410 4822 cognoscit,
3437 4747 3564 4820 quia

1961 4838 2012 4892 in
2044 4855 2110 4894 eo
2139 4855 2260 4894 cum
2293 4838 2560 4895 columnis
2590 4839 2880 4910 argenteis,
2915 4855 3037 4892 cum
3067 4839 3415 4894 reclinatorio
3460 4853 3562 4891 au—

1963 4943 2074 4996 reo,
2104 4943 2228 4982 cum
2259 4943 2491 4984 ascensu
2517 4942 2816 4998 purpureo,
2850 4936 3070 5002 prepter
3099 4926 3238 4980 ﬁlias
3266 4924 3562 4979 Jerusalem

1961 5016 2122 5070 etiam
2154 5016 2333 5071 media
2362 5015 2620 5070 charitate
2651 5015 2933 5081 contravit,
2967 5014 3088 5086 quia
3130 5030 3252 5068 cum
3309 5010 3561 5066 Ecclesiae

1959 5105 2222 5158 membris
2250 5105 2319 5159 ad
2368 5104 2620 5160 eamdem
2681 5103 2864 5174 sponsi
2917 5101 3303 5157 beatitudinem
3361 5113 3560 5171 perve-

1959 5193 2154 5260 nimus,
2188 5193 2231 5248 si
2256 5194 2572 5249 charitatem
2604 5189 2936 5246 indefessam
2957 5189 3334 5244 observamus.
3357 5186 3559 5258 Sequi-

1964 5289 2217 5441 ml‘42'7
2260 5371 2440 5443 (Vers.
2475 5371 2583 5441 11).
2610 5365 3118 5443 Egredimini,ﬁliw
3145 5364 3361 5434 Sion,et
3383 5363 3565 5421 videte

2032 5512 2110 5582 (ρ)
2138 5513 2220 5566 Ita
2248 5526 2444 5567 omnes
2462 5512 2593 5565 Mss.
2615 5518 2668 5565 et
2689 5506 3188 5564 Edit.Paris.t518.
3205 5507 3337 5563 Aliae
3358 5507 3563 5564 habent

1961 5601 2426 5657 aculeos.Erroris
2445 5598 2657 5655 occasio
2677 5598 2774 5654 fuit
2795 5597 2994 5654 modus
3011 5597 3290 5654 scribendi
3311 5605 3558 5656 veterum

1959 5689 2360 5744 amanuensium
2391 5689 2628 5745 eculeos.
