3996 6164
431 315 537 371 507

1674 316 1935 375 SANCTI
1974 315 2321 373 GREGORII
2365 317 2593 374 MAGNI

3601 327 3692 379 508

430 461 617 516 regem
649 443 1089 505 Salomonemin
1108 446 1559 519 diademate,quo
1580 448 1870 505 coronavit
1887 462 2016 504 eum
2044 442 2099 503 A
2127 442 2489 498 testimonium
2516 442 2726 500 veritati
2757 443 2919 500 etiam
2948 460 3047 517 per
3074 448 3311 500 mortem
3339 458 3483 500 suam
3522 449 3692 518 perhi-

429 538 618 590 maler
645 551 749 591 sua
778 536 840 591 in
869 535 959 592 die
974 534 1421 609 desponsationis
1436 536 1680 604 illius,“
1702 537 1765 591 in
1786 536 1876 593 die
1914 538 2017 593 lce-

429 623 579 678 titiw
607 622 791 680 cordis
812 625 952 692 eius.

497 715 584 767 tt.
617 712 791 767 Mater
818 711 1009 768 Christi
1040 713 1202 769 beata
1230 714 1402 770 Maria
1432 730 1552 771 esse
1579 715 1836 786 creditur,
1895 732 2017 788 quae

426 800 701 857 coronavit
721 817 843 855 eum
866 801 1195 871 diademate,
1218 803 1747 874 quiahumanitatem
1781 813 2018 861 nostram

426 900 495 939 ex
524 900 589 940 ea
618 886 736 955 ipse
765 887 1071 957 assumpsit,
1129 887 1269 943 sicut
1324 887 1379 942 in
1424 889 1721 961 Evangelio
1772 890 2021 945 recitatur

428 975 705 1043 (Matthu)
726 975 815 1028 .Et
842 974 1015 1030 hocin
1038 975 1129 1031 die
1158 977 1597 1049 desponsationis
1626 978 1744 1048 ejus
1773 987 1826 1034 et
1855 978 1910 1033 in
1929 979 2019 1036 die

426 1061 651 1118 hmtitiae
674 1062 851 1118 cordis
869 1064 985 1132 ejus
1014 1063 1213 1119 factum
1243 1080 1363 1120 esse
1391 1065 1605 1134 dicitur,
1639 1067 1765 1137 quia
1800 1068 2018 1138 quando

427 1150 739 1222 unigenitus
768 1150 934 1207 Filius
962 1153 1061 1207 Dei
1115 1153 1450 1209 divinitatem
1484 1171 1646 1210 suam
1697 1155 2017 1211 humanitati

422 1246 622 1295 nostrae
649 1240 903 1310 copulare
930 1240 1118 1308 voluit,
1151 1243 1366 1313 quando
1395 1259 1494 1314 per
1520 1243 1723 1299 bonam
1761 1243 2015 1300 volunta-

427 1335 535 1383 tem
565 1343 721 1383 suam
752 1336 996 1399 tempore
1013 1338 1324 1401 opportuno
1355 1331 1894 1403 Ecclesiam(a)suam
1913 1333 2016 1387 sibi

424 1432 699 1472 assumere
730 1417 952 1488 placuit,
998 1426 1123 1474 tunc
1157 1434 1281 1475 cum
1337 1421 1613 1475 cbaritatis
1657 1422 2017 1477 exsultatione

427 1520 642 1560 carnem
664 1514 903 1561 nostram
933 1523 999 1562 ex
1030 1514 1204 1563 mater
1230 1508 1457 1582 Virgine
1486 1510 1763 1581 suscipere
1807 1510 2005 1566 voluit.

421 1594 479 1647 In
509 1610 613 1664 qua
638 1609 761 1649 cum
792 1595 1073 1651 doloribus
1091 1612 1191 1667 pro
1221 1605 1461 1668 tempore
1490 1598 1771 1665 vivens,de
1790 1600 2014 1654 redem-

418 1682 603 1752 ptione
632 1690 809 1737 nostra
838 1683 1192 1740 vehementer
1219 1687 1537 1742 exsultavit.
1578 1687 1686 1743 Sed
1732 1702 1856 1743 cum
1888 1688 2012 1743 dia-

2123 530 2310 586 buisse
2338 530 2565 588 scimus.
2599 530 2747 588 Grex
2775 533 2957 603 itaque
2984 533 3087 587 iste
3115 546 3400 603 caprarum
3427 532 3492 589 de
3523 546 3691 593 monte

2127 619 2339 674 Galaad
2369 620 2775 692 ascendit,quia
2790 620 3021 691 populus
3043 619 3299 677 Ecclesiae
3330 635 3392 674 eo
3421 621 3585 694 magis
3599 622 3693 680 ﬁde

2125 723 2183 763 se
2212 708 2284 762 ad
2313 717 2516 763 aeterna
2544 709 2847 778 suspendit,
2866 724 2974 781 quo
3000 707 3186 764 fortius
3214 715 3426 763 sanctos
3455 717 3692 782 martyres

2124 794 2303 852 eidem
2336 795 2459 852 ﬁdei
2491 797 2857 852 testimonium
2898 795 3235 869 perbibuisse
3285 796 3454 851 scivit.
3508 798 3691 871 Sequi-

2127 891 2212 940 tur
2236 901 2249 939 :

2197 974 2375 1043 (Vers.
2397 975 2688 1042 2.)Dentes
2702 977 2793 1033 tui
2803 977 2953 1033 sicut
2970 975 3051 1046 (b)
3068 991 3261 1048 greges
3274 978 3696 1050 tonsarum,qu¢e

2124 1063 2442 1118 ascendunt
2467 1068 2518 1130 4
2532 1065 2635 1133 28
2658 1064 2723 1120 de
2743 1066 2985 1134 lavacro,
3000 1080 3192 1121 omnes
3211 1065 3463 1136 gemellis
3482 1067 3693 1137 fetibus,

2123 1154 2180 1206 et
2207 1151 2427 1208 sterilis
2444 1168 2558 1208 non
2580 1157 2664 1209 est
2688 1154 3017 1209 interlitas.

2196 1243 2248 1294 3.
2281 1239 2436 1296 Sicut
2486 1257 2586 1312 per
2643 1241 2828 1296 oculos
2883 1242 3272 1313 praedicatores
3327 1242 3705 1316 intelliguntur,

2125 1328 2249 1398 quia
2269 1344 2370 1398 per
2396 1344 2491 1385 eos
2520 1329 2769 1384 Ecclesia
2791 1330 3141 1398 illuminatur,
3168 1330 3418 1386 similiter
3444 1339 3494 1386 et
3523 1332 3703 1388 dentes

2124 1416 2370 1485 ejusdem
2400 1426 2624 1488 possunt
2646 1418 2777 1486 dici,
2806 1419 2931 1488 quia
2952 1435 3050 1490 per
3077 1435 3171 1474 eos
3214 1418 3465 1475 inﬁdeles
3518 1435 3708 1477 consu-

2123 1512 2359 1568 muntur,
2391 1514 2443 1560 et
2462 1505 2673 1575 parvuli
2702 1506 3027 1561 nutriuntur.
3061 1508 3264 1563 Dentes
3321 1508 3523 1580 quippe
3573 1507 3709 1563 bene

2123 1593 2293 1647 sancti
2322 1594 2717 1663 prendicatores
2774 1603 3053 1660 vocantur,
3111 1595 3238 1667 quia
3293 1594 3424 1651 dum
3480 1604 3713 1651 sanctam

2124 1679 2456 1751 Scripturam
2483 1682 2807 1752 exponendo
2837 1682 3138 1738 minoribus
3156 1682 3418 1739 fratribus
3430 1683 3707 1751 elucidant,

420 1769 578 1825 dema
605 1787 704 1840 pro
724 1772 898 1843 gloria
924 1774 1305 1839 assumatur,in
1326 1775 1668 1830 humanitatis
1682 1784 1863 1831 autem
1885 1795 2009 1833 sus-
2040 1799 2093 1860 Β
2126 1770 2280 1839 (ιυαεί
2309 1785 2504 1841 partem
2534 1771 2789 1840 parvuliS,
2812 1779 3070 1841 tanquam
3092 1779 3290 1827 matres
3319 1771 3444 1827 ﬁliis
3473 1787 3708 1829 comma-

420 1858 670 1929 ceptione
697 1875 801 1914 non
832 1860 1011 1932 gloria
1035 1863 1193 1917 Verbi
1223 1863 1343 1932 Dei,
1408 1863 1504 1918 sed
1558 1865 1837 1920 humilitas
1894 1881 2010 1921 esse

415 1952 798 2020 cognoscatur,
831 1951 1103 2021 quomodo
1132 1952 1461 2007 humanitate
1479 1961 1664 2008 nostra
1691 1952 1843 2025 quasi
1888 1954 2013 2009 dia-

419 2034 637 2091 demate
658 2045 948 2093 coronatus
977 2038 1141 2094 fuisse
1170 2039 1366 2095 dicitur
1384 2040 1413 2095 ‘i
1442 2040 1548 2095 Sed
1579 2056 1701 2097 cum
1731 2041 1852 2112 ipsa
1897 2043 2015 2114 ejus

417 2123 719 2180 incarnatio
748 2142 875 2182 vere
904 2126 1077 2198 gloria
1106 2137 1288 2184 nostra
1348 2129 1528 2197 fuerit,
1585 2131 1712 2203 quia
1768 2131 2015 2187 membra

421 2212 541 2281 ejus
570 2230 757 2269 sumus
785 2223 1011 2286 propter
1038 2217 1478 2273 communionem
1494 2219 2015 2289 corporis,diadema

419 2301 785 2357 membrorum
814 2304 953 2359 bene
982 2306 1176 2375 capitis
1205 2306 1478 2377 Scriptura
1498 2307 1763 2377 praedixit.
1788 2308 1886 2364 Hic
1916 2309 2014 2364 ita-

419 2405 525 2460 que
546 2392 676 2460 quia
705 2407 737 2446 a
758 2407 959 2463 sponsa
981 2393 1245 2461 laudatur,
1263 2402 1316 2449 et
1344 2394 1470 2463 ipse
1495 2394 1732 2452 vicissim
1752 2411 2012 2465 sponsam

418 2478 644 2535 laudare
675 2479 945 2551 dignatur,
979 2482 1168 2537 dicens
1193 2499 1207 2536 :

1035 2571 1262 2626 CAPUT
1292 2571 1383 2626 IV.

488 2654 642 2725 (Cap.
663 2656 754 2711 IV.
772 2686 831 2699 -—
853 2655 1044 2713 νει-ελ
1061 2660 1099 2726 .)
1120 2659 1295 2727 Quam
1313 2659 1557 2732 pulchra
1576 2663 2009 2730 es,amicamea,

417 2759 584 2815 quam
603 2745 844 2816 pulchra
866 2762 924 2803 es
940 2752 997 2803 et
1011 2748 1248 2805 decora!
1279 2751 1441 2807 Oculi
1480 2752 1568 2808 tui
1592 2752 2006 2821 columbarum,

416 2832 618 2905 absque
641 2850 702 2890 eo
723 2835 866 2906 quod
895 2837 1250 2894 intrinsecus
1283 2840 1452 2895 latet.

486 2926 538 2975 1.
571 2921 846 2990 Quiahaec
872 2926 1116 2996 superius
1146 2928 1502 2997 exposuimus
1557 2929 1864 3002 (Cap.2,n.
1891 2931 2002 3001 35),

412 3018 471 3063 ut
500 3012 793 3080 potuimus,
824 3031 967 3069 nunc
992 3015 1180 3071 eadem
1212 3026 1459 3086 repetere
1485 3026 1704 3088 pr0pter
1758 3019 2005 3075 brevita-

412 3104 521 3208 tein
549 3101 871 3155 servandum
897 3103 1217 3159 devitamus.
1245 3105 1358 3160 Sed
1388 3106 1516 3177 quia
1557 3108 1872 3175 adjunctum
1918 3116 2002 3164 est
2030 3145 2079 3208 Ο

409 3186 621 3258 Absque
641 3203 702 3243 eo
719 3190 862 3261 quod
891 3192 1241 3248 intrinsecus
1265 3196 1427 3262 latet,
1444 3194 1687 3251 breviter
1705 3196 1997 3251 videndum

408 3281 489 3328 est
511 3276 784 3344 quomodo
812 3279 1181 3349 superioribus
1211 3282 1602 3354 conjungatur.
1645 3283 1872 3338 Pulchra
1919 3291 2001 3339 est

408 3377 540 3434 ergo
570 3380 792 3434 sponsa,
825 3375 879 3421 et
907 3366 1050 3423 oculi
1080 3369 1196 3437 ejus
1226 3369 1620 3439 columbarum,
1680 3372 1886 3442 absque
1933 3389 1999 3428 eo

409 3451 552 3522 quod
583 3452 910 3510 intrinsecus
941 3455 1089 3524 latet,
1114 3456 1237 3525 quia
1259 3458 1418 3513 valde
1448 3460 1731 3514 honestum
1755 3464 1837 3516 est
1868 3462 1999 3533 quid

409 3538 546 3609 quid
576 3541 628 3594 in
660 3543 1017 3598 exterioribus
1046 3552 1324 3615 operatur,
1347 3547 1494 3618 quod
1524 3548 1842 3618 simpliciter
1861 3551 2002 3606 inter

408 3628 656 3685 homines
679 3634 1196 3702 conversatur,quod
1228 3650 1293 3689 ea
1321 3651 1443 3705 quas
1472 3634 1619 3691 videt
1637 3640 2002 3710 temporaliter

407 3718 795 3788 concupiscere
824 3719 1166 3793 dedignatur,
1191 3730 1243 3777 et
1271 3714 1317 3777 si
1365 3724 1493 3793 quid
1552 3732 1731 3781 tamen
1786 3727 1842 3781 in
1894 3732 2001 3784 hoc

367 3841 372 3845 ~
404 3806 607 3862 mundo
636 3807 834 3877 placet,
866 3817 988 3879 post
1016 3812 1481 3881 concupiscentiae
1510 3829 1634 3869 suas
1673 3815 1754 3869 ire
1809 3815 1997 3872 detes-

409 3901 568 3950 tatur.
603 3896 710 3951 Sed
739 3896 1092 3954 vehementer
1142 3899 1419 3969 pulchrius
1473 3910 1525 3956 et
1580 3903 1862 3958 honestius
1920 3914 2001 3960 est

406 3983 550 4053 quod
577 3985 763 4039 cordis
792 3985 1121 4042 desiderium
1150 3988 1415 4044 illibatum
1462 3991 1694 4047 retinere
1750 3998 1995 4060 conatur,

401 4071 551 4143 quod
579 4081 795 4130 aeternae
823 4075 1172 4131 beatitudinis
1191 4076 1488 4134 claritatem
1507 4079 1561 4133 in
1582 4089 1763 4137 mente
1782 4082 1995 4152 retinet,

403 4168 584 4217 erecta
612 4164 1021 4234 contemplatur,
1054 4165 1198 4235 quod
1228 4165 1280 4220 in
1311 4167 1392 4221 bis
1424 4184 1545 4236 qua
1574 4168 1795 4225 interius
1851 4171 1999 4226 videt

402 4252 643 4307 suaviter
670 4252 956 4321 requiescit
983 4261 1036 4307 et
1063 4255 1368 4312 mundatur.
1400 4255 1659 4327 Sequitur
1683 4277 1696 4312 :

474 4339 652 4408 (Vers.
692 4341 766 4408 1.)
801 4342 1008 4412 Capilli
1029 4343 1116 4397 tui
1135 4344 1489 4416 sicutgreges
1510 4360 1833 4417 caprarum,
1877 4364 2000 4419 qua:

398 4424 781 4480 ascenderunt
801 4426 867 4480 de
896 4430 1086 4482 monte
1108 4427 1350 4483 Galaad.

2122 1857 2336 1926 sticant,
2370 1873 2483 1929 quo
2512 1857 2711 1913 infirmi
2740 1860 2811 1913 ad
2837 1858 3060 1915 fortiora
3088 1859 3493 1917 convalescant.
3519 1860 3580 1916 Hi
3624 1861 3707 1914 ni-

2123 1945 2317 2000 mirum
2343 1945 2480 2001 bene
2510 1946 2650 2001 sicut
2678 1963 2808 2018 grex
2842 1955 3137 2015 tonsarum,
3189 1965 3312 2019 quae
3368 1948 3710 2005 ascenderunt

2123 2033 2190 2088 de
2221 2032 2457 2099 lavacro,
2490 2050 2607 2090 esse
2635 2034 2908 2102 dicuntur,
2943 2037 3069 2108 quia
3099 2037 3229 2091 dum
3281 2052 3344 2092 se
3398 2053 3430 2091 a
3486 2037 3713 2107 peccatis

2122 2123 2376 2178 omnibus
2403 2122 2461 2177 in
2490 2124 2763 2193 baptismo
2790 2123 3006 2179 ablutos
3021 2139 3142 2178 esse
3170 2124 3716 2193 recordantur,liben-

2121 2217 2203 2263 ter
2221 2226 2393 2266 onera
2422 2211 2607 2265 mundi
2639 2212 2934 2282 deponunt,
2985 2220 3042 2267 ut
3098 2212 3166 2266 ad
3221 2213 3470 2268 caelestia
3525 2228 3715 2269 conse-

2123 2298 2337 2367 quenda
2366 2306 2419 2353 et
2443 2299 2793 2369 praedicanda
2824 2316 2931 2371 quo
2963 2300 3202 2366 liberius,
3253 2317 3320 2357 eo
3353 2300 3563 2357 facilius
3590 2317 3712 2372 gra-

2122 2386 2448 2443 diantur.De
2479 2388 2676 2457 quibus
2705 2389 2973 2443 subditur:
2990 2387 3193 2445 Omne:
3212 2390 3475 2460 gemellis
3494 2389 3715 2459 fetibus.

2121 2482 2177 2530 et
2197 2477 2414 2531 sterilis
2435 2493 2551 2531 mm
2582 2480 2667 2531 est
2696 2477 2852 2532 inter
2874 2478 3027 2532 illas.
3051 2477 3334 2533 Gemellos
3367 2477 3507 2532 fetus
3533 2491 3716 2533 omnes

2119 2564 2294 2619 sancti
2324 2564 2705 2634 praedicatores
2733 2565 3089 2636 habent,quia
3120 2565 3248 2619 dum
3266 2565 3320 2618 in
3352 2565 3563 2621 duobus
3582 2581 3716 2636 pra:—

2119 2651 2288 2722 ceptis
2318 2653 2598 2708 cbaritatis
2628 2662 2858 2708 caeteros
2885 2653 3137 2708 homines
3166 2653 3592 2724 supereminent,
3620 2668 3716 2724 ge-

2117 2740 2322 2795 minam
2348 2741 2693 2797 dilectionem
2721 2740 3044 2812 praedicant,
3060 2741 3184 2796 etin
3204 2757 3268 2796 ea
3297 2742 3438 2797 duos
3459 2740 3709 2812 populos,

2113 2827 2394 2895 judaicum
2426 2838 2477 2884 et
2505 2829 2763 2902 gentilem
2793 2830 3024 2901 gignere
3040 2846 3153 2884 non
3180 2831 3570 2885 cessantJnter
3588 2844 3714 2901 quos

2116 2918 2294 2972 nullus
2323 2926 2402 2973 est
2430 2919 2654 2984 sterilis,
2683 2917 2812 2987 quia
2829 2916 3069 2988 profecto
3101 2918 3422 2988 praedicator
3468 2933 3577 2973 non
3631 2924 3709 2971 est

2113 3004 2396 3072 dicendus,
2426 3007 2472 3059 si
2503 3006 2642 3061 ﬁlios
2689 3005 2961 3075 spiritales
2988 3005 3216 3078 gignere
3272 3005 3596 3062 contemnit.
3630 3004 3707 3060 De

2111 3094 2308 3163 quibus
2338 3094 2517 3149 adhuc
2537 3094 2818 3148 subditur:

2180 3183 2586 3251 (Vers.3)Sicut
2610 3181 2753 3238 villa
2773 3183 3031 3239 coccinea
3049 3182 3200 3238 labia
3223 3187 3410 3253 tua,et
3430 3182 3709 3255 eloquium

2110 3275 2270 3326 tuum
2298 3272 2483 3328 dulce.

2178 3362 2231 3415 4.
2266 3360 2435 3414 Iidem
2482 3359 2867 3430 praedicatores
2922 3358 3065 3415 labia
3119 3359 3384 3416 Ecclesiae
3441 3358 3708 3425 dicuntur,

2107 3448 2229 3517 quia
2260 3448 2512 3503 nimirum
2536 3464 2636 3517 per
2666 3464 2762 3503 eos
2780 3448 2993 3519 populis
3019 3457 3293 3518 praecepta
3313 3449 3441 3506 vita:
3453 3446 3709 3520 loquitur.

2106 3536 2213 3605 Qui
2244 3536 2380 3591 bene
2409 3536 2545 3591 sicut
2574 3536 2704 3590 vitta
2733 3536 3008 3602 dicuntur,
3040 3536 3168 3606 quia
3192 3537 3318 3591 dum
3350 3536 3533 3591 ﬂuxas
3561 3535 3713 3605 cegi-

2106 3623 2333 3679 tationes
2361 3624 2416 3678 in
2446 3624 2706 3679 cordibus
2733 3624 3014 3679 hominum
3045 3623 3164 3678 suis
3221 3622 3710 3694 praedicationibus

2106 3712 2456 3784 restringunt,
2490 3712 2644 3781 quasi
2677 3727 2892 3782 sparsos
2921 3712 3099 3766 crines
3117 3727 3186 3766 ne
3217 3710 3585 3768 immoderate
3613 3709 3712 3764 dif-

2106 3801 2273 3856 ﬂuant
2303 3800 2629 3870 reprimunt.
2659 3800 2767 3856 Sed
2797 3800 2929 3870 quid
2987 3807 3066 3855 est
3131 3799 3276 3871 quod
3334 3816 3448 3857 non
3508 3805 3713 3856 tantum

2104 3890 2276 3957 vittae,
2307 3890 2406 3944 sed
2435 3889 2703 3945 coccineae
2732 3896 3134 3959 comparantur,
3166 3888 3266 3943 nisi
3298 3889 3432 3958 quia
3463 3905 3564 3959 per
3583 3903 3709 3943 coc-

2106 3993 2226 4032 cum
2256 3977 2477 4031 ﬂamma
2507 3976 2782 4030 cbaritatis
2811 3975 3156 4047 intelligitur,
3191 3991 3295 4047 qua
3327 3977 3411 4030 illi
3436 3977 3712 4043 ardent,et

2103 4081 2201 4136 per
2229 4081 2321 4120 eos
2350 4065 2441 4119 alii
2470 4065 2844 4119 accenduntur
2865 4064 3007 4118 ‘lPer
3028 4079 3167 4134 quos
3194 4065 3477 4135 eloquium
3501 4073 3707 4120 sanctae

2107 4153 2362 4208 Ecclesiae
2391 4152 2720 4219 dulcoratur,
2754 4151 2879 4222 quia
2909 4151 3037 4205 dum
3068 4168 3189 4222 quae
3234 4151 3425 4207 dicunt
3482 4153 3707 4218 faciunt,

2102 4240 2517 4310 praedicationes
2550 4257 2674 4296 suas
2704 4240 3016 4295 hominibus
3057 4240 3211 4313 quasi
3267 4240 3498 4313 sapidas
3556 4255 3710 4296 escas

2103 4337 2399 4400 apponunt.
2434 4328 2686 4399 Sequitur
2714 4348 2726 4383 :

2174 4434 2392 4505 (Vers.3
2408 4435 2451 4504 .)
2469 4433 2638 4491 Sicut
2652 4409 2912 4506 fragmen
2937 4436 3077 4490 mali
3095 4435 3404 4508 puuici,ita
3421 4452 3586 4508 genie
3603 4439 3713 4490 tua

467 4515 527 4566 2.
553 4512 609 4565 Si
636 4528 737 4581 per
755 4513 944 4569 oculos
955 4515 1338 4585 praedicatores
1353 4517 1611 4573 Ecclesiae
1624 4518 1988 4591 designantur,
2023 4495 2073 4554 θ
2105 4495 2305 4594 absque
2322 4539 2383 4579 eo
2405 4495 2547 4594 quod
2565 4495 2915 4579 intrinsecus
2944 4495 3113 4580 latet:

399 4600 529 4669 quia
548 4600 761 4655 caeteris
790 4601 942 4657 viam
973 4604 1230 4671 ostendit,
1262 4605 1401 4660 bene
1432 4623 1529 4677 per
1555 4607 1789 4677 capillos
1811 4610 1995 4680 populi

399 4688 792 4760 signiﬁcantur,
824 4692 950 4759 quia
980 4691 1154 4747 eidem
1178 4693 1699 4751 Ecclesiveornatum
1730 4698 1989 4753 tribuunt.

398 4776 596 4847 Capilli
626 4793 760 4849 ergo
791 4794 1008 4849 sponsu:
1024 4780 1162 4835 sicut
1189 4797 1324 4852 grex
1354 4798 1644 4853 caprarum
1673 4802 1794 4842 esse
1815 4788 1997 4842 dicun-

398 4870 505 4932 tur,
536 4865 663 4938 quia
695 4867 878 4937 populi
908 4868 1170 4924 Ecclesiae
1190 4870 1338 4937 dum,
1363 4881 1641 4943 praecepta
1658 4874 1799 4945 legis
1819 4877 1993 4930 rumi-

394 4963 611 5024 nantes,
643 4955 885 5013 cmlestia
930 4956 1041 5012 ﬁde
1096 4960 1546 5030 contemplantur,
1605 4963 1812 5016 munda
1869 4973 1993 5019 sunt

390 5044 674 5112 animalia,
706 5050 763 5100 et
790 5046 846 5100 in
869 5044 990 5101 altis
1017 5048 1553 5117 paseuntur.Galaad
1568 5057 1745 5106 autem
1766 5067 1993 5108 acervus

397 5133 685 5190 testimonii
717 5133 1112 5202 interpretatur.
1145 5134 1290 5202 Quid
1345 5143 1529 5191 autem
1576 5153 1677 5208 per
1731 5155 1989 5194 acervum

298 5266 303 5269 .
392 5222 708 5287 testimonii,
731 5222 831 5276 nisi
863 5222 1258 5277 multitudinem
1278 5232 1569 5294 martyrum
1601 5226 1991 5297 intelligimus?

396 5307 501 5378 Qui
531 5310 659 5365 dum
691 5309 852 5367 tidem
873 5310 1067 5367 Christi
1088 5310 1527 5383 iusuperabiliter
1552 5320 1854 5382 tenuerunt,
1893 5332 1989 5373 eos

470 5506 548 5574 (a)
574 5504 781 5561 Placuit
813 5506 1204 5563 recentioribus
1232 5506 1376 5562 Edit.
1410 5507 1786 5581 explicationis
1814 5509 1985 5583 gratia

393 5591 632 5653 inserere
650 5608 913 5669 sponsam
935 5610 1096 5651 suam
1110 5634 1122 5648 .
1137 5595 1318 5652 Lectio
1338 5604 1517 5652 nostra
1534 5604 1615 5653 est
1631 5599 1817 5654 Msset
1838 5598 1983 5657 Edit.

2173 4612 2397 4680 5.Quid
2428 4628 2523 4683 per
2550 4628 2718 4683 genas
2749 4612 3130 4678 Ecclesiaemisi
3144 4611 3372 4668 eosdem
3405 4612 3560 4683 ipsos
3576 4626 3712 4682 prae-

2103 4699 2372 4755 dicatores
2393 4699 2766 4771 intelligimus,
2800 4700 2895 4769 qui
2928 4700 3058 4754 dum
3088 4700 3140 4753 iu
3161 4699 3380 4769 populis
3400 4708 3461 4754 ut
3482 4700 3564 4754 eis
3578 4713 3711 4767 pro-

2104 4787 2560 4855 ﬁcianteminent,
2593 4788 2745 4858 quasi
2804 4787 2861 4841 in
2920 4787 3056 4843 facie
3106 4788 3371 4843 Ecclesiae
3430 4786 3711 4842 manifesti

2100 4877 2406 4947 apparent?
2436 4877 2537 4930 Per
2565 4876 2764 4930 malum
2797 4884 2978 4931 autem
2999 4875 3259 4945 punicum
3290 4876 3406 4946 ipsa
3458 4873 3709 4931 Ecclesia

2100 4964 2435 5036 designatur,
2469 4965 2592 5036 quia
2613 4964 2742 5019 dum
2763 4964 2962 5019 multos
2979 4962 3208 5035 populos
3230 4964 3287 5017 in
3323 4962 3538 5019 unitate
3581 4960 3707 5018 ﬁdei

2099 5054 2288 5119 nutrit,
2322 5053 2476 5124 quasi
2507 5053 2670 5107 multa
2701 5068 2873 5125 grana
2911 5051 3014 5106 sub
3042 5068 3151 5108 uno
3198 5052 3403 5108 cortice
3460 5050 3699 5123 stringit.

2102 5141 2376 5213 Fragmen
2405 5157 2536 5213 ergo
2569 5141 2696 5197 mali
2726 5140 2906 5212 punici
2933 5140 3101 5195 sancti
3134 5140 3530 5211 praedicatores
3588 5137 3708 5194 exi-

2099 5238 2261 5298 stunt,
2295 5230 2423 5302 quia
2452 5229 2580 5285 dum
2607 5247 2667 5285 se
2696 5238 2752 5284 ut
2766 5244 2941 5302 grana
2960 5229 3015 5283 in
3030 5228 3219 5285 divino
3235 5226 3461 5285 servitio
3482 5225 3707 5283 caeteris

2101 5318 2291 5374 fortius
2321 5316 2595 5391 afﬂigunt,
2628 5317 2755 5373 dum
2786 5317 2970 5374 omnia
2999 5316 3272 5371 mundana
3318 5320 3707 5381 contemnunt,

2097 5518 2206 5567 vet.
2242 5509 2414 5565 Paris.

2167 5600 2241 5670 (b)
2270 5600 2521 5657 Rothom.
2552 5606 2605 5656 et
2636 5600 2950 5669 Rhemels.,
2967 5614 3107 5672 gres:
3125 5602 3443 5655 (ansarum.
