3996 6164
276 323 358 374 509
936 314 1166 371 SUPER
1195 312 1487 370 CANTICA
1519 311 1973 371 CANTICORUM
2003 314 2401 372 EXPOSITIO.
2434 349 2503 358 --
2536 320 2687 376 CAP.
2722 319 2813 374 iV.

3428 325 3532 377 510

274 442 452 513 dum(a)
470 441 768 514 voluptates
804 458 930 498 suas
948 441 1224 512 abnegant
1248 442 1304 494 et
1325 437 1453 494 vitia
1487 453 1584 494 sua
1615 438 1836 494 omnino
1864 440 1919 505 Α
1949 440 2132 495 dinem
2149 440 2581 497 mortificationis
2608 443 2665 497 in
2703 459 2885 514 opere,
2938 449 2991 499 et
3032 442 3164 516 quid
3205 458 3303 515 per
3342 445 3538 503 collem

270 529 571 598 mortiﬁcant,
602 531 679 601 (b)
732 538 785 586 et
821 539 1045 587 caeteros
1102 526 1387 593 extollunt,
1448 533 1504 581 et
1544 525 1680 581 dum
1736 542 1837 597 per

270 617 472 690 exempla
500 635 600 674 sua
626 627 859 676 caeteros
887 619 1147 686 nutriunt,
1172 614 1330 688 quasi
1361 614 1517 670 fracti
1566 621 1620 669 et
1663 614 1841 686 aperti

268 724 315 764 se
362 708 499 763 cibos
548 706 805 763 offerunt.
858 707 968 765 Sed
1007 706 1256 778 quamvis
1309 719 1513 776 magna
1567 702 1673 758 sint
1718 719 1839 773 quae

268 795 559 852 extrinsecus
629 805 909 867 apparent,
974 796 1181 865 majora
1256 801 1436 848 tamen
1501 792 1562 846 in
1628 791 1840 848 occulto

264 884 469 953 retinent,
501 901 624 958 quae
658 885 827 941 divini
857 884 1013 940 oculi
1044 882 1146 939 soli
1176 881 1379 939 vident.
1414 881 1542 938 Ideo
1569 880 1839 950 subjunc-

266 985 353 1031 tum
373 984 445 1032 est
473 993 485 1030 :
520 976 746 1048 Absque
761 990 824 1031 eo
842 973 985 1047 quod
1002 972 1352 1029 intrinsecus
1372 971 1535 1026 latet.
1553 969 1834 1039 Sequitur:

318 1066 472 1134 (Vera.
497 1066 577 1133 ι.)
601 1064 769 1119 Sicut
792 1062 973 1118 turris
1022 1060 1197 1116 David
1231 1057 1438 1115 collum
1476 1062 1659 1125 tuum,
1709 1074 1836 1130 quae

266 1154 510 1221 aediﬁcata
569 1156 656 1207 est
702 1167 833 1207 cum
904 1149 1371 1222 propugnaculis,
1428 1148 1591 1202 mille
1652 1147 1834 1218 clypei

262 1241 480 1313 pendent
510 1255 589 1295 ex
618 1256 705 1307 ea,
730 1239 919 1294 omnis
946 1242 1249 1293 armatura
1271 1238 1538 1308 fortium.

320 1332 363 1383 6.
411 1328 620 1383 Collum
676 1328 878 1399 quippe
929 1325 1290 1393 extendimus,
1347 1324 1565 1397 quando
1621 1323 1836 1396 longius

259 1415 530 1490 prospicere
553 1416 824 1470 volumus.
857 1416 1088 1484 Propter
1110 1413 1257 1469 aliud
1286 1429 1422 1485 ergo
1444 1413 1617 1468 sancti
1641 1412 1834 1482 praedi-

259 1516 432 1562 catores
455 1505 620 1572 oculi,
652 1513 877 1575 propter
905 1503 1053 1559 aliud
1083 1503 1294 1568 dentes,
1317 1510 1539 1573 propter
1568 1501 1718 1556 aliud
1738 1516 1833 1556 au-

263 1602 348 1652 tem
372 1609 547 1667 gena,
605 1601 657 1649 et
708 1591 910 1649 collum
963 1596 1193 1663 propter
1243 1590 1392 1646 aliud
1451 1590 1835 1654 convenienter

259 1694 505 1740 vocantur.
536 1682 684 1738 Bene
712 1681 881 1754 igitur
909 1681 1045 1736 sicut
1058 1679 1217 1736 turris
1248 1678 1421 1735 David
1436 1679 1639 1735 collum
1659 1681 1713 1748 4
1729 1681 1829 1750 29

262 1780 426 1829 sanctae
452 1771 717 1828 Ecclesia:
752 1770 968 1838 dicitur,
1027 1769 1155 1842 quia
1211 1767 1384 1824 sancti
1439 1768 1830 1839 praedicatores

1947 529 2120 584 thuris
2133 528 2358 601 intelligi
2366 546 2507 599 mus,
2522 530 2627 585 nisi
2642 531 2801 586 altam
2814 532 3168 588 humilitatem
3189 533 3249 587 in
3259 533 3535 589 oratione?

1945 618 2029 672 Ad
2058 624 2297 672 montem
2319 634 2454 690 ergo
2476 620 2711 690 myrrhae
2733 626 2787 675 et
2804 618 2875 674 ad
2896 620 3090 676 collem
3110 621 3279 676 thuris
3301 638 3538 692 sponsus

1946 707 2113 775 vadit,
2145 706 2276 778 quia
2295 722 2388 762 eos
2417 707 2758 762 familiariter
2786 707 2966 763 visitat
2987 725 3122 779 quos
3143 725 3242 779 per
3256 709 3540 766 mortifica-

1948 793 2150 850 tionem
2180 795 2436 850 vitiorum
2467 795 2538 851 ad
2569 796 2675 851 alta
2702 794 2965 866 proﬁcere
3012 806 3065 852 et
3105 813 3204 868 per
3226 798 3457 855 mundas
3484 806 3540 856 et

1943 883 2175 939 humiles
2217 885 2496 940 orationes
2552 886 2792 941 suaviter
2846 886 3094 942 redolere
3139 886 3413 957 perspicit.
3445 887 3542 942 His

1944 972 2147 1043 quippe
2177 972 2468 1029 virtutibus
2523 982 2711 1031 sancta
2764 974 3015 1031 Ecclesia
3061 974 3148 1030 vel
3201 990 3540 1047 unaquaeque

1942 1060 2124 1116 anima
2155 1063 2354 1116 munda
2410 1060 2657 1128 edicitur,
2710 1064 2837 1134 quia
2893 1063 3023 1118 dum
3062 1078 3156 1134 per
3198 1063 3539 1133 voluptatum

1942 1149 2411 1206 mortificationem
2441 1151 2587 1207 vitiis
2615 1151 2926 1220 reluctatur,
2960 1160 3012 1207 et
3035 1168 3139 1222 per
3166 1160 3378 1207 sanctas
3406 1166 3539 1207 ora-

1943 1238 2115 1295 tiones
2146 1240 2457 1309 frequenter
2484 1240 2742 1311 lacrymis
2782 1240 3037 1307 abluitur,
3084 1241 3273 1297 sordes
3309 1240 3453 1295 lavat
3482 1247 3541 1295 ut

1940 1342 2142 1398 sponso
2170 1328 2403 1399 placeat,
2437 1328 2520 1383 cui
2551 1329 2774 1398 pulchra
2799 1344 3060 1399 apparere
3081 1336 3333 1384 conatur.
3367 1329 3539 1399 Cujus

1939 1423 2189 1472 conatum
2220 1416 2290 1471 ad
2319 1414 2573 1472 effectum
2603 1433 2832 1488 sponsus
2858 1432 2955 1487 per
2994 1416 3224 1489 gratiam
3250 1433 3406 1473 suam
3433 1416 3540 1474 du—

1937 1506 2031 1574 cit,
2062 1520 2305 1576 opusque
2331 1521 2486 1560 suum
2516 1506 2572 1559 in
2599 1521 2804 1575 sponsa
2831 1505 3069 1577 benigne
3095 1506 3279 1561 laudat
3306 1514 3360 1560 et
3379 1506 3537 1563 dicit:

2010 1596 2188 1664 (Vers.
2221 1596 2300 1663 7.)
2334 1597 2467 1651 Tota
2481 1594 2723 1667 pulchra
2754 1610 2832 1663 es,
2857 1595 3043 1652 amica
3068 1610 3211 1665 mea,
3230 1599 3288 1652 et
3309 1596 3539 1653 macula

1939 1698 2054 1741 non
2081 1688 2168 1740 est
2197 1684 2262 1739 in
2294 1687 2374 1739 te.

2013 1776 2065 1827 9.
2099 1773 2233 1827 Cum
2263 1772 2526 1842 scriptum
2548 1773 2650 1828 sit:
2670 1774 2842 1831 Nemo
2872 1775 3016 1829 vivit
3038 1775 3159 1829 sine
3173 1777 3423 1845 peccato,
3436 1789 3541 1830 nec

260 1861 414 1933 procul
440 1862 719 1917 venientes
747 1860 931 1915 hostes
959 1831 1159 1913 salicta
1180 1831 1827 1927 Ecclesiaespeculantur,
1856 1831 1911 1891 Β
1942 1862 2140 1932 infans
2162 1864 2327 1933 cujus
2343 1831 2461 1917 vita
2488 1866 2574 1917 est
2599 1865 2774 1919 unius
2803 1863 2918 1919 diei
2957 1878 3126 1934 super
3170 1831 3383 1918 ierram
3401 1831 3535 1931 (Job.

260 1958 301 2005 et
324 1949 511 2005 fortiter
530 1950 808 2015 resistunt,
847 1946 891 2000 si
930 1945 1060 2017 quid
1087 1946 1142 2000 in
1180 1945 1433 2001 Ecclesia
1486 1944 1685 2000 laedere
1730 1959 1828 2000 co-

258 2046 436 2104 nantur,
464 2045 534 2103 et,
566 2036 740 2092 libere
770 2044 983 2091 terrena
1011 2033 1393 2105 despicientes,
1425 2033 1669 2089 caelestia
1692 2049 1828 2089 con-

260 2126 569 2197 templantur.
621 2125 832 2181 Collum
890 2138 1021 2196 ergo
1076 2131 1301 2194 propter
1335 2122 1573 2178 hostium
1628 2136 1831 2193 specu—

258 2214 499 2281 lationem,
533 2213 698 2270 turris
728 2228 862 2271 vero
889 2212 1147 2268 dicuntur
1174 2219 1403 2283 propter
1435 2210 1826 2277 fortitudinem,

259 2311 302 2357 et
322 2312 519 2374 propter
548 2302 824 2358 excelsam
871 2300 1173 2357 ccelestium
1212 2300 1539 2372 gaudiorum
1580 2305 1828 2354 contem-

254 2391 535 2461 plationem.
562 2389 704 2460 Quae
732 2390 892 2445 turris
921 2397 1065 2445 recte
1089 2388 1262 2443 David
1284 2403 1401 2444 esse
1447 2387 1666 2450 dicitur,
1697 2386 1828 2457 quia

255 2480 399 2536 David
427 2496 588 2535 manu
618 2478 771 2535 fortis
797 2479 1207 2548 interpretatur;
1258 2493 1357 2549 per
1400 2476 1547 2547 quod
1578 2474 1829 2530 Christus

253 2568 570 2641 signiﬁcatur,
602 2568 759 2639 cujus
774 2575 855 2623 est
885 2565 1146 2640 quidquid
1166 2566 1305 2621 forte
1325 2573 1378 2621 et
1399 2565 1681 2621 excelsum
1703 2578 1831 2634 Ope-

256 2664 393 2713 ratur.
421 2657 498 2712 De
526 2671 645 2731 qua
661 2656 947 2711 subditur:
985 2655 1118 2724 Qum
1136 2655 1416 2717 aediﬁcata
1440 2657 1526 2711 est
1548 2668 1677 2710 cum
1698 2668 1829 2724 pro-

254 2747 597 2817 pugnaculis;
616 2743 978 2816 milleclypei
986 2744 1240 2817 pendent
1252 2759 1327 2799 ex
1342 2759 1429 2811 ea,
1443 2742 1628 2798 omnis
1642 2757 1830 2797 arma-

256 2837 367 2888 tura
405 2836 669 2906 fortium.
744 2833 880 2888 Cum
952 2831 1387 2905 propugnaculis
1446 2831 1607 2885 turris
1650 2829 1829 2884 David

254 2921 487 2978 aediﬁcata
511 2923 743 2989 dicitur,
793 2921 920 2992 quia
970 2921 1142 2977 sancti
1198 2919 1588 2990 praedicatores
1640 2925 1828 2973 contra

251 3009 560 3067 adversarios
590 3011 860 3077 homines,
892 3009 936 3063 si
957 3025 1182 3064 necesse
1205 3009 1290 3075 sit,
1317 3008 1599 3062 miraculis
1617 3021 1829 3061 arman-

251 3101 342 3151 tnr.
367 3099 558 3155 Contra
584 3099 721 3156 vitia
747 3107 927 3153 autem
957 3114 1015 3152 se
1041 3097 1269 3167 clypeis,
1303 3096 1566 3164 muniunt,
1609 3095 1737 3166 quia
1763 3111 1831 3150 ne

1937 1966 2087 2018 xxiv,
2120 1952 2173 2019 ι,
2203 1965 2317 2006 sec.
2360 1950 2685 2023 Septuag.),
2736 1950 2867 2021 quid
2891 1958 2975 2006 est
3013 1951 3162 2022 quod
3202 1965 3405 2019 sponsa
3431 1957 3541 2006 tota

1936 2038 2163 2109 pulchra
2190 2053 2308 2094 esse
2336 2037 2553 2109 dicitur,
2594 2039 2649 2092 in
2700 2055 2806 2109 qua
2852 2039 3066 2094 macula
3105 2054 3223 2093 non
3263 2038 3540 2094 habetur?

1936 2127 2078 2181 Alibi
2109 2127 2311 2197 quippe
2339 2127 2603 2196 scripturn
2633 2134 2714 2182 est
2742 2146 2760 2182 :
2789 2127 2980 2184 Stella
2999 2144 3112 2184 non
3135 2131 3279 2183 sunt
3307 2126 3539 2182 munda

1935 2216 2317 2288 inconspectu
2345 2219 2467 2287 ejus
2484 2216 2626 2285 (Job.
2668 2231 2800 2285 xxv,
2833 2218 2909 2287 5).
2943 2216 3009 2270 Et
3038 2214 3167 2271 alibi
3198 2234 3210 2268 :
3247 2216 3312 2271 In
3334 2216 3537 2271 multis

1937 2305 2282 2376 offendimus
2312 2319 2506 2360 omnes
2538 2304 2685 2374 (Jac.
2716 2320 2797 2374 in,
2820 2304 3235 2375 2).EtJoannes
3257 2302 3540 2374 apostolus

1936 2393 2011 2447 ait
2042 2410 2053 2447 :
2092 2391 2159 2447 Si
2191 2393 2513 2449 dixerimus
2526 2396 2597 2463 (e)
2628 2395 2759 2466 quia
2786 2397 3082 2466 peccatum
3102 2408 3217 2449 non
3248 2391 3534 2460 habemus,

1937 2483 2148 2537 veritas
2171 2483 2232 2536 in
2251 2482 2412 2538 nobis
2444 2497 2559 2538 non
2587 2487 2675 2539 est
2704 2482 2758 2553 (Ι
2784 2484 2945 2539 Joan.
2971 2498 3009 2548 ι,
3043 2484 3119 2550 8).
3152 2480 3220 2535 Et
3256 2480 3401 2535 idem
3431 2497 3445 2533 :
3476 2479 3537 2537 Si

1937 2570 2257 2626 dixerimus
2278 2571 2411 2642 quia
2422 2587 2539 2628 non
2556 2587 2881 2642 peccamus,
2900 2570 3240 2637 mentimur,
3261 2569 3540 2625 etuerita-

1938 2658 2049 2710 tem
2069 2670 2185 2711 non
2199 2656 2446 2725 facimus
2477 2655 2636 2727 (Ibid.
2670 2655 2747 2725 6.)
2796 2655 2905 2711 Sed
2961 2655 3091 2709 dum
3121 2655 3291 2722 430
3346 2660 3534 2709 sancta

1936 2742 2172 2797 animaa
2217 2742 2455 2812 peccatis
2510 2741 2846 2813 quotidianis
2899 2758 2958 2798 se
3006 2757 3108 2813 per
3160 2741 3537 2811 paenitentiam

1936 2830 2181 2896 mundat,
2206 2831 2332 2886 dum
2363 2831 2605 2901 quotidie
2633 2838 2857 2899 peccata
2884 2830 3093 2885 minuta
3114 2845 3239 2887 cum
3275 2830 3535 2901 lacrymis

1937 2919 2127 2989 abluit,
2159 2927 2210 2974 et
2234 2936 2265 2974 a
2282 2918 2581 2987 majoribus
2608 2935 2666 2974 se
2683 2918 3207 2989 observat,quamvis
3222 2918 3535 2989 frequenter

1934 3016 2143 3078 peccet,
2172 3024 2269 3078 per
2295 3007 2565 3063 assiduam
2598 3015 2779 3062 tamen
2810 3007 3183 3078 paenitentiam
3214 3006 3532 3061 munditiam

1938 3113 2096 3152 suam
2127 3096 2341 3152 assidue
2371 3103 2572 3152 servat.
2604 3096 2744 3152 Hinc
2798 3096 2940 3151 enim
2995 3096 3127 3151 alibi
3175 3095 3528 3166 praecipitur:

249 3186 554 3255 spiritalibus
625 3186 869 3242 hostibus
962 3186 1339 3253 succumbant,
1403 3185 1691 3240 virtutibus
1762 3200 1820 3238 se
1853 3182 1903 3246 C
1932 3188 2163 3257 Semper
2190 3187 2312 3241 sint
2340 3186 2676 3241 vestimenta
2708 3190 2810 3240 tua
2839 3185 3083 3241 candida
3122 3184 3319 3251 (Eceli.
3343 3198 3418 3251 ix,
3450 3183 3530 3252 8).

250 3273 541 3332 defendunt.
567 3278 633 3331 In
644 3277 734 3347 qui
742 3280 839 3331 bus
852 3274 1031 3330 omnis
1045 3284 1317 3329 armatura
1328 3273 1546 3328 fortium
1563 3274 1818 3345 pendent,

250 3362 355 3431 quia
379 3366 626 3436 quisquis
654 3365 893 3422 hostium
923 3364 1111 3420 cuneis
1152 3363 1363 3418 fortiter
1396 3363 1654 3418 resistere
1684 3361 1819 3424 vult,

250 3451 296 3506 id
318 3454 388 3508 eis
431 3454 693 3525 exempla
746 3453 913 3522 videt,
971 3452 1171 3523 quibus
1225 3452 1299 3523 (c)
1346 3459 1582 3507 armatos
1639 3452 1824 3506 hostes

248 3548 435 3597 strenue
454 3543 602 3599 valet
631 3556 910 3613 superare.
944 3541 1090 3597 Mille
1120 3544 1306 3595 autem
1355 3539 1443 3595 hic
1470 3555 1567 3610 pro
1599 3538 1824 3609 perfec-

252 3629 370 3684 tione
396 3631 635 3701 ponitur,
704 3631 830 3701 quia
874 3630 933 3683 in
988 3628 1300 3684 millenario
1336 3642 1566 3683 numero
1626 3642 1825 3683 omnes

252 3719 434 3773 numeri
461 3719 701 3789 perfecti
731 3718 1092 3789 complentur.
1132 3716 1387 3788 Sequitur
1418 3730 1431 3770 :

305 3806 540 3875 (Verss,
565 3808 646 3870 6.)
704 3808 823 3862 Duo
868 3806 1043 3861 ubera
1087 3808 1187 3860 tua
1225 3806 1377 3860 sicut
1434 3804 1544 3862 duo
1593 3805 1828 3861 hinnuli

251 3906 442 3965 caprea:
466 3895 717 3967 gemelli,
740 3895 836 3966 qui
851 3898 1172 3967 pascuntur
1182 3895 1241 3949 in
1263 3892 1405 3950 liliis
1425 3893 1598 3951 donec
1614 3895 1827 3967 aspiret

253 3979 374 4050 dies,
394 3989 451 4040 et
467 3983 838 4039 inclinentur
856 3982 1088 4038 umbra.

305 4073 353 4124 Ἰ.
384 4073 487 4127 Per
508 4074 620 4128 duo
652 4072 821 4127 ubera
849 4072 957 4125 duo
982 4071 1398 4141 praedicatorum
1428 4070 1665 4139 ordines,
1689 4087 1829 4126 unus

250 4157 296 4212 in
324 4159 750 4227 circumcisione,
807 4160 949 4214 alius
1006 4160 1062 4214 in
1119 4159 1406 4231 prmputio,
1456 4159 1826 4232 designantur.

249 4243 335 4313 Qui
363 4249 495 4304 bene
522 4248 672 4304 sicut
698 4248 806 4303 duo
835 4247 1040 4302 hinnuli
1071 4263 1285 4319 caprea)
1309 4247 1580 4315 dicuntur,
1622 4249 1748 4318 quia
1776 4255 1830 4304 et

247 4333 324 4390 ﬁlii
342 4336 648 4411 Synagogae
678 4335 933 4404 existunt,
967 4344 1020 4392 et
1048 4336 1104 4390 in
1158 4335 1436 4391 montibus
1485 4335 1829 4406 contempla-

246 4423 431 4479 tionum
461 4432 780 4497 pascuntur.
808 4424 1040 4480 Gemelli
1068 4440 1198 4480 vero
1218 4424 1344 4479 ideo
1374 4423 1503 4479 dicti
1527 4432 1669 4493 sunt,
1702 4424 1830 4495 quia

1932 3276 1999 3330 Et
2028 3275 2162 3329 illud
2198 3293 2211 3328 :
2241 3277 2433 3331 Justus
2456 3279 2653 3330 autem
2683 3291 2758 3329 ea:
2786 3275 2895 3343 ﬁde
2942 3275 3075 3330 vivit
3123 3275 3300 3339 (Rom.
3333 3287 3374 3338 ι,
3408 3269 3526 3342 1⁵7).

1933 3361 2194 3430 Quamvis
2222 3364 2366 3418 enim
2396 3378 2524 3419 mox
2554 3370 2611 3417 ut
2638 3371 2883 3434 peccata
2905 3361 3107 3431 justitia
3135 3360 3336 3427 deviet,
3352 3367 3531 3413 tamen

1932 3451 2060 3507 dum
2090 3467 2309 3523 semper
2336 3451 2505 3507 credit
2532 3452 2589 3505 in
2618 3467 2742 3507 eum
2786 3451 2875 3522 qui
2912 3449 3169 3520 justiticat
3195 3448 3445 3518 impium,
3478 3454 3533 3501 et

1933 3541 2150 3596 assidue
2179 3540 2280 3595 sub
2309 3542 2427 3611 ejus
2457 3540 2564 3595 fide
2593 3549 2813 3611 peccata
2833 3555 2931 3595 sua
2955 3538 3136 3605 deﬂet,
3158 3553 3257 3609 per
3287 3535 3534 3592 assiduas

1933 3629 2239 3685 ablutiones
2262 3629 2526 3700 justitiam
2555 3644 2708 3684 suam
2736 3629 2948 3684 retinet.
2980 3628 3051 3683 Se
3080 3626 3247 3699 igitur
3273 3625 3348 3682 ita
3367 3639 3531 3680 mun-

1935 3718 2081 3774 danti
2112 3732 2328 3787 sponse
2354 3725 2749 3787 consequenter
2775 3716 2970 3772 dicitur
2999 3733 3013 3771 :

2004 3807 2180 3878 (Vers.
2213 3805 2293 3878 8.)
2335 3808 2463 3862 Veni
2489 3807 2556 3862 de
2576 3806 2803 3875 Libano,
2821 3819 3027 3877 sponsa
3041 3820 3187 3872 mea,
3210 3803 3339 3860 veni
3357 3802 3424 3858 de
3442 3802 3531 3857 Li-

1935 3895 2099 3964 bano,
2125 3896 2287 3961 veni,-
2315 3895 2673 3967 coronaberis
2694 3894 2761 3949 de
2781 3896 2968 3965 capite
2990 3895 3228 3959 Amano,
3248 3891 3532 3947 devertice

1934 3984 2105 4040 Sanir
2119 3987 2175 4039 et
2188 3985 2449 4049 Hermon,
2483 3980 2546 4039 de
2576 3981 2852 4038 cubilibus
2884 3982 3129 4047 leonum,
3158 3978 3222 4036 de
3246 3978 3533 4036 montibus

1932 4070 2241 4144 pardorum
2253 4110 2267 4126 .

2008 4165 2103 4217 10.
2140 4159 2375 4215 Libauus
2406 4158 2608 4231 quippe
2637 4157 2910 4214 dealbatio
2953 4157 3358 4228 interpretatur.
3387 4153 3532 4224 Quid

1936 4264 2068 4322 ergo
2096 4264 2193 4321 per
2219 4248 2481 4303 Libanum
2512 4249 2615 4303 nisi
2659 4247 2932 4318 baptisma
2971 4243 3306 4315 intelligitur,
3338 4243 3395 4298 in
3423 4256 3534 4315 quo

1936 4346 2128 4394 sancta
2156 4337 2401 4394 Ecclesia
2428 4354 2569 4408 aqua
2599 4336 2853 4404 abluitur,
2895 4344 2948 4391 et
2994 4351 3026 4389 a
3075 4340 3419 4405 peccatorum
3440 4331 3531 4385 ni-

1938 4426 2164 4499 gredine
2194 4442 2292 4496 per
2318 4426 2576 4496 Spiritum
2629 4433 2873 4481 sanctum
2922 4440 3083 4495 quem
3130 4422 3326 4493 recipit
3348 4429 3400 4477 et
3440 4436 3538 4491 per

245 4515 566 4569 concorditer
607 4513 924 4585 praedicant,
984 4516 1040 4569 et
1094 4511 1438 4568 concorditer
1478 4513 1712 4582 sapiunt.
1772 4513 1826 4566 1n
1856 4523 1910 4585 1)
1940 4514 2136 4569 Christi
2154 4513 2318 4570 ﬁdem
2338 4513 2834 4570 dealbatur?Unde
2853 4513 3111 4584 scriptum
3134 4518 3238 4567 est:
3263 4510 3539 4581 Asperges

243 4598 351 4654 liliis
374 4618 501 4658 vero
520 4609 822 4672 pascuntur
848 4601 1022 4655 donec
1061 4600 1261 4670 aspiret
1307 4599 1446 4667 dies,
1484 4607 1539 4655 et
1566 4599 1825 4655 inclinen-

244 4692 320 4743 tur
344 4690 571 4756 umbrae,
604 4690 729 4761 quia
750 4688 1074 4743 munditiam
1101 4687 1517 4759 infatigabiliter
1532 4696 1825 4756 sectantur,

245 4774 397 4833 donec
422 4778 480 4832 in
509 4777 603 4833 die
624 4777 815 4847 judicii
835 4777 1058 4846 praemia
1085 4776 1370 4847 recipiant,
1404 4792 1524 4847 quae
1541 4777 1595 4831 in
1627 4777 1829 4832 labori-

246 4862 335 4920 bus
358 4868 532 4923 noctis
563 4866 780 4922 assidue
808 4864 1258 4936 contemplantur.
1291 4863 1543 4936 Sequitur
1576 4881 1826 4937 sponsus,

246 4952 416 5010 dicens
446 4974 459 5011 :

301 5042 465 5113 (Vera.
497 5043 582 5115 6.)
618 5042 822 5101 Vadam
851 5041 930 5115 (ά)
969 5039 1043 5099 ad
1077 5045 1333 5100 montem
1365 5041 1715 5116 myrrhae,e‘t
1754 5042 1830 5100 ad

248 5130 426 5188 collem
456 5133 677 5189 thuris.

305 5221 353 5273 8.
382 5220 533 5291 Quid
569 5235 668 5293 per
692 5226 933 5276 montem
969 5220 1223 5291 myrrhae,
1272 5219 1376 5275 nisi
1422 5219 1619 5277 fortem
1649 5218 1829 5276 altitu-

304 5398 375 5467 (a)
404 5396 578 5470 Editi,
611 5396 932 5470 voluntates
950 5412 1094 5470 suas
1123 5396 1425 5470 abnegant.

304 5468 570 5544 (b))l‘bid"
606 5476 728 5544 post
754 5467 1130 5544 morti/ibant,
1183 5467 1412 5525 additur
1443 5469 1578 5524 dum
1624 5470 1833 5544 seipsos

248 5538 568 5596 humiliant.
605 5538 735 5596 Ouz
764 5538 961 5593 absunt
989 5554 1022 5592 a
1051 5538 1176 5592 Mss.

306 5612 371 5681 (c)
401 5610 630 5676 Excusi,
662 5610 857 5682 quibus
884 5613 1165 5665 armatus.

1934 4619 2042 4671 me,
2077 4602 2347 4669 Domine,
2370 4604 2621 4675 hyssopo,
2644 4607 2701 4658 et
2716 4600 3226 4672 mundabor(Psal.
3259 4616 3298 4667 ι,
3336 4603 3419 4669 9).
3460 4599 3539 4654 De

1936 4692 2140 4747 Libano
2169 4706 2303 4762 ergo
2331 4699 2518 4747 sancta
2538 4690 2789 4746 Ecclesia
2814 4692 2885 4745 ad
2913 4705 3172 4747 coronam
3216 4688 3380 4757 venit,
3413 4687 3540 4761 quia

1935 4780 1992 4835 in
2017 4779 2214 4835 Christi
2243 4780 2513 4851 baptismo
2570 4779 2735 4836 ﬁdem
2792 4780 3038 4851 percipit,
3095 4779 3197 4835 sub
3253 4794 3362 4850 qua
3415 4792 3539 4831 cum

1937 4868 2135 4923 Christi
2163 4868 2339 4939 gratia
2366 4874 2604 4923 meretur
2632 4876 2686 4923 ut
2717 4869 3001 4939 praemium
3043 4867 3286 4937 recipere
3330 4864 3529 4935 possit.

1937 4956 2046 5012 Sed
2078 4957 2207 5027 quid
2232 4964 2317 5012 est
2346 4956 2490 5027 quod
2520 4965 2601 5011 ter
2628 4955 2827 5013 dicitur
2867 4954 3027 5025 Veni,
3059 4956 3169 5010 nisi
3199 4952 3326 5023 quia
3355 4952 3410 5005 in
3430 4950 3537 5006 ﬁde

1938 5048 1992 5101 et
2011 5045 2067 5101 in
2086 5061 2184 5117 spe
2212 5053 2265 5101 et
2294 5045 2349 5100 in
2378 5045 2641 5102 charitate
2684 5044 2948 5117 quidquid
2995 5050 3249 5115 operatur
3274 5038 3539 5106 subsistit,

1937 5140 1998 5190 ut
2026 5133 2110 5189 his
2140 5132 2312 5189 tribus
2340 5133 2546 5189 munita
2601 5132 2895 5189 virtutibus
2953 5131 3122 5188 robur
3167 5128 3382 5195 habeat,
3438 5140 3539 5198 per

1939 5220 2082 5294 quod
2098 5223 2154 5277 in
2168 5222 2252 5279 via
2268 5237 2377 5279 non
2394 5222 2654 5278 lassescat
2672 5221 2699 5273 ε)
2732 5221 2815 5276 De
2830 5218 2935 5275 ﬁde
2956 5219 3100 5274 enim
3136 5215 3333 5273 dicitur
3357 5232 3369 5269 :
3404 5211 3539 5271 Fide

2014 5400 2089 5470 (εἰ)
2122 5397 2401 5470 ΙίριιιοηιἿ
2433 5396 2886 5470 Turon.,_Rhem.
2923 5401 2990 5470 _et
3027 5390 3259 5470 Theod.,
3291 5388 3540 5470 __Vadam

1940 5460 2085 5547 mihi
2100 5467 2178 5547 ad
2195 5460 2447 5525 montem
2479 5460 2769 5547 myrtiq.
2810 5465 2894 5547 De
2923 5465 3025 5547 hoc
3051 5461 3331 5547 loquendi
3377 5460 3539 5518 modo

1936 5540 2054 5611 jam
2085 5540 2286 5595 dictum
2314 5555 2434 5611 cap.
2466 5540 2500 5611 4
2531 5534 2625 5592 lib.
2659 5552 2676 5589 ι
2707 5535 2872 5603 Dial.,
2904 5534 3168 5611 col._173,
3200 5541 3314 5589 not.

2014 5611 2089 5682 (e)
2121 5610 2345 5680 Excusi,
2378 5605 2511 5683 quia
2538 5611 2835 5679 peccatum
2864 5622 2980 5665 non
3013 5605 3301 5665 habemus.
