3996 6164
400 356 497 412 511

1596 360 1842 417 SANCTI
1876 357 2221 415 GREGORII
2254 359 2478 414 MAGNI
3585 369 3676 421 512

396 481 685 539 mandans
698 483 867 541 corda
899 502 1092 543 eorum
1110 487 1255 558 (Act.
1292 503 1383 555 xv,
1410 491 1488 556 9).
1511 487 1786 541 Etiterutn
1820 502 1833 539 :
1865 486 1999 542 Sine
2021 484 2079 546 A
2108 494 2160 540 et
2190 487 2258 541 de
2289 485 2561 542 montibus
2590 488 2889 557 pardorum
2937 485 3183 541 Ecclesia
3217 496 3514 556 coronatur,
3572 491 3681 559 quia

394 571 866 644 fideimpossibile
881 579 964 631 est
980 577 1206 648 placere
1220 578 1325 633 Deo
1361 576 1549 643 (Hebr.
1574 591 1649 644 xu,
1681 576 1757 645 6).
1792 575 1872 629 De
1904 589 2000 643 spe

394 668 577 715 autem
605 661 801 717 dicitur
831 664 979 720 :Non
991 663 1421 736 confundentur
1436 680 1629 721 omnes
1647 665 1742 735 qui
1759 665 2003 735 sperant

394 748 457 804 in
481 752 556 817 te,
580 750 830 807 Domine.
859 753 993 821 Quis
1014 754 1165 808 enim
1186 754 1247 808 in
1263 752 1597 826 tesperaoit,
1618 750 2001 807 etderelictus

397 836 532 892 est?
557 838 745 907 (Eccti.
772 855 833 908 ιι,
867 842 953 906 11,
979 842 1093 908 12.)
1119 842 1197 896 De
1242 842 1502 896 charitate
1546 848 1728 896 autem
1759 839 1954 894 dicitur
1984 857 1997 892 :

402 926 668 982 Charitas
688 929 871 1000 Operit
892 928 1329 987 multitudinem
1343 934 1708 1002 peccatorum
1722 928 1770 998 (1
1785 930 1904 983 Pet.
1919 943 1999 997 IV,

398 1014 472 1095 ξ),
506 1014 574 1068 Et
601 1015 832 1070 iterum:
855 1017 924 1071 Si
939 1015 1281 1075 distribuere
1302 1034 1495 1074 omnes
1513 1018 1826 1089 facultates
1840 1031 2000 1071 meas

399 1100 462 1155 in
482 1102 630 1159 cibos
656 1110 1066 1178 pauperum.et
1080 1107 1133 1161 si
1152 1107 1444 1164 tradidero
1480 1121 1681 1179 corpus
1710 1105 2002 1161 meumita

398 1190 744 1261 utardeam,
789 1194 1147 1251 charitatem
1173 1200 1373 1251 autem
1396 1210 1514 1250 non
1548 1194 1818 1262 habuero,
1851 1191 2003 1249 nihil

395 1294 535 1336 sum
558 1281 608 1351 (Ι
633 1281 760 1336 Cor.
780 1299 898 1352 XIII,
922 1284 994 1353 3).
1026 1285 1093 1338 Et
1108 1284 1348 1340 Joannes
1378 1283 1653 1353 apostolus
1678 1298 1691 1337 :
1716 1285 1858 1337 Deus
1876 1283 2007 1339 rha-

398 1369 550 1424 ritas
571 1374 658 1424 est
676 1370 859 1441 (toan.
880 1387 954 1426 tv.
984 1375 1091 1439 16).
1114 1375 1300 1428 Potest
1318 1381 1502 1427 tamen
1523 1379 1575 1426 et
1592 1371 1752 1426 aliter
1772 1369 2001 1442 intelligi

399 1458 550 1528 quod
579 1466 664 1513 ter
693 1453 889 1515 dicitur
926 1460 1087 1517 Veni.
1124 1463 1283 1517 Venit
1311 1462 1453 1515 enim
1486 1476 1690 1531 sponsa
1718 1468 1904 1514 sancta
1931 1459 2003 1513 ad

400 1545 694 1613 Christum,
726 1547 854 1603 dum
885 1548 938 1603 in
969 1550 1073 1605 hoc
1104 1549 1305 1604 mundo
1326 1550 1542 1617 vivens,
1582 1549 1726 1604 bona
1748 1565 1867 1618 qua
1898 1563 1998 1618 po-

397 1641 500 1689 test
528 1644 798 1705 operatur.
827 1638 986 1692 Venit
1014 1640 1232 1709 quando
1263 1638 1316 1692 in
1367 1640 1510 1694 hora
1558 1636 1750 1692 mortis
1797 1636 1999 1703 anima,

397 1721 518 1794 ipsa
547 1723 794 1780 videlicet
822 1741 1039 1796 sponsa,
1086 1743 1118 1780 a
1161 1742 1323 1781 carne
1373 1727 1609 1780 exuitur.
1660 1725 1817 1781 Venit
1843 1724 2002 1780 tertio

2113 574 2240 629 dum
2271 590 2372 643 per
2395 576 2512 645 ejus
2539 576 2990 645 pradicationem
3018 582 3070 630 et
3089 572 3335 629 crudeles
3355 574 3419 628 ad
3450 574 3679 646 pietatem

2110 670 2162 717 et
2184 663 2479 733 hypocrita
2507 664 2574 718 ad
2603 664 2729 720 vita
2757 664 2976 718 humilis
3007 663 3262 717 unitatem
3297 672 3679 734 convertuntur,

2114 767 2213 820 pro
2245 752 2328 805 his
2356 752 2614 807 omnibus
2642 753 2930 822 praemium
2979 751 3244 823 percipiet
3281 749 3420 820 quod
3452 760 3680 807 meretur.

2114 839 2221 895 Cui
2245 839 2444 894 iterum
2475 840 2673 895 dicitur
2706 859 2718 895 :

2184 928 2370 998 (Vera.
2437 931 2514 1000 9).
2587 928 2915 987 Vulnerasti
2964 944 3059 987 cor
3113 944 3320 996 meum,
3382 944 3529 987 soror
3577 945 3686 986 mea

2114 1032 2342 1088 sponsa,
2381 1019 2702 1074 vulnerasti
2745 1036 2843 1076 cor
2883 1035 3071 1074 meum
3131 1019 3194 1073 in
3247 1032 3356 1073 uno
3410 1017 3686 1074 acutarum

2117 1101 2370 1174 tuorum,
2393 1110 2453 1163 et
2479 1109 2670 1165 inuno
2700 1109 2866 1164 crine
2895 1109 3035 1163 colli
3068 1108 3173 1162 tui.

2185 1199 2270 1251 12.
2302 1197 2406 1250 Per
2434 1197 2618 1251 oculos
2646 1212 2866 1268 sponsa
2897 1203 3104 1252 sancta
3158 1195 3414 1250 Ecclesia
3439 1194 3686 1265 pradica-

2111 1291 2274 1352 tores,
2307 1282 2445 1339 sicut
2473 1282 2679 1339 dictum
2710 1292 2810 1350 est,
2842 1284 3226 1356 designantur;
3252 1299 3348 1354 per
3376 1282 3543 1338 crines
3570 1297 3687 1338 vero

2111 1371 2296 1442 populi
2327 1369 2615 1427 multitudo
2641 1370 2944 1444 ﬁguratur;
2980 1388 3076 1442 per
3104 1370 3303 1427 collum
3335 1378 3508 1425 autem
3530 1369 3687 1424 sancti

2111 1458 2304 1529 capitis
2347 1467 2397 1513 et
2455 1459 2699 1530 corporis
2751 1459 3065 1530 conjunctio
3123 1461 3529 1526 demonstratur,
3581 1473 3688 1528 qua

2110 1545 2247 1602 ﬁdes
2268 1547 2539 1603 Ecclesia
2568 1548 2907 1620 intelligitur.
2965 1550 3071 1604 Per
3102 1550 3245 1603 hanc
3300 1547 3439 1603 enim
3469 1554 3620 1617 caput
3644 1555 3691 1602 et

2111 1651 2308 1705 corpus
2336 1636 2705 1709 conjungitur,
2758 1636 2889 1692 dum
2929 1636 3142 1692 Christo
3193 1636 3419 1707 quisque
3458 1650 3519 1691 eo
3548 1641 3686 1689 tena-

2112 1723 2228 1780 cius
2252 1724 2498 1792 inharet,
2538 1740 2647 1795 quo
2676 1723 2890 1781 ﬁdelior
2916 1726 2973 1779 in
2997 1725 3141 1781 bona
3170 1724 3570 1781 conversatione
3596 1724 3688 1777 ha-

400 1810 618 1880 quando
647 1811 702 1865 in
731 1813 818 1867 die
839 1813 1029 1882 judicii
1066 1814 1239 1868 ultimi
1271 1829 1488 1868 carnem
1529 1813 1767 1881 resumit,
1799 1821 1851 1867 et
1879 1828 2000 1867 cum
2030 1828 2084 1890 Β
2110 1812 2289 1867 betur.
2330 1814 2389 1866 In
2420 1829 2528 1868 uno
2568 1830 2697 1886 ergo
2726 1814 3002 1870 oculorum
3056 1822 3109 1869 et
3146 1813 3203 1869 in
3238 1829 3358 1873 uno
3403 1812 3545 1868 crine
3574 1810 3688 1867 colli

401 1898 610 1956 Christo
638 1901 934 1955 thalamum
962 1903 1234 1958 calestem
1285 1902 1608 1974 ingreditur.
1669 1902 1750 1955 Ibi
1802 1901 2002 1972 quippe
2104 1917 2324 1972 sponsa
2342 1918 2571 1973 sponsus
2596 1903 2936 1967 vulneratur,
2973 1902 3102 1973 quia
3145 1902 3394 1973 profecto
3432 1916 3592 1971 usque
3626 1898 3687 1954 ad

400 1988 641 2043 omnium
672 1989 914 2046 laborum
946 2006 1163 2046 suorum
1214 1991 1439 2062 pramia
1481 1990 1865 2061 consequitur;
1902 1988 1997 2055 ibi,

394 2075 512 2145 jam
542 2077 764 2132 omnino
793 2080 1073 2148 prostratis
1098 2086 1151 2134 et
1180 2079 1415 2134 exclusis
1462 2078 1723 2142 hostibus,
1756 2077 2001 2149 gloriose

401 2172 704 2220 coronatur.
733 2167 863 2222 Ideo
893 2175 946 2223 et
991 2168 1079 2233 hic
1107 2185 1205 2239 per
1231 2168 1650 2239 promissionem
1681 2167 1728 2221 ei
1759 2166 1956 2222 dicitur
1985 2186 1999 2222 :

406 2250 790 2311 Coronaberis
806 2256 869 2313 de
885 2257 1074 2328 capite
1093 2258 1343 2322 Amano,
1379 2256 1447 2313 de
1476 2257 1691 2312 vrrtice
1723 2255 1911 2311 Sanir
1949 2259 2004 2310 et

404 2341 1040 2405 Hermon,decubilibus
1056 2344 1380 2413 leonum,de
1393 2346 1681 2401 montibus
1694 2343 2003 2415 peritorum

476 2431 562 2485 11.
596 2430 742 2500 Quid
771 2448 869 2503 per
891 2436 1117 2501 Amana,
1152 2435 1334 2494 Sanir,
1381 2442 1434 2488 et
1490 2434 1749 2499 Harmon,
1783 2432 2003 2487 nomina

403 2517 656 2574 videlicet
684 2521 963 2589 montium,
996 2521 1095 2576 nisi
1116 2526 1366 2592 potentes
1395 2521 1558 2591 hujus
1582 2520 1764 2575 saculi
1795 2519 2002 2576 intelli-

406 2608 654 2677 guntur?
684 2607 787 2677 Qui
818 2617 1014 2679 quanto
1044 2610 1292 2675 ditiores,
1319 2618 1463 2665 tanto
1492 2609 1819 2666 excelsiores
1848 2618 1903 2665 et
1921 2609 2007 2664 ﬁr-

407 2693 609 2749 miores
635 2696 779 2766 apud
804 2696 1056 2753 inﬁrmos
1085 2714 1204 2753 esse
1232 2698 1501 2752 videntur.
1526 2698 1633 2752 Sed
1654 2699 1722 2753 de
1747 2699 1830 2753 his
1858 2713 2009 2754 mon-

410 2781 553 2836 tibus
580 2792 769 2839 sancta
797 2785 1036 2840 Ecclesia
1081 2794 1396 2855 coronatur,
1438 2785 1563 2858 quia
1594 2786 1722 2840 dum
1776 2802 2008 2860 regnum

409 2871 666 2941 pradicet
694 2880 977 2942 aternum,
1029 2875 1157 2929 dum
1215 2874 1467 2944 exemplo
1515 2890 1614 2930 suo
1654 2875 1837 2930 omnia
1886 2890 2008 2946 qua

406 2960 595 3015 mundi
624 2969 746 3017 sunt
776 2963 909 3017 vilia
937 2979 1057 3019 esse
1080 2964 1431 3031 demonstrat,
1449 2963 1599 3034 ipsos
1623 2964 1786 3019 etiam
1819 2972 2010 3035 poten-

404 3054 489 3104 tes
514 3049 587 3103 ad
619 3050 986 3118 panitentiam
1016 3051 1254 3120 inclinat,
1314 3060 1368 3107 et
1422 3052 1522 3106 sibi
1554 3051 1657 3122 ipsi
1686 3068 1784 3123 pro
1816 3068 2009 3108 eorum

408 3135 487 3206 (a)
506 3135 846 3209 inquisitione
862 3155 1114 3196 coronam
1133 3142 1185 3196 in
1204 3141 1513 3198 calestibus
1527 3140 1801 3211 parat.Sic
1813 3141 2011 3212 quippe

407 3222 468 3279 ﬁt
497 3231 556 3279 ut
585 3226 815 3281 humiles
842 3228 1103 3298 superbos
1128 3237 1492 3299 prosternant,
1513 3237 1564 3284 et
1587 3229 1662 3298 (b)
1689 3228 1888 3282 inﬁrmi
1920 3245 2013 3284 ex-

410 3313 590 3370 celsos
615 3314 895 3371 inclinent.
944 3317 1075 3373 Ideo
1130 3318 1387 3388 scriptum
1436 3325 1560 3372 est:
1612 3317 1817 3373 Omnis
1846 3318 2015 3373 vallis

414 3401 850 3476 implebitur,et
867 3407 1060 3463 omnis
1096 3422 1263 3463 mons
1298 3409 1355 3459 et
1398 3405 1569 3463 collis
1602 3405 2018 3463 humiliabitur

416 3490 545 3557 (Isa.
564 3507 657 3561 χι,
682 3493 756 3563 4).
773 3493 878 3549 Sed
900 3494 1028 3565 quid
1041 3502 1119 3549 est
1139 3494 1411 3566 quodnon
1433 3494 1607 3549 solum
1627 3494 1696 3549 de
1717 3494 2013 3563 montibus,

410 3579 510 3634 sed
535 3580 694 3634 etiam
727 3580 797 3636 de
853 3582 1120 3652 capitibus
1175 3582 1442 3637 montium
1492 3582 1808 3638 coronanda
1837 3584 2003 3650 431

414 3683 534 3723 esse
563 3668 776 3738 dicitur,
808 3670 932 3739 nisi,
964 3670 1109 3742 quod
1138 3670 1421 3741 impletum
1452 3669 1722 3735 videmus,
1755 3671 1879 3741 quia
1896 3669 2014 3742 jam

415 3755 553 3828 ipsa
597 3758 922 3814 excelsiores
965 3775 1214 3829 persona
1258 3759 1313 3812 in
1354 3759 1631 3814 Christum
1687 3759 1931 3827 credunt,
1964 3766 2019 3813 et

419 3845 537 3915 ejus
549 3846 833 3917 praeceptis
849 3863 946 3918 per
966 3847 1225 3903 Ecclesia
1244 3847 1685 3918 pradicationem
1708 3846 1967 3902 obediunt
1987 3848 2017 3901 ‘2

417 3934 598 4006 Reges
625 3935 769 3990 enim
801 3943 854 3990 et
879 3936 1238 4006 imperatores
1267 3934 1480 3991 Christo
1509 3935 1769 4003 serviunt,
1788 3951 2016 3991 coronas

416 4022 731 4093 deponunt;
765 4031 818 4079 et
847 4040 943 4094 per
994 4024 1370 4095 paenitentiam
1415 4024 1471 4078 in
1528 4024 1771 4080 Ecclesia
1800 4024 2015 4080 veniam

415 4115 625 4182 petunt.
658 4112 714 4167 Si
744 4113 927 4183 itaque
955 4128 1053 4184 per
1087 4112 1269 4184 capita
1306 4111 1566 4168 montium
1615 4128 1857 4167 summas
1885 4128 2013 4185 per-

417 4216 579 4256 sonas
607 4199 985 4272 intelligimus,
1009 4201 1153 4257 bene
1179 4217 1282 4272 per
1310 4200 1512 4256 cubilia
1540 4200 1757 4256 leonum
1788 4208 1840 4255 et
1864 4216 2016 4256 mon-

416 4297 498 4345 tes
528 4289 821 4361 pardorum
849 4290 1125 4361 principes
1153 4290 1356 4360 quique
1383 4296 1437 4344 et
1466 4288 1701 4343 ministri
1726 4289 2012 4361 designan-

420 4385 523 4445 tur,
555 4378 644 4449 qui
673 4376 974 4433 crudelitati
1012 4375 1334 4443 inserviunt,
1385 4384 1440 4432 et
1466 4376 1856 4432 dolositatibus
1902 4376 2014 4431 suis

417 4480 552 4535 quos
579 4465 632 4520 vi
669 4480 778 4519 non
803 4472 1028 4534 possunt
1055 4464 1257 4520 ladere
1285 4464 1582 4535 decipiunt.
1628 4464 1789 4519 Pardi
1814 4464 2015 4536 quippe

417 4552 656 4607 maculas
682 4552 736 4606 in
765 4560 886 4607 cute
942 4568 1160 4623 semper
1214 4559 1447 4622 portant,
1494 4568 1592 4623 per
1619 4567 1756 4622 quos
1787 4553 1884 4624 qui
1925 4554 2017 4608 alii

420 4656 581 4711 quam
610 4640 911 4711 hypocrita
940 4640 1027 4696 vel
1058 4640 1337 4695 discordes
1374 4639 1749 4712 signiﬁcantur
1767 4640 1796 4695 Ἰ
1825 4642 1886 4695 In
1916 4641 2021 4695 illis

2110 1998 2342 2045 mortem
2368 1991 2544 2046 crucis
2586 1990 2831 2057 aﬁicitur,
2880 1999 2938 2046 ut
2983 1991 3162 2046 unitas
3220 1990 3620 2061 praedicatorum
3643 1994 3691 2041 et

2110 2076 2286 2149 plebis
2311 2079 2366 2132 in
2418 2078 3076 2134 Ecclesia.conﬁrmetur.
3134 2079 3215 2134 De
3246 2078 3399 2149 cujus
3423 2076 3691 2132 dilectione

2111 2182 2241 2236 erga
2269 2182 2523 2238 sponsam
2545 2167 2738 2222 iterum
2769 2167 2953 2221 subdit
2973 2182 3223 2237 sponsus.

2184 2256 2360 2325 (Vera.
2395 2258 2503 2325 10).
2543 2257 2720 2325 Quam
2768 2254 3030 2329 pulchra
3077 2260 3220 2312 sunt
3272 2269 3536 2309 mammae
3568 2256 3693 2320 tute,

2113 2359 2286 2400 soror
2314 2359 2441 2400 mea
2472 2343 2723 2416 sponsa?
2955 2418 2959 2422 ὶ

2187 2435 2269 2486 13.
2307 2430 2447 2500 Quid
2479 2448 2576 2502 per
2604 2447 2872 2486 mammas
2914 2431 3324 2489 convenientius
3363 2430 3417 2484 in
3462 2431 3562 2486 hoc
3586 2428 3698 2484 loco

2114 2536 2275 2590 quam
2326 2521 2443 2590 ipsa
2473 2520 2690 2577 dilectio
2722 2521 2817 2575 Dei
2849 2528 2902 2575 et
2928 2519 3185 2590 proximi,
3220 2520 3291 2576 de
3331 2536 3435 2590 qua
3474 2516 3699 2589 superius

2114 2608 2371 2678 diximus,
2412 2608 2731 2681 intelligitur
2750 2610 2779 2665 τ
2807 2609 2911 2664 Per
2940 2624 3075 2678 quas
3123 2624 3277 2664 mens
3319 2615 3502 2664 sancta
3529 2621 3702 2662 omnes

2115 2712 2304 2751 sensus
2328 2713 2454 2752 suos
2484 2698 2539 2751 in
2567 2696 2855 2752 dilectione
2886 2698 3073 2756 nutrit.
3107 2697 3237 2751 dum
3268 2697 3380 2752 Deo
3410 2710 3505 2750 suo
3533 2691 3700 2750 chari-

2118 2784 2241 2838 latis
2273 2784 2557 2839 tenacitate
2587 2785 3008 2856 conglutinatur,
3068 2792 3121 2840 et
3169 2784 3440 2856 proximis
3493 2784 3537 2837 si
3582 2780 3701 2854 quid

2116 2872 2362 2927 utilitatis
2417 2871 2600 2941 habet,
2649 2873 2868 2943 quando
2920 2872 3066 2941 licet,
3125 2872 3364 2928 libenter
3417 2870 3694 2943 impendit.

2117 2961 2226 3015 Has
2253 2976 2523 3014 mammas
2580 2976 2794 3029 sponsa
2849 2969 3103 3031 quantum
3153 2977 3387 3031 sponsus
3417 2960 3623 3033 diligat,
3652 2957 3703 3012 in

2120 3049 2435 3120 repetitione
2464 3048 2644 3102 laudis
2674 3056 2862 3119 aperte
2891 3049 3221 3115 manifestat,
3272 3051 3459 3106 dicens
3489 3064 3503 3104 :

2196 3139 2374 3208 (Vera.
2410 3138 2519 3207 10.)
2580 3138 2916 3193 Pulchriora
2954 3142 3092 3194 sunt
3129 3138 3307 3195 ubera
3355 3145 3455 3194 tua
3492 3139 3633 3202 vino,
3657 3138 3709 3191 et

2125 3226 2259 3282 odor
2276 3228 2697 3296 unguentorum
2731 3230 2969 3282 tuarum
2990 3241 3167 3298 super
3185 3229 3383 3283 omnia
3402 3229 3669 3284 aromata.

2197 3317 2287 3370 14.
2327 3313 2486 3382 Quod
2507 3314 2752 3385 superius
2793 3315 2863 3370 de
2908 3316 3095 3385 sponsi
3151 3315 3414 3371 uberibus
3460 3314 3701 3378 diximus,

2124 3403 2229 3457 hoc
2257 3410 2309 3458 el
2337 3403 2430 3458 hic
2457 3418 2578 3457 cum
2611 3403 2679 3457 de
2705 3418 2901 3474 sponsa
2922 3402 3158 3474 loquitur
3184 3403 3420 3477 intelligi
3450 3416 3709 3475 posseas-

2126 3489 2394 3545 timamus.
2441 3491 2507 3545 Et
2555 3491 2692 3547 odor
2754 3495 3192 3564 unguentarum
3253 3497 3500 3549 tuorum
3541 3504 3709 3561 super

2126 3580 2318 3636 omnia
2339 3584 2621 3637 aromata.
2644 3580 2748 3634 Per
2764 3588 3040 3652 unguenta
3075 3580 3279 3650 quippe
3321 3582 3464 3652 ipsa
3501 3580 3710 3634 virtutes

2126 3684 2247 3739 qua
2259 3684 2326 3723 ex
2339 3668 2601 3724 charitate
2619 3668 2859 3723 oriuntur
2878 3668 3271 3741 intelliguntur.
3290 3670 3506 3725 Habent
3525 3667 3709 3741 quippe

2124 3757 2285 3812 etiam
2300 3755 2516 3827 reprobi
2539 3755 2829 3827 aliquando
2846 3763 3087 3811 aromata
3103 3756 3303 3828 quibus
3323 3758 3584 3823 redolent,
3598 3752 3715 3826 quia

2125 3844 2353 3899 virtutes
2377 3842 2635 3915 quasdam
2653 3843 2956 3915 possident,
2970 3844 3176 3900 etbona
3188 3860 3362 3916 opera
3384 3850 3710 3916 perpetrant;

2125 3933 2221 3988 sed
2242 3935 2370 4005 quia
2396 3933 2511 3986 sine
2532 3933 2788 3987 charitate
2811 3932 3016 4001 vivunt,
3041 3932 3094 3987 in
3121 3941 3419 4005 conspectu
3449 3932 3547 3989 Dei
3582 3928 3719 3987 nulla

2127 4038 2247 4091 qua
2309 4019 2509 4076 faciunt
2546 4021 2776 4090 placent.
2824 4021 2981 4077 Unde
3011 4021 3063 4075 in
3102 4021 3317 4092 judicio
3350 4038 3476 4078 cum
3504 4021 3676 4075 dicent
3701 4075 3717 4102 ν

2124 4110 2388 4178 Domine,
2404 4125 2598 4165 nonne
2612 4111 2674 4165 in
2690 4111 2928 4166 nomine
2951 4113 3048 4166 tuo
3065 4111 3553 4181 praphetavimus,
3584 4115 3636 4163 et
3662 4108 3717 4163 in

2125 4201 2358 4254 nomine
2380 4202 2474 4254 tuo
2492 4200 2739 4254 virtutes
2757 4200 2972 4254 multas
2984 4199 3229 4269 fecimus
3264 4200 3453 4264 (Matt.
3481 4214 3575 4266 vn,
3593 4199 3678 4259 22)
3694 4193 3720 4246 ‘l

2126 4287 2540 4359 respondebitur
2559 4286 2638 4342 eis
2656 4305 2667 4340 :
2692 4288 2993 4359 Nunquam
3014 4288 3143 4344 novi
3161 4289 3555 4351 oos.discedite
3570 4303 3603 4340 a
3618 4297 3716 4345 me;

2122 4392 2315 4433 omnes
2331 4377 2586 4448 operarii
2605 4376 2962 4447 iniquitatis.
2983 4375 3136 4431 Bene
3165 4392 3302 4448 ergo
3316 4379 3596 4449 unguenta
3622 4371 3721 4427 Ec-

2122 4465 2302 4521 clesia
2321 4479 2486 4534 super
2511 4463 2692 4519 omnia
2719 4472 2963 4519 aromata
2991 4463 3242 4519 redolere
3272 4464 3547 4530 dicuntur,
3576 4458 3725 4528 432

2126 4555 2257 4626 quia
2279 4554 2377 4608 etsi
2399 4568 2563 4623 opera
2593 4552 2953 4623 reproborum
2985 4552 3281 4623 aliquando
3299 4551 3612 4609 hominibus
3629 4546 3728 4619 pla-

2127 4651 2268 4710 cent,
2288 4643 2407 4697 hac
2423 4658 2543 4711 qua
2563 4649 2743 4696 sancta
2756 4640 3001 4696 Ecclesia
3021 4657 3089 4695 ex
3117 4641 3384 4697 charitate
3413 4637 3646 4701 conﬁcit,
3675 4634 3724 4688 in

418 4728 621 4801 quippe
641 4730 735 4799 qui
763 4728 1135 4784 credulitatem
1166 4736 1440 4784 sectantur
1466 4729 1743 4785 damones
1771 4736 2019 4802 tanquam
2054 4733 2105 4795 D
2134 4731 2333 4787 divinis
2363 4729 2584 4785 naribus
2614 4731 2729 4784 sine
2759 4728 3060 4784 cessatione
3106 4729 3377 4784 redolent.
3413 4727 3672 4800 Sequitur
3709 4740 3721 4776 :

415 4818 604 4873 leones
628 4817 845 4872 cubant.
877 4817 938 4871 1n
965 4816 1072 4871 illis
1101 4831 1228 4872 vero
1259 4817 1415 4889 quasi
1464 4818 1617 4889 pardi
1648 4827 1860 4873 montes
1889 4819 2015 4873 adi-

418 4904 601 4974 ﬁcant,
630 4921 765 4977 quos
791 4906 920 4960 dum
951 4904 1099 4960 vitiis
1125 4906 1237 4961 suis
1279 4905 1488 4976 aliquas
1537 4906 1762 4961 virtutes
1802 4906 2012 4961 admis-

417 5010 540 5051 cere
591 4995 949 5063 consentiunt,
990 5009 1087 5065 pro
1145 4993 1399 5049 omnibus
1443 4994 1600 5049 bonis
1656 4995 1779 5048 suis
1837 4994 2016 5049 laudis

416 5084 653 5156 gloriam
683 5081 934 5139 affectare
961 5082 1319 5152 compellunt.
1342 5082 1407 5135 lli
1439 5083 1623 5153 itaque
1654 5098 1788 5137 vere
1820 5082 2016 5153 pardo-

414 5189 537 5229 rum
558 5172 875 5229 varietatem
905 5172 1199 5234 imitantur,
1230 5170 1361 5242 quia
1403 5170 1530 5224 dum
1572 5185 1695 5226 cum
1729 5169 2020 5225 virtutibus

422 5261 585 5317 etiam
614 5261 745 5317 vitia
772 5267 1069 5327 sectantur,
1102 5258 1253 5328 quasi
1308 5257 1364 5312 in
1421 5258 1574 5312 vario
1627 5258 1778 5314 corio
1822 5259 2023 5314 coloris

422 5347 859 5404 dissimilitudine
885 5348 1222 5403 dividuntur.
1253 5345 1361 5401 Sed
1387 5345 1454 5400 de
1477 5345 1750 5403 cubilibus
1782 5347 2021 5415 leonum,

501 5520 580 5592 (a)
608 5522 880 5580 Mutarunt
906 5523 1158 5579 Editores
1174 5536 1363 5594 vocem
1380 5522 1519 5579 hanc
1545 5521 1597 5577 in
1630 5522 2036 5594 acquisitione,

433 5608 559 5666 qua
587 5607 719 5666 sane
748 5595 1038 5666 convenire
1068 5594 1244 5666 magis
1284 5592 1512 5651 videtur.
1559 5592 1726 5650 Priori
1744 5600 1927 5651 tamen
1958 5600 2040 5652 est

433 5662 491 5719 in
518 5662 773 5721 omnibus
818 5665 1019 5720 nostris
1048 5662 1179 5719 Mss:

2210 4819 2392 4887 (Vers.
2435 4820 2550 4891 11.)
2584 4820 2763 4874 Favus
2792 4817 3089 4874 distillans
3123 4816 3280 4873 labia
3323 4822 3456 4886 tua,
3493 4828 3728 4888 sponsa;

2121 4908 2236 4963 mel
2266 4912 2323 4963 et
2363 4907 2450 4963 lac
2472 4907 2576 4962 sub
2601 4908 2800 4978 lingua
2824 4910 2950 4971 tua,
2989 4910 3047 4961 et
3068 4906 3201 4963 odor
3246 4906 3725 4963 vestimentorum

2127 5001 2363 5052 tuorum
2383 4998 2538 5051 sicut
2560 4995 2698 5050 odor
2723 4995 2933 5050 thuris.
3786 5062 3793 5065 _

2200 5087 2287 5139 15.
2319 5084 2709 5139 Pradicatores
2738 5084 2997 5140 Ecclesia
3027 5083 3164 5138 bene
3190 5082 3337 5138 labia
3368 5095 3587 5154 sponsa
3615 5089 3732 5133 esse

2131 5172 2398 5235 dicuntur,
2432 5173 2557 5241 quia
2589 5187 2683 5240 per
2724 5188 2820 5227 eos
2851 5172 3069 5241 populis
3124 5171 3385 5242 loquitur,
3432 5178 3487 5226 et
3519 5184 3618 5240 per
3644 5179 3733 5220 eos

2131 5261 2198 5316 ad
2229 5260 2392 5314 ﬁdem
2425 5259 2632 5331 parvuli
2656 5260 2852 5332 quique
2871 5260 3202 5325 erudiuntur,
3224 5259 3361 5314 dum
3393 5274 3496 5329 per
3515 5271 3609 5312 eos
3635 5267 3728 5309 oc-

2133 5349 2277 5405 culta
2308 5348 2506 5404 divina
2535 5346 2838 5419 Scriptura
2887 5348 3045 5421 quasi
3073 5348 3251 5404 cordis
3296 5346 3523 5403 latentia
3557 5341 3728 5399 mani-

2217 5523 2293 5593 (b)
2321 5523 2454 5579 Mss.
2487 5531 2536 5577 et
2565 5529 2674 5579 vet.
2725 5522 2828 5578 Ed.
2861 5523 3033 5591 Paris,
3065 5523 3143 5578 ita
3172 5521 3378 5579 habent
3406 5541 3420 5585 ;
3456 5529 3512 5580 at
3541 5520 3597 5575 in
3626 5515 3739 5573 aliis

2148 5593 2375 5651 Excusis
2402 5594 2598 5666 legitur
2625 5594 2829 5665 inﬁmi.
