3996 6164
275 301 365 359 513

986 297 1207 357 SUPER
1231 300 1526 358 CANTICA
1547 294 1999 358 CANTICORUM
2029 297 2429 358 EXPOSITIO.
2457 332 2526 342 —
2556 303 2707 357 CAP.
2732 302 2823 360 IV.

3471 312 3574 366 514

278 427 533 484 festantur.
563 429 623 482 In
652 427 773 483 favo
793 435 966 481 autem
998 427 1105 480 mel
1134 425 1282 495 latet,
1335 435 1386 482 et
1443 443 1566 483 cera
1620 427 1854 484 videtur.
1885 426 1943 488 Α
1972 426 2027 480 in
2057 433 2302 481 ventrem
2331 427 2606 482 memoriae
2637 435 2956 498 congregat,
2988 427 3141 497 quasi
3172 440 3344 498 aquas
3371 427 3570 484 viven-

275 517 420 571 Recte
448 532 574 589 ergo
603 516 747 571 labia
778 530 997 585 sponsae
1028 514 1182 570 favus
1210 524 1502 584 vocantur,
1535 517 1668 588 quia
1725 515 1854 571 dum

275 603 321 656 in
347 603 509 656 carnis
537 603 833 674 fragilitate
872 603 1140 673 sapientia
1170 619 1370 676 magna
1403 605 1647 669 habetur,
1694 603 1854 675 quasi

272 691 364 745 mel
391 691 441 744 in
472 705 592 747 cem
622 691 991 746 absconditur.
1021 690 1252 759 Quando
1285 709 1418 748 vero
1447 693 1649 748 electus
1705 692 1855 762 quis-

272 795 362 848 que
388 779 660 848 praedicat,
695 779 913 850 quando
944 780 1178 836 caelestia
1225 781 1429 852 gaudia
1496 781 1856 836 nescientibus

270 867 470 933 revelat,
494 873 619 923 tunc
655 867 808 922 favus
838 867 1076 937 distillat,
1110 869 1234 938 quia
1265 877 1468 939 quanta
1495 869 1726 926 dulcedo
1757 885 1855 924 sa-

270 955 471 1025 pientiae
501 956 556 1010 in
585 955 747 1012 corde
774 957 957 1023 lateat,
976 973 1076 1026 per
1103 957 1212 1012 oris
1244 957 1601 1030 fragilitatem
1622 959 1856 1014 audien-

275 1044 402 1098 tibus
429 1044 753 1100 manifestat.
785 1044 938 1101 Unde
961 1045 1226 1115 scriptum
1249 1054 1333 1101 est
1370 1064 1382 1100 :
1425 1046 1698 1103 Habemus
1728 1046 1854 1102 the—

271 1149 489 1188 saurum
523 1135 703 1188 istum
725 1134 787 1189 in
819 1134 962 1189 vasis
981 1134 1252 1202 ﬁctilibus
1273 1135 1320 1200 (Ι
1343 1143 1463 1191 Cor.
1503 1151 1578 1204 tv,
1615 1136 1690 1205 7).
1729 1135 1856 1191 ldeo

272 1221 506 1275 subditur
536 1222 691 1278 :Mel
721 1225 775 1277 et
807 1221 899 1278 lac
930 1222 1032 1278 sub
1066 1223 1267 1294 lingua
1297 1227 1417 1278 tua.
1449 1223 1713 1278 Nimirum
1738 1221 1860 1278 falsi

272 1309 641 1378 praedicatores
669 1309 775 1364 mel
807 1309 862 1364 in
891 1309 1079 1382 lingua
1110 1318 1344 1381 portant,
1377 1311 1520 1381 quod
1542 1311 1641 1366 sub
1670 1312 1859 1382 lingua

271 1413 363 1452 non
393 1397 617 1467 habent,
647 1397 772 1469 quia
803 1397 1051 1454 caelestia
1080 1398 1281 1470 gaudia
1308 1399 1597 1468 aliquando
1648 1401 1854 1470 praedi-

269 1493 378 1540 cant
397 1495 655 1558 tanquam
685 1485 800 1542 veri
841 1485 964 1554 sint,
1034 1501 1160 1541 cum
1209 1486 1332 1556 ipsa
1398 1488 1668 1542 terrestria
1713 1487 1858 1542 bona

267 1573 375 1629 totis
425 1573 708 1629 desideriis
756 1581 1028 1645 appetant.
1093 1575 1294 1630 Sancta
1341 1590 1474 1630 vero
1533 1592 1685 1630 mens
1743 1577 1853 1632 mel

266 1662 314 1716 in
337 1663 518 1735 lingua
549 1661 850 1733 praetendit,
883 1662 1010 1733 quia
1039 1662 1319 1733 sapientiae
1359 1663 1709 1719 dulcedinem
1769 1665 1856 1720 lo—

1965 521 2047 570 tes
2077 523 2264 570 sancta
2293 530 2447 570 mens
2478 515 2532 568 in
2561 531 2622 569 se
2641 515 2868 588 gignere
2886 530 2994 570 non
3016 523 3207 586 cessat,
3228 532 3359 586 quas
3379 516 3570 571 sitien-

1965 603 2104 657 tibus
2135 603 2398 674 proximis
2427 603 2677 673 praebere
2707 607 2766 657 ut
2804 602 3113 658 reficiantur
3161 605 3358 660 valeat.
3418 604 3573 663 Unde

1963 691 2224 761 scriptum
2243 700 2322 746 est
2338 692 2549 746 dicente
2564 691 2796 747 Domino
2814 691 2942 758 :Qui
2956 691 3152 747 biberit
3164 708 3239 747 ex
3250 708 3574 764 aquaquam

1963 795 2060 850 ego
2096 779 2233 836 dabo
2287 781 2359 847 ei,
2401 795 2516 836 non
2563 781 2721 835 sitiet
2768 781 2831 835 in
2888 783 3170 835 aeternum
3198 801 3220 843 ,-
3267 781 3362 836 sed
3424 798 3570 853 aqua

1963 884 2134 940 quam
2149 884 2245 938 ego
2275 867 2411 923 dabo
2434 870 2504 932 ei,
2529 868 2626 935 ﬁet
2648 869 2711 923 in
2727 884 2788 924 eo
2820 870 2951 938 fons
2981 884 3139 939 aqua:
3186 869 3452 925 salientis
3509 873 3572 927 in

1965 958 2143 1012 vitam
2163 961 2442 1011 aeternam
2459 957 2651 1026 (Joan.
2681 971 2758 1024 ιν,
2795 956 2903 1025 13).
2923 955 3129 1010 Etalibi
3155 971 3169 1012 :
3197 957 3299 1024 Qui
3316 959 3495 1014 credit
3509 962 3572 1015 in

1963 1061 2073 1112 me,
2097 1045 2249 1100 sicut
2263 1045 2402 1100 dicit
2424 1042 2750 1116 Scriptura,
2769 1045 3011 1113 ﬂumina
3030 1062 3190 1115 aqua
3213 1047 3348 1101 vitae
3387 1048 3575 1114 ﬂuent

1965 1133 2030 1188 de
2059 1136 2251 1188 ventre
2268 1134 2388 1202 eius
2409 1135 2596 1204 (Joan.
2614 1149 2711 1201 vn,
2747 1136 2854 1202 38).
2891 1132 2999 1187 Sed
3020 1148 3116 1188 cur
3135 1133 3330 1187 dicitur
3345 1134 3468 1189 fons
3485 1134 3576 1192 ille

1964 1219 2228 1292 signatus,
2266 1220 2369 1274 nisi
2401 1221 2528 1290 quia
2559 1237 2745 1276 sensus
2763 1220 3022 1290 spiritalis
3047 1221 3319 1276 mentibus
3334 1222 3575 1296 indignis

1963 1308 2310 1364 absconditur
2339 1311 2366 1361 εἴ
2396 1307 2604 1364 [nﬁdeli
2634 1311 2780 1364 enim
2810 1309 3019 1364 homini
3043 1326 3074 1364 a
3095 1309 3332 1366 Domino
3352 1311 3569 1368 dicitur:

1963 1398 2212 1468 Spiritus
2226 1396 2320 1452 ubi
2345 1398 2464 1452 vult
2478 1399 2683 1469 spirat,
2712 1401 2766 1452 et
2785 1413 2972 1453 vocem
2984 1400 3105 1469 ejus
3116 1399 3300 1466 audis,
3317 1403 3372 1455 et
3394 1403 3577 1458 nescis

1965 1486 2116 1540 unde
2147 1485 2357 1552 veniat,
2389 1493 2491 1540 aut
2521 1500 2626 1557 quo
2655 1484 2822 1542 vadat
2846 1487 3030 1556 (Joan.
3056 1501 3136 1552 nt,
3172 1490 3253 1555 8).
3294 1488 3360 1542 Et
3381 1487 3572 1545 iterum

1965 1574 2224 1644 scriptum
2255 1582 2337 1629 est
2369 1592 2380 1627 :
2415 1574 2719 1644 Signatum
2750 1577 2834 1629 est
2855 1589 3026 1644 super
3055 1589 3156 1630 nos
3176 1576 3370 1632 lumen
3385 1579 3574 1635 vultus

1969 1664 2057 1718 tui
2089 1663 2320 1719 Domine
2351 1663 2524 1732 (Psal.
2557 1678 2631 1730 ιν,
2665 1664 2742 1730 7,.
2777 1661 2935 1729 Quod
2957 1662 3103 1717 enim
3131 1662 3206 1716 ibi
3266 1663 3447 1719 lumen
3495 1667 3572 1720 si-

264 1752 458 1822 quendo
489 1751 743 1818 ostendit,
803 1767 967 1822 quam
1031 1751 1294 1807 veraciter
1352 1752 1684 1821 praedicans,
1748 1770 1849 1808 au-
1883 1780 1936 1840 B
1966 1758 2192 1822 gnatum
2224 1753 2330 1806 hoc
2360 1751 2448 1806 hic
2477 1750 2670 1822 procul
2699 1750 2864 1805 dubio
2898 1751 3017 1805 fons
3043 1751 3289 1822 signatus
3305 1768 3425 1808 esse
3442 1770 3574 1824 per-

268 1840 455 1895 dientes
479 1848 744 1910 tanquam
772 1839 951 1894 mellis
981 1839 1266 1894 dulcedine
1290 1839 1480 1895 reficit.
1529 1841 1634 1896 Lac
1689 1842 1850 1913 gerit,

269 1929 377 2000 quia
402 1928 719 2001 congruenti
750 1927 853 1983 sibi
907 1928 1151 1983 doctrina
1191 1928 1452 1998 parvulos
1507 1945 1752 2000 quosque
1801 1930 1856 1984 in

266 2017 495 2073 Ecclesia
527 2018 724 2072 nutrit.
753 2017 864 2072 Sub
895 2016 1079 2088 lingua
1092 2024 1269 2070 autem
1294 2017 1409 2072 hanc
1435 2018 1620 2072 omnia
1642 2018 1856 2087 sibiipsi

265 2115 501 2174 reservat,
537 2106 664 2178 quia
686 2106 950 2160 internam
1007 2105 1348 2160 dulcedinem
1405 2106 1623 2161 assidue
1677 2122 1854 2162 secum

267 2203 441 2266 portat.
497 2195 642 2250 Dum
699 2194 844 2250 enim
902 2203 1115 2249 terrena
1166 2194 1373 2263 abjicit,
1434 2195 1560 2248 dum
1606 2195 1856 2250 vitiosum

267 2283 670 2336 amaritudinem
699 2283 917 2352 respuit,
952 2282 1006 2335 in
1055 2281 1399 2336 interioribus
1454 2281 1704 2336 sensibus
1759 2299 1856 2336 sa-

264 2368 459 2441 pientiae
487 2370 780 2426 dulcedine
811 2386 868 2424 se
892 2369 1086 2440 pascit,
1118 2385 1223 2441 qua
1255 2369 1422 2424 robur
1453 2370 1679 2440 colligit,
1712 2378 1768 2424 ut
1788 2370 1857 2424 ad

264 2466 440 2514 eterna
467 2459 756 2532 gradiens,
780 2460 834 2511 in
863 2458 1069 2512 laboras
1097 2458 1516 2514 viaelassescere
1537 2474 1644 2513 non
1665 2459 1853 2529 possit.

327 2551 404 2601 16.
428 2548 524 2602 Cui
559 2547 700 2602 bene
723 2546 918 2600 dicitur
950 2564 961 2600 ε
997 2547 1064 2600 Et
1093 2547 1227 2602 odor
1255 2547 1724 2603 vestimentorum
1741 2551 1860 2602 tuo-

263 2652 375 2691 rum
390 2635 541 2692 sicut
577 2637 710 2692 odor
741 2635 945 2690 thuris.
969 2635 1112 2703 Quid
1129 2651 1226 2706 per
1246 2637 1569 2690 vestimenta
1595 2638 1730 2704 llch,
1748 2636 1855 2689 nisi

265 2734 426 2780 sancta
455 2740 631 2795 opera
660 2724 1034 2796 designantur,
1069 2724 1263 2794 quibus
1290 2723 1707 2795 prmcedentium
1733 2739 1855 2779 ma-

265 2812 421 2868 lorum
450 2813 734 2883 turpitudo
763 2812 1019 2883 operitur,
1055 2829 1121 2867 ne
1152 2813 1401 2867 videatur
1429 2813 1456 2866 ?
1513 2812 1651 2868 Hinc
1709 2813 1855 2868 enim

265 2902 504 2971 scriptum
527 2910 636 2956 est:
659 2903 866 2956 Beatus
883 2903 978 2972 qui
996 2902 1275 2971 vigilat,et
1299 2901 1543 2957 custodit
1561 2902 1858 2956 vestimen-

271 2994 320 3043 ta
346 3007 530 3046 suane
549 2991 739 3045 nudus
760 2990 1031 3058 ambulet,
1057 2993 1112 3044 et
1135 2991 1396 3045 videatur
1419 2990 1714 3060 turpitudo
1740 2991 1859 3052 eius

267 3078 433 3148 (Apoc.
493 3093 616 3142 xw,
671 3079 777 3147 15).
809 3077 953 3132 Thus
993 3093 1122 3132 vero
1153 3094 1252 3148 per
1279 3075 1730 3149 significationem
1762 3093 1858 3146 pro

267 3167 493 3222 oratione
522 3167 760 3237 ponitur,
793 3166 935 3221 sicut
963 3167 1228 3236 scriptum
1243 3173 1322 3221 est
1344 3183 1355 3218 ε
1381 3166 1659 3222 Ascendat
1677 3164 1860 3221 oratio

271 3269 395 3322 mea,
417 3257 571 3311 sicut
596 3257 896 3310 incensum
918 3255 979 3309 in
1000 3258 1303 3326 conspectu
1328 3258 1424 3310 tuo
1443 3256 1616 3323 (Psal.
1639 3271 1765 3321 ch,
1786 3255 1861 3315 2).

270 3342 448 3398 Sancta
477 3344 664 3413 itaque
694 3343 870 3396 anima
899 3342 951 3396 in
981 3343 1087 3398 hoc
1117 3343 1342 3409 mundo,
1409 3352 1609 3414 quanta
1665 3351 1863 3413 potest,

268 3429 394 3486 bona
422 3447 597 3503 opera
624 3439 902 3500 operatur,
937 3439 990 3486 et
1019 3432 1154 3484 bene
1211 3447 1446 3502 operans
1502 3430 1772 3485 desiderio
1816 3438 1870 3484 et

269 3509 552 3575 intentione
582 3527 772 3574 sancta
803 3520 873 3573 ad
917 3526 1118 3574 aeterna
1173 3535 1230 3574 se
1273 3520 1562 3582 extendit;
1624 3518 1868 3590 nihilque

267 3607 380 3662 boni
410 3611 545 3682 agit,
581 3608 686 3662 nisi
717 3624 782 3662 ea
808 3607 1121 3675 intentione,
1154 3615 1214 3662 ut
1241 3609 1306 3661 atl
1329 3608 1571 3663 coelestia
1602 3625 1723 3679 quae
1778 3608 1869 3662 di-

272 3695 712 3769 ligitquandoque
732 3695 1017 3766 pervenire
1057 3697 1248 3767 possit.
1301 3697 1442 3751 Bene
1499 3696 1664 3768 igitur
1731 3697 1870 3752 odor

275 3787 705 3840 vestimentorum
729 3785 847 3854 ejus
878 3785 1016 3839 sicut
1046 3785 1216 3839 thuris
1245 3801 1363 3839 esse
1385 3785 1717 3855 perhibetur,
1743 3786 1871 3856 quia

276 3873 323 3926 in
367 3874 610 3928 onnibus
652 3872 916 3942 operibus
965 3873 1079 3927 suis
1137 3880 1273 3939 orat,
1336 3874 1465 3928 dum
1517 3873 1870 3944 perveniendi

275 3960 577 4031 intentione,
609 3977 674 4015 ea
729 3976 849 4030 quae
903 3968 1083 4030 potest
1139 3961 1282 4016 bona
1329 3969 1608 4032 operatur.
1664 3961 1869 4032 Sequi-

281 4055 354 4104 tur
379 4068 392 4103 :

337 4139 507 4210 (Vers.
544 4139 660 4209 12.)
683 4139 884 4194 Hortus
945 4139 1249 4194 conclusus
1296 4153 1454 4196 soror
1487 4153 1614 4194 mea
1644 4153 1870 4210 sponsa,

279 4228 458 4284 hortus
472 4229 799 4295 conclusus,
831 4229 960 4296 fons
978 4227 1256 4298 signatus.

340 4321 424 4372 t7.
458 4318 659 4372 Hortus
683 4323 866 4370 sancta
905 4314 1148 4370 Ecclesia
1178 4313 1376 4382 existit,
1409 4314 1536 4385 quia
1582 4313 1710 4368 dum
1765 4331 1873 4385 pa-

277 4403 635 4472 pulosmultos
661 4404 719 4457 in
749 4402 856 4457 ﬁde
881 4402 1076 4474 gignit,
1097 4403 1255 4474 quasi
1284 4403 1442 4457 ﬂores
1457 4401 1714 4472 pulchros
1733 4403 1877 4458 bona

1889 3130 1938 3192 C

1965 1839 2203 1892 hibetur.
2243 1839 2476 1894 Sanctus
2505 1839 2649 1892 enim
2666 1837 2896 1908 Spiritus
2928 1847 3170 1894 mentem
3192 1855 3354 1911 quam
3376 1843 3570 1914 replet,

1955 1934 2008 1980 et
2037 1926 2351 1981 illuminans
2378 1928 2593 1993 irrorat,
2632 1931 2685 1980 et
2717 1927 2959 1982 irrorans
2990 1927 3259 1983 illuminat
3287 1944 3306 1981 :
3337 1938 3393 1984 ut
3423 1939 3476 1986 et
3505 1932 3573 1988 de

1953 2012 2076 2069 luce
2107 2013 2223 2082 ejus
2246 2014 2428 2069 videat
2459 2013 2589 2085 quid
2619 2022 2858 2083 appetat,
2898 2021 2950 2069 et
2984 2013 3052 2070 de
3083 2029 3204 2072 rore
3237 2017 3354 2088 ejus
3376 2033 3438 2074 se
3485 2036 3572 2075 re-

1956 2101 2200 2172 frigeret,
2236 2119 2302 2156 ne
2333 2103 2610 2156 lassescat.
2647 2101 2940 2172 Sequitur:

2029 2191 2214 2260 (Vers.
2257 2192 2368 2260 13.)
2394 2191 2730 2246 Emissiones
2763 2194 2877 2246 tute
2936 2191 3239 2262 paradisus
3287 2196 3571 2254 malarum

1955 2279 2099 2350 puni
2131 2294 2325 2334 corum
2355 2294 2482 2334 cum
2509 2295 2805 2351 pomorum
2832 2281 3138 2349 fructibus.

2029 2369 2111 2420 18.
2149 2366 2292 2435 Quid
2324 2367 2723 2422 emittitsancta
2753 2367 3020 2436 Ecclesia,
3057 2368 3161 2423 nisi
3190 2384 3314 2425 cum
3361 2375 3566 2430 sanctis

1965 2455 2223 2526 Operibus
2252 2464 2436 2510 sancta
2467 2455 2652 2524 verba,
2685 2455 2881 2527 quibus
2912 2454 3052 2511 ﬁlios
3079 2457 3256 2529 gignit
3280 2467 3334 2514 et
3353 2462 3519 2518 nutrit
3547 2465 3577 2517 ἢ

1967 2543 2211 2612 Quorum
2232 2544 2363 2598 dum
2384 2543 2523 2600 alios
2542 2560 2715 2615 usque
2741 2544 2809 2598 ad
2834 2545 3141 2615 martyrium
3164 2548 3426 2616 perducit.
3441 2550 3578 2608 alios

1966 2631 2020 2686 in
2053 2640 2242 2688 sancta
2263 2633 2681 2688 conversatione
2702 2632 2886 2687 erudit
2917 2647 2931 2703 ;
2959 2635 3058 2688 hos
3087 2636 3357 2706 sanguine
3415 2654 3574 2694 mar-

1966 2721 2087 2792 tyrii
2110 2721 2365 2776 rubentes
2404 2721 2473 2774 ad
2501 2729 2760 2775 aeternam
2783 2721 3014 2791 patriam
3049 2725 3387 2792 transmittit,
3449 2727 3575 2784 illos

1967 2825 2094 2865 vero
2122 2810 2178 2863 in
2207 2809 2407 2864 sanctis
2442 2809 2696 2880 operibus
2721 2810 2991 2876 viventes,
3025 2811 3289 2881 proximis
3319 2813 3371 2868 in
3389 2831 3576 2871 exem-

1967 2898 2116 2969 plum
2144 2897 2448 2953 sanctitatis
2479 2898 2658 2965 tradit,
2692 2897 2822 2967 quid
2852 2897 3001 2952 aliud
3030 2916 3194 2970 quam
3219 2901 3360 2956 mala
3381 2905 3577 2974 punica

1966 2994 2020 3041 et
2053 3001 2338 3055 pomorum
2362 2986 2568 3041 fructus
2597 2986 2788 3040 emittit
2817 2987 2844 3038 ‘l
2874 2985 3022 3040 Mala
3043 2986 3184 3042 enim
3230 2990 3426 3059 punica
3473 2993 3574 3048 sub

1970 3074 2136 3129 rubeo
2184 3073 2390 3130 cortice
2449 3073 2844 3128 multitudinem
2902 3090 3198 3145 granorum
3249 3079 3572 3145 continent;

1974 3162 2178 3218 fructus
2207 3177 2338 3218 vero
2368 3177 2652 3233 pomorum
2683 3162 2739 3216 iu
2768 3178 2827 3217 se
2856 3162 3172 3218 refectionis
3231 3166 3574 3225 dulcedinem

1973 3251 2196 3305 habent.
2229 3250 2318 3307 Sic
2347 3251 2423 3307 sic
2454 3258 2726 3320 martyres
2757 3250 2884 3306 dum
2916 3251 3019 3306 sub
3050 3251 3177 3322 igne
3213 3253 3577 3313 tribulationis

1975 3339 2244 3407 laborant,
2277 3339 2405 3394 dum
2435 3354 2533 3410 pro
2563 3339 2779 3394 Christo
2801 3340 3127 3411 sanguinem
3157 3343 3393 3397 exterius
3445 3345 3575 3400 fun-

1977 3427 2106 3482 dere
2135 3443 2247 3483 non
2275 3427 2542 3494 dubitant,
2579 3427 2974 3482 multitudinem
3038 3429 3297 3484 virtutum
3353 3431 3580 3490 interius

1977 3517 2081 3572 sibi
2111 3524 2450 3588 congregant
2476 3516 2528 3570 in
2558 3524 2760 3572 mente.
2795 3515 2976 3572 Sancti
3027 3517 3186 3572 etiam
3237 3520 3439 3590 quippe
3487 3524 3578 3594 qui

1976 3604 2031 3683 in
2058 3621 2194 3674 pace
2225 3605 2480 3660 Ecclesiae
2512 3605 2720 3671 vivunt,
2756 3603 2956 3660 fluctus
2985 3621 3280 3676 pomorum
3323 3618 3520 3679 gerunt
3561 3630 3574 3674 ;

1979 3693 2104 3764 quia
2136 3692 2262 3746 dum
2294 3701 2482 3748 sancta
2511 3708 2682 3762 opera
2735 3692 2956 3760 faciunt,
3016 3695 3274 3764 proximis
3329 3699 3580 3770 exempla

1980 3782 2236 3848 tribuunt,
2271 3796 2499 3850 quorum
2529 3780 2864 3836 exhibitione
2886 3797 2944 3836 se
2976 3783 3066 3851 qui
3089 3783 3275 3839 volunt
3304 3785 3575 3842 reficiunt.

1979 3869 2254 3938 Quotquot
2284 3869 2425 3923 enim
2467 3878 2588 3923 sunt
2634 3869 2688 3922 in
2721 3869 2968 3924 Ecclesia
3022 3874 3220 3939 sancti,
3278 3875 3396 3929 sive
3450 3877 3580 3948 igne

1978 3957 2250 4028 passionis
2280 3957 2508 4012 ardeant
2536 3957 2650 4013 sive
2681 3957 2734 4010 in
2764 3973 2898 4028 pace
2927 3958 3181 4015 Ecclesiae
3240 3962 3580 4030 quiescentes

1979 4053 2341 4111 succrescant,
2391 4053 2704 4100 sanctarum
2756 4046 3011 4100 virtutum
3054 4047 3280 4104 odorem
3325 4058 3580 4123 tanquam

1981 4132 2296 4204 paradisum
2327 4132 2600 4188 suavitatis
2621 4141 2672 4188 et
2693 4133 3012 4189 deliciarum
3043 4143 3354 4191 construere
3383 4137 3439 4192 in
3492 4156 3571 4210 se,

1982 4221 2110 4277 dum
2140 4220 2348 4289 vivunt,
2387 4236 2496 4276 non
2525 4229 2754 4276 cessant.
2785 4221 2952 4291 Cujus
2978 4223 3222 4292 paradisi
3280 4224 3580 4282 ubertatem
3677 4253 3683 4258 ι

1983 4309 2258 4381 Scriptura
2310 4309 2663 4380 demonstrat,
2723 4311 2849 4365 dum
2906 4309 3006 4365 sub
3061 4325 3197 4367 voce
3251 4313 3435 4384 sponsi
3479 4332 3583 4386 per

1981 4398 2326 4453 arbustorum
2383 4400 2628 4468 nomine,
2690 4413 2930 4471 quasque
3014 4399 3233 4456 virtutes
3314 4401 3581 4476 designat,

279 4499 406 4548 terra
426 4492 641 4548 emittit.
677 4489 779 4560 Qui
808 4492 995 4546 hortus
1027 4491 1314 4546 conclusus
1342 4491 1482 4546 bene
1513 4506 1630 4546 esse
1659 4490 1870 4558 dicitur,
1902 4483 1954 4545 D
1983 4487 2169 4542 dicens
2197 4503 2210 4540 :

281 4577 390 4646 quia
419 4576 695 4634 cbaritatis
731 4574 875 4631 vallo
903 4575 1327 4646 circumquaque
1348 4575 1617 4643 munitur,
1639 4591 1708 4630 ne
1729 4575 1870 4630 intro

280 4681 548 4722 numerum
596 4667 899 4720 electorum
952 4663 1213 4735 reprobus
1265 4663 1460 4733 aliquis
1512 4663 1868 4736 ingrediatur.

284 4753 620 4828 Unaquaeque
651 4752 837 4808 anima
885 4761 1068 4808 sancta
1115 4753 1278 4807 etiam
1336 4754 1532 4808 hortus
1579 4752 1876 4808 conclusus

284 4858 395 4898 esse
413 4842 748 4914 intelligitur,
769 4842 848 4912 (a)
867 4841 992 4912 quia
1013 4841 1142 4894 dum
1159 4841 1303 4896 bona
1325 4856 1426 4895 sua
1445 4840 1738 4896 intentione
1755 4840 1876 4896 vita!

283 4940 476 4986 atterua
506 4930 803 4998 abscondit,
831 4930 960 4984 dum
990 4930 1252 4983 humanas
1269 4929 1459 4984 laudes
1490 4929 1709 4985 omnino
1738 4945 1874 4984 con-

287 5020 483 5086 temnit,
516 5021 631 5089 ipsa
671 5018 820 5072 bona
863 5017 1158 5073 intentione
1214 5033 1274 5072 se
1358 5017 1720 5089 circumsepit,
1805 5035 1874 5074 ne

287 5108 347 5161 ad
373 5108 633 5164 interiora
660 5105 919 5178 rapienda
949 5105 1119 5160 hostis
1148 5106 1400 5178 antiquus
1429 5105 1728 5177 irrumpere
1738 5121 1873 5178 pos-

287 5195 364 5250 sit.
387 5197 530 5252 Fons
558 5195 720 5251 etiam
742 5193 958 5262 dicitur,
1004 5194 1132 5264 quia
1183 5194 1314 5250 dum
1361 5194 1600 5251 coelestia
1657 5194 1873 5252 assidue

287 5285 499 5358 cOgitat,
531 5284 657 5339 dum
696 5282 975 5339 scientiam
1005 5281 1416 5355 Scripturarum
1451 5267 1613 5335 333
1662 5299 1879 5356 semper

352 5409 429 5480 (a)
455 5410 519 5463 In
539 5415 736 5464 recent.
767 5407 871 5463 Ed.
905 5405 1179 5480 inseritur:
1199 5407 1341 5475 Quia
1365 5407 1755 5480 dumrvirtutes
1771 5425 1876 5466 nu-

291 5478 416 5552 trit,
437 5481 602 5549 ﬂores
610 5480 790 5552 gignit
808 5499 830 5542 ;
847 5482 903 5534 et
914 5478 1051 5534 dum
1075 5480 1358 5552 virtutum
1379 5478 1800 5552 exhilaratione
1819 5497 1877 5537 se

291 5550 489 5622 reﬁcit,
524 5549 746 5620 [ructus
767 5564 899 5622 quos
915 5553 1190 5622 genuerat
1213 5549 1407 5606 eadem
1423 5550 1689 5622 custodit.
1717 5552 1878 5622 Con-

289 5621 477 5681 clusus
493 5619 646 5679 enim
683 5619 878 5680 hortus
895 5619 1015 5678 esse
1042 5621 1282 5693 dicitur,
1339 5621 1476 5693 quia
1529 5619 1666 5678 dum
1708 5620 1873 5678 bona.

2051 4577 2230 4646 (Vere.
2267 4576 2380 4645 14.)
2414 4573 2582 4645 Cypri
2603 4589 2733 4630 cum
2758 4576 2958 4646 nardo,
2990 4577 3209 4635 nardus
3265 4584 3320 4637 et
3363 4598 3579 4654 crocus,

1980 4665 2178 4736 ﬁstula
2209 4669 2264 4720 et
2294 4665 2852 4720 cinnamomumcum
2865 4667 3147 4724 universis
3169 4670 3339 4741 lignis
3361 4671 3582 4745 Libani,

1982 4752 2217 4826 myrrha
2233 4756 2288 4808 et
2309 4753 2431 4808 aloe
2449 4768 2578 4807 cum
2596 4754 2854 4809 omnibus
2875 4757 3077 4827 primis
3097 4761 3431 4830 unguentis.

2058 4845 2143 4895 19.
2166 4839 2308 4908 Quid
2339 4840 2482 4895 enim
2503 4856 2604 4910 per
2623 4841 2721 4895 bas
2750 4841 2999 4899 diversas
3027 4853 3325 4902 aromatum
3377 4848 3590 4919 species

1986 4929 2322 5002 designatur,
2357 4927 2461 4983 nisi
2495 4937 2801 4985 sanctarum
2831 4931 3085 4988 virtutum
3117 4935 3188 5003 (b)
3217 4935 3354 4990 odor
3381 4944 3435 4990 et
3464 4953 3586 5006 pro-

1983 5018 2179 5087 fectus,
2214 5017 2305 5088 qui
2334 5017 2389 5071 in
2422 5017 2623 5072 sanctis
2651 5016 2878 5074 habetur
2905 5022 2932 5072 ‘I
2963 5021 3040 5074 Ex
3070 5023 3152 5075 his
3194 5022 3396 5093 quippe
3449 5039 3584 5094 spe-

1982 5105 2168 5164 ciebus
2194 5105 2400 5178 regalia
2431 5114 2706 5178 unguenta
2734 5106 3102 5176 conﬁciuntur,
3119 5109 3277 5164 exhis
3296 5125 3583 5182 corporum

1982 5195 2240 5251 sanitates
2267 5194 2634 5253 inveniuntur.
2660 5195 2811 5250 Bene
2831 5195 2996 5268 igitur
3025 5196 3250 5252 virtutes
3279 5199 3580 5257 animarum

1981 5283 2290 5356 designant,
2324 5282 2518 5354 quibus
2544 5285 2893 5356 congregatis
2922 5292 2978 5341 et
3003 5284 3284 5357 confectis,
3325 5296 3380 5345 et
3408 5287 3580 5346 bonus

1984 5409 2156 5485 Hujus
2185 5406 2534 5485 additamenti
2578 5407 2733 5485 pulla
2799 5416 3014 5466 exstant
3058 5411 3288 5485 vestigia
3341 5413 3397 5470 in
3445 5414 3576 5474 Mss.

1986 5477 2079 5538 aut
2103 5479 2158 5535 in
2186 5486 2295 5536 vet.
2332 5477 2433 5534 Ed.
2466 5477 2636 5534 Paris.

2057 5549 2138 5623 (b)
2161 5549 2277 5608 Val.
2310 5557 2364 5607 et
2391 5547 2478 5604 Cl.
2517 5556 2570 5606 et
2587 5549 2841 5608 Bothom.
2875 5553 3076 5611 honor.
