3996 6164
0 3774 21 3923 Ι.

0 4744 207 6092 ἰν

412 385 518 442 515

1594 364 1841 423 SANCTI
1893 356 2241 422 GREGORII
2278 357 2504 418 MAGNI

891 35 896 38 .
1027 25 1062 42 ὁ..
1253 37 1262 42 -
1349 23 1570 48 5--,..-._.'..’
1779 24 1824 46 ..-Ι
1873 39 1892 44 __
1947 35 1962 46 .
1987 29 2270 50 h.___-_____’_._h.
2347 31 2432 50 l“
2481 43 2484 46 Ι

49 75 54 80 ¹
121 63 150 80 ’δ
379 71 382 74 “
435 63 438 68 Ι
494 65 520 83 Δ
618 66 637 81 ¹¹
699 57 730 70 Ι..
766 53 814 84 ιι
1134 72 1157 83 .I-
1218 70 1227 77 '
1562 76 1569 84 Δ
1672 78 1689 87 .,.
1968 62 1979 73 υ
2166 76 2173 81 _
2362 56 2365 57 ν
2460 64 2491 83 ﬂ,
2585 69 2604 80 -,
2663 57 2666 66 ¹
2694 76 2703 83 .
2858 72 2875 83 λι-
3307 65 3310 70 ι
3353 55 3366 66 ·¹
3446 62 3453 83 1

22 92 33 103 ε
58 86 77 113 ς
112 96 119 105 .
208 100 219 111 ⁵
248 90 303 114 tu
510 108 519 113 _
3296 106 3303 113 .

3590 360 3681 424 516

405 507 542 564 odor
558 497 828 574 opinionis
856 493 1155 570 egreditur,
1187 498 1240 547 et
1265 490 1427 563 agris
1455 489 1749 544 animabus
1789 503 2008 558 compe-
2035 486 2092 546 A
2126 484 2468 574 designatur,
2506 485 2605 558 qui
2640 486 2905 558 reprobps
2937 504 3128 547 omnes
3184 492 3310 549 dum
3353 511 3464 568 pos:
3519 499 3595 567 let,
3656 519 3687 559 a

411 604 530 650 tens
558 590 760 646 sanitas
787 593 1086 658 reparatur.
1119 579 1227 636 Sed
1256 579 1438 634 adhuc
1492 578 1610 633 laus
1664 576 1923 633 Ecclesiae
1980 591 2012 630 a

412 695 611 755 sponso
631 676 905 748 repetitur,
929 688 1053 728 cum
1082 668 1329 725 subditur
1360 685 1372 721 :

485 772 662 843 (Vers.
684 769 794 836 15.)
812 765 952 820 Fons
965 762 1276 824 hortorum,
1295 761 1503 830 puteus
1524 771 1800 828 aquarum
1820 756 2011 812 viven-

416 865 583 925 tium,
606 873 728 931 quce
755 855 949 923 ﬂuunt
976 851 1191 921 impetu
1220 847 1287 902 de
1308 846 1534 902 Libano.

483 953 573 1006 20.
606 948 773 1001 Recte
800 940 855 996 in
884 936 1284 1003 emissionibus,
1319 935 1439 989 fons
1465 935 1747 989 hortorum
1795 940 1851 988 et
1903 948 2012 1002 pu-

414 1048 531 1095 teus
559 1047 818 1107 aquarum
848 1026 1145 1086 viventium
1175 1023 1511 1079 describitur.
1545 1020 1686 1091 Quid
1716 1022 1861 1076 enim
1918 1037 2015 1092 per

418 1129 618 1183 fontem
648 1130 702 1176 et
727 1127 967 1190 puteum,
1027 1115 1130 1169 nisi
1182 1121 1368 1169 sancta
1418 1112 1700 1180 Scriptura
1747 1110 2010 1181 designa-

420 1225 507 1271 tur
536 1214 564 1266 ‘I
594 1194 764 1262 434
790 1222 910 1279 quae
939 1204 1016 1259 sic
1047 1217 1242 1273 aquam
1275 1199 1560 1272 sapientiae
1587 1207 1833 1271 generat,
1866 1207 1924 1253 ut
1953 1208 2007 1254 et

416 1309 665 1377 potantes
694 1311 907 1367 semper
943 1291 1172 1359 reficiat,
1204 1297 1257 1344 et
1285 1296 1467 1343 tamen
1497 1303 1715 1341 manare
1743 1302 1853 1342 nou
1908 1286 2011 1341 de-

415 1376 589 1448 sistat.
613 1388 747 1456 Quae
778 1386 915 1439 bene
960 1382 1234 1436 hortorum
1290 1393 1411 1432 esse
1469 1376 1824 1446 perhibetur;
1884 1378 2013 1444 quia

398 1482 632 1537 illorum
664 1472 970 1545 specialiter
996 1479 1075 1524 est
1105 1475 1288 1523 sancta
1320 1465 1617 1536 Scriptura,
1675 1465 1732 1517 in
1782 1478 2012 1536 quorum

418 1567 696 1624 montibus
724 1563 980 1619 virtutum
1005 1557 1211 1612 semina
1242 1555 1503 1609 oriuntur.
1526 1553 1635 1607 Sed
1658 1553 2013 1623 quaerendum

418 1656 578 1714 nobis
606 1660 707 1720 est,
749 1664 919 1722 quare
966 1648 1086 1702 fons
1141 1652 1194 1699 et
1249 1651 1443 1713 puteus
1499 1649 1788 1710 utrumque
1843 1640 2007 1694 simul

416 1746 687 1816 Scriptura
716 1740 942 1803 dicatur,
974 1750 1096 1790 cum
1127 1733 1250 1787 fons
1281 1731 1333 1785 in
1393 1728 1686 1799 superﬁcie
1747 1736 2007 1799 appareat

2123 572 2267 629 bono
2288 589 2453 645 opere
2485 583 2704 645 torpere
2738 577 2868 633 facit
2901 579 2930 631 ?
2964 580 3067 635 Per
3086 583 3332 638 Austrum
3372 603 3466 642 ver
3564 590 3687 645 cali-

2121 662 2251 718 dum
2299 664 2508 721 scilicet
2548 675 2791 733 ventum,
2825 668 3056 738 Spiritus
3096 679 3311 728 sanctus
3344 673 3468 746 ﬁgui
3519 685 3622 733 ritur
3672 696 3687 733 :

2121 753 2212 824 qui
2236 752 2363 808 dum
2393 763 2603 809 mentes
2640 756 2931 812 electOI-um
2975 759 3167 829 tangit,
3208 760 3277 815 ab
3315 764 3456 818 omni
3519 781 3689 836 srpore

2121 842 2352 911 relaxat,
2369 850 2421 897 et
2442 842 2714 899 ferventes
2734 844 2879 913 facit,
2907 846 2983 914 (d)
3002 855 3059 901 ut
3081 847 3223 903 bona
3245 866 3465 922 quaeque
3520 854 3687 910 aside-

2120 938 2299 986 ranter
2316 938 2632 1001 operentur.
2658 933 2793 988 Hinc
2812 935 2959 990 enim
2988 936 3185 991 dicitur
3220 956 3232 992 :
3275 939 3474 996 Cancer
3519 955 3554 1007 ε,
3592 941 3695 998 Do-

2120 1021 2276 1075 mine
2290 1022 2673 1091 captivitatem
2685 1025 2961 1091 nostram,
2985 1024 3131 1081 sicut
3156 1029 3375 1083 torrens
3407 1028 3465 1083 in
3519 1029 3689 1085 lustro

2120 1110 2294 1179 (Psal.
2317 1124 2490 1175 cxxv,
2506 1110 2579 1180 4).
2613 1109 2811 1183 Surget
2830 1127 2963 1184 ergo
2982 1113 3208 1185 Aquilo,
3229 1118 3282 1170 et
3301 1116 3477 1171 veniat
3519 1123 3693 1185 tuster,

2121 1201 2175 1252 et
2198 1197 2391 1268 perﬂet
2410 1199 2625 1253 hortum
2672 1199 2889 1269 Sponsi,
2951 1210 3005 1256 et
3039 1200 3210 1257 ﬂuant
3238 1212 3476 1259 aromata
3521 1205 3697 1272 illius;

2121 1294 2177 1339 ut
2199 1286 2448 1341 videlicet
2469 1287 2687 1357 spiritus
2704 1289 2975 1360 malignus
2994 1291 3064 1345 ab
3082 1291 3325 1346 Ecclesia
3343 1309 3439 1348 vec
3469 1310 3482 1347 ε
3520 1311 3535 1347 )
3563 1312 3689 1350 una-

2122 1389 2335 1444 quaque
2358 1376 2538 1429 anima
2567 1376 2830 1444 discedat,
2872 1386 2922 1432 et
2940 1378 3172 1449 Spiritus
3190 1389 3409 1436 sanctus
3429 1383 3484 1435 ad
3519 1384 3690 1440 'eniat.

2122 1462 2225 1531 Qui
2258 1464 2480 1519 veniens
2511 1465 2991 1534 charitatisignem
3011 1469 3486 1540 cogitationibusit
3519 1471 3705 1541 ‘undat,

2122 1559 2177 1606 et
2214 1567 2246 1605 a
2296 1560 2509 1623 torpore
2552 1554 2906 1625 negligentiae
2936 1556 3064 1611 dum
3100 1574 3157 1613 se
3198 1557 3477 1625 infuderit,
3525 1561 3708 1615 solvat.

2123 1639 2277 1703 Quod
2311 1641 2440 1694 dum
2471 1641 2604 1713 agit,
2658 1650 2902 1699 aromata
2964 1643 3136 1699 ﬂuunt
3172 1664 3186 1710 ;
3240 1647 3371 1718 quia
3401 1648 3490 1702 dui
3519 1666 3528 1701 t
3568 1648 3716 1703 adve-

2122 1729 2304 1783 niente
2320 1737 2508 1785 sancto
2539 1730 2769 1799 Spiriru,
2794 1746 2891 1786 cor
2946 1733 3091 1802 quod
3127 1735 3277 1804 prius
3322 1743 3492 1807 iOPPUt
3519 1743 3611 1803 rat,
3654 1737 3717 1791 ad

417 1842 612 1907 puteus
641 1845 771 1885 vero
825 1827 881 1881 in
934 1824 1059 1878 imis
1116 1823 1302 1883 latens,
1352 1834 1542 1874 omnes
1593 1833 1653 1872 se
1708 1826 2015 1887 quaerentes
2044 1831 2101 1893 Β
2124 1832 2289 1887 opera
2319 1833 2378 1871 se
2404 1817 2620 1881 excitat,
2653 1834 2784 1873 mox
2812 1829 3012 1876 sancta:
3054 1824 3392 1893 Operationis
3450 1840 3494 1894 ο]
3524 1824 3724 1895 iniones

420 1906 615 1992 majori
656 1918 843 1973 labore
889 1918 1161 1968 exerceat.
1221 1907 1327 1962 Sed
1383 1906 1661 1961 sciendum
1717 1920 1819 1972 est,
1866 1906 2013 1975 quod

423 2011 609 2065 divina
638 2006 920 2074 Scriptura
949 2001 1003 2053 in
1046 1996 1371 2068 quibusdam
1423 1993 1711 2048 manifesta
1763 1993 2018 2059 existens,

421 2099 480 2155 in
509 2093 830 2167 quibusdam
862 2103 993 2145 vero
1022 2087 1157 2141 locis
1185 2086 1471 2138 obscuram
1527 2097 1584 2137 se
1640 2082 1916 2152 praebens,
1972 2087 2026 2134 et

424 2183 721 2257 aliquando
772 2180 961 2235 leviter
1026 2176 1166 2230 sicut
1217 2172 1505 2238 invenitur,
1566 2178 1817 2241 tanquam
1904 2169 2024 2224 fons

430 2284 668 2347 potatur,
701 2279 754 2325 et
782 2264 1072 2339 aliquando
1105 2276 1307 2333 magna
1328 2260 1675 2329 inquisitione
1692 2260 1768 2328 (a)
1795 2266 1941 2329 eget,
1964 2265 2028 2313 ut

428 2364 649 2420 inventa
677 2365 935 2414 sumatur.
967 2352 1129 2422 Quod
1158 2365 1286 2406 vero
1316 2357 1518 2403 sanctae
1549 2347 1837 2417 Scriptura:
1863 2347 2027 2401 intel-

431 2455 605 2508 lectus
631 2464 730 2521 per
750 2461 945 2518 aquam
967 2441 1305 2511 designetur,
1367 2437 1665 2492 ostenditur
1717 2437 1845 2491 alibi
1900 2450 2026 2491 cum

430 2541 616 2597 divina
643 2551 776 2592 voce
804 2535 874 2588 de
915 2528 1161 2600 reprobis
1216 2526 1411 2581 dicitur
1455 2542 1467 2578 :
1501 2526 1722 2580 Mittam
1755 2526 1836 2581 eis
1871 2524 2031 2579 sitim

434 2644 614 2702 aqua,
651 2627 707 2680 et
759 2626 971 2693 famem
1011 2622 1175 2689 panis
1218 2615 1407 2684 (Amos
1463 2628 1583 2702 vni,
1626 2615 1735 2683 Η).
1802 2614 1867 2666 Et
1931 2628 2034 2682 per

433 2717 630 2773 Isaiam
668 2711 866 2767 dicitur
898 2725 909 2761 :
948 2707 1181 2776 Auferet
1201 2702 1474 2759 Dominus
1516 2701 1584 2756 ab
1622 2702 1939 2759 Jerusalem
1979 2704 2035 2757 et

434 2805 584 2861 Juda
598 2815 762 2857 omne
790 2796 961 2854 robur
985 2794 1157 2868 panis
1187 2795 1246 2848 et
1266 2806 1433 2847 omne
1452 2791 1619 2847 robur
1661 2807 1822 2862 aqua!
1873 2790 2032 2859 (Isai.

434 2910 515 2962 lu,
547 2892 622 2961 1).
653 2888 754 2946 Ubi
773 2884 1091 2949 notandum,
1141 2880 1287 2952 quod
1338 2879 1511 2935 robur
1548 2879 1704 2949 panis
1758 2879 1931 2950 prius,
1986 2885 2040 2933 et

442 2990 637 3056 postea
663 2978 831 3034 robur
860 2989 1014 3044 aqua}
1045 2971 1309 3027 aufertur.
1341 2970 1481 3025 Dum
1513 2968 1655 3024 enim
1683 2968 1869 3041 gravia
1898 2968 2043 3056 dicta

442 3055 733 3141 Scripturae
760 3079 868 3120 non
894 3061 1275 3133 perquiruntur
1300 3065 1359 3113 ut
1411 3056 1717 3127 mandatur,
1779 3055 2041 3128 paulatim

2133 1922 2230 1976 per
2256 1906 2533 1975 proximos
2561 1923 2802 1977 quosque
2840 1909 3072 1964 suaviter
3118 1910 3449 1976 discurrunt,
3486 1929 3496 1965 ι
3525 1920 3541 1967 t
3574 1912 3725 1984 quipe

2132 1993 2412 2049 audientes
2436 1994 2505 2048 ad
2523 1996 2710 2049 eadem
2728 2011 2785 2050 se
2805 1998 3123 2061 accendant,
3144 2007 3196 2053 et
3215 2003 3413 2056 Austro
3456 2000 3498 2053 ﬂ:
3519 2009 3635 2068 .nte,
3676 2000 3726 2054 id

2133 2089 2211 2137 est
2258 2082 2459 2151 Spiritu
2518 2092 2705 2138 sancto
2751 2101 2808 2138 se
2852 2084 3187 2151 infundente,
3218 2088 3482 2143 virtutum
3551 2089 3731 2143 odores

2134 2156 2300 2221 435
2338 2174 2600 2241 emittant,
2637 2180 2693 2226 ut
2749 2173 2952 2243 ubique
3010 2184 3231 2230 sanctus
3281 2179 3471 2232 hortus
3527 2176 3725 2241 ﬂoreat,

2135 2266 2188 2313 et
2229 2266 2349 2328 post
2394 2258 2582 2314 ﬂorem
2612 2261 2812 2316 fructus
2857 2263 3162 2319 redolentes
3196 2273 3251 2320 et
3287 2264 3504 2321 reﬁcien
3519 2274 3589 2320 tes
3617 2279 3737 2334 pro-

2138 2347 2317 2403 ducat.
2351 2350 2410 2403 In
2437 2365 2597 2418 quem
2628 2350 2844 2405 hortum
2870 2368 3069 2422 sponsa
3089 2353 3347 2411 dilectum
3382 2356 3587 2422 invitat,
3626 2367 3739 2408 cum

2139 2435 2319 2490 subdit
2342 2453 2354 2492 :

2777 2527 3004 2585 CAPUT
3035 2530 3099 2585 ν.

2215 2616 2370 2686 (Cap.
2387 2616 2457 2670 V.
2480 2646 2552 2656 —
2572 2616 2728 2671 Vers.
2757 2617 2834 2689 1.)
2877 2614 3079 2675 Veniat
3097 2619 3345 2677 dilectus
3359 2636 3523 2677 meur
3539 2620 3602 2677 in
3626 2618 3744 2674 hor-

2147 2708 2268 2760 tum
2281 2704 2550 2774 suum,(e)
2563 2708 2627 2760 ut
2641 2705 2897 2761 comedat
2909 2709 3166 2778 fructum
3179 2723 3488 2781 pomorum
3500 2723 3723 2765 auorum
3734 2745 3747 2759 .

2218 2794 2356 2847 1.ln
2385 2793 2597 2847 hortum
2642 2793 2879 2849 dilectus
2925 2795 3073 2850 venit
3128 2805 3179 2852 et
3224 2796 3470 2854 fructum
3526 2793 3757 2852 comedit

2149 2880 2369 2954 quando
2399 2881 2644 2937 Christus
2670 2890 2881 2938 mentes
2896 2883 3093 2953 visitat,
3136 2893 3190 2941 et
3229 2886 3511 2942 bonorum
3540 2897 3756 2955 operum

2149 2970 2493 3026 dilectatione
2539 2986 2597 3025 se
2660 2972 2846 3027 satiat.
2907 2972 3069 3029 Unde
3123 2980 3176 3029 et
3232 2975 3390 3030 idem
3451 2971 3749 3044 subjiciens

2152 3059 2316 3115 dicit:

439 3156 727 3216 ascientia
753 3150 953 3208 decidit
982 3165 1157 3217 mens,
1215 3155 1271 3201 ut
1327 3144 1618 3217 aliquando
1673 3145 1814 3200 levia
1877 3144 2041 3241 etiam
2073 3177 2123 3241 Ο
2225 3149 2399 3211 (Vers.
2433 3148 2521 3217 1.)
2583 3146 2730 3205 Veni
2762 3150 2823 3204 in
2881 3149 3109 3207 hortum
3159 3169 3378 3223 meum,
3439 3166 3598 3208 soror
3645 3164 3767 3205 mea

437 3246 715 3304 intellectu
741 3256 848 3296 non
875 3237 1177 3308 capiantur.
1246 3233 1353 3289 Sed
1414 3249 1569 3303 aqua;
1623 3233 1739 3287 ista:
1769 3233 1906 3287 bene
1975 3231 2044 3287 de

440 3332 645 3387 Libano
672 3328 837 3381 ﬂuere
865 3338 993 3378 cum
1022 3321 1226 3390 impetu
1246 3318 1497 3372 dicuntur
1529 3335 1540 3371 :
1576 3316 1811 3371 Libanus
1869 3316 2037 3384 enim,

442 3429 502 3477 ut
526 3419 730 3474 dictum
759 3421 857 3478 est,
892 3408 1163 3465 dealbatio
1202 3407 1601 3477 interpretatur.
1663 3406 1723 3459 In
1765 3404 2033 3475 baptismo

443 3509 646 3579 quippe
670 3502 1004 3564 dealbamur,
1037 3496 1164 3551 dum
1194 3494 1387 3549 amissa
1440 3492 1726 3565 nigredine
1785 3500 2044 3563 peccato-

443 3612 589 3664 rum,
629 3592 698 3647 ad
754 3586 1071 3644 munditiam
1136 3598 1294 3638 novas
1352 3581 1478 3637 vitae
1523 3580 1904 3636 reformamur.
1964 3581 2046 3635 De

444 3684 650 3740 Libano
680 3693 812 3751 ergo
840 3690 1001 3747 aqum
1020 3674 1093 3743 (b)
1122 3672 1268 3743 putei
1296 3684 1420 3725 cum
1455 3670 1657 3740 impetu
1674 3668 1845 3724 ﬂuunt
1878 3687 1889 3723 :
1916 3670 2044 3739 quia

443 3773 505 3828 in
528 3770 798 3842 baptismo
827 3763 981 3821 electi
998 3761 1196 3833 quique
1223 3760 1427 3815 donum
1455 3758 1683 3829 Spiritus
1698 3758 1866 3813 sancti
1897 3757 2044 3813 acci-

443 3862 596 3935 piunt
626 3872 732 3928 quo
761 3851 1046 3910 illuminati
1077 3849 1371 3919 Scriptura:
1395 3863 1563 3903 sacrae
1592 3862 1810 3902 sensum
1841 3846 2042 3935 intelli-

444 3957 598 4024 gunt.
622 3946 757 4015 Quae
783 3942 1075 4013 Scripturae
1106 3945 1306 3994 sancta
1336 3936 1565 3993 scientia
1585 3938 1734 3991 tanto
1762 3935 1879 3990 ﬂuit
1933 3934 2042 3990 im-

442 4053 591 4118 petu,
623 4048 679 4098 ut
708 4040 910 4095 electos
940 4035 1066 4090 dum
1099 4033 1289 4106 tangit,
1339 4033 1408 4087 ab
1463 4033 1625 4103 hujus
1680 4032 1803 4088 vita
1859 4048 2043 4087 amore

439 4133 778 4193 submoveat,
821 4133 876 4183 et
922 4125 994 4181 ad
1048 4131 1251 4180 aeterna
1298 4122 1503 4194 gaudia
1560 4122 1612 4177 vi
1672 4120 1908 4191 impetus
1957 4122 2039 4175 sui

444 4235 690 4293 quosque
719 4217 1065 4273 adhmreutes
1124 4210 1378 4280 trajiciat.
1414 4210 1551 4265 Hinc
1579 4216 1669 4264 est
1696 4209 1839 4263 enim
1898 4209 2044 4279 quod

442 4312 499 4366 in
529 4309 738 4381 psalmo
763 4304 1037 4374 scriptum
1060 4308 1144 4357 est
1176 4317 1188 4354 :
1221 4298 1503 4355 Fluminis
1523 4300 1771 4370 impetus
1786 4297 2044 4366 ltetiﬁcat

439 4392 1024 4457 civitatemDettPsat.
1056 4404 1181 4455 ην,
1208 4389 1283 4457 5).
1316 4389 1557 4457 Impetus
1586 4385 1729 4440 enim
1786 4384 2036 4439 ﬂuminis

439 4488 715 4545 civitatem
740 4481 835 4539 Dei
854 4477 1109 4545 laetiﬁcat,
1139 4491 1263 4533 cum
1293 4491 1392 4547 per
1418 4473 1619 4531 donum
1648 4472 1818 4529 sancti
1866 4472 2039 4544 Spiri-

441 4584 529 4631 tus
548 4573 757 4629 fortiter
817 4566 1086 4623 inundans
1141 4565 1432 4634 Scriptum
1470 4562 1738 4632 sapientia
1791 4570 2042 4617 sanctam

440 4660 764 4729 Ecclesium,
794 4656 883 4712 vel
914 4654 1198 4726 cujuslibet
1228 4652 1489 4723 capientis
1519 4658 1779 4718 mentem,
1812 4650 2041 4706 infusio-

443 4766 516 4808 ne
544 4763 643 4804 sua
670 4745 953 4803 exhilarat.
977 4742 1059 4797 Ad
1080 4742 1234 4813 cujus
1260 4740 1492 4811 Spiritus
1521 4740 1818 4795 adventum
1876 4738 2037 4794 mali-

444 4855 585 4912 gnus
613 4835 830 4908 spiritus
848 4833 1170 4902 increpatur,
1203 4844 1324 4886 cum
1356 4828 1443 4884 hic
1480 4828 1535 4884 in
1589 4827 2042 4899 subsequentibus

448 4927 647 4985 dicitur
677 4942 689 4979 :

518 5017 697 5089 (Vers.
722 5013 837 5083 16.)
870 5008 1272 5083 Surgeaquito,
1295 5012 1352 5064 et
1398 5008 1527 5063 veni
1570 5006 1772 5064 Auster
1804 5024 1821 5059 .·
1863 5006 2047 5079 per/ta

448 5108 677 5166 hortum
689 5118 897 5169 meum,
919 5098 993 5173 (δ)
1010 5102 1066 5157 et
1094 5099 1278 5169 ﬂuent
1303 5095 1758 5154 aromataittius.

516 5193 764 5263 21.Quid
784 5190 928 5247 enim
955 5203 1055 5260 per
1074 5186 1396 5257 Aquilonem
1417 5183 1509 5256 qui
1549 5182 1606 5238 in
1652 5182 1855 5255 frigore
1908 5197 2045 5239 con-

450 5284 689 5357 stringit,
720 5289 775 5339 et
827 5288 1047 5352 torpens
1098 5275 1245 5345 facit,
1300 5274 1410 5329 nisi
1460 5270 1771 5328 immundus
1824 5271 2048 5345 spiritus

517 5430 600 5495 (a)
631 5428 693 5481 In
723 5422 958 5492 excusis,
973 5421 1022 5476 si
1043 5416 1282 5495 excipias
1304 5422 1417 5495 vet.
1448 5414 1547 5469 Ed.
1583 5413 1750 5495 Paris.
1800 5413 2041 5483 additur,

452 5486 726 5568 tanquam
743 5486 970 5567 puteus,
1009 5498 1132 5564 post
1159 5486 1299 5563 Eget.
1332 5486 1616 5543 Glossema
1667 5493 1747 5541 est
1787 5500 1895 5556 quo
1950 5500 2046 5542 ca-

449 5567 573 5624 rent
598 5567 731 5620 Mss.

527 5638 605 5704 (b)
634 5638 715 5706 In;
726 5633 962 5706 vulgatis
989 5634 1272 5706 omissum,
1291 5630 1676 5706 cum_impe_tu.

521 5696 600 5782 Ic)
620 5696 948 5764 Inﬂoth'om.
968 5714 1025 5762 et
1043 5704 1164 5763 Val.
1186 5696 1293 5774 CL,
1308 5707 1366 5760 et
1391 5696 1872 5772 ﬂuantaromata,
1886 5696 2037 5775 quod

2070 4520 2125 4583 D

2157 3251 2389 3308 sponsa,
2412 3237 2626 3293 messui
2652 3238 2946 3310 myrrham
3003 3256 3189 3296 meam
3223 3256 3365 3297 cum
3423 3238 3770 3296 aromatibus

2153 3325 2325 3381 meis:
2358 3326 2572 3381 comedi
2592 3327 2786 3396 favum
2819 3342 2951 3383 cum
3004 3329 3173 3384 melle
3211 3345 3361 3394 meo,
3425 3329 3537 3385 bibi
3580 3327 3771 3383 vinum

2152 3429 2341 3469 meum
2363 3430 2494 3470 cum
2520 3415 2665 3470 lacte
2694 3429 2836 3472 meo.

2225 3505 2277 3555 2.
2308 3502 2577 3572 Myrrham
2596 3502 2824 3558 dilectus
2841 3519 2962 3559 cum
2980 3504 3320 3561 aromatibus
3387 3505 3569 3574 metit,
3604 3518 3766 3575 quan-

2152 3589 2224 3645 do
2241 3590 2480 3645 Christus
2495 3590 2906 3648 mortiﬁcatione
2936 3593 3058 3648 vitae
3089 3592 3157 3648 ad
3181 3592 3601 3667 perfectionem
3658 3608 3772 3664 per-

2152 3677 2341 3744 ducta,
2382 3679 2615 3735 electum
2672 3697 2829 3735 suum
2876 3682 2947 3736 ab
2995 3683 3097 3736 hac
3151 3683 3263 3737 vita
3321 3683 3646 3748 succidens,
3704 3678 3769 3734 ad

2156 3766 2379 3823 cceleste
2413 3768 2666 3823 horreum
2697 3785 2817 3824 cum
2840 3778 3027 3826 sancta
3055 3769 3312 3841 opinione
3364 3772 3613 3827 inducit.
3674 3768 3781 3824 Fa-

2158 3871 2287 3910 vum
2319 3872 2441 3911 cum
2472 3855 2638 3912 melle
2667 3858 2922 3927 comedit,
2956 3858 3174 3929 quando
3213 3859 3566 3915 desiderium
3623 3869 3782 3913 sanc-

2152 3950 2265 3998 tum
2296 3946 2351 3999 in
2381 3945 2581 3999 sanctis
2610 3945 2867 4016 operibus
2897 3946 3071 4002 latens
3092 3946 3321 4019 perficit,
3349 3956 3408 4004 et
3439 3948 3515 4004 ad
3564 3952 3783 4003 sancto-

2151 4048 2269 4086 rum
2295 4032 2604 4089 convivium
2636 4041 2880 4090 sanctam
2937 4035 3175 4090 animam
3241 4052 3344 4091 sua
3399 4034 3778 4092 delectatione

2152 4120 2599 4192 impinguandam
2629 4121 2901 4194 transigit.
2934 4123 3135 4178 Vinum
3149 4138 3279 4179 vero
3298 4140 3473 4180 suum
3505 4122 3790 4182 cumlacte

2150 4205 2306 4270 bibit,
2338 4206 2554 4277 quando
2590 4214 2643 4262 et
2680 4208 3011 4278 perfectione
3050 4210 3423 4280 quorumdam
3475 4228 3542 4267 se
3594 4208 3787 4281 reﬁcit,

2151 4302 2203 4349 et
2232 4295 2599 4351 innocentiam
2631 4295 2863 4352 aliorum
2892 4313 3013 4352 cum
3045 4298 3242 4369 pietate
3272 4299 3548 4372 diligens,
3601 4308 3789 4354 utros-

2152 4398 2256 4451 que
2296 4382 2367 4437 ad
2423 4389 2686 4439 mternum
2735 4385 3044 4441 convivium
3100 4386 3322 4458 ingerit.
3388 4389 3483 4443 Ad
3552 4402 3791 4459 quorum

2152 4469 2461 4542 exemplum
2512 4487 2754 4544 quosque
2789 4482 3128 4531 remanentes
3163 4474 3388 4543 invitat,
3444 4492 3580 4532 cum
3655 4474 3794 4531 sub-

2144 4559 2326 4633 jungit
2358 4577 2372 4615 :

2220 4649 2401 4719 (Vers.
2437 4650 2514 4721 1.)
2549 4651 2849 4722 Comedite,
2876 4652 3048 4711 amici
3073 4653 3205 4724 mei,
3231 4653 3414 4711 bibite
3432 4658 3494 4711 et
3537 4652 3794 4712 inebria-

2146 4738 2316 4810 mini,
2346 4738 2698 4797 charissimi.

2223 4830 2279 4880 3.
2336 4827 2649 4883 Notandum
2674 4828 2728 4883 in
2760 4829 2947 4900 primis
2980 4838 3079 4899 est,
3120 4830 3248 4901 quia
3300 4831 3403 4903 qui
3458 4829 3790 4896 comedunt,

2150 4917 2310 4975 amici
2342 4934 2357 4981 ;
2390 4917 2481 4989 qui
2510 4933 2646 4973 vero
2676 4917 2871 4973 bibunt
2918 4926 2974 4974 et
3030 4918 3403 4987 inebriantur,
3472 4916 3798 4975 charissimi

2152 5023 2271 5064 esse
2286 5006 2654 5077 perhibentur.
2686 5008 2746 5061 In
2761 5006 2957 5078 quibus
2986 5007 3169 5063 verbis
3192 5006 3438 5077 intelligi
3452 5007 3648 5076 datur,
3670 5004 3796 5077 quia

2152 5097 2208 5151 in
2252 5097 2356 5152 hoc
2397 5096 2521 5152 loco
2551 5094 2839 5151 comedere
2889 5094 3089 5151 bonum
3139 5102 3264 5157 est;
3317 5096 3428 5151 sed
3495 5095 3706 5152 bibere
3745 5100 3799 5151 et

2150 5184 2407 5241 inebriari
2424 5183 2871 5254 ampliusbonum
2898 5190 3002 5239 est.
3033 5183 3167 5240 Sunt
3216 5183 3488 5239 nimirum
3558 5183 3795 5256 quidam

2152 5273 2208 5329 in
2238 5280 2427 5330 sancta
2454 5272 2719 5342 Ecclesia,
2747 5272 2839 5344 qui
2867 5272 2948 5328 sic
2969 5279 3235 5345 precepts
3269 5270 3465 5327 divina
3529 5271 3795 5340 audiunt,

2153 5413 2401 5472 etiamin
2432 5414 2666 5487 Vulgata
2694 5414 2912 5487 legitur,
2951 5413 3288 5487 habeturque
3334 5413 3521 5484 paulo
3575 5412 3730 5468 infra
3765 5428 3779 5465 :

2151 5490 2504 5565 surgatergo
2522 5485 2842 5565 {quiloJ
2866 5489 2933 5565 et
2958 5485 3300 5565 ﬂung-etc.
3358 5552 3372 5563 _

2222 5554 2301 5629 (ἃ)
2332 5556 2423 5613 Sic
2440 5554 2767 5629 restituimus
2783 5572 2846 5611 ex
2866 5557 2995 5612 Mss.
3020 5557 3083 5611 In
3096 5554 3253 5613 editis
3263 5554 3505 5628 legitur,
3531 5558 3606 5613 ut
3644 5555 3799 5612 bona

2152 5627 2287 5702 quas
2307 5627 2636 5684 desiderant
2663 5631 2995 5699 operentur.

2214 5697 2301 5774 (e)
2327 5698 2389 5756 In
2407 5697 2639 5769 excusis,
2667 5702 2728 5757 et
2752 5698 3013 5758 comedat

2622 5739 2639 5769 ,
2667 5736 2725 5757 νυ
2752 5736 3033 5758 νυυιυῡιιυσ

3929 442 3939 741 t
