  <div class='ocr_page' id='page_1' title='image "/cluster/home/n/w/nwhite01/storage/ocr_20150623/79/hvd.32044054758834/264.png"; bbox 0 0 3996 6164; ppageno 0'>
   <div class='ocr_carea' id='block_1_1' title="bbox 297 325 391 379">
    <p class='ocr_par' dir='ltr' id='par_1_1' title="bbox 297 325 391 379">
     <span class='ocr_line' id='line_1_1' title="bbox 297 325 391 379; baseline 0 -1"><span class='ocrx_word' id='word_1_1' title='bbox 297 325 391 379; x_wconf 78' lang='grc'>517</span> 
     </span>
    </p>
   </div>
   <div class='ocr_carea' id='block_1_2' title="bbox 987 314 2893 383">
    <p class='ocr_par' dir='ltr' id='par_1_2' title="bbox 987 314 2893 383">
     <span class='ocr_line' id='line_1_2' title="bbox 987 314 2893 383; baseline 0.004 -7"><span class='ocrx_word' id='word_1_2' title='bbox 987 315 1217 377; x_wconf 83' lang='lat' dir='ltr'><strong>SUPER</strong></span> <span class='ocrx_word' id='word_1_3' title='bbox 1257 322 1561 379; x_wconf 83' lang='lat' dir='ltr'>CANTICA</span> <span class='ocrx_word' id='word_1_4' title='bbox 1602 314 2062 379; x_wconf 82' lang='lat' dir='ltr'>CANTICORUM</span> <span class='ocrx_word' id='word_1_5' title='bbox 2096 319 2494 380; x_wconf 80' lang='lat' dir='ltr'>EXPOSITIO.</span> <span class='ocrx_word' id='word_1_6' title='bbox 2536 354 2603 364; x_wconf 89' lang='lat'>--</span> <span class='ocrx_word' id='word_1_7' title='bbox 2641 325 2787 381; x_wconf 77' lang='lat' dir='ltr'>CAP.</span> <span class='ocrx_word' id='word_1_8' title='bbox 2827 326 2893 383; x_wconf 82' lang='lat' dir='ltr'>V.</span> 
     </span>
    </p>
   </div>
   <div class='ocr_carea' id='block_1_3' title="bbox 3465 337 3569 388">
    <p class='ocr_par' dir='ltr' id='par_1_3' title="bbox 3465 337 3569 388">
     <span class='ocr_line' id='line_1_3' title="bbox 3465 337 3569 388; baseline -0.01 0"><span class='ocrx_word' id='word_1_9' title='bbox 3465 337 3569 388; x_wconf 79' lang='lat' dir='ltr'>5i8</span> 
     </span>
    </p>
   </div>
   <div class='ocr_carea' id='block_1_4' title="bbox 293 446 3566 527">
    <p class='ocr_par' dir='ltr' id='par_1_4' title="bbox 293 446 3566 527">
     <span class='ocr_line' id='line_1_4' title="bbox 293 446 3566 527; baseline 0.003 -24"><span class='ocrx_word' id='word_1_10' title='bbox 293 459 341 504; x_wconf 87' lang='lat' dir='ltr'>ut</span> <span class='ocrx_word' id='word_1_11' title='bbox 382 447 613 505; x_wconf 69' lang='lat' dir='ltr'>cariestia</span> <span class='ocrx_word' id='word_1_12' title='bbox 658 446 784 517; x_wconf 89' lang='lat' dir='ltr'>plus</span> <span class='ocrx_word' id='word_1_13' title='bbox 827 460 990 517; x_wconf 85' lang='lat' dir='ltr'>quam</span> <span class='ocrx_word' id='word_1_14' title='bbox 1035 455 1251 502; x_wconf 89' lang='lat' dir='ltr'>terrena</span> <span class='ocrx_word' id='word_1_15' title='bbox 1281 461 1463 501; x_wconf 91' lang='lat' dir='ltr'>amare</span> <span class='ocrx_word' id='word_1_16' title='bbox 1503 446 1730 514; x_wconf 80' lang='lat' dir='ltr'>discant,</span> <span class='ocrx_word' id='word_1_17' title='bbox 1763 461 1860 518; x_wconf 93' lang='lat' dir='ltr'>pro</span> <span class='ocrx_word' id='word_1_18' title='bbox 1891 447 1948 510; x_wconf 84' lang='grc' dir='ltr'><strong>Α</strong></span> <span class='ocrx_word' id='word_1_19' title='bbox 1978 447 2222 502; x_wconf 88' lang='lat' dir='ltr'>lnteriori</span> <span class='ocrx_word' id='word_1_20' title='bbox 2248 446 2713 519; x_wconf 83' lang='lat' dir='ltr'>cogitationequae</span> <span class='ocrx_word' id='word_1_21' title='bbox 2733 450 2839 504; x_wconf 89' lang='lat' dir='ltr'>sint</span> <span class='ocrx_word' id='word_1_22' title='bbox 2859 451 3088 508; x_wconf 79' lang='lat' dir='ltr'>caelestia</span> <span class='ocrx_word' id='word_1_23' title='bbox 3112 453 3347 526; x_wconf 81' lang='lat' dir='ltr'>vigilans</span> <span class='ocrx_word' id='word_1_24' title='bbox 3374 472 3566 527; x_wconf 91' lang='lat' dir='ltr'>penso.</span> 
     </span>
    </p>
   </div>
   <div class='ocr_carea' id='block_1_5' title="bbox 289 534 1870 606">
    <p class='ocr_par' dir='ltr' id='par_1_5' title="bbox 289 534 1870 606">
     <span class='ocr_line' id='line_1_5' title="bbox 289 534 1870 606; baseline -0.003 -13"><span class='ocrx_word' id='word_1_25' title='bbox 289 553 459 593; x_wconf 77' lang='lat' dir='ltr'>eorum</span> <span class='ocrx_word' id='word_1_26' title='bbox 500 535 773 591; x_wconf 90' lang='lat' dir='ltr'>desiderio</span> <span class='ocrx_word' id='word_1_27' title='bbox 805 534 975 590; x_wconf 91' lang='lat' dir='ltr'>multa</span> <span class='ocrx_word' id='word_1_28' title='bbox 997 535 1328 605; x_wconf 81' lang='lat' dir='ltr'>pauperibus</span> <span class='ocrx_word' id='word_1_29' title='bbox 1358 535 1611 602; x_wconf 75' lang='lat' dir='ltr'>tribuant,</span> <span class='ocrx_word' id='word_1_30' title='bbox 1637 553 1668 590; x_wconf 92' lang='lat' dir='ltr'>a</span> <span class='ocrx_word' id='word_1_31' title='bbox 1690 535 1870 606; x_wconf 81' lang='lat' dir='ltr'>pravis</span> 
     </span>
    </p>
   </div>
   <div class='ocr_carea' id='block_1_6' title="bbox 288 623 1865 696">
    <p class='ocr_par' dir='ltr' id='par_1_6' title="bbox 288 623 1865 696">
     <span class='ocr_line' id='line_1_6' title="bbox 288 623 1865 696; baseline -0.003 -14"><span class='ocrx_word' id='word_1_32' title='bbox 288 626 522 696; x_wconf 86' lang='lat' dir='ltr'>Operibus</span> <span class='ocrx_word' id='word_1_33' title='bbox 551 641 610 679; x_wconf 89' lang='lat' dir='ltr'>se</span> <span class='ocrx_word' id='word_1_34' title='bbox 639 623 964 690; x_wconf 89' lang='lat' dir='ltr'>custodiant,</span> <span class='ocrx_word' id='word_1_35' title='bbox 987 623 1137 677; x_wconf 89' lang='lat' dir='ltr'>nulla</span> <span class='ocrx_word' id='word_1_36' title='bbox 1159 624 1318 678; x_wconf 84' lang='lat' dir='ltr'>alicui</span> <span class='ocrx_word' id='word_1_37' title='bbox 1339 624 1605 680; x_wconf 72' lang='lat' dir='ltr'>violenter</span> <span class='ocrx_word' id='word_1_38' title='bbox 1630 625 1865 694; x_wconf 80' lang='lat' dir='ltr'>rapiant,</span> 
     </span>
    </p>
   </div>
   <div class='ocr_carea' id='block_1_7' title="bbox 287 712 1870 784">
    <p class='ocr_par' dir='ltr' id='par_1_7' title="bbox 287 712 1870 784">
     <span class='ocr_line' id='line_1_7' title="bbox 287 712 1870 784; baseline -0.002 -14"><span class='ocrx_word' id='word_1_39' title='bbox 287 715 530 770; x_wconf 63' lang='lat' dir='ltr'>Ecclesiae</span> <span class='ocrx_word' id='word_1_40' title='bbox 561 713 1008 784; x_wconf 73' lang='lat' dir='ltr'>praedicationem</span> <span class='ocrx_word' id='word_1_41' title='bbox 1059 712 1294 767; x_wconf 84' lang='lat' dir='ltr'>libenter</span> <span class='ocrx_word' id='word_1_42' title='bbox 1332 713 1565 778; x_wconf 84' lang='lat' dir='ltr'>audiant,</span> <span class='ocrx_word' id='word_1_43' title='bbox 1600 713 1654 766; x_wconf 92' lang='lat' dir='ltr'>in</span> <span class='ocrx_word' id='word_1_44' title='bbox 1686 713 1792 767; x_wconf 83' lang='lat' dir='ltr'>ﬁde</span> <span class='ocrx_word' id='word_1_45' title='bbox 1809 728 1870 767; x_wconf 90' lang='lat' dir='ltr'>se</span> 
     </span>
    </p>
   </div>
   <div class='ocr_carea' id='block_1_8' title="bbox 288 801 1871 873">
    <p class='ocr_par' dir='ltr' id='par_1_8' title="bbox 288 801 1871 873">
     <span class='ocr_line' id='line_1_8' title="bbox 288 801 1871 873; baseline -0.001 -17"><span class='ocrx_word' id='word_1_46' title='bbox 288 805 556 871; x_wconf 82' lang='lat' dir='ltr'>instruant,</span> <span class='ocrx_word' id='word_1_47' title='bbox 609 817 766 873; x_wconf 90' lang='lat' dir='ltr'>quam</span> <span class='ocrx_word' id='word_1_48' title='bbox 816 808 870 855; x_wconf 90' lang='lat' dir='ltr'>et</span> <span class='ocrx_word' id='word_1_49' title='bbox 915 801 1171 872; x_wconf 85' lang='lat' dir='ltr'>cperibus</span> <span class='ocrx_word' id='word_1_50' title='bbox 1213 801 1412 855; x_wconf 83' lang='lat' dir='ltr'>sanctis</span> <span class='ocrx_word' id='word_1_51' title='bbox 1456 811 1782 871; x_wconf 83' lang='lat' dir='ltr'>exerceant;</span> <span class='ocrx_word' id='word_1_52' title='bbox 1817 809 1871 856; x_wconf 91' lang='lat' dir='ltr'>et</span> 
     </span>
    </p>
   </div>
   <div class='ocr_carea' id='block_1_9' title="bbox 287 889 1866 960">
    <p class='ocr_par' dir='ltr' id='par_1_9' title="bbox 287 889 1866 960">
     <span class='ocr_line' id='line_1_9' title="bbox 287 889 1866 960; baseline -0.001 -15"><span class='ocrx_word' id='word_1_53' title='bbox 287 900 450 945; x_wconf 89' lang='lat' dir='ltr'>tamen</span> <span class='ocrx_word' id='word_1_54' title='bbox 467 905 665 944; x_wconf 84' lang='lat' dir='ltr'>uxores</span> <span class='ocrx_word' id='word_1_55' title='bbox 681 889 938 957; x_wconf 85' lang='lat' dir='ltr'>habeant,</span> <span class='ocrx_word' id='word_1_56' title='bbox 966 889 1195 960; x_wconf 78' lang='lat' dir='ltr'>pignora</span> <span class='ocrx_word' id='word_1_57' title='bbox 1210 889 1465 956; x_wconf 86' lang='lat' dir='ltr'>nutriant,</span> <span class='ocrx_word' id='word_1_58' title='bbox 1489 905 1574 944; x_wconf 90' lang='lat' dir='ltr'>res</span> <span class='ocrx_word' id='word_1_59' title='bbox 1595 905 1718 944; x_wconf 90' lang='lat' dir='ltr'>suas</span> <span class='ocrx_word' id='word_1_60' title='bbox 1738 890 1866 943; x_wconf 91' lang='lat' dir='ltr'>dili-</span> 
     </span>
    </p>
   </div>
   <div class='ocr_carea' id='block_1_10' title="bbox 284 977 1864 1051">
    <p class='ocr_par' dir='ltr' id='par_1_10' title="bbox 284 977 1864 1051">
     <span class='ocr_line' id='line_1_10' title="bbox 284 977 1864 1051; baseline -0.001 -19"><span class='ocrx_word' id='word_1_61' title='bbox 284 986 424 1051; x_wconf 83' lang='lat' dir='ltr'>gant,</span> <span class='ocrx_word' id='word_1_62' title='bbox 463 978 711 1049; x_wconf 87' lang='lat' dir='ltr'>quamvis</span> <span class='ocrx_word' id='word_1_63' title='bbox 735 978 824 1031; x_wconf 90' lang='lat' dir='ltr'>his</span> <span class='ocrx_word' id='word_1_64' title='bbox 851 977 1103 1032; x_wconf 89' lang='lat' dir='ltr'>omnibus</span> <span class='ocrx_word' id='word_1_65' title='bbox 1131 977 1399 1032; x_wconf 86' lang='lat' dir='ltr'>Christum</span> <span class='ocrx_word' id='word_1_66' title='bbox 1430 986 1766 1048; x_wconf 63' lang='lat' dir='ltr'>praeponant.</span> <span class='ocrx_word' id='word_1_67' title='bbox 1799 979 1864 1032; x_wconf 90' lang='lat' dir='ltr'>Hi</span> 
     </span>
    </p>
   </div>
   <div class='ocr_carea' id='block_1_11' title="bbox 285 1065 1862 1139">
    <p class='ocr_par' dir='ltr' id='par_1_11' title="bbox 285 1065 1862 1139">
     <span class='ocr_line' id='line_1_11' title="bbox 285 1065 1862 1139; baseline -0.001 -17"><span class='ocrx_word' id='word_1_68' title='bbox 285 1066 516 1139; x_wconf 89' lang='lat' dir='ltr'>profecto</span> <span class='ocrx_word' id='word_1_69' title='bbox 565 1067 874 1134; x_wconf 87' lang='lat' dir='ltr'>comedunt,</span> <span class='ocrx_word' id='word_1_70' title='bbox 927 1073 979 1119; x_wconf 91' lang='lat' dir='ltr'>et</span> <span class='ocrx_word' id='word_1_71' title='bbox 1025 1065 1186 1120; x_wconf 82' lang='lat' dir='ltr'>amici</span> <span class='ocrx_word' id='word_1_72' title='bbox 1224 1071 1394 1127; x_wconf 89' lang='lat' dir='ltr'>sunt;</span> <span class='ocrx_word' id='word_1_73' title='bbox 1448 1067 1574 1137; x_wconf 85' lang='lat' dir='ltr'>quia</span> <span class='ocrx_word' id='word_1_74' title='bbox 1619 1075 1862 1122; x_wconf 89' lang='lat' dir='ltr'>sanctam</span> 
     </span>
    </p>
   </div>
   <div class='ocr_carea' id='block_1_12' title="bbox 283 1153 1862 1226">
    <p class='ocr_par' dir='ltr' id='par_1_12' title="bbox 283 1153 1862 1226">
     <span class='ocr_line' id='line_1_12' title="bbox 283 1153 1862 1226; baseline 0 -16"><span class='ocrx_word' id='word_1_75' title='bbox 283 1156 618 1226; x_wconf 84' lang='lat' dir='ltr'>Scripturam</span> <span class='ocrx_word' id='word_1_76' title='bbox 651 1155 950 1222; x_wconf 87' lang='lat' dir='ltr'>audientes,</span> <span class='ocrx_word' id='word_1_77' title='bbox 988 1153 1150 1209; x_wconf 88' lang='lat' dir='ltr'>talem</span> <span class='ocrx_word' id='word_1_78' title='bbox 1193 1154 1294 1208; x_wconf 83' lang='lat' dir='ltr'>sibi</span> <span class='ocrx_word' id='word_1_79' title='bbox 1321 1154 1664 1209; x_wconf 84' lang='lat' dir='ltr'>refectionem</span> <span class='ocrx_word' id='word_1_80' title='bbox 1694 1170 1862 1210; x_wconf 88' lang='lat' dir='ltr'>assu-</span> 
     </span>
    </p>
   </div>
   <div class='ocr_carea' id='block_1_13' title="bbox 281 1243 1862 1314">
    <p class='ocr_par' dir='ltr' id='par_1_13' title="bbox 281 1243 1862 1314">
     <span class='ocr_line' id='line_1_13' title="bbox 281 1243 1862 1314; baseline -0.001 -14"><span class='ocrx_word' id='word_1_81' title='bbox 281 1254 459 1306; x_wconf 87' lang='lat' dir='ltr'>munt;</span> <span class='ocrx_word' id='word_1_82' title='bbox 491 1252 551 1300; x_wconf 89' lang='lat' dir='ltr'>ut</span> <span class='ocrx_word' id='word_1_83' title='bbox 595 1244 691 1299; x_wconf 85' lang='lat' dir='ltr'>etsi</span> <span class='ocrx_word' id='word_1_84' title='bbox 720 1245 789 1298; x_wconf 90' lang='lat' dir='ltr'>ad</span> <span class='ocrx_word' id='word_1_85' title='bbox 843 1259 1105 1298; x_wconf 89' lang='lat' dir='ltr'>summam</span> <span class='ocrx_word' id='word_1_86' title='bbox 1151 1243 1500 1314; x_wconf 87' lang='lat' dir='ltr'>perfectionis</span> <span class='ocrx_word' id='word_1_87' title='bbox 1539 1243 1715 1298; x_wconf 91' lang='lat' dir='ltr'>adhuc</span> <span class='ocrx_word' id='word_1_88' title='bbox 1755 1260 1862 1299; x_wconf 88' lang='lat' dir='ltr'>non</span> 
     </span>
    </p>
   </div>
   <div class='ocr_carea' id='block_1_14' title="bbox 278 1331 1862 1406">
    <p class='ocr_par' dir='ltr' id='par_1_14' title="bbox 278 1331 1862 1406">
     <span class='ocr_line' id='line_1_14' title="bbox 278 1331 1862 1406; baseline 0 -18"><span class='ocrx_word' id='word_1_89' title='bbox 278 1341 573 1406; x_wconf 80' lang='lat' dir='ltr'>assurgunt,</span> <span class='ocrx_word' id='word_1_90' title='bbox 606 1341 785 1389; x_wconf 89' lang='lat' dir='ltr'>tamen</span> <span class='ocrx_word' id='word_1_91' title='bbox 831 1333 1132 1388; x_wconf 90' lang='lat' dir='ltr'>secundum</span> <span class='ocrx_word' id='word_1_92' title='bbox 1167 1331 1389 1386; x_wconf 90' lang='lat' dir='ltr'>modum</span> <span class='ocrx_word' id='word_1_93' title='bbox 1421 1349 1579 1386; x_wconf 90' lang='lat' dir='ltr'>suum</span> <span class='ocrx_word' id='word_1_94' title='bbox 1610 1333 1862 1403; x_wconf 87' lang='lat' dir='ltr'>perfecti,</span> 
     </span>
    </p>
   </div>
   <div class='ocr_carea' id='block_1_15' title="bbox 278 1419 1859 1492">
    <p class='ocr_par' dir='ltr' id='par_1_15' title="bbox 278 1419 1859 1492">
     <span class='ocr_line' id='line_1_15' title="bbox 278 1419 1859 1492; baseline 0 -16"><span class='ocrx_word' id='word_1_95' title='bbox 278 1422 324 1476; x_wconf 91' lang='lat' dir='ltr'>in</span> <span class='ocrx_word' id='word_1_96' title='bbox 352 1422 635 1492; x_wconf 75' lang='lat' dir='ltr'>praeceptis</span> <span class='ocrx_word' id='word_1_97' title='bbox 663 1419 863 1476; x_wconf 87' lang='lat' dir='ltr'>divinis</span> <span class='ocrx_word' id='word_1_98' title='bbox 893 1421 1011 1475; x_wconf 89' lang='lat' dir='ltr'>sine</span> <span class='ocrx_word' id='word_1_99' title='bbox 1034 1421 1258 1475; x_wconf 87' lang='lat' dir='ltr'>crimine</span> <span class='ocrx_word' id='word_1_100' title='bbox 1286 1419 1496 1474; x_wconf 86' lang='lat' dir='ltr'>vivunt.</span> <span class='ocrx_word' id='word_1_101' title='bbox 1537 1421 1693 1488; x_wconf 85' lang='lat' dir='ltr'>Quod</span> <span class='ocrx_word' id='word_1_102' title='bbox 1730 1421 1859 1476; x_wconf 91' lang='lat' dir='ltr'>dum</span> 
     </span>
    </p>
   </div>
   <div class='ocr_carea' id='block_1_16' title="bbox 276 1509 1858 1582">
    <p class='ocr_par' dir='ltr' id='par_1_16' title="bbox 276 1509 1858 1582">
     <span class='ocr_line' id='line_1_16' title="bbox 276 1509 1858 1582; baseline 0.001 -18"><span class='ocrx_word' id='word_1_103' title='bbox 276 1509 408 1566; x_wconf 87' lang='lat' dir='ltr'>beati</span> <span class='ocrx_word' id='word_1_104' title='bbox 437 1510 664 1566; x_wconf 86' lang='lat' dir='ltr'>Joannis</span> <span class='ocrx_word' id='word_1_105' title='bbox 693 1518 966 1582; x_wconf 88' lang='lat' dir='ltr'>parentes,</span> <span class='ocrx_word' id='word_1_106' title='bbox 999 1511 1292 1564; x_wconf 82' lang='lat' dir='ltr'>Zacharias</span> <span class='ocrx_word' id='word_1_107' title='bbox 1321 1509 1570 1564; x_wconf 83' lang='lat' dir='ltr'>videlicet</span> <span class='ocrx_word' id='word_1_108' title='bbox 1599 1518 1650 1563; x_wconf 86' lang='lat' dir='ltr'>et</span> <span class='ocrx_word' id='word_1_109' title='bbox 1682 1511 1858 1566; x_wconf 88' lang='lat' dir='ltr'>Elisa-</span> 
     </span>
    </p>
   </div>
   <div class='ocr_carea' id='block_1_17' title="bbox 273 1598 1858 1668">
    <p class='ocr_par' dir='ltr' id='par_1_17' title="bbox 273 1598 1858 1668">
     <span class='ocr_line' id='line_1_17' title="bbox 273 1598 1858 1668; baseline 0 -15"><span class='ocrx_word' id='word_1_110' title='bbox 273 1599 394 1654; x_wconf 89' lang='lat' dir='ltr'>beth</span> <span class='ocrx_word' id='word_1_111' title='bbox 449 1601 606 1665; x_wconf 86' lang='lat' dir='ltr'>(Luc.</span> <span class='ocrx_word' id='word_1_112' title='bbox 655 1599 694 1668; x_wconf 91' lang='grc' dir='ltr'>ι)</span> <span class='ocrx_word' id='word_1_113' title='bbox 745 1613 1069 1654; x_wconf 86' lang='lat' dir='ltr'>conservare</span> <span class='ocrx_word' id='word_1_114' title='bbox 1121 1598 1459 1666; x_wconf 87' lang='lat' dir='ltr'>studuerunt,</span> <span class='ocrx_word' id='word_1_115' title='bbox 1507 1615 1603 1668; x_wconf 90' lang='lat' dir='ltr'>per</span> <span class='ocrx_word' id='word_1_116' title='bbox 1643 1600 1858 1654; x_wconf 87' lang='lat' dir='ltr'>revela-</span> 
     </span>
    </p>
   </div>
   <div class='ocr_carea' id='block_1_18' title="bbox 274 1686 1858 1759">
    <p class='ocr_par' dir='ltr' id='par_1_18' title="bbox 274 1686 1858 1759">
     <span class='ocr_line' id='line_1_18' title="bbox 274 1686 1858 1759; baseline 0.001 -17"><span class='ocrx_word' id='word_1_117' title='bbox 274 1689 468 1743; x_wconf 83' lang='lat' dir='ltr'>tionem</span> <span class='ocrx_word' id='word_1_118' title='bbox 503 1687 813 1759; x_wconf 84' lang='lat' dir='ltr'>angelicam</span> <span class='ocrx_word' id='word_1_119' title='bbox 859 1687 912 1740; x_wconf 90' lang='lat' dir='ltr'>in</span> <span class='ocrx_word' id='word_1_120' title='bbox 947 1695 1222 1741; x_wconf 89' lang='lat' dir='ltr'>senectute</span> <span class='ocrx_word' id='word_1_121' title='bbox 1253 1702 1349 1741; x_wconf 86' lang='lat' dir='ltr'>sua</span> <span class='ocrx_word' id='word_1_122' title='bbox 1396 1686 1565 1740; x_wconf 79' lang='lat' dir='ltr'>filium</span> <span class='ocrx_word' id='word_1_123' title='bbox 1611 1687 1858 1757; x_wconf 84' lang='lat' dir='ltr'>accipere</span> 
     </span>
    </p>
   </div>
   <div class='ocr_carea' id='block_1_19' title="bbox 1980 535 3568 615">
    <p class='ocr_par' dir='ltr' id='par_1_19' title="bbox 1980 535 3568 615">
     <span class='ocr_line' id='line_1_19' title="bbox 1980 535 3568 615; baseline 0.007 -25"><span class='ocrx_word' id='word_1_124' title='bbox 1980 535 2162 590; x_wconf 85' lang='lat' dir='ltr'>Sancti</span> <span class='ocrx_word' id='word_1_125' title='bbox 2203 536 2400 590; x_wconf 87' lang='lat' dir='ltr'>etenim</span> <span class='ocrx_word' id='word_1_126' title='bbox 2448 535 2547 589; x_wconf 85' lang='lat' dir='ltr'>viri</span> <span class='ocrx_word' id='word_1_127' title='bbox 2603 535 2728 590; x_wconf 89' lang='lat' dir='ltr'>dum</span> <span class='ocrx_word' id='word_1_128' title='bbox 2770 545 2981 594; x_wconf 89' lang='lat' dir='ltr'>terrena</span> <span class='ocrx_word' id='word_1_129' title='bbox 3016 542 3196 596; x_wconf 88' lang='lat' dir='ltr'>omnia</span> <span class='ocrx_word' id='word_1_130' title='bbox 3240 543 3568 615; x_wconf 80' lang='lat' dir='ltr'>despiciunt,</span> 
     </span>
    </p>
   </div>
   <div class='ocr_carea' id='block_1_20' title="bbox 1979 623 3568 700">
    <p class='ocr_par' dir='ltr' id='par_1_20' title="bbox 1979 623 3568 700">
     <span class='ocr_line' id='line_1_20' title="bbox 1979 623 3568 700; baseline 0.008 -23"><span class='ocrx_word' id='word_1_131' title='bbox 1979 623 2107 678; x_wconf 91' lang='lat' dir='ltr'>dum</span> <span class='ocrx_word' id='word_1_132' title='bbox 2138 624 2394 678; x_wconf 88' lang='lat' dir='ltr'>tumultus</span> <span class='ocrx_word' id='word_1_133' title='bbox 2422 623 2609 678; x_wconf 91' lang='lat' dir='ltr'>mundi</span> <span class='ocrx_word' id='word_1_134' title='bbox 2638 627 2857 681; x_wconf 90' lang='lat' dir='ltr'>omnino</span> <span class='ocrx_word' id='word_1_135' title='bbox 2882 627 3114 700; x_wconf 88' lang='lat' dir='ltr'>fugiunt,</span> <span class='ocrx_word' id='word_1_136' title='bbox 3154 632 3282 685; x_wconf 91' lang='lat' dir='ltr'>dum</span> <span class='ocrx_word' id='word_1_137' title='bbox 3315 635 3482 689; x_wconf 84' lang='lat' dir='ltr'>otium</span> <span class='ocrx_word' id='word_1_138' title='bbox 3514 636 3568 690; x_wconf 90' lang='lat' dir='ltr'>in</span> 
     </span>
    </p>
   </div>
   <div class='ocr_carea' id='block_1_21' title="bbox 1977 712 3568 794">
    <p class='ocr_par' dir='ltr' id='par_1_21' title="bbox 1977 712 3568 794">
     <span class='ocr_line' id='line_1_21' title="bbox 1977 712 3568 794; baseline 0.009 -29"><span class='ocrx_word' id='word_1_139' title='bbox 1977 712 2065 766; x_wconf 87' lang='lat' dir='ltr'>via</span> <span class='ocrx_word' id='word_1_140' title='bbox 2095 712 2192 766; x_wconf 90' lang='lat' dir='ltr'>Dei</span> <span class='ocrx_word' id='word_1_141' title='bbox 2241 720 2542 770; x_wconf 89' lang='lat' dir='ltr'>assumunt.</span> <span class='ocrx_word' id='word_1_142' title='bbox 2575 729 2918 785; x_wconf 84' lang='lat' dir='ltr'>nequaquam</span> <span class='ocrx_word' id='word_1_143' title='bbox 2947 726 3003 770; x_wconf 92' lang='lat' dir='ltr'>ut</span> <span class='ocrx_word' id='word_1_144' title='bbox 3031 721 3234 788; x_wconf 90' lang='lat' dir='ltr'>torpori</span> <span class='ocrx_word' id='word_1_145' title='bbox 3263 731 3470 794; x_wconf 88' lang='lat' dir='ltr'>vacent,</span> <span class='ocrx_word' id='word_1_146' title='bbox 3503 740 3568 779; x_wconf 91' lang='lat' dir='ltr'>ea</span> 
     </span>
    </p>
   </div>
   <div class='ocr_carea' id='block_1_22' title="bbox 1978 800 3566 877">
    <p class='ocr_par' dir='ltr' id='par_1_22' title="bbox 1978 800 3566 877">
     <span class='ocr_line' id='line_1_22' title="bbox 1978 800 3566 877; baseline 0.008 -23"><span class='ocrx_word' id='word_1_147' title='bbox 1978 800 2288 870; x_wconf 87' lang='lat' dir='ltr'>dimittunt;</span> <span class='ocrx_word' id='word_1_148' title='bbox 2319 801 2414 854; x_wconf 89' lang='lat' dir='ltr'>sed</span> <span class='ocrx_word' id='word_1_149' title='bbox 2446 801 2669 855; x_wconf 90' lang='lat' dir='ltr'>interius</span> <span class='ocrx_word' id='word_1_150' title='bbox 2712 803 3040 872; x_wconf 85' lang='lat' dir='ltr'>laborantes,</span> <span class='ocrx_word' id='word_1_151' title='bbox 3074 823 3196 877; x_wconf 71' lang='lat' dir='ltr'>quae</span> <span class='ocrx_word' id='word_1_152' title='bbox 3227 809 3332 863; x_wconf 91' lang='lat' dir='ltr'>sint</span> <span class='ocrx_word' id='word_1_153' title='bbox 3360 811 3454 866; x_wconf 89' lang='lat' dir='ltr'>illa</span> <span class='ocrx_word' id='word_1_154' title='bbox 3496 813 3566 868; x_wconf 89' lang='lat' dir='ltr'>ad</span> 
     </span>
    </p>
   </div>
   <div class='ocr_carea' id='block_1_23' title="bbox 1977 889 3564 970">
    <p class='ocr_par' dir='ltr' id='par_1_23' title="bbox 1977 889 3564 970">
     <span class='ocr_line' id='line_1_23' title="bbox 1977 889 3564 970; baseline 0.009 -27"><span class='ocrx_word' id='word_1_155' title='bbox 1977 905 2100 960; x_wconf 73' lang='lat' dir='ltr'>quae</span> <span class='ocrx_word' id='word_1_156' title='bbox 2130 889 2258 945; x_wconf 84' lang='lat' dir='ltr'>facti</span> <span class='ocrx_word' id='word_1_157' title='bbox 2289 897 2434 959; x_wconf 90' lang='lat' dir='ltr'>sunt,</span> <span class='ocrx_word' id='word_1_158' title='bbox 2473 889 2528 944; x_wconf 91' lang='lat' dir='ltr'>in</span> <span class='ocrx_word' id='word_1_159' title='bbox 2555 891 2718 944; x_wconf 92' lang='lat' dir='ltr'>corde</span> <span class='ocrx_word' id='word_1_160' title='bbox 2738 893 2983 960; x_wconf 87' lang='lat' dir='ltr'>aspicere</span> <span class='ocrx_word' id='word_1_161' title='bbox 3011 897 3355 952; x_wconf 88' lang='lat' dir='ltr'>contendunt.</span> <span class='ocrx_word' id='word_1_162' title='bbox 3376 900 3564 970; x_wconf 87' lang='lat' dir='ltr'>Neque</span> 
     </span>
    </p>
   </div>
   <div class='ocr_carea' id='block_1_24' title="bbox 1973 976 3566 1047">
    <p class='ocr_par' dir='ltr' id='par_1_24' title="bbox 1973 976 3566 1047">
     <span class='ocr_line' id='line_1_24' title="bbox 1973 976 3566 1047; baseline 0.009 -16"><span class='ocrx_word' id='word_1_163' title='bbox 1973 976 2116 1031; x_wconf 91' lang='lat' dir='ltr'>enim</span> <span class='ocrx_word' id='word_1_164' title='bbox 2167 985 2225 1031; x_wconf 91' lang='lat' dir='ltr'>ut</span> <span class='ocrx_word' id='word_1_165' title='bbox 2254 985 2496 1047; x_wconf 89' lang='lat' dir='ltr'>torpeant</span> <span class='ocrx_word' id='word_1_166' title='bbox 2549 978 2846 1047; x_wconf 87' lang='lat' dir='ltr'>dormiunt,</span> <span class='ocrx_word' id='word_1_167' title='bbox 2891 981 2989 1035; x_wconf 88' lang='lat' dir='ltr'>sed</span> <span class='ocrx_word' id='word_1_168' title='bbox 3018 990 3075 1036; x_wconf 90' lang='lat' dir='ltr'>ut</span> <span class='ocrx_word' id='word_1_169' title='bbox 3117 983 3340 1040; x_wconf 89' lang='lat' dir='ltr'>liberius</span> <span class='ocrx_word' id='word_1_170' title='bbox 3367 996 3566 1045; x_wconf 86' lang='lat' dir='ltr'>aeterna</span> 
     </span>
    </p>
   </div>
   <div class='ocr_carea' id='block_1_25' title="bbox 1971 1066 3570 1144">
    <p class='ocr_par' dir='ltr' id='par_1_25' title="bbox 1971 1066 3570 1144">
     <span class='ocr_line' id='line_1_25' title="bbox 1971 1066 3570 1144; baseline 0.007 -23"><span class='ocrx_word' id='word_1_171' title='bbox 1971 1066 2422 1136; x_wconf 80' lang='lat' dir='ltr'>contemplantur,</span> <span class='ocrx_word' id='word_1_172' title='bbox 2474 1082 2503 1119; x_wconf 88' lang='lat' dir='ltr'>a</span> <span class='ocrx_word' id='word_1_173' title='bbox 2535 1067 2854 1122; x_wconf 87' lang='lat' dir='ltr'>transitoriis</span> <span class='ocrx_word' id='word_1_174' title='bbox 2884 1069 3045 1124; x_wconf 87' lang='lat' dir='ltr'>rebus</span> <span class='ocrx_word' id='word_1_175' title='bbox 3074 1071 3381 1141; x_wconf 89' lang='lat' dir='ltr'>quiescunt.</span> <span class='ocrx_word' id='word_1_176' title='bbox 3421 1076 3570 1144; x_wconf 89' lang='lat' dir='ltr'>Quos</span> 
     </span>
    </p>
   </div>
   <div class='ocr_carea' id='block_1_26' title="bbox 1973 1154 3569 1231">
    <p class='ocr_par' dir='ltr' id='par_1_26' title="bbox 1973 1154 3569 1231">
     <span class='ocr_line' id='line_1_26' title="bbox 1973 1154 3569 1231; baseline 0.008 -23"><span class='ocrx_word' id='word_1_177' title='bbox 1973 1161 2161 1209; x_wconf 90' lang='lat' dir='ltr'>tamen</span> <span class='ocrx_word' id='word_1_178' title='bbox 2197 1154 2490 1223; x_wconf 86' lang='lat' dir='ltr'>aliquando</span> <span class='ocrx_word' id='word_1_179' title='bbox 2522 1171 2750 1226; x_wconf 86' lang='lat' dir='ltr'>sponsus</span> <span class='ocrx_word' id='word_1_180' title='bbox 2782 1157 2850 1210; x_wconf 91' lang='lat' dir='ltr'>ad</span> <span class='ocrx_word' id='word_1_181' title='bbox 2875 1159 3176 1226; x_wconf 88' lang='lat' dir='ltr'>profectum</span> <span class='ocrx_word' id='word_1_182' title='bbox 3196 1164 3569 1231; x_wconf 82' lang='lat' dir='ltr'>proximorum</span> 
     </span>
    </p>
   </div>
   <div class='ocr_carea' id='block_1_27' title="bbox 1972 1244 3569 1324">
    <p class='ocr_par' dir='ltr' id='par_1_27' title="bbox 1972 1244 3569 1324">
     <span class='ocr_line' id='line_1_27' title="bbox 1972 1244 3569 1324; baseline 0.008 -26"><span class='ocrx_word' id='word_1_183' title='bbox 1972 1244 2190 1308; x_wconf 84' lang='lat' dir='ltr'>excitat,</span> <span class='ocrx_word' id='word_1_184' title='bbox 2236 1251 2294 1298; x_wconf 90' lang='lat' dir='ltr'>et</span> <span class='ocrx_word' id='word_1_185' title='bbox 2336 1252 2392 1298; x_wconf 91' lang='lat' dir='ltr'>ut</span> <span class='ocrx_word' id='word_1_186' title='bbox 2424 1245 2502 1298; x_wconf 87' lang='lat' dir='ltr'>eis</span> <span class='ocrx_word' id='word_1_187' title='bbox 2559 1261 2681 1298; x_wconf 91' lang='lat' dir='ltr'>cum</span> <span class='ocrx_word' id='word_1_188' title='bbox 2713 1247 2907 1316; x_wconf 88' lang='lat' dir='ltr'>quibus</span> <span class='ocrx_word' id='word_1_189' title='bbox 2951 1248 3137 1303; x_wconf 87' lang='lat' dir='ltr'>vivunt</span> <span class='ocrx_word' id='word_1_190' title='bbox 3167 1250 3470 1324; x_wconf 86' lang='lat' dir='ltr'>proﬁciant,</span> <span class='ocrx_word' id='word_1_191' title='bbox 3501 1256 3569 1311; x_wconf 91' lang='lat' dir='ltr'>ab</span> 
     </span>
    </p>
   </div>
   <div class='ocr_carea' id='block_1_28' title="bbox 1971 1332 3564 1412">
    <p class='ocr_par' dir='ltr' id='par_1_28' title="bbox 1971 1332 3564 1412">
     <span class='ocr_line' id='line_1_28' title="bbox 1971 1332 3564 1412; baseline 0.009 -27"><span class='ocrx_word' id='word_1_192' title='bbox 1971 1332 2081 1386; x_wconf 90' lang='lat' dir='ltr'>otio</span> <span class='ocrx_word' id='word_1_193' title='bbox 2130 1333 2276 1400; x_wconf 89' lang='lat' dir='ltr'>quod</span> <span class='ocrx_word' id='word_1_194' title='bbox 2316 1332 2566 1402; x_wconf 87' lang='lat' dir='ltr'>diligunt,</span> <span class='ocrx_word' id='word_1_195' title='bbox 2595 1343 2830 1390; x_wconf 85' lang='lat' dir='ltr'>revocat.</span> <span class='ocrx_word' id='word_1_196' title='bbox 2878 1336 3048 1406; x_wconf 89' lang='lat' dir='ltr'>Cujus</span> <span class='ocrx_word' id='word_1_197' title='bbox 3079 1355 3271 1395; x_wconf 88' lang='lat' dir='ltr'>vocem</span> <span class='ocrx_word' id='word_1_198' title='bbox 3319 1343 3564 1412; x_wconf 85' lang='lat' dir='ltr'>audiens,</span> 
     </span>
    </p>
   </div>
   <div class='ocr_carea' id='block_1_29' title="bbox 1969 1419 2961 1490">
    <p class='ocr_par' dir='ltr' id='par_1_29' title="bbox 1969 1419 2961 1490">
     <span class='ocr_line' id='line_1_29' title="bbox 1969 1419 2961 1490; baseline 0.004 -17"><span class='ocrx_word' id='word_1_199' title='bbox 1969 1421 2129 1474; x_wconf 88' lang='lat' dir='ltr'>etiam</span> <span class='ocrx_word' id='word_1_200' title='bbox 2157 1436 2281 1475; x_wconf 91' lang='lat' dir='ltr'>cum</span> <span class='ocrx_word' id='word_1_201' title='bbox 2313 1419 2531 1487; x_wconf 87' lang='lat' dir='ltr'>dormit,</span> <span class='ocrx_word' id='word_1_202' title='bbox 2565 1437 2767 1490; x_wconf 91' lang='lat' dir='ltr'>sponsa</span> <span class='ocrx_word' id='word_1_203' title='bbox 2797 1423 2961 1479; x_wconf 90' lang='lat' dir='ltr'>dicit:</span> 
     </span>
    </p>
   </div>
   <div class='ocr_carea' id='block_1_30' title="bbox 2038 1509 3172 1584">
    <p class='ocr_par' dir='ltr' id='par_1_30' title="bbox 2038 1509 3172 1584">
     <span class='ocr_line' id='line_1_30' title="bbox 2038 1509 3172 1584; baseline 0.008 -22"><span class='ocrx_word' id='word_1_204' title='bbox 2038 1509 2219 1578; x_wconf 85' lang='lat' dir='ltr'>(Vers.</span> <span class='ocrx_word' id='word_1_205' title='bbox 2255 1510 2330 1578; x_wconf 79' lang='lat'>2.)</span> <span class='ocrx_word' id='word_1_206' title='bbox 2372 1510 2481 1566; x_wconf 73' lang='lat' dir='ltr'>Vox</span> <span class='ocrx_word' id='word_1_207' title='bbox 2502 1511 2704 1566; x_wconf 76' lang='lat' dir='ltr'>dilecti</span> <span class='ocrx_word' id='word_1_208' title='bbox 2728 1513 2841 1567; x_wconf 88' lang='lat' dir='ltr'>mei</span> <span class='ocrx_word' id='word_1_209' title='bbox 2865 1515 3172 1584; x_wconf 74' lang='lat' dir='ltr'>pulsantis.</span> 
     </span>
    </p>
   </div>
   <div class='ocr_carea' id='block_1_31' title="bbox 2039 1597 3168 1674">
    <p class='ocr_par' dir='ltr' id='par_1_31' title="bbox 2039 1597 3168 1674">
     <span class='ocr_line' id='line_1_31' title="bbox 2039 1597 3168 1674; baseline 0.009 -25"><span class='ocrx_word' id='word_1_210' title='bbox 2039 1597 2180 1665; x_wconf 89' lang='lat' dir='ltr'>Quid</span> <span class='ocrx_word' id='word_1_211' title='bbox 2211 1597 2374 1651; x_wconf 89' lang='lat' dir='ltr'>etiam</span> <span class='ocrx_word' id='word_1_212' title='bbox 2405 1599 2625 1666; x_wconf 85' lang='lat' dir='ltr'>pulsans</span> <span class='ocrx_word' id='word_1_213' title='bbox 2655 1599 2818 1665; x_wconf 87' lang='lat' dir='ltr'>dicat,</span> <span class='ocrx_word' id='word_1_214' title='bbox 2853 1603 3168 1674; x_wconf 89' lang='lat' dir='ltr'>subjungit:</span> 
     </span>
    </p>
   </div>
   <div class='ocr_carea' id='block_1_32' title="bbox 2039 1686 3558 1773">
    <p class='ocr_par' dir='ltr' id='par_1_32' title="bbox 2039 1686 3558 1773">
     <span class='ocr_line' id='line_1_32' title="bbox 2039 1686 3558 1773; baseline 0.012 -34"><span class='ocrx_word' id='word_1_215' title='bbox 2039 1686 2212 1754; x_wconf 87' lang='lat' dir='ltr'>(Vers.</span> <span class='ocrx_word' id='word_1_216' title='bbox 2253 1687 2332 1755; x_wconf 77' lang='grc'><strong>2.)</strong></span> <span class='ocrx_word' id='word_1_217' title='bbox 2364 1689 2535 1758; x_wconf 79' lang='lat' dir='ltr'>Aperi</span> <span class='ocrx_word' id='word_1_218' title='bbox 2564 1690 2708 1744; x_wconf 86' lang='lat' dir='ltr'>mihi</span> <span class='ocrx_word' id='word_1_219' title='bbox 2743 1690 2815 1759; x_wconf 87' lang='lat' dir='ltr'>(a)</span> <span class='ocrx_word' id='word_1_220' title='bbox 2841 1706 2998 1747; x_wconf 83' lang='lat' dir='ltr'>soror</span> <span class='ocrx_word' id='word_1_221' title='bbox 3016 1709 3162 1764; x_wconf 85' lang='lat' dir='ltr'>mea,</span> <span class='ocrx_word' id='word_1_222' title='bbox 3200 1699 3385 1754; x_wconf 85' lang='lat' dir='ltr'>amica</span> <span class='ocrx_word' id='word_1_223' title='bbox 3412 1716 3558 1773; x_wconf 84' lang='lat' dir='ltr'>mea,</span> 
     </span>
    </p>
   </div>
   <div class='ocr_carea' id='block_1_33' title="bbox 271 1774 2993 1850">
    <p class='ocr_par' dir='ltr' id='par_1_33' title="bbox 271 1774 2993 1850">
     <span class='ocr_line' id='line_1_33' title="bbox 271 1774 2993 1850; baseline 0.001 -20"><span class='ocrx_word' id='word_1_224' title='bbox 271 1786 594 1844; x_wconf 87' lang='lat' dir='ltr'>meruerunt,</span> <span class='ocrx_word' id='word_1_225' title='bbox 641 1792 748 1846; x_wconf 92' lang='lat' dir='ltr'>quo</span> <span class='ocrx_word' id='word_1_226' title='bbox 794 1776 972 1845; x_wconf 88' lang='lat' dir='ltr'>major</span> <span class='ocrx_word' id='word_1_227' title='bbox 1017 1777 1156 1828; x_wconf 89' lang='lat' dir='ltr'>inter</span> <span class='ocrx_word' id='word_1_228' title='bbox 1206 1784 1361 1829; x_wconf 89' lang='lat' dir='ltr'>natos</span> <span class='ocrx_word' id='word_1_229' title='bbox 1417 1776 1701 1830; x_wconf 89' lang='lat' dir='ltr'>mulierum</span> <span class='ocrx_word' id='word_1_230' title='bbox 1752 1793 1858 1830; x_wconf 92' lang='lat' dir='ltr'>non</span> <span class='ocrx_word' id='word_1_231' title='bbox 1887 1791 1940 1850; x_wconf 78' lang='grc' dir='ltr'>Β</span> <span class='ocrx_word' id='word_1_232' title='bbox 1970 1774 2229 1830; x_wconf 88' lang='lat' dir='ltr'>columba</span> <span class='ocrx_word' id='word_1_233' title='bbox 2263 1791 2408 1843; x_wconf 84' lang='lat' dir='ltr'>mea,</span> <span class='ocrx_word' id='word_1_234' title='bbox 2443 1778 2817 1833; x_wconf 80' lang='lat' dir='ltr'>immaculata</span> <span class='ocrx_word' id='word_1_235' title='bbox 2846 1796 2993 1836; x_wconf 89' lang='lat' dir='ltr'>mea.</span> 
     </span>
    </p>
   </div>
   <div class='ocr_carea' id='block_1_34' title="bbox 276 1863 1859 1935">
    <p class='ocr_par' dir='ltr' id='par_1_34' title="bbox 276 1863 1859 1935">
     <span class='ocr_line' id='line_1_34' title="bbox 276 1863 1859 1935; baseline -0.001 -16"><span class='ocrx_word' id='word_1_236' title='bbox 276 1867 514 1933; x_wconf 87' lang='lat' dir='ltr'>surrexit,</span> <span class='ocrx_word' id='word_1_237' title='bbox 564 1873 616 1920; x_wconf 91' lang='lat' dir='ltr'>et</span> <span class='ocrx_word' id='word_1_238' title='bbox 654 1865 830 1934; x_wconf 86' lang='lat' dir='ltr'>ipsum</span> <span class='ocrx_word' id='word_1_239' title='bbox 882 1864 1222 1918; x_wconf 84' lang='lat' dir='ltr'>Salvatorem</span> <span class='ocrx_word' id='word_1_240' title='bbox 1254 1864 1435 1917; x_wconf 91' lang='lat' dir='ltr'>mundi</span> <span class='ocrx_word' id='word_1_241' title='bbox 1475 1863 1644 1935; x_wconf 83' lang='lat' dir='ltr'>digito</span> <span class='ocrx_word' id='word_1_242' title='bbox 1675 1874 1859 1918; x_wconf 87' lang='lat' dir='ltr'>osten-</span> 
     </span>
    </p>
   </div>
   <div class='ocr_carea' id='block_1_35' title="bbox 281 1952 1858 2023">
    <p class='ocr_par' dir='ltr' id='par_1_35' title="bbox 281 1952 1858 2023">
     <span class='ocr_line' id='line_1_35' title="bbox 281 1952 1858 2023; baseline 0.001 -17"><span class='ocrx_word' id='word_1_243' title='bbox 281 1953 395 2008; x_wconf 86' lang='lat' dir='ltr'>dere</span> <span class='ocrx_word' id='word_1_244' title='bbox 428 1965 475 2008; x_wconf 88' lang='lat' dir='ltr'>et</span> <span class='ocrx_word' id='word_1_245' title='bbox 522 1955 806 2022; x_wconf 80' lang='lat' dir='ltr'>baptizare</span> <span class='ocrx_word' id='word_1_246' title='bbox 845 1952 1038 2008; x_wconf 91' lang='lat' dir='ltr'>meruit</span> <span class='ocrx_word' id='word_1_247' title='bbox 1066 1953 1300 2017; x_wconf 79' lang='lat' dir='ltr'>(Matth.</span> <span class='ocrx_word' id='word_1_248' title='bbox 1333 1953 1430 2023; x_wconf 71' lang='grc' dir='ltr'><strong>χι).</strong></span> <span class='ocrx_word' id='word_1_249' title='bbox 1463 1953 1540 2006; x_wconf 86' lang='lat' dir='ltr'>De</span> <span class='ocrx_word' id='word_1_250' title='bbox 1570 1954 1725 2023; x_wconf 87' lang='lat' dir='ltr'>cujus</span> <span class='ocrx_word' id='word_1_251' title='bbox 1755 1971 1858 2023; x_wconf 89' lang='lat' dir='ltr'>pa-</span> 
     </span>
    </p>
   </div>
   <div class='ocr_carea' id='block_1_36' title="bbox 278 2042 1856 2112">
    <p class='ocr_par' dir='ltr' id='par_1_36' title="bbox 278 2042 1856 2112">
     <span class='ocr_line' id='line_1_36' title="bbox 278 2042 1856 2112; baseline 0.001 -17"><span class='ocrx_word' id='word_1_252' title='bbox 278 2043 501 2095; x_wconf 61' lang='lat' dir='ltr'>rentibus</span> <span class='ocrx_word' id='word_1_253' title='bbox 535 2043 760 2096; x_wconf 78' lang='lat' dir='ltr'>dicitur:</span> <span class='ocrx_word' id='word_1_254' title='bbox 779 2042 1314 2107; x_wconf 82' lang='lat' dir='ltr'>Erantautemjusti</span> <span class='ocrx_word' id='word_1_255' title='bbox 1329 2042 1487 2096; x_wconf 84' lang='lat' dir='ltr'>ambo</span> <span class='ocrx_word' id='word_1_256' title='bbox 1507 2045 1643 2096; x_wconf 87' lang='lat' dir='ltr'>ante</span> <span class='ocrx_word' id='word_1_257' title='bbox 1661 2045 1856 2112; x_wconf 86' lang='lat' dir='ltr'>Deum,</span> 
     </span>
    </p>
   </div>
   <div class='ocr_carea' id='block_1_37' title="bbox 275 2129 1858 2197">
    <p class='ocr_par' dir='ltr' id='par_1_37' title="bbox 275 2129 1858 2197">
     <span class='ocr_line' id='line_1_37' title="bbox 275 2129 1858 2197; baseline 0.003 -15"><span class='ocrx_word' id='word_1_258' title='bbox 275 2133 588 2186; x_wconf 63' lang='lat' dir='ltr'>incedentes</span> <span class='ocrx_word' id='word_1_259' title='bbox 613 2135 670 2186; x_wconf 81' lang='lat' dir='ltr'>in</span> <span class='ocrx_word' id='word_1_260' title='bbox 697 2133 952 2186; x_wconf 74' lang='lat' dir='ltr'>omnibus</span> <span class='ocrx_word' id='word_1_261' title='bbox 972 2131 1260 2184; x_wconf 81' lang='lat' dir='ltr'>mandatis</span> <span class='ocrx_word' id='word_1_262' title='bbox 1279 2138 1333 2184; x_wconf 86' lang='lat' dir='ltr'>et</span> <span class='ocrx_word' id='word_1_263' title='bbox 1355 2129 1858 2197; x_wconf 76' lang='lat' dir='ltr'>iastiﬁcationibus</span> 
     </span>
    </p>
   </div>
   <div class='ocr_carea' id='block_1_38' title="bbox 269 2218 1857 2291">
    <p class='ocr_par' dir='ltr' id='par_1_38' title="bbox 269 2218 1857 2291">
     <span class='ocr_line' id='line_1_38' title="bbox 269 2218 1857 2291; baseline -0.001 -18"><span class='ocrx_word' id='word_1_264' title='bbox 269 2220 492 2275; x_wconf 75' lang='lat' dir='ltr'>Domini</span> <span class='ocrx_word' id='word_1_265' title='bbox 535 2227 662 2275; x_wconf 73' lang='lat' dir='ltr'>sine</span> <span class='ocrx_word' id='word_1_266' title='bbox 692 2220 919 2291; x_wconf 83' lang='lat' dir='ltr'>querela</span> <span class='ocrx_word' id='word_1_267' title='bbox 950 2220 1106 2286; x_wconf 89' lang='lat' dir='ltr'>(Luc.</span> <span class='ocrx_word' id='word_1_268' title='bbox 1143 2235 1178 2285; x_wconf 87' lang='grc' dir='ltr'>ι,</span> <span class='ocrx_word' id='word_1_269' title='bbox 1213 2221 1287 2286; x_wconf 88' lang='lat'>6).</span> <span class='ocrx_word' id='word_1_270' title='bbox 1321 2218 1455 2270; x_wconf 91' lang='lat' dir='ltr'>Sunt</span> <span class='ocrx_word' id='word_1_271' title='bbox 1484 2234 1618 2272; x_wconf 86' lang='lat' dir='ltr'>vero</span> <span class='ocrx_word' id='word_1_272' title='bbox 1648 2221 1735 2272; x_wconf 89' lang='lat' dir='ltr'>alii</span> <span class='ocrx_word' id='word_1_273' title='bbox 1769 2219 1857 2288; x_wconf 90' lang='lat' dir='ltr'>qui</span> 
     </span>
    </p>
   </div>
   <div class='ocr_carea' id='block_1_39' title="bbox 274 2307 1856 2376">
    <p class='ocr_par' dir='ltr' id='par_1_39' title="bbox 274 2307 1856 2376">
     <span class='ocr_line' id='line_1_39' title="bbox 274 2307 1856 2376; baseline -0.001 -14"><span class='ocrx_word' id='word_1_274' title='bbox 274 2318 402 2364; x_wconf 87' lang='lat' dir='ltr'>tanta</span> <span class='ocrx_word' id='word_1_275' title='bbox 431 2311 693 2363; x_wconf 82' lang='lat' dir='ltr'>aviditate</span> <span class='ocrx_word' id='word_1_276' title='bbox 736 2309 974 2362; x_wconf 82' lang='lat' dir='ltr'>divinam</span> <span class='ocrx_word' id='word_1_277' title='bbox 1025 2307 1350 2376; x_wconf 88' lang='lat' dir='ltr'>Scripturam</span> <span class='ocrx_word' id='word_1_278' title='bbox 1389 2307 1612 2360; x_wconf 90' lang='lat' dir='ltr'>audiunt</span> <span class='ocrx_word' id='word_1_279' title='bbox 1638 2307 1725 2361; x_wconf 86' lang='lat' dir='ltr'>vel</span> <span class='ocrx_word' id='word_1_280' title='bbox 1772 2307 1856 2360; x_wconf 89' lang='lat' dir='ltr'>le-</span> 
     </span>
    </p>
   </div>
   <div class='ocr_carea' id='block_1_40' title="bbox 271 2394 1858 2470">
    <p class='ocr_par' dir='ltr' id='par_1_40' title="bbox 271 2394 1858 2470">
     <span class='ocr_line' id='line_1_40' title="bbox 271 2394 1858 2470; baseline -0.001 -18"><span class='ocrx_word' id='word_1_281' title='bbox 271 2408 406 2470; x_wconf 83' lang='lat' dir='ltr'>gunt,</span> <span class='ocrx_word' id='word_1_282' title='bbox 442 2408 497 2452; x_wconf 92' lang='lat' dir='ltr'>ut</span> <span class='ocrx_word' id='word_1_283' title='bbox 531 2399 780 2468; x_wconf 89' lang='lat' dir='ltr'>protinus</span> <span class='ocrx_word' id='word_1_284' title='bbox 807 2397 1018 2453; x_wconf 91' lang='lat' dir='ltr'>cunctis</span> <span class='ocrx_word' id='word_1_285' title='bbox 1058 2395 1282 2450; x_wconf 90' lang='lat' dir='ltr'>terrenis</span> <span class='ocrx_word' id='word_1_286' title='bbox 1320 2394 1572 2466; x_wconf 89' lang='lat' dir='ltr'>operibus</span> <span class='ocrx_word' id='word_1_287' title='bbox 1595 2396 1858 2451; x_wconf 88' lang='lat' dir='ltr'>abdicatis</span> 
     </span>
    </p>
   </div>
   <div class='ocr_carea' id='block_1_41' title="bbox 273 2485 1854 2554">
    <p class='ocr_par' dir='ltr' id='par_1_41' title="bbox 273 2485 1854 2554">
     <span class='ocr_line' id='line_1_41' title="bbox 273 2485 1854 2554; baseline -0.002 -13"><span class='ocrx_word' id='word_1_288' title='bbox 273 2489 374 2542; x_wconf 91' lang='lat' dir='ltr'>sola</span> <span class='ocrx_word' id='word_1_289' title='bbox 427 2488 682 2542; x_wconf 69' lang='lat' dir='ltr'>coelestia</span> <span class='ocrx_word' id='word_1_290' title='bbox 737 2485 1006 2552; x_wconf 86' lang='lat' dir='ltr'>ambiant,</span> <span class='ocrx_word' id='word_1_291' title='bbox 1063 2493 1333 2554; x_wconf 83' lang='lat' dir='ltr'>parentes,</span> <span class='ocrx_word' id='word_1_292' title='bbox 1374 2500 1593 2552; x_wconf 81' lang='lat' dir='ltr'>uxores,</span> <span class='ocrx_word' id='word_1_293' title='bbox 1644 2485 1854 2554; x_wconf 91' lang='lat' dir='ltr'>domos,</span> 
     </span>
    </p>
   </div>
   <div class='ocr_carea' id='block_1_42' title="bbox 266 2572 1855 2642">
    <p class='ocr_par' dir='ltr' id='par_1_42' title="bbox 266 2572 1855 2642">
     <span class='ocr_line' id='line_1_42' title="bbox 266 2572 1855 2642; baseline 0 -16"><span class='ocrx_word' id='word_1_294' title='bbox 266 2573 389 2630; x_wconf 84' lang='lat' dir='ltr'>filios</span> <span class='ocrx_word' id='word_1_295' title='bbox 426 2575 598 2630; x_wconf 88' lang='lat' dir='ltr'>etiam</span> <span class='ocrx_word' id='word_1_296' title='bbox 639 2582 692 2629; x_wconf 90' lang='lat' dir='ltr'>et</span> <span class='ocrx_word' id='word_1_297' title='bbox 732 2574 917 2630; x_wconf 89' lang='lat' dir='ltr'>omnia</span> <span class='ocrx_word' id='word_1_298' title='bbox 966 2572 1274 2627; x_wconf 89' lang='lat' dir='ltr'>transitoria</span> <span class='ocrx_word' id='word_1_299' title='bbox 1317 2572 1608 2642; x_wconf 86' lang='lat' dir='ltr'>abjiciant;</span> <span class='ocrx_word' id='word_1_300' title='bbox 1643 2573 1855 2628; x_wconf 90' lang='lat' dir='ltr'>solum-</span> 
     </span>
    </p>
   </div>
   <div class='ocr_carea' id='block_1_43' title="bbox 263 2661 1860 2732">
    <p class='ocr_par' dir='ltr' id='par_1_43' title="bbox 263 2661 1860 2732">
     <span class='ocr_line' id='line_1_43' title="bbox 263 2661 1860 2732; baseline 0 -16"><span class='ocrx_word' id='word_1_301' title='bbox 263 2663 410 2720; x_wconf 86' lang='lat' dir='ltr'>modo</span> <span class='ocrx_word' id='word_1_302' title='bbox 435 2664 718 2718; x_wconf 88' lang='lat' dir='ltr'>Christum</span> <span class='ocrx_word' id='word_1_303' title='bbox 741 2663 890 2732; x_wconf 89' lang='lat' dir='ltr'>sequi</span> <span class='ocrx_word' id='word_1_304' title='bbox 913 2670 966 2716; x_wconf 90' lang='lat' dir='ltr'>et</span> <span class='ocrx_word' id='word_1_305' title='bbox 991 2661 1243 2731; x_wconf 88' lang='lat' dir='ltr'>amplecti</span> <span class='ocrx_word' id='word_1_306' title='bbox 1282 2661 1684 2730; x_wconf 87' lang='lat' dir='ltr'>concupiscant.</span> <span class='ocrx_word' id='word_1_307' title='bbox 1719 2661 1860 2730; x_wconf 79' lang='lat' dir='ltr'>Ejus</span> 
     </span>
    </p>
   </div>
   <div class='ocr_carea' id='block_1_44' title="bbox 263 2747 1853 2822">
    <p class='ocr_par' dir='ltr' id='par_1_44' title="bbox 263 2747 1853 2822">
     <span class='ocr_line' id='line_1_44' title="bbox 263 2747 1853 2822; baseline -0.001 -18"><span class='ocrx_word' id='word_1_308' title='bbox 263 2750 513 2808; x_wconf 84' lang='lat' dir='ltr'>desiderio</span> <span class='ocrx_word' id='word_1_309' title='bbox 567 2767 631 2807; x_wconf 90' lang='lat' dir='ltr'>se</span> <span class='ocrx_word' id='word_1_310' title='bbox 701 2750 946 2822; x_wconf 76' lang='lat' dir='ltr'>aﬁligunt</span> <span class='ocrx_word' id='word_1_311' title='bbox 995 2749 1238 2819; x_wconf 90' lang='lat' dir='ltr'>jejuniis,</span> <span class='ocrx_word' id='word_1_312' title='bbox 1281 2747 1522 2803; x_wconf 78' lang='lat' dir='ltr'>afﬁciunt</span> <span class='ocrx_word' id='word_1_313' title='bbox 1581 2749 1853 2818; x_wconf 85' lang='lat' dir='ltr'>lacrymis,</span> 
     </span>
    </p>
   </div>
   <div class='ocr_carea' id='block_1_45' title="bbox 259 2837 1857 2907">
    <p class='ocr_par' dir='ltr' id='par_1_45' title="bbox 259 2837 1857 2907">
     <span class='ocr_line' id='line_1_45' title="bbox 259 2837 1857 2907; baseline -0.001 -13"><span class='ocrx_word' id='word_1_314' title='bbox 259 2848 503 2897; x_wconf 82' lang='lat' dir='ltr'>exercent</span> <span class='ocrx_word' id='word_1_315' title='bbox 534 2839 988 2896; x_wconf 81' lang='lat' dir='ltr'>meditationibus</span> <span class='ocrx_word' id='word_1_316' title='bbox 1015 2838 1239 2906; x_wconf 86' lang='lat' dir='ltr'>divinis,</span> <span class='ocrx_word' id='word_1_317' title='bbox 1269 2837 1384 2892; x_wconf 88' lang='lat' dir='ltr'>sola</span> <span class='ocrx_word' id='word_1_318' title='bbox 1405 2853 1528 2907; x_wconf 86' lang='lat' dir='ltr'>quae</span> <span class='ocrx_word' id='word_1_319' title='bbox 1557 2845 1682 2892; x_wconf 91' lang='lat' dir='ltr'>sunt</span> <span class='ocrx_word' id='word_1_320' title='bbox 1709 2845 1857 2892; x_wconf 84' lang='lat' dir='ltr'>aeter-</span> 
     </span>
    </p>
   </div>
   <div class='ocr_carea' id='block_1_46' title="bbox 264 2925 1853 3001">
    <p class='ocr_par' dir='ltr' id='par_1_46' title="bbox 264 2925 1853 3001">
     <span class='ocr_line' id='line_1_46' title="bbox 264 2925 1853 3001; baseline -0.002 -19"><span class='ocrx_word' id='word_1_321' title='bbox 264 2943 325 2982; x_wconf 88' lang='lat' dir='ltr'>na</span> <span class='ocrx_word' id='word_1_322' title='bbox 349 2930 615 3001; x_wconf 88' lang='lat' dir='ltr'>cogitant,</span> <span class='ocrx_word' id='word_1_323' title='bbox 649 2925 1197 2998; x_wconf 88' lang='lat' dir='ltr'>contemplationibus</span> <span class='ocrx_word' id='word_1_324' title='bbox 1217 2933 1427 2995; x_wconf 82' lang='lat' dir='ltr'>vacant,</span> <span class='ocrx_word' id='word_1_325' title='bbox 1461 2927 1531 2980; x_wconf 91' lang='lat' dir='ltr'>ad</span> <span class='ocrx_word' id='word_1_326' title='bbox 1560 2925 1665 2980; x_wconf 92' lang='lat' dir='ltr'>hoc</span> <span class='ocrx_word' id='word_1_327' title='bbox 1693 2925 1853 2980; x_wconf 89' lang='lat' dir='ltr'>labo-</span> 
     </span>
    </p>
   </div>
   <div class='ocr_carea' id='block_1_47' title="bbox 266 3013 1853 3089">
    <p class='ocr_par' dir='ltr' id='par_1_47' title="bbox 266 3013 1853 3089">
     <span class='ocr_line' id='line_1_47' title="bbox 266 3013 1853 3089; baseline -0.001 -18"><span class='ocrx_word' id='word_1_328' title='bbox 266 3028 448 3089; x_wconf 88' lang='lat' dir='ltr'>rantes,</span> <span class='ocrx_word' id='word_1_329' title='bbox 469 3027 530 3073; x_wconf 86' lang='lat' dir='ltr'>ut</span> <span class='ocrx_word' id='word_1_330' title='bbox 582 3033 648 3073; x_wconf 92' lang='lat' dir='ltr'>ea</span> <span class='ocrx_word' id='word_1_331' title='bbox 676 3033 798 3088; x_wconf 68' lang='lat' dir='ltr'>quae</span> <span class='ocrx_word' id='word_1_332' title='bbox 829 3023 978 3070; x_wconf 90' lang='lat' dir='ltr'>retro</span> <span class='ocrx_word' id='word_1_333' title='bbox 1009 3022 1136 3069; x_wconf 91' lang='lat' dir='ltr'>sunt</span> <span class='ocrx_word' id='word_1_334' title='bbox 1179 3013 1580 3082; x_wconf 87' lang='lat' dir='ltr'>obliviscentes,</span> <span class='ocrx_word' id='word_1_335' title='bbox 1611 3013 1664 3068; x_wconf 91' lang='lat' dir='ltr'>in</span> <span class='ocrx_word' id='word_1_336' title='bbox 1696 3023 1853 3069; x_wconf 90' lang='lat' dir='ltr'>ante-</span> 
     </span>
    </p>
   </div>
   <div class='ocr_carea' id='block_1_48' title="bbox 261 3102 1933 3204">
    <p class='ocr_par' dir='ltr' id='par_1_48' title="bbox 261 3102 1933 3204">
     <span class='ocr_line' id='line_1_48' title="bbox 261 3102 1933 3204; baseline -0.002 -43"><span class='ocrx_word' id='word_1_337' title='bbox 261 3107 392 3204; x_wconf 57' lang='lat' dir='ltr'>riora</span> <span class='ocrx_word' id='word_1_338' title='bbox 407 3107 591 3204; x_wconf 74' lang='lat' dir='ltr'>magis</span> <span class='ocrx_word' id='word_1_339' title='bbox 611 3122 674 3161; x_wconf 88' lang='lat' dir='ltr'>ac</span> <span class='ocrx_word' id='word_1_340' title='bbox 693 3104 873 3204; x_wconf 73' lang='lat' dir='ltr'>magis</span> <span class='ocrx_word' id='word_1_341' title='bbox 894 3120 955 3159; x_wconf 89' lang='lat' dir='ltr'>se</span> <span class='ocrx_word' id='word_1_342' title='bbox 1169 3102 1710 3204; x_wconf 73' lang='lat' dir='ltr'>extendant</span> <span class='ocrx_word' id='word_1_343' title='bbox 1735 3105 1844 3174; x_wconf 90' lang='grc' dir='ltr'>ιιι).</span> <span class='ocrx_word' id='word_1_344' title='bbox 1885 3141 1933 3204; x_wconf 79' lang='lat' dir='ltr'>C</span> 
     </span>
    </p>
   </div>
   <div class='ocr_carea' id='block_1_49' title="bbox 269 3190 1852 3265">
    <p class='ocr_par' dir='ltr' id='par_1_49' title="bbox 269 3190 1852 3265">
     <span class='ocr_line' id='line_1_49' title="bbox 269 3190 1852 3265; baseline -0.002 -16"><span class='ocrx_word' id='word_1_345' title='bbox 269 3192 395 3262; x_wconf 86' lang='lat' dir='ltr'>Quid</span> <span class='ocrx_word' id='word_1_346' title='bbox 442 3194 698 3265; x_wconf 86' lang='lat' dir='ltr'>profecto</span> <span class='ocrx_word' id='word_1_347' title='bbox 747 3192 856 3261; x_wconf 90' lang='lat' dir='ltr'>isti,</span> <span class='ocrx_word' id='word_1_348' title='bbox 903 3192 1033 3263; x_wconf 92' lang='lat' dir='ltr'>quid</span> <span class='ocrx_word' id='word_1_349' title='bbox 1062 3191 1208 3246; x_wconf 92' lang='lat' dir='ltr'>aliud</span> <span class='ocrx_word' id='word_1_350' title='bbox 1237 3199 1422 3262; x_wconf 84' lang='lat' dir='ltr'>agunt,</span> <span class='ocrx_word' id='word_1_351' title='bbox 1464 3190 1570 3244; x_wconf 90' lang='lat' dir='ltr'>nisi</span> <span class='ocrx_word' id='word_1_352' title='bbox 1601 3191 1852 3246; x_wconf 88' lang='lat' dir='ltr'>bibentes</span> 
     </span>
    </p>
   </div>
   <div class='ocr_carea' id='block_1_50' title="bbox 265 3279 1852 3350">
    <p class='ocr_par' dir='ltr' id='par_1_50' title="bbox 265 3279 1852 3350">
     <span class='ocr_line' id='line_1_50' title="bbox 265 3279 1852 3350; baseline -0.001 -16"><span class='ocrx_word' id='word_1_353' title='bbox 265 3281 630 3338; x_wconf 86' lang='lat' dir='ltr'>inebriantur:</span> <span class='ocrx_word' id='word_1_354' title='bbox 675 3289 733 3336; x_wconf 88' lang='lat' dir='ltr'>ut</span> <span class='ocrx_word' id='word_1_355' title='bbox 762 3281 890 3336; x_wconf 90' lang='lat' dir='ltr'>dum</span> <span class='ocrx_word' id='word_1_356' title='bbox 939 3281 1180 3336; x_wconf 90' lang='lat' dir='ltr'>omnium</span> <span class='ocrx_word' id='word_1_357' title='bbox 1211 3288 1549 3334; x_wconf 89' lang='lat' dir='ltr'>terrenorum</span> <span class='ocrx_word' id='word_1_358' title='bbox 1578 3295 1678 3350; x_wconf 88' lang='lat' dir='ltr'>per</span> <span class='ocrx_word' id='word_1_359' title='bbox 1701 3279 1852 3334; x_wconf 91' lang='lat' dir='ltr'>desi-</span> 
     </span>
    </p>
   </div>
   <div class='ocr_carea' id='block_1_51' title="bbox 269 3367 1854 3438">
    <p class='ocr_par' dir='ltr' id='par_1_51' title="bbox 269 3367 1854 3438">
     <span class='ocr_line' id='line_1_51' title="bbox 269 3367 1854 3438; baseline -0.001 -14"><span class='ocrx_word' id='word_1_360' title='bbox 269 3369 464 3426; x_wconf 88' lang='lat' dir='ltr'>derium</span> <span class='ocrx_word' id='word_1_361' title='bbox 488 3371 912 3437; x_wconf 89' lang='lat' dir='ltr'>obliviscuntur,</span> <span class='ocrx_word' id='word_1_362' title='bbox 931 3368 1059 3438; x_wconf 91' lang='lat' dir='ltr'>jure</span> <span class='ocrx_word' id='word_1_363' title='bbox 1086 3383 1116 3422; x_wconf 90' lang='lat' dir='ltr'>a</span> <span class='ocrx_word' id='word_1_364' title='bbox 1144 3383 1343 3438; x_wconf 91' lang='lat' dir='ltr'>sponso</span> <span class='ocrx_word' id='word_1_365' title='bbox 1374 3367 1700 3423; x_wconf 76' lang='lat' dir='ltr'>ccelestinon</span> <span class='ocrx_word' id='word_1_366' title='bbox 1730 3375 1854 3422; x_wconf 89' lang='lat' dir='ltr'>tan-</span> 
     </span>
    </p>
   </div>
   <div class='ocr_carea' id='block_1_52' title="bbox 264 3457 1854 3525">
    <p class='ocr_par' dir='ltr' id='par_1_52' title="bbox 264 3457 1854 3525">
     <span class='ocr_line' id='line_1_52' title="bbox 264 3457 1854 3525; baseline 0 -14"><span class='ocrx_word' id='word_1_367' title='bbox 264 3466 359 3514; x_wconf 88' lang='lat' dir='ltr'>tum</span> <span class='ocrx_word' id='word_1_368' title='bbox 400 3461 588 3525; x_wconf 86' lang='lat' dir='ltr'>amici,</span> <span class='ocrx_word' id='word_1_369' title='bbox 623 3459 718 3515; x_wconf 89' lang='lat' dir='ltr'>sed</span> <span class='ocrx_word' id='word_1_370' title='bbox 747 3465 798 3513; x_wconf 91' lang='lat' dir='ltr'>et</span> <span class='ocrx_word' id='word_1_371' title='bbox 845 3457 1147 3514; x_wconf 88' lang='lat' dir='ltr'>charissimi</span> <span class='ocrx_word' id='word_1_372' title='bbox 1177 3457 1359 3512; x_wconf 86' lang='lat' dir='ltr'>vocari</span> <span class='ocrx_word' id='word_1_373' title='bbox 1389 3457 1744 3511; x_wconf 73' lang='lat' dir='ltr'>mereantur?</span> <span class='ocrx_word' id='word_1_374' title='bbox 1774 3457 1854 3511; x_wconf 92' lang='lat' dir='ltr'>De</span> 
     </span>
    </p>
   </div>
   <div class='ocr_carea' id='block_1_53' title="bbox 269 3545 1446 3619">
    <p class='ocr_par' dir='ltr' id='par_1_53' title="bbox 269 3545 1446 3619">
     <span class='ocr_line' id='line_1_53' title="bbox 269 3545 1446 3619; baseline -0.003 -17"><span class='ocrx_word' id='word_1_375' title='bbox 269 3548 449 3619; x_wconf 87' lang='lat' dir='ltr'>quibus</span> <span class='ocrx_word' id='word_1_376' title='bbox 478 3549 628 3604; x_wconf 89' lang='lat' dir='ltr'>idem</span> <span class='ocrx_word' id='word_1_377' title='bbox 663 3563 897 3619; x_wconf 89' lang='lat' dir='ltr'>sponsus</span> <span class='ocrx_word' id='word_1_378' title='bbox 927 3546 1172 3618; x_wconf 87' lang='lat' dir='ltr'>sequitur</span> <span class='ocrx_word' id='word_1_379' title='bbox 1199 3552 1252 3601; x_wconf 87' lang='lat' dir='ltr'>et</span> <span class='ocrx_word' id='word_1_380' title='bbox 1279 3545 1446 3600; x_wconf 88' lang='lat' dir='ltr'>dicit:</span> 
     </span>
    </p>
   </div>
   <div class='ocr_carea' id='block_1_54' title="bbox 326 3634 1674 3706">
    <p class='ocr_par' dir='ltr' id='par_1_54' title="bbox 326 3634 1674 3706">
     <span class='ocr_line' id='line_1_54' title="bbox 326 3634 1674 3706; baseline -0.004 -15"><span class='ocrx_word' id='word_1_381' title='bbox 326 3637 497 3705; x_wconf 86' lang='lat' dir='ltr'>(Vers.</span> <span class='ocrx_word' id='word_1_382' title='bbox 529 3638 617 3706; x_wconf 77' lang='lat'>2.)</span> <span class='ocrx_word' id='word_1_383' title='bbox 648 3637 756 3706; x_wconf 85' lang='lat' dir='ltr'>Ego</span> <span class='ocrx_word' id='word_1_384' title='bbox 787 3636 1000 3692; x_wconf 85' lang='lat' dir='ltr'>dormio</span> <span class='ocrx_word' id='word_1_385' title='bbox 1024 3639 1081 3691; x_wconf 85' lang='lat' dir='ltr'>et</span> <span class='ocrx_word' id='word_1_386' title='bbox 1116 3651 1211 3690; x_wconf 82' lang='lat' dir='ltr'>cor</span> <span class='ocrx_word' id='word_1_387' title='bbox 1238 3649 1428 3689; x_wconf 84' lang='lat' dir='ltr'>meum</span> <span class='ocrx_word' id='word_1_388' title='bbox 1458 3634 1674 3704; x_wconf 75' lang='lat' dir='ltr'>vigilat.</span> 
     </span>
    </p>
   </div>
   <div class='ocr_carea' id='block_1_55' title="bbox 315 3720 1851 3796">
    <p class='ocr_par' dir='ltr' id='par_1_55' title="bbox 315 3720 1851 3796">
     <span class='ocr_line' id='line_1_55' title="bbox 315 3720 1851 3796; baseline 0 -18"><span class='ocrx_word' id='word_1_389' title='bbox 315 3727 367 3779; x_wconf 72' lang='grc'><strong>4.</strong></span> <span class='ocrx_word' id='word_1_390' title='bbox 404 3723 736 3796; x_wconf 84' lang='lat' dir='ltr'>Hujusmodi</span> <span class='ocrx_word' id='word_1_391' title='bbox 757 3722 1127 3794; x_wconf 88' lang='lat' dir='ltr'>quippeelecti</span> <span class='ocrx_word' id='word_1_392' title='bbox 1160 3738 1252 3777; x_wconf 91' lang='lat' dir='ltr'>cor</span> <span class='ocrx_word' id='word_1_393' title='bbox 1281 3720 1466 3792; x_wconf 90' lang='lat' dir='ltr'>sponsi</span> <span class='ocrx_word' id='word_1_394' title='bbox 1501 3722 1637 3776; x_wconf 89' lang='lat' dir='ltr'>bene</span> <span class='ocrx_word' id='word_1_395' title='bbox 1666 3723 1851 3778; x_wconf 89' lang='lat' dir='ltr'>vocari</span> 
     </span>
    </p>
   </div>
   <div class='ocr_carea' id='block_1_56' title="bbox 264 3811 1851 3886">
    <p class='ocr_par' dir='ltr' id='par_1_56' title="bbox 264 3811 1851 3886">
     <span class='ocr_line' id='line_1_56' title="bbox 264 3811 1851 3886; baseline -0.001 -18"><span class='ocrx_word' id='word_1_396' title='bbox 264 3822 495 3882; x_wconf 88' lang='lat' dir='ltr'>possunt,</span> <span class='ocrx_word' id='word_1_397' title='bbox 556 3814 655 3886; x_wconf 88' lang='lat' dir='ltr'>qui</span> <span class='ocrx_word' id='word_1_398' title='bbox 709 3828 814 3884; x_wconf 89' lang='lat' dir='ltr'>quo</span> <span class='ocrx_word' id='word_1_399' title='bbox 871 3812 1103 3883; x_wconf 89' lang='lat' dir='ltr'>amplius</span> <span class='ocrx_word' id='word_1_400' title='bbox 1157 3811 1426 3865; x_wconf 83' lang='lat' dir='ltr'>exteriora</span> <span class='ocrx_word' id='word_1_401' title='bbox 1470 3827 1594 3882; x_wconf 80' lang='lat' dir='ltr'>quae</span> <span class='ocrx_word' id='word_1_402' title='bbox 1633 3819 1754 3866; x_wconf 92' lang='lat' dir='ltr'>sunt</span> <span class='ocrx_word' id='word_1_403' title='bbox 1797 3812 1851 3866; x_wconf 92' lang='lat' dir='ltr'>in</span> 
     </span>
    </p>
   </div>
   <div class='ocr_carea' id='block_1_57' title="bbox 256 3899 1854 3974">
    <p class='ocr_par' dir='ltr' id='par_1_57' title="bbox 256 3899 1854 3974">
     <span class='ocr_line' id='line_1_57' title="bbox 256 3899 1854 3974; baseline 0.001 -21"><span class='ocrx_word' id='word_1_404' title='bbox 256 3904 460 3968; x_wconf 89' lang='lat' dir='ltr'>mundo,</span> <span class='ocrx_word' id='word_1_405' title='bbox 514 3903 755 3974; x_wconf 87' lang='lat' dir='ltr'>fugiunt,</span> <span class='ocrx_word' id='word_1_406' title='bbox 786 3916 851 3956; x_wconf 90' lang='lat' dir='ltr'>eo</span> <span class='ocrx_word' id='word_1_407' title='bbox 881 3899 1135 3955; x_wconf 90' lang='lat' dir='ltr'>secretius</span> <span class='ocrx_word' id='word_1_408' title='bbox 1163 3915 1225 3953; x_wconf 88' lang='lat' dir='ltr'>ea</span> <span class='ocrx_word' id='word_1_409' title='bbox 1272 3914 1393 3968; x_wconf 87' lang='lat' dir='ltr'>quae</span> <span class='ocrx_word' id='word_1_410' title='bbox 1437 3907 1560 3953; x_wconf 92' lang='lat' dir='ltr'>sunt</span> <span class='ocrx_word' id='word_1_411' title='bbox 1595 3899 1854 3955; x_wconf 88' lang='lat' dir='ltr'>interiora</span> 
     </span>
    </p>
   </div>
   <div class='ocr_carea' id='block_1_58' title="bbox 263 3987 1850 4062">
    <p class='ocr_par' dir='ltr' id='par_1_58' title="bbox 263 3987 1850 4062">
     <span class='ocr_line' id='line_1_58' title="bbox 263 3987 1850 4062; baseline -0.001 -18"><span class='ocrx_word' id='word_1_412' title='bbox 263 3991 428 4059; x_wconf 88' lang='lat' dir='ltr'>sponsi</span> <span class='ocrx_word' id='word_1_413' title='bbox 479 3995 840 4062; x_wconf 85' lang='lat' dir='ltr'>cognoscunt.</span> <span class='ocrx_word' id='word_1_414' title='bbox 888 3989 968 4043; x_wconf 90' lang='lat' dir='ltr'>De</span> <span class='ocrx_word' id='word_1_415' title='bbox 1016 3988 1210 4059; x_wconf 90' lang='lat' dir='ltr'>quibus</span> <span class='ocrx_word' id='word_1_416' title='bbox 1256 3987 1448 4059; x_wconf 91' lang='lat' dir='ltr'>procul</span> <span class='ocrx_word' id='word_1_417' title='bbox 1497 3987 1660 4043; x_wconf 89' lang='lat' dir='ltr'>dubio</span> <span class='ocrx_word' id='word_1_418' title='bbox 1705 3988 1850 4043; x_wconf 80' lang='lat' dir='ltr'>idem</span> 
     </span>
    </p>
   </div>
   <div class='ocr_carea' id='block_1_59' title="bbox 265 4076 1850 4148">
    <p class='ocr_par' dir='ltr' id='par_1_59' title="bbox 265 4076 1850 4148">
     <span class='ocr_line' id='line_1_59' title="bbox 265 4076 1850 4148; baseline 0.002 -18"><span class='ocrx_word' id='word_1_419' title='bbox 265 4092 482 4147; x_wconf 87' lang='lat' dir='ltr'>sponsus</span> <span class='ocrx_word' id='word_1_420' title='bbox 513 4078 648 4133; x_wconf 88' lang='lat' dir='ltr'>alibi</span> <span class='ocrx_word' id='word_1_421' title='bbox 679 4077 841 4131; x_wconf 89' lang='lat' dir='ltr'>dicit:</span> <span class='ocrx_word' id='word_1_422' title='bbox 875 4076 978 4144; x_wconf 84' lang='lat' dir='ltr'>Qui</span> <span class='ocrx_word' id='word_1_423' title='bbox 997 4077 1184 4148; x_wconf 82' lang='lat' dir='ltr'>diligit</span> <span class='ocrx_word' id='word_1_424' title='bbox 1204 4091 1312 4142; x_wconf 85' lang='lat' dir='ltr'>mc,</span> <span class='ocrx_word' id='word_1_425' title='bbox 1338 4076 1659 4146; x_wconf 84' lang='lat' dir='ltr'>diligetura</span> <span class='ocrx_word' id='word_1_426' title='bbox 1678 4079 1850 4133; x_wconf 81' lang='lat' dir='ltr'>Patre</span> 
     </span>
    </p>
   </div>
   <div class='ocr_carea' id='block_1_60' title="bbox 258 4164 1850 4236">
    <p class='ocr_par' dir='ltr' id='par_1_60' title="bbox 258 4164 1850 4236">
     <span class='ocr_line' id='line_1_60' title="bbox 258 4164 1850 4236; baseline 0.003 -19"><span class='ocrx_word' id='word_1_427' title='bbox 258 4181 386 4235; x_wconf 86' lang='lat' dir='ltr'>meo,</span> <span class='ocrx_word' id='word_1_428' title='bbox 415 4171 470 4223; x_wconf 80' lang='lat' dir='ltr'>et</span> <span class='ocrx_word' id='word_1_429' title='bbox 493 4183 557 4223; x_wconf 82' lang='lat' dir='ltr'>eo</span> <span class='ocrx_word' id='word_1_430' title='bbox 575 4166 814 4235; x_wconf 84' lang='lat' dir='ltr'>diligam</span> <span class='ocrx_word' id='word_1_431' title='bbox 844 4181 993 4230; x_wconf 88' lang='lat' dir='ltr'>eum,</span> <span class='ocrx_word' id='word_1_432' title='bbox 1022 4168 1078 4220; x_wconf 87' lang='lat' dir='ltr'>et</span> <span class='ocrx_word' id='word_1_433' title='bbox 1099 4164 1474 4234; x_wconf 85' lang='lat' dir='ltr'>manifestabo</span> <span class='ocrx_word' id='word_1_434' title='bbox 1499 4165 1553 4219; x_wconf 86' lang='lat' dir='ltr'>ei</span> <span class='ocrx_word' id='word_1_435' title='bbox 1575 4168 1850 4236; x_wconf 81' lang='lat' dir='ltr'>meipsum</span> 
     </span>
    </p>
   </div>
   <div class='ocr_carea' id='block_1_61' title="bbox 264 4252 1848 4323">
    <p class='ocr_par' dir='ltr' id='par_1_61' title="bbox 264 4252 1848 4323">
     <span class='ocr_line' id='line_1_61' title="bbox 264 4252 1848 4323; baseline -0.001 -13"><span class='ocrx_word' id='word_1_436' title='bbox 264 4255 430 4318; x_wconf 82' lang='lat' dir='ltr'>(Joan.</span> <span class='ocrx_word' id='word_1_437' title='bbox 485 4271 601 4321; x_wconf 76' lang='lat' dir='ltr'>11v,</span> <span class='ocrx_word' id='word_1_438' title='bbox 650 4256 762 4322; x_wconf 77' lang='grc'><strong>21).</strong></span> <span class='ocrx_word' id='word_1_439' title='bbox 805 4252 1014 4308; x_wconf 88' lang='lat' dir='ltr'>Dormit</span> <span class='ocrx_word' id='word_1_440' title='bbox 1061 4267 1193 4323; x_wconf 81' lang='lat' dir='ltr'>ergo</span> <span class='ocrx_word' id='word_1_441' title='bbox 1236 4267 1482 4322; x_wconf 91' lang='lat' dir='ltr'>sponsus,</span> <span class='ocrx_word' id='word_1_442' title='bbox 1527 4259 1579 4307; x_wconf 87' lang='lat' dir='ltr'>et</span> <span class='ocrx_word' id='word_1_443' title='bbox 1609 4267 1703 4308; x_wconf 90' lang='lat' dir='ltr'>cor</span> <span class='ocrx_word' id='word_1_444' title='bbox 1729 4253 1848 4323; x_wconf 88' lang='lat' dir='ltr'>ejus</span> 
     </span>
    </p>
   </div>
   <div class='ocr_carea' id='block_1_62' title="bbox 258 4339 1847 4414">
    <p class='ocr_par' dir='ltr' id='par_1_62' title="bbox 258 4339 1847 4414">
     <span class='ocr_line' id='line_1_62' title="bbox 258 4339 1847 4414; baseline 0 -19"><span class='ocrx_word' id='word_1_445' title='bbox 258 4341 465 4414; x_wconf 84' lang='lat' dir='ltr'>vigilat:</span> <span class='ocrx_word' id='word_1_446' title='bbox 500 4343 633 4414; x_wconf 88' lang='lat' dir='ltr'>quia</span> <span class='ocrx_word' id='word_1_447' title='bbox 649 4343 777 4396; x_wconf 91' lang='lat' dir='ltr'>dum</span> <span class='ocrx_word' id='word_1_448' title='bbox 807 4341 1050 4396; x_wconf 88' lang='lat' dir='ltr'>Christus</span> <span class='ocrx_word' id='word_1_449' title='bbox 1072 4341 1187 4411; x_wconf 87' lang='lat' dir='ltr'>jam</span> <span class='ocrx_word' id='word_1_450' title='bbox 1207 4339 1564 4413; x_wconf 81' lang='lat' dir='ltr'>gloriﬁcatus,</span> <span class='ocrx_word' id='word_1_451' title='bbox 1595 4340 1650 4394; x_wconf 90' lang='lat' dir='ltr'>in</span> <span class='ocrx_word' id='word_1_452' title='bbox 1667 4341 1847 4397; x_wconf 85' lang='lat' dir='ltr'>beati-</span> 
     </span>
    </p>
   </div>
   <div class='ocr_carea' id='block_1_63' title="bbox 260 4428 1850 4503">
    <p class='ocr_par' dir='ltr' id='par_1_63' title="bbox 260 4428 1850 4503">
     <span class='ocr_line' id='line_1_63' title="bbox 260 4428 1850 4503; baseline 0.001 -20"><span class='ocrx_word' id='word_1_453' title='bbox 260 4431 426 4487; x_wconf 86' lang='lat' dir='ltr'>tudine</span> <span class='ocrx_word' id='word_1_454' title='bbox 468 4430 718 4503; x_wconf 85' lang='lat' dir='ltr'>quiescit,</span> <span class='ocrx_word' id='word_1_455' title='bbox 773 4430 1076 4500; x_wconf 90' lang='lat' dir='ltr'>quicunque</span> <span class='ocrx_word' id='word_1_456' title='bbox 1121 4445 1244 4485; x_wconf 89' lang='lat' dir='ltr'>eum</span> <span class='ocrx_word' id='word_1_457' title='bbox 1274 4428 1518 4500; x_wconf 87' lang='lat' dir='ltr'>perfecte</span> <span class='ocrx_word' id='word_1_458' title='bbox 1561 4428 1758 4501; x_wconf 84' lang='lat' dir='ltr'>diligit,</span> <span class='ocrx_word' id='word_1_459' title='bbox 1793 4439 1850 4485; x_wconf 92' lang='lat' dir='ltr'>ut</span> 
     </span>
    </p>
   </div>
   <div class='ocr_carea' id='block_1_64' title="bbox 260 4493 1925 4590">
    <p class='ocr_par' dir='ltr' id='par_1_64' title="bbox 260 4493 1925 4590">
     <span class='ocr_line' id='line_1_64' title="bbox 260 4493 1925 4590; baseline 0.001 -19"><span class='ocrx_word' id='word_1_460' title='bbox 260 4517 323 4572; x_wconf 84' lang='lat' dir='ltr'>ad</span> <span class='ocrx_word' id='word_1_461' title='bbox 349 4493 525 4590; x_wconf 80' lang='lat' dir='ltr'>ipsum</span> <span class='ocrx_word' id='word_1_462' title='bbox 551 4493 1133 4590; x_wconf 78' lang='lat' dir='ltr'>perveniatallaborat.</span> <span class='ocrx_word' id='word_1_463' title='bbox 1156 4517 1236 4572; x_wconf 91' lang='lat' dir='ltr'>De</span> <span class='ocrx_word' id='word_1_464' title='bbox 1257 4493 1847 4589; x_wconf 45' lang='lat' dir='ltr'>quavigilantia&#39;spon-</span> <span class='ocrx_word' id='word_1_465' title='bbox 1872 4493 1925 4554; x_wconf 83' lang='lat' dir='ltr'>D</span> 
     </span>
    </p>
   </div>
   <div class='ocr_carea' id='block_1_65' title="bbox 260 4606 1846 4677">
    <p class='ocr_par' dir='ltr' id='par_1_65' title="bbox 260 4606 1846 4677">
     <span class='ocr_line' id='line_1_65' title="bbox 260 4606 1846 4677; baseline 0.002 -17"><span class='ocrx_word' id='word_1_466' title='bbox 260 4620 312 4660; x_wconf 82' lang='lat' dir='ltr'>sa</span> <span class='ocrx_word' id='word_1_467' title='bbox 336 4608 584 4677; x_wconf 88' lang='lat' dir='ltr'>superius</span> <span class='ocrx_word' id='word_1_468' title='bbox 602 4607 765 4662; x_wconf 80' lang='lat' dir='ltr'>dixit:</span> <span class='ocrx_word' id='word_1_469' title='bbox 794 4609 930 4664; x_wconf 85' lang='lat' dir='ltr'>Cum</span> <span class='ocrx_word' id='word_1_470' title='bbox 945 4612 1087 4663; x_wconf 75' lang='lat' dir='ltr'>esset</span> <span class='ocrx_word' id='word_1_471' title='bbox 1109 4622 1216 4662; x_wconf 78' lang='lat' dir='ltr'>rex</span> <span class='ocrx_word' id='word_1_472' title='bbox 1226 4607 1289 4661; x_wconf 86' lang='lat' dir='ltr'>in</span> <span class='ocrx_word' id='word_1_473' title='bbox 1306 4606 1568 4662; x_wconf 84' lang='lat' dir='ltr'>accubitu</span> <span class='ocrx_word' id='word_1_474' title='bbox 1579 4623 1846 4675; x_wconf 84' lang='lat' dir='ltr'>suo,nar-</span> 
     </span>
    </p>
   </div>
   <div class='ocr_carea' id='block_1_66' title="bbox 257 4693 1843 4767">
    <p class='ocr_par' dir='ltr' id='par_1_66' title="bbox 257 4693 1843 4767">
     <span class='ocr_line' id='line_1_66' title="bbox 257 4693 1843 4767; baseline 0.001 -18"><span class='ocrx_word' id='word_1_475' title='bbox 257 4693 349 4751; x_wconf 73' lang='lat' dir='ltr'>diu</span> <span class='ocrx_word' id='word_1_476' title='bbox 365 4713 488 4752; x_wconf 89' lang='lat' dir='ltr'>mea</span> <span class='ocrx_word' id='word_1_477' title='bbox 510 4696 903 4753; x_wconf 82' lang='lat' dir='ltr'>deditodorem</span> <span class='ocrx_word' id='word_1_478' title='bbox 921 4712 1088 4751; x_wconf 78' lang='lat' dir='ltr'>suum</span> <span class='ocrx_word' id='word_1_479' title='bbox 1105 4694 1295 4767; x_wconf 84' lang='lat' dir='ltr'>(Cant.</span> <span class='ocrx_word' id='word_1_480' title='bbox 1311 4711 1370 4760; x_wconf 86' lang='grc' dir='ltr'>ιι,</span> <span class='ocrx_word' id='word_1_481' title='bbox 1387 4695 1494 4764; x_wconf 89' lang='grc'><strong>11).</strong></span> <span class='ocrx_word' id='word_1_482' title='bbox 1521 4693 1680 4762; x_wconf 86' lang='lat' dir='ltr'>Quod</span> <span class='ocrx_word' id='word_1_483' title='bbox 1695 4696 1843 4750; x_wconf 89' lang='lat' dir='ltr'>enim</span> 
     </span>
    </p>
   </div>
   <div class='ocr_carea' id='block_1_67' title="bbox 256 4780 1848 4856">
    <p class='ocr_par' dir='ltr' id='par_1_67' title="bbox 256 4780 1848 4856">
     <span class='ocr_line' id='line_1_67' title="bbox 256 4780 1848 4856; baseline 0.003 -22"><span class='ocrx_word' id='word_1_484' title='bbox 256 4780 375 4838; x_wconf 89' lang='lat' dir='ltr'>illud</span> <span class='ocrx_word' id='word_1_485' title='bbox 403 4784 692 4856; x_wconf 87' lang='lat' dir='ltr'>quiescere</span> <span class='ocrx_word' id='word_1_486' title='bbox 725 4784 961 4839; x_wconf 88' lang='lat' dir='ltr'>dormire</span> <span class='ocrx_word' id='word_1_487' title='bbox 1011 4785 1240 4846; x_wconf 89' lang='lat' dir='ltr'>dicatur,</span> <span class='ocrx_word' id='word_1_488' title='bbox 1273 4782 1330 4836; x_wconf 89' lang='lat' dir='ltr'>id</span> <span class='ocrx_word' id='word_1_489' title='bbox 1369 4781 1674 4838; x_wconf 87' lang='lat' dir='ltr'>manifestat</span> <span class='ocrx_word' id='word_1_490' title='bbox 1703 4783 1848 4853; x_wconf 89' lang='lat' dir='ltr'>quod</span> 
     </span>
    </p>
   </div>
   <div class='ocr_carea' id='block_1_68' title="bbox 257 4870 1850 4945">
    <p class='ocr_par' dir='ltr' id='par_1_68' title="bbox 257 4870 1850 4945">
     <span class='ocr_line' id='line_1_68' title="bbox 257 4870 1850 4945; baseline 0.002 -22"><span class='ocrx_word' id='word_1_491' title='bbox 257 4870 374 4924; x_wconf 89' lang='lat' dir='ltr'>alibi</span> <span class='ocrx_word' id='word_1_492' title='bbox 389 4872 592 4944; x_wconf 84' lang='lat' dir='ltr'>legitur</span> <span class='ocrx_word' id='word_1_493' title='bbox 616 4889 629 4926; x_wconf 90' lang='lat'>:</span> <span class='ocrx_word' id='word_1_494' title='bbox 653 4873 724 4927; x_wconf 85' lang='lat' dir='ltr'>In</span> <span class='ocrx_word' id='word_1_495' title='bbox 739 4888 877 4944; x_wconf 84' lang='lat' dir='ltr'>pace</span> <span class='ocrx_word' id='word_1_496' title='bbox 895 4875 955 4928; x_wconf 84' lang='lat' dir='ltr'>in</span> <span class='ocrx_word' id='word_1_497' title='bbox 974 4873 1222 4945; x_wconf 77' lang='lat' dir='ltr'>idipsum</span> <span class='ocrx_word' id='word_1_498' title='bbox 1240 4871 1521 4927; x_wconf 87' lang='lat' dir='ltr'>dormiam</span> <span class='ocrx_word' id='word_1_499' title='bbox 1540 4874 1850 4943; x_wconf 76' lang='lat' dir='ltr'>etrequies-</span> 
     </span>
    </p>
   </div>
   <div class='ocr_carea' id='block_1_69' title="bbox 256 4958 1850 5030">
    <p class='ocr_par' dir='ltr' id='par_1_69' title="bbox 256 4958 1850 5030">
     <span class='ocr_line' id='line_1_69' title="bbox 256 4958 1850 5030; baseline 0.003 -20"><span class='ocrx_word' id='word_1_500' title='bbox 256 4973 368 5014; x_wconf 87' lang='lat' dir='ltr'>cam</span> <span class='ocrx_word' id='word_1_501' title='bbox 400 4961 576 5029; x_wconf 76' lang='lat' dir='ltr'>(Psal.</span> <span class='ocrx_word' id='word_1_502' title='bbox 603 4976 680 5027; x_wconf 85' lang='lat' dir='ltr'>iv,</span> <span class='ocrx_word' id='word_1_503' title='bbox 705 4961 777 5030; x_wconf 88' lang='lat'>9).</span> <span class='ocrx_word' id='word_1_504' title='bbox 811 4959 974 5029; x_wconf 87' lang='lat' dir='ltr'>Quad</span> <span class='ocrx_word' id='word_1_505' title='bbox 1003 4967 1188 5016; x_wconf 83' lang='lat' dir='ltr'>tamen</span> <span class='ocrx_word' id='word_1_506' title='bbox 1216 4959 1393 5030; x_wconf 90' lang='lat' dir='ltr'>ipsum</span> <span class='ocrx_word' id='word_1_507' title='bbox 1425 4967 1478 5014; x_wconf 89' lang='lat' dir='ltr'>et</span> <span class='ocrx_word' id='word_1_508' title='bbox 1504 4958 1621 5028; x_wconf 89' lang='lat' dir='ltr'>ipsa</span> <span class='ocrx_word' id='word_1_509' title='bbox 1650 4975 1850 5030; x_wconf 85' lang='lat' dir='ltr'>sponsa</span> 
     </span>
    </p>
   </div>
   <div class='ocr_carea' id='block_1_70' title="bbox 263 5045 1847 5120">
    <p class='ocr_par' dir='ltr' id='par_1_70' title="bbox 263 5045 1847 5120">
     <span class='ocr_line' id='line_1_70' title="bbox 263 5045 1847 5120; baseline 0.005 -23"><span class='ocrx_word' id='word_1_510' title='bbox 263 5045 322 5099; x_wconf 86' lang='lat' dir='ltr'>de</span> <span class='ocrx_word' id='word_1_511' title='bbox 349 5063 405 5102; x_wconf 88' lang='lat' dir='ltr'>se</span> <span class='ocrx_word' id='word_1_512' title='bbox 435 5049 622 5104; x_wconf 88' lang='lat' dir='ltr'>dicere</span> <span class='ocrx_word' id='word_1_513' title='bbox 649 5056 848 5120; x_wconf 89' lang='lat' dir='ltr'>potest.</span> <span class='ocrx_word' id='word_1_514' title='bbox 881 5049 1036 5105; x_wconf 91' lang='lat' dir='ltr'>Dicat</span> <span class='ocrx_word' id='word_1_515' title='bbox 1065 5063 1195 5119; x_wconf 85' lang='lat' dir='ltr'>ergo</span> <span class='ocrx_word' id='word_1_516' title='bbox 1220 5065 1231 5101; x_wconf 91' lang='lat'>:</span> <span class='ocrx_word' id='word_1_517' title='bbox 1270 5049 1378 5118; x_wconf 86' lang='lat' dir='ltr'>Ego</span> <span class='ocrx_word' id='word_1_518' title='bbox 1400 5047 1634 5116; x_wconf 87' lang='lat' dir='ltr'>dormio,</span> <span class='ocrx_word' id='word_1_519' title='bbox 1665 5052 1722 5104; x_wconf 81' lang='lat' dir='ltr'>et</span> <span class='ocrx_word' id='word_1_520' title='bbox 1752 5065 1847 5106; x_wconf 88' lang='lat' dir='ltr'>cor</span> 
     </span>
    </p>
   </div>
   <div class='ocr_carea' id='block_1_71' title="bbox 256 5136 1844 5209">
    <p class='ocr_par' dir='ltr' id='par_1_71' title="bbox 256 5136 1844 5209">
     <span class='ocr_line' id='line_1_71' title="bbox 256 5136 1844 5209; baseline 0.002 -21"><span class='ocrx_word' id='word_1_521' title='bbox 256 5149 430 5192; x_wconf 80' lang='lat' dir='ltr'>meum</span> <span class='ocrx_word' id='word_1_522' title='bbox 461 5137 691 5208; x_wconf 84' lang='lat' dir='ltr'>vigilat.</span> <span class='ocrx_word' id='word_1_523' title='bbox 731 5139 810 5193; x_wconf 83' lang='lat' dir='ltr'>Ac</span> <span class='ocrx_word' id='word_1_524' title='bbox 841 5137 888 5192; x_wconf 91' lang='lat' dir='ltr'>si</span> <span class='ocrx_word' id='word_1_525' title='bbox 916 5145 1103 5209; x_wconf 87' lang='lat' dir='ltr'>aperte</span> <span class='ocrx_word' id='word_1_526' title='bbox 1123 5152 1278 5192; x_wconf 90' lang='lat' dir='ltr'>mens</span> <span class='ocrx_word' id='word_1_527' title='bbox 1307 5145 1491 5191; x_wconf 88' lang='lat' dir='ltr'>sancta</span> <span class='ocrx_word' id='word_1_528' title='bbox 1520 5136 1844 5208; x_wconf 88' lang='lat' dir='ltr'>loqueretur,</span> 
     </span>
    </p>
   </div>
   <div class='ocr_carea' id='block_1_72' title="bbox 252 5219 1841 5297">
    <p class='ocr_par' dir='ltr' id='par_1_72' title="bbox 252 5219 1841 5297">
     <span class='ocr_line' id='line_1_72' title="bbox 252 5219 1841 5297; baseline 0.004 -22"><span class='ocrx_word' id='word_1_529' title='bbox 252 5219 425 5280; x_wconf 85' lang='lat' dir='ltr'>dicens</span> <span class='ocrx_word' id='word_1_530' title='bbox 451 5243 466 5281; x_wconf 93' lang='lat'>:</span> <span class='ocrx_word' id='word_1_531' title='bbox 499 5225 637 5281; x_wconf 89' lang='lat' dir='ltr'>Dum</span> <span class='ocrx_word' id='word_1_532' title='bbox 668 5226 992 5281; x_wconf 89' lang='lat' dir='ltr'>amundanis</span> <span class='ocrx_word' id='word_1_533' title='bbox 1017 5225 1333 5282; x_wconf 88' lang='lat' dir='ltr'>tumultibus</span> <span class='ocrx_word' id='word_1_534' title='bbox 1355 5224 1590 5281; x_wconf 84' lang='lat' dir='ltr'>exterius</span> <span class='ocrx_word' id='word_1_535' title='bbox 1607 5225 1841 5297; x_wconf 90' lang='lat' dir='ltr'>dormio,</span> 
     </span>
    </p>
   </div>
   <div class='ocr_carea' id='block_1_73' title="bbox 306 5349 1840 5428">
    <p class='ocr_par' dir='ltr' id='par_1_73' title="bbox 306 5349 1840 5428">
     <span class='ocr_line' id='line_1_73' title="bbox 306 5349 1840 5428; baseline 0.004 -26"><span class='ocrx_word' id='word_1_536' title='bbox 306 5349 383 5428; x_wconf 63' lang='lat' dir='ltr'>ta)</span> <span class='ocrx_word' id='word_1_537' title='bbox 409 5349 470 5403; x_wconf 85' lang='lat' dir='ltr'>In</span> <span class='ocrx_word' id='word_1_538' title='bbox 501 5349 657 5428; x_wconf 77' lang='lat' dir='ltr'>edit.,</span> <span class='ocrx_word' id='word_1_539' title='bbox 690 5366 896 5424; x_wconf 71' lang='lat' dir='ltr'>sponsa</span> <span class='ocrx_word' id='word_1_540' title='bbox 925 5368 1074 5424; x_wconf 84' lang='lat' dir='ltr'>mea,</span> <span class='ocrx_word' id='word_1_541' title='bbox 1112 5351 1261 5424; x_wconf 89' lang='lat' dir='ltr'>quod</span> <span class='ocrx_word' id='word_1_542' title='bbox 1291 5353 1423 5407; x_wconf 86' lang='lat' dir='ltr'>Mss.</span> <span class='ocrx_word' id='word_1_543' title='bbox 1458 5357 1509 5408; x_wconf 92' lang='lat' dir='ltr'>et</span> <span class='ocrx_word' id='word_1_544' title='bbox 1537 5365 1690 5408; x_wconf 87' lang='lat' dir='ltr'>sacra</span> <span class='ocrx_word' id='word_1_545' title='bbox 1719 5359 1840 5408; x_wconf 83' lang='lat' dir='ltr'>tex-</span> 
     </span>
    </p>
   </div>
   <div class='ocr_carea' id='block_1_74' title="bbox 253 5424 702 5476">
    <p class='ocr_par' dir='ltr' id='par_1_74' title="bbox 253 5424 702 5476">
     <span class='ocr_line' id='line_1_74' title="bbox 253 5424 702 5476; baseline 0.011 -5"><span class='ocrx_word' id='word_1_546' title='bbox 253 5424 318 5472; x_wconf 86' lang='lat' dir='ltr'>tui</span> <span class='ocrx_word' id='word_1_547' title='bbox 353 5424 702 5476; x_wconf 89' lang='lat' dir='ltr'>contrarium.</span> 
     </span>
    </p>
   </div>
   <div class='ocr_carea' id='block_1_75' title="bbox 308 5489 1842 5564">
    <p class='ocr_par' dir='ltr' id='par_1_75' title="bbox 308 5489 1842 5564">
     <span class='ocr_line' id='line_1_75' title="bbox 308 5489 1842 5564; baseline 0.002 -20"><span class='ocrx_word' id='word_1_548' title='bbox 308 5489 514 5564; x_wconf 19' lang='lat' dir='ltr'>(b)AVet.</span> <span class='ocrx_word' id='word_1_549' title='bbox 553 5491 648 5545; x_wconf 86' lang='lat' dir='ltr'>Ed.</span> <span class='ocrx_word' id='word_1_550' title='bbox 673 5493 868 5561; x_wconf 86' lang='lat' dir='ltr'>Paris.,</span> <span class='ocrx_word' id='word_1_551' title='bbox 903 5493 992 5550; x_wconf 90' lang='lat' dir='ltr'>cui</span> <span class='ocrx_word' id='word_1_552' title='bbox 1032 5493 1226 5551; x_wconf 84' lang='lat' dir='ltr'>favent</span> <span class='ocrx_word' id='word_1_553' title='bbox 1253 5509 1445 5550; x_wconf 89' lang='lat' dir='ltr'>omnes</span> <span class='ocrx_word' id='word_1_554' title='bbox 1474 5493 1616 5549; x_wconf 88' lang='lat' dir='ltr'>Mss.</span> <span class='ocrx_word' id='word_1_555' title='bbox 1647 5493 1842 5564; x_wconf 85' lang='lat' dir='ltr'>nostri,</span> 
     </span>
    </p>
   </div>
   <div class='ocr_carea' id='block_1_76' title="bbox 244 5561 1842 5642">
    <p class='ocr_par' dir='ltr' id='par_1_76' title="bbox 244 5561 1842 5642">
     <span class='ocr_line' id='line_1_76' title="bbox 244 5561 1842 5642; baseline 0.005 -28"><span class='ocrx_word' id='word_1_556' title='bbox 244 5561 641 5642; x_wconf 51' lang='lat' dir='ltr'>perducique:</span> <span class='ocrx_word' id='word_1_557' title='bbox 653 5568 850 5622; x_wconf 83' lang='lat' dir='ltr'>autem</span> <span class='ocrx_word' id='word_1_558' title='bbox 863 5565 1080 5625; x_wconf 75' lang='lat' dir='ltr'>eosdem</span> <span class='ocrx_word' id='word_1_559' title='bbox 1086 5566 1472 5639; x_wconf 76' lang='lat' dir='ltr'>populo:.Alia</span> <span class='ocrx_word' id='word_1_560' title='bbox 1485 5573 1665 5624; x_wconf 86' lang='lat' dir='ltr'>tamen</span> <span class='ocrx_word' id='word_1_561' title='bbox 1681 5561 1842 5623; x_wconf 82' lang='lat' dir='ltr'>lectio</span> 
     </span>
    </p>
   </div>
   <div class='ocr_carea' id='block_1_77' title="bbox 247 5631 685 5700">
    <p class='ocr_par' dir='ltr' id='par_1_77' title="bbox 247 5631 685 5700">
     <span class='ocr_line' id='line_1_77' title="bbox 247 5631 685 5700; baseline 0.011 -13"><span class='ocrx_word' id='word_1_562' title='bbox 247 5631 412 5700; x_wconf 86' lang='lat' dir='ltr'>potior</span> <span class='ocrx_word' id='word_1_563' title='bbox 437 5631 685 5692; x_wconf 85' lang='lat' dir='ltr'>videtur.</span> 
     </span>
    </p>
   </div>
   <div class='ocr_carea' id='block_1_78' title="bbox 2039 1863 3271 1938">
    <p class='ocr_par' dir='ltr' id='par_1_78' title="bbox 2039 1863 3271 1938">
     <span class='ocr_line' id='line_1_78' title="bbox 2039 1863 3271 1938; baseline 0.011 -22"><span class='ocrx_word' id='word_1_564' title='bbox 2039 1863 2271 1917; x_wconf 86' lang='lat' dir='ltr'>Causam</span> <span class='ocrx_word' id='word_1_565' title='bbox 2297 1865 2456 1917; x_wconf 89' lang='lat' dir='ltr'>etiam</span> <span class='ocrx_word' id='word_1_566' title='bbox 2482 1865 2735 1920; x_wconf 90' lang='lat' dir='ltr'>clamoris</span> <span class='ocrx_word' id='word_1_567' title='bbox 2763 1871 3023 1938; x_wconf 91' lang='lat' dir='ltr'>annectit,</span> <span class='ocrx_word' id='word_1_568' title='bbox 3056 1871 3271 1928; x_wconf 88' lang='lat' dir='ltr'>dicens:</span> 
     </span>
    </p>
   </div>
   <div class='ocr_carea' id='block_1_79' title="bbox 2039 1953 3555 2035">
    <p class='ocr_par' dir='ltr' id='par_1_79' title="bbox 2039 1953 3555 2035">
     <span class='ocr_line' id='line_1_79' title="bbox 2039 1953 3555 2035; baseline 0.013 -29"><span class='ocrx_word' id='word_1_569' title='bbox 2039 1953 2217 2018; x_wconf 89' lang='lat' dir='ltr'>(Vers.</span> <span class='ocrx_word' id='word_1_570' title='bbox 2250 1953 2330 2020; x_wconf 71' lang='lat'>2.)</span> <span class='ocrx_word' id='word_1_571' title='bbox 2368 1954 2505 2020; x_wconf 84' lang='lat' dir='ltr'>Quia</span> <span class='ocrx_word' id='word_1_572' title='bbox 2532 1959 2703 2025; x_wconf 86' lang='lat' dir='ltr'>caput</span> <span class='ocrx_word' id='word_1_573' title='bbox 2723 1971 2912 2012; x_wconf 86' lang='lat' dir='ltr'>meum</span> <span class='ocrx_word' id='word_1_574' title='bbox 2940 1960 3176 2029; x_wconf 83' lang='lat' dir='ltr'>plenum</span> <span class='ocrx_word' id='word_1_575' title='bbox 3216 1971 3298 2020; x_wconf 77' lang='lat' dir='ltr'>est</span> <span class='ocrx_word' id='word_1_576' title='bbox 3329 1983 3472 2035; x_wconf 90' lang='lat' dir='ltr'>rore,</span> <span class='ocrx_word' id='word_1_577' title='bbox 3497 1973 3555 2026; x_wconf 83' lang='lat' dir='ltr'>et</span> 
     </span>
    </p>
   </div>
   <div class='ocr_carea' id='block_1_80' title="bbox 1967 2041 2884 2111">
    <p class='ocr_par' dir='ltr' id='par_1_80' title="bbox 1967 2041 2884 2111">
     <span class='ocr_line' id='line_1_80' title="bbox 1967 2041 2884 2111; baseline 0.005 -16"><span class='ocrx_word' id='word_1_578' title='bbox 1967 2041 2222 2096; x_wconf 78' lang='lat' dir='ltr'>cincinni</span> <span class='ocrx_word' id='word_1_579' title='bbox 2251 2042 2363 2095; x_wconf 87' lang='lat' dir='ltr'>mei</span> <span class='ocrx_word' id='word_1_580' title='bbox 2391 2042 2570 2111; x_wconf 77' lang='lat' dir='ltr'>guttis</span> <span class='ocrx_word' id='word_1_581' title='bbox 2607 2045 2884 2101; x_wconf 85' lang='lat' dir='ltr'>noctium.</span> 
     </span>
    </p>
   </div>
   <div class='ocr_carea' id='block_1_81' title="bbox 2043 2130 3560 2211">
    <p class='ocr_par' dir='ltr' id='par_1_81' title="bbox 2043 2130 3560 2211">
     <span class='ocr_line' id='line_1_81' title="bbox 2043 2130 3560 2211; baseline 0.013 -28"><span class='ocrx_word' id='word_1_582' title='bbox 2043 2133 2097 2183; x_wconf 78' lang='lat'>5.</span> <span class='ocrx_word' id='word_1_583' title='bbox 2145 2130 2285 2183; x_wconf 91' lang='lat' dir='ltr'>Dum</span> <span class='ocrx_word' id='word_1_584' title='bbox 2318 2145 2515 2198; x_wconf 90' lang='lat' dir='ltr'>sponsa</span> <span class='ocrx_word' id='word_1_585' title='bbox 2546 2131 2769 2198; x_wconf 88' lang='lat' dir='ltr'>dormit,</span> <span class='ocrx_word' id='word_1_586' title='bbox 2823 2134 3052 2190; x_wconf 90' lang='lat' dir='ltr'>dilectus</span> <span class='ocrx_word' id='word_1_587' title='bbox 3088 2148 3146 2192; x_wconf 91' lang='lat' dir='ltr'>ut</span> <span class='ocrx_word' id='word_1_588' title='bbox 3183 2142 3458 2211; x_wconf 89' lang='lat' dir='ltr'>aperiatur</span> <span class='ocrx_word' id='word_1_589' title='bbox 3509 2147 3560 2202; x_wconf 88' lang='lat' dir='ltr'>ei</span> 
     </span>
    </p>
   </div>
   <div class='ocr_carea' id='block_1_82' title="bbox 1965 2218 3564 2297">
    <p class='ocr_par' dir='ltr' id='par_1_82' title="bbox 1965 2218 3564 2297">
     <span class='ocr_line' id='line_1_82' title="bbox 1965 2218 3564 2297; baseline 0.013 -28"><span class='ocrx_word' id='word_1_590' title='bbox 1965 2218 2145 2287; x_wconf 81' lang='lat' dir='ltr'>pulsat</span> <span class='ocrx_word' id='word_1_591' title='bbox 2171 2235 2183 2278; x_wconf 90' lang='lat'><strong>;</strong></span> <span class='ocrx_word' id='word_1_592' title='bbox 2217 2218 2338 2288; x_wconf 90' lang='lat' dir='ltr'>quia</span> <span class='ocrx_word' id='word_1_593' title='bbox 2365 2218 2491 2271; x_wconf 89' lang='lat' dir='ltr'>dum</span> <span class='ocrx_word' id='word_1_594' title='bbox 2525 2229 2707 2274; x_wconf 90' lang='lat' dir='ltr'>sancta</span> <span class='ocrx_word' id='word_1_595' title='bbox 2740 2238 2893 2276; x_wconf 88' lang='lat' dir='ltr'>mens</span> <span class='ocrx_word' id='word_1_596' title='bbox 2923 2225 3132 2295; x_wconf 89' lang='lat' dir='ltr'>sibiipsi</span> <span class='ocrx_word' id='word_1_597' title='bbox 3161 2245 3257 2297; x_wconf 92' lang='lat' dir='ltr'>per</span> <span class='ocrx_word' id='word_1_598' title='bbox 3287 2233 3451 2286; x_wconf 90' lang='lat' dir='ltr'>otium</span> <span class='ocrx_word' id='word_1_599' title='bbox 3483 2237 3564 2288; x_wconf 86' lang='lat' dir='ltr'>in-</span> 
     </span>
    </p>
   </div>
   <div class='ocr_carea' id='block_1_83' title="bbox 1967 2306 3562 2385">
    <p class='ocr_par' dir='ltr' id='par_1_83' title="bbox 1967 2306 3562 2385">
     <span class='ocr_line' id='line_1_83' title="bbox 1967 2306 3562 2385; baseline 0.012 -27"><span class='ocrx_word' id='word_1_600' title='bbox 1967 2307 2155 2371; x_wconf 86' lang='lat' dir='ltr'>tendit,</span> <span class='ocrx_word' id='word_1_601' title='bbox 2213 2306 2458 2360; x_wconf 86' lang='lat' dir='ltr'>Christus</span> <span class='ocrx_word' id='word_1_602' title='bbox 2509 2308 2677 2362; x_wconf 88' lang='lat' dir='ltr'>multa</span> <span class='ocrx_word' id='word_1_603' title='bbox 2734 2323 3076 2378; x_wconf 86' lang='lat' dir='ltr'>peccatorum</span> <span class='ocrx_word' id='word_1_604' title='bbox 3134 2330 3300 2385; x_wconf 84' lang='lat' dir='ltr'>Opera</span> <span class='ocrx_word' id='word_1_605' title='bbox 3355 2319 3409 2373; x_wconf 91' lang='lat' dir='ltr'>in</span> <span class='ocrx_word' id='word_1_606' title='bbox 3455 2322 3562 2378; x_wconf 87' lang='lat' dir='ltr'>hoc</span> 
     </span>
    </p>
   </div>
   <div class='ocr_carea' id='block_1_84' title="bbox 1965 2393 3558 2464">
    <p class='ocr_par' dir='ltr' id='par_1_84' title="bbox 1965 2393 3558 2464">
     <span class='ocr_line' id='line_1_84' title="bbox 1965 2393 3558 2464; baseline 0.012 -19"><span class='ocrx_word' id='word_1_607' title='bbox 1965 2393 2166 2448; x_wconf 89' lang='lat' dir='ltr'>mundo</span> <span class='ocrx_word' id='word_1_608' title='bbox 2199 2394 2387 2448; x_wconf 89' lang='lat' dir='ltr'>tolerat</span> <span class='ocrx_word' id='word_1_609' title='bbox 2413 2411 2426 2457; x_wconf 90' lang='lat'><strong>;</strong></span> <span class='ocrx_word' id='word_1_610' title='bbox 2462 2411 2583 2464; x_wconf 70' lang='lat' dir='ltr'>quae</span> <span class='ocrx_word' id='word_1_611' title='bbox 2613 2397 2716 2450; x_wconf 92' lang='lat' dir='ltr'>nisi</span> <span class='ocrx_word' id='word_1_612' title='bbox 2743 2398 3011 2464; x_wconf 88' lang='lat' dir='ltr'>spiritales</span> <span class='ocrx_word' id='word_1_613' title='bbox 3040 2402 3139 2456; x_wconf 92' lang='lat' dir='ltr'>viri</span> <span class='ocrx_word' id='word_1_614' title='bbox 3160 2404 3227 2458; x_wconf 89' lang='lat' dir='ltr'>ad</span> <span class='ocrx_word' id='word_1_615' title='bbox 3257 2406 3558 2464; x_wconf 88' lang='lat' dir='ltr'>doctrinam</span> 
     </span>
    </p>
   </div>
   <div class='ocr_carea' id='block_1_85' title="bbox 1965 2482 3560 2558">
    <p class='ocr_par' dir='ltr' id='par_1_85' title="bbox 1965 2482 3560 2558">
     <span class='ocr_line' id='line_1_85' title="bbox 1965 2482 3560 2558; baseline 0.011 -23"><span class='ocrx_word' id='word_1_616' title='bbox 1965 2497 2022 2537; x_wconf 90' lang='lat' dir='ltr'>se</span> <span class='ocrx_word' id='word_1_617' title='bbox 2076 2482 2380 2553; x_wconf 80' lang='lat' dir='ltr'>accingunt,</span> <span class='ocrx_word' id='word_1_618' title='bbox 2441 2500 2719 2554; x_wconf 87' lang='lat' dir='ltr'>nunquam</span> <span class='ocrx_word' id='word_1_619' title='bbox 2773 2502 2869 2555; x_wconf 92' lang='lat' dir='ltr'>per</span> <span class='ocrx_word' id='word_1_620' title='bbox 2921 2489 3130 2558; x_wconf 91' lang='lat' dir='ltr'>seipsos</span> <span class='ocrx_word' id='word_1_621' title='bbox 3173 2494 3414 2549; x_wconf 88' lang='lat' dir='ltr'>carnales</span> <span class='ocrx_word' id='word_1_622' title='bbox 3471 2497 3560 2553; x_wconf 86' lang='lat' dir='ltr'>vel</span> 
     </span>
    </p>
   </div>
   <div class='ocr_carea' id='block_1_86' title="bbox 1965 2571 3561 2653">
    <p class='ocr_par' dir='ltr' id='par_1_86' title="bbox 1965 2571 3561 2653">
     <span class='ocr_line' id='line_1_86' title="bbox 1965 2571 3561 2653; baseline 0.01 -29"><span class='ocrx_word' id='word_1_623' title='bbox 1965 2579 2288 2642; x_wconf 90' lang='lat' dir='ltr'>agnoscunt,</span> <span class='ocrx_word' id='word_1_624' title='bbox 2331 2571 2414 2626; x_wconf 83' lang='lat' dir='ltr'>vel</span> <span class='ocrx_word' id='word_1_625' title='bbox 2472 2573 2744 2644; x_wconf 83' lang='lat' dir='ltr'>corrigere</span> <span class='ocrx_word' id='word_1_626' title='bbox 2769 2584 2971 2631; x_wconf 89' lang='lat' dir='ltr'>curant.</span> <span class='ocrx_word' id='word_1_627' title='bbox 2999 2578 3119 2632; x_wconf 86' lang='lat' dir='ltr'>Vult</span> <span class='ocrx_word' id='word_1_628' title='bbox 3149 2595 3280 2650; x_wconf 89' lang='lat' dir='ltr'>ergo</span> <span class='ocrx_word' id='word_1_629' title='bbox 3326 2598 3561 2653; x_wconf 88' lang='lat' dir='ltr'>sponsus</span> 
     </span>
    </p>
   </div>
   <div class='ocr_carea' id='block_1_87' title="bbox 1962 2657 3560 2729">
    <p class='ocr_par' dir='ltr' id='par_1_87' title="bbox 1962 2657 3560 2729">
     <span class='ocr_line' id='line_1_87' title="bbox 1962 2657 3560 2729; baseline 0.009 -17"><span class='ocrx_word' id='word_1_630' title='bbox 1962 2665 2022 2712; x_wconf 92' lang='lat' dir='ltr'>ut</span> <span class='ocrx_word' id='word_1_631' title='bbox 2063 2657 2351 2727; x_wconf 88' lang='lat' dir='ltr'>aliquando</span> <span class='ocrx_word' id='word_1_632' title='bbox 2391 2659 2563 2714; x_wconf 90' lang='lat' dir='ltr'>otium</span> <span class='ocrx_word' id='word_1_633' title='bbox 2595 2661 2908 2729; x_wconf 89' lang='lat' dir='ltr'>dimittatur,</span> <span class='ocrx_word' id='word_1_634' title='bbox 2945 2673 3000 2718; x_wconf 87' lang='lat' dir='ltr'>et</span> <span class='ocrx_word' id='word_1_635' title='bbox 3049 2665 3119 2720; x_wconf 90' lang='lat' dir='ltr'>ad</span> <span class='ocrx_word' id='word_1_636' title='bbox 3147 2667 3560 2727; x_wconf 74' lang='lat' dir='ltr'>aediﬁcationem</span> 
     </span>
    </p>
   </div>
   <div class='ocr_carea' id='block_1_88' title="bbox 1965 2747 3559 2829">
    <p class='ocr_par' dir='ltr' id='par_1_88' title="bbox 1965 2747 3559 2829">
     <span class='ocr_line' id='line_1_88' title="bbox 1965 2747 3559 2829; baseline 0.009 -30"><span class='ocrx_word' id='word_1_637' title='bbox 1965 2747 2333 2816; x_wconf 80' lang='lat' dir='ltr'>proximorum</span> <span class='ocrx_word' id='word_1_638' title='bbox 2363 2748 2632 2818; x_wconf 89' lang='lat' dir='ltr'>spiritales</span> <span class='ocrx_word' id='word_1_639' title='bbox 2707 2750 2906 2822; x_wconf 89' lang='lat' dir='ltr'>quique</span> <span class='ocrx_word' id='word_1_640' title='bbox 2955 2753 3356 2824; x_wconf 89' lang='lat' dir='ltr'>sollicitentur;</span> <span class='ocrx_word' id='word_1_641' title='bbox 3431 2761 3559 2829; x_wconf 86' lang='lat' dir='ltr'>quia</span> 
     </span>
    </p>
   </div>
   <div class='ocr_carea' id='block_1_89' title="bbox 1963 2835 3557 2914">
    <p class='ocr_par' dir='ltr' id='par_1_89' title="bbox 1963 2835 3557 2914">
     <span class='ocr_line' id='line_1_89' title="bbox 1963 2835 3557 2914; baseline 0.009 -26"><span class='ocrx_word' id='word_1_642' title='bbox 1963 2835 2090 2888; x_wconf 90' lang='lat' dir='ltr'>dum</span> <span class='ocrx_word' id='word_1_643' title='bbox 2132 2835 2359 2905; x_wconf 86' lang='lat' dir='ltr'>perfecti</span> <span class='ocrx_word' id='word_1_644' title='bbox 2408 2836 2509 2890; x_wconf 90' lang='lat' dir='ltr'>viri</span> <span class='ocrx_word' id='word_1_645' title='bbox 2558 2836 2662 2890; x_wconf 84' lang='lat' dir='ltr'>sibi</span> <span class='ocrx_word' id='word_1_646' title='bbox 2693 2839 2821 2893; x_wconf 91' lang='lat' dir='ltr'>solis</span> <span class='ocrx_word' id='word_1_647' title='bbox 2851 2856 2948 2909; x_wconf 88' lang='lat' dir='ltr'>per</span> <span class='ocrx_word' id='word_1_648' title='bbox 2978 2842 3292 2899; x_wconf 87' lang='lat' dir='ltr'>interiorem</span> <span class='ocrx_word' id='word_1_649' title='bbox 3321 2846 3557 2914; x_wconf 88' lang='lat' dir='ltr'>quietem</span> 
     </span>
    </p>
   </div>
   <div class='ocr_carea' id='block_1_90' title="bbox 1961 2922 3553 3004">
    <p class='ocr_par' dir='ltr' id='par_1_90' title="bbox 1961 2922 3553 3004">
     <span class='ocr_line' id='line_1_90' title="bbox 1961 2922 3553 3004; baseline 0.009 -28"><span class='ocrx_word' id='word_1_650' title='bbox 1961 2922 2268 2989; x_wconf 89' lang='lat' dir='ltr'>intendunt,</span> <span class='ocrx_word' id='word_1_651' title='bbox 2320 2923 2467 2978; x_wconf 88' lang='lat' dir='ltr'>dolet</span> <span class='ocrx_word' id='word_1_652' title='bbox 2507 2941 2738 2994; x_wconf 91' lang='lat' dir='ltr'>sponsus</span> <span class='ocrx_word' id='word_1_653' title='bbox 2768 2929 2913 2998; x_wconf 91' lang='lat' dir='ltr'>quod</span> <span class='ocrx_word' id='word_1_654' title='bbox 2953 2931 3236 2985; x_wconf 71' lang='lat' dir='ltr'>saeculares</span> <span class='ocrx_word' id='word_1_655' title='bbox 3265 2933 3330 2987; x_wconf 89' lang='lat' dir='ltr'>ad</span> <span class='ocrx_word' id='word_1_656' title='bbox 3358 2935 3553 3004; x_wconf 86' lang='lat' dir='ltr'>pejora</span> 
     </span>
    </p>
   </div>
   <div class='ocr_carea' id='block_1_91' title="bbox 1963 3011 3554 3090">
    <p class='ocr_par' dir='ltr' id='par_1_91' title="bbox 1963 3011 3554 3090">
     <span class='ocr_line' id='line_1_91' title="bbox 1963 3011 3554 3090; baseline 0.009 -26"><span class='ocrx_word' id='word_1_657' title='bbox 1963 3011 2139 3080; x_wconf 87' lang='lat' dir='ltr'>magis</span> <span class='ocrx_word' id='word_1_658' title='bbox 2179 3027 2242 3066; x_wconf 88' lang='lat' dir='ltr'>ac</span> <span class='ocrx_word' id='word_1_659' title='bbox 2289 3012 2467 3083; x_wconf 85' lang='lat' dir='ltr'>magis</span> <span class='ocrx_word' id='word_1_660' title='bbox 2497 3023 2774 3083; x_wconf 87' lang='lat' dir='ltr'>corruunt,</span> <span class='ocrx_word' id='word_1_661' title='bbox 2824 3015 2952 3070; x_wconf 89' lang='lat' dir='ltr'>dum</span> <span class='ocrx_word' id='word_1_662' title='bbox 2984 3034 3104 3072; x_wconf 90' lang='lat' dir='ltr'>eum</span> <span class='ocrx_word' id='word_1_663' title='bbox 3133 3025 3354 3090; x_wconf 85' lang='lat' dir='ltr'>propter</span> <span class='ocrx_word' id='word_1_664' title='bbox 3379 3023 3554 3078; x_wconf 91' lang='lat' dir='ltr'>silen-</span> 
     </span>
    </p>
   </div>
   <div class='ocr_carea' id='block_1_92' title="bbox 1963 3100 3555 3182">
    <p class='ocr_par' dir='ltr' id='par_1_92' title="bbox 1963 3100 3555 3182">
     <span class='ocr_line' id='line_1_92' title="bbox 1963 3100 3555 3182; baseline 0.01 -31"><span class='ocrx_word' id='word_1_665' title='bbox 1963 3100 2095 3153; x_wconf 91' lang='lat' dir='ltr'>tium</span> <span class='ocrx_word' id='word_1_666' title='bbox 2135 3100 2494 3170; x_wconf 88' lang='lat' dir='ltr'>spiritualium</span> <span class='ocrx_word' id='word_1_667' title='bbox 2538 3118 2755 3173; x_wconf 89' lang='lat' dir='ltr'>semper</span> <span class='ocrx_word' id='word_1_668' title='bbox 2795 3105 2971 3160; x_wconf 89' lang='lat' dir='ltr'>minus</span> <span class='ocrx_word' id='word_1_669' title='bbox 2998 3122 3062 3162; x_wconf 90' lang='lat' dir='ltr'>ac</span> <span class='ocrx_word' id='word_1_670' title='bbox 3113 3109 3291 3164; x_wconf 90' lang='lat' dir='ltr'>minus</span> <span class='ocrx_word' id='word_1_671' title='bbox 3314 3126 3555 3182; x_wconf 89' lang='lat' dir='ltr'>cognos-</span> 
     </span>
    </p>
   </div>
   <div class='ocr_carea' id='block_1_93' title="bbox 1964 3189 3555 3271">
    <p class='ocr_par' dir='ltr' id='par_1_93' title="bbox 1964 3189 3555 3271">
     <span class='ocr_line' id='line_1_93' title="bbox 1964 3189 3555 3271; baseline 0.009 -28"><span class='ocrx_word' id='word_1_672' title='bbox 1964 3195 2124 3255; x_wconf 80' lang='lat' dir='ltr'>cunt,-</span> <span class='ocrx_word' id='word_1_673' title='bbox 2175 3189 2318 3258; x_wconf 90' lang='lat' dir='ltr'>quod</span> <span class='ocrx_word' id='word_1_674' title='bbox 2368 3191 2485 3260; x_wconf 89' lang='lat' dir='ltr'>ipse</span> <span class='ocrx_word' id='word_1_675' title='bbox 2531 3190 2841 3247; x_wconf 89' lang='lat' dir='ltr'>manifestat</span> <span class='ocrx_word' id='word_1_676' title='bbox 2861 3209 2982 3248; x_wconf 91' lang='lat' dir='ltr'>cum</span> <span class='ocrx_word' id='word_1_677' title='bbox 3007 3194 3138 3250; x_wconf 90' lang='lat' dir='ltr'>dicit</span> <span class='ocrx_word' id='word_1_678' title='bbox 3177 3197 3355 3265; x_wconf 84' lang='lat' dir='ltr'>:Quia</span> <span class='ocrx_word' id='word_1_679' title='bbox 3384 3201 3555 3271; x_wconf 76' lang='lat' dir='ltr'>caput</span> 
     </span>
    </p>
   </div>
   <div class='ocr_carea' id='block_1_94' title="bbox 1963 3278 3554 3355">
    <p class='ocr_par' dir='ltr' id='par_1_94' title="bbox 1963 3278 3554 3355">
     <span class='ocr_line' id='line_1_94' title="bbox 1963 3278 3554 3355; baseline 0.009 -24"><span class='ocrx_word' id='word_1_680' title='bbox 1963 3278 2396 3349; x_wconf 84' lang='lat' dir='ltr'>meumplenum</span> <span class='ocrx_word' id='word_1_681' title='bbox 2409 3282 2495 3334; x_wconf 79' lang='lat' dir='ltr'>est</span> <span class='ocrx_word' id='word_1_682' title='bbox 2509 3282 3286 3355; x_wconf 74' lang='lat' dir='ltr'>rore,etcincinnimeiguttis</span> <span class='ocrx_word' id='word_1_683' title='bbox 3297 3291 3554 3345; x_wconf 88' lang='lat' dir='ltr'>noctium</span> 
     </span>
    </p>
   </div>
   <div class='ocr_carea' id='block_1_95' title="bbox 1964 3363 3556 3444">
    <p class='ocr_par' dir='ltr' id='par_1_95' title="bbox 1964 3363 3556 3444">
     <span class='ocr_line' id='line_1_95' title="bbox 1964 3363 3556 3444; baseline 0.01 -27"><span class='ocrx_word' id='word_1_684' title='bbox 1964 3363 2104 3432; x_wconf 87' lang='lat' dir='ltr'>Quid</span> <span class='ocrx_word' id='word_1_685' title='bbox 2135 3380 2234 3435; x_wconf 91' lang='lat' dir='ltr'>per</span> <span class='ocrx_word' id='word_1_686' title='bbox 2262 3373 2421 3436; x_wconf 89' lang='lat' dir='ltr'>caput</span> <span class='ocrx_word' id='word_1_687' title='bbox 2450 3368 2659 3437; x_wconf 91' lang='lat' dir='ltr'>sponsi,</span> <span class='ocrx_word' id='word_1_688' title='bbox 2692 3369 2795 3423; x_wconf 86' lang='lat' dir='ltr'>nisi</span> <span class='ocrx_word' id='word_1_689' title='bbox 2824 3370 2993 3439; x_wconf 89' lang='lat' dir='ltr'>Deus,</span> <span class='ocrx_word' id='word_1_690' title='bbox 3025 3375 3078 3426; x_wconf 90' lang='lat' dir='ltr'>et</span> <span class='ocrx_word' id='word_1_691' title='bbox 3103 3374 3229 3443; x_wconf 90' lang='lat' dir='ltr'>quid</span> <span class='ocrx_word' id='word_1_692' title='bbox 3250 3391 3349 3444; x_wconf 91' lang='lat' dir='ltr'>per</span> <span class='ocrx_word' id='word_1_693' title='bbox 3372 3391 3556 3434; x_wconf 90' lang='lat' dir='ltr'>rorem</span> 
     </span>
    </p>
   </div>
   <div class='ocr_carea' id='block_1_96' title="bbox 1962 3452 3555 3537">
    <p class='ocr_par' dir='ltr' id='par_1_96' title="bbox 1962 3452 3555 3537">
     <span class='ocr_line' id='line_1_96' title="bbox 1962 3452 3555 3537; baseline 0.011 -32"><span class='ocrx_word' id='word_1_694' title='bbox 1962 3452 2016 3505; x_wconf 90' lang='lat' dir='ltr'>in</span> <span class='ocrx_word' id='word_1_695' title='bbox 2047 3453 2149 3509; x_wconf 86' lang='lat' dir='ltr'>hoc</span> <span class='ocrx_word' id='word_1_696' title='bbox 2178 3453 2321 3520; x_wconf 91' lang='lat' dir='ltr'>loco,</span> <span class='ocrx_word' id='word_1_697' title='bbox 2351 3455 2442 3510; x_wconf 89' lang='lat' dir='ltr'>ubi</span> <span class='ocrx_word' id='word_1_698' title='bbox 2475 3456 2822 3512; x_wconf 89' lang='lat' dir='ltr'>lamentando</span> <span class='ocrx_word' id='word_1_699' title='bbox 2846 3458 3057 3528; x_wconf 91' lang='lat' dir='ltr'>dicitur,</span> <span class='ocrx_word' id='word_1_700' title='bbox 3089 3462 3192 3516; x_wconf 90' lang='lat' dir='ltr'>nisi</span> <span class='ocrx_word' id='word_1_701' title='bbox 3227 3463 3398 3537; x_wconf 85' lang='lat' dir='ltr'>frigus</span> <span class='ocrx_word' id='word_1_702' title='bbox 3429 3481 3555 3522; x_wconf 88' lang='lat' dir='ltr'>men</span> 
     </span>
    </p>
   </div>
   <div class='ocr_carea' id='block_1_97' title="bbox 1965 3539 3556 3622">
    <p class='ocr_par' dir='ltr' id='par_1_97' title="bbox 1965 3539 3556 3622">
     <span class='ocr_line' id='line_1_97' title="bbox 1965 3539 3556 3622; baseline 0.011 -29"><span class='ocrx_word' id='word_1_703' title='bbox 1965 3539 2094 3594; x_wconf 91' lang='lat' dir='ltr'>tium</span> <span class='ocrx_word' id='word_1_704' title='bbox 2126 3541 2435 3613; x_wconf 78' lang='lat' dir='ltr'>accipitur?</span> <span class='ocrx_word' id='word_1_705' title='bbox 2484 3543 2757 3615; x_wconf 89' lang='lat' dir='ltr'>Scriptum</span> <span class='ocrx_word' id='word_1_706' title='bbox 2788 3554 2868 3600; x_wconf 91' lang='lat' dir='ltr'>est</span> <span class='ocrx_word' id='word_1_707' title='bbox 2895 3547 3075 3603; x_wconf 86' lang='lat' dir='ltr'>enim:</span> <span class='ocrx_word' id='word_1_708' title='bbox 3112 3551 3293 3622; x_wconf 84' lang='lat' dir='ltr'>Caput</span> <span class='ocrx_word' id='word_1_709' title='bbox 3347 3554 3556 3611; x_wconf 76' lang='lat' dir='ltr'>Christi</span> 
     </span>
    </p>
   </div>
   <div class='ocr_carea' id='block_1_98' title="bbox 1966 3629 3556 3708">
    <p class='ocr_par' dir='ltr' id='par_1_98' title="bbox 1966 3629 3556 3708">
     <span class='ocr_line' id='line_1_98' title="bbox 1966 3629 3556 3708; baseline 0.009 -25"><span class='ocrx_word' id='word_1_710' title='bbox 1966 3630 2109 3685; x_wconf 81' lang='lat' dir='ltr'>Deus</span> <span class='ocrx_word' id='word_1_711' title='bbox 2141 3629 2191 3701; x_wconf 90' lang='grc' dir='ltr'>(Ι</span> <span class='ocrx_word' id='word_1_712' title='bbox 2214 3632 2334 3687; x_wconf 90' lang='lat' dir='ltr'>Cor.</span> <span class='ocrx_word' id='word_1_713' title='bbox 2368 3649 2447 3700; x_wconf 82' lang='grc' dir='ltr'>ιιι,</span> <span class='ocrx_word' id='word_1_714' title='bbox 2481 3636 2552 3702; x_wconf 86' lang='grc'><strong>3).</strong></span> <span class='ocrx_word' id='word_1_715' title='bbox 2587 3634 2654 3688; x_wconf 80' lang='lat' dir='ltr'>Et</span> <span class='ocrx_word' id='word_1_716' title='bbox 2686 3634 2755 3688; x_wconf 92' lang='lat' dir='ltr'>de</span> <span class='ocrx_word' id='word_1_717' title='bbox 2786 3633 2986 3706; x_wconf 88' lang='lat' dir='ltr'>frigore</span> <span class='ocrx_word' id='word_1_718' title='bbox 3011 3639 3296 3708; x_wconf 88' lang='lat' dir='ltr'>cujuslibet</span> <span class='ocrx_word' id='word_1_719' title='bbox 3324 3643 3556 3698; x_wconf 86' lang='lat' dir='ltr'>carnalis</span> 
     </span>
    </p>
   </div>
   <div class='ocr_carea' id='block_1_99' title="bbox 1962 3718 3559 3801">
    <p class='ocr_par' dir='ltr' id='par_1_99' title="bbox 1962 3718 3559 3801">
     <span class='ocr_line' id='line_1_99' title="bbox 1962 3718 3559 3801; baseline 0.011 -30"><span class='ocrx_word' id='word_1_720' title='bbox 1962 3718 2158 3773; x_wconf 92' lang='lat' dir='ltr'>mentis</span> <span class='ocrx_word' id='word_1_721' title='bbox 2204 3719 2396 3774; x_wconf 90' lang='lat' dir='ltr'>iterum</span> <span class='ocrx_word' id='word_1_722' title='bbox 2451 3722 2708 3791; x_wconf 88' lang='lat' dir='ltr'>scriptum</span> <span class='ocrx_word' id='word_1_723' title='bbox 2739 3731 2822 3778; x_wconf 90' lang='lat' dir='ltr'>est</span> <span class='ocrx_word' id='word_1_724' title='bbox 2869 3726 3071 3782; x_wconf 87' lang='lat' dir='ltr'>:Sic-ut</span> <span class='ocrx_word' id='word_1_725' title='bbox 3115 3729 3385 3800; x_wconf 83' lang='lat' dir='ltr'>frigidam</span> <span class='ocrx_word' id='word_1_726' title='bbox 3412 3733 3559 3801; x_wconf 88' lang='lat' dir='ltr'>facit</span> 
     </span>
    </p>
   </div>
   <div class='ocr_carea' id='block_1_100' title="bbox 1959 3808 3556 3882">
    <p class='ocr_par' dir='ltr' id='par_1_100' title="bbox 1959 3808 3556 3882">
     <span class='ocr_line' id='line_1_100' title="bbox 1959 3808 3556 3882; baseline 0.008 -21"><span class='ocrx_word' id='word_1_727' title='bbox 1959 3808 2209 3863; x_wconf 83' lang='lat' dir='ltr'>cisterna</span> <span class='ocrx_word' id='word_1_728' title='bbox 2257 3825 2482 3880; x_wconf 85' lang='lat' dir='ltr'>aquam,</span> <span class='ocrx_word' id='word_1_729' title='bbox 2532 3813 2612 3866; x_wconf 77' lang='lat' dir='ltr'>sic</span> <span class='ocrx_word' id='word_1_730' title='bbox 2636 3812 2903 3882; x_wconf 86' lang='lat' dir='ltr'>frigidam</span> <span class='ocrx_word' id='word_1_731' title='bbox 2932 3817 3370 3882; x_wconf 76' lang='lat' dir='ltr'>fecitmalitiam</span> <span class='ocrx_word' id='word_1_732' title='bbox 3395 3836 3556 3876; x_wconf 74' lang='lat' dir='ltr'>suam</span> 
     </span>
    </p>
   </div>
   <div class='ocr_carea' id='block_1_101' title="bbox 1957 3895 3554 3975">
    <p class='ocr_par' dir='ltr' id='par_1_101' title="bbox 1957 3895 3554 3975">
     <span class='ocr_line' id='line_1_101' title="bbox 1957 3895 3554 3975; baseline 0.009 -25"><span class='ocrx_word' id='word_1_733' title='bbox 1957 3895 2182 3966; x_wconf 84' lang='lat' dir='ltr'>(Jerem.</span> <span class='ocrx_word' id='word_1_734' title='bbox 2208 3911 2282 3964; x_wconf 82' lang='lat' dir='ltr'>vi,</span> <span class='ocrx_word' id='word_1_735' title='bbox 2315 3897 2397 3966; x_wconf 85' lang='lat'>7).</span> <span class='ocrx_word' id='word_1_736' title='bbox 2437 3898 2608 3968; x_wconf 92' lang='lat' dir='ltr'>Caput</span> <span class='ocrx_word' id='word_1_737' title='bbox 2637 3915 2767 3969; x_wconf 88' lang='lat' dir='ltr'>ergo</span> <span class='ocrx_word' id='word_1_738' title='bbox 2819 3902 3010 3956; x_wconf 90' lang='lat' dir='ltr'>Christi</span> <span class='ocrx_word' id='word_1_739' title='bbox 3053 3904 3273 3973; x_wconf 90' lang='lat' dir='ltr'>plenum</span> <span class='ocrx_word' id='word_1_740' title='bbox 3305 3916 3385 3962; x_wconf 91' lang='lat' dir='ltr'>est</span> <span class='ocrx_word' id='word_1_741' title='bbox 3413 3923 3554 3975; x_wconf 87' lang='lat' dir='ltr'>rore,</span> 
     </span>
    </p>
   </div>
   <div class='ocr_carea' id='block_1_102' title="bbox 1958 3983 3552 4064">
    <p class='ocr_par' dir='ltr' id='par_1_102' title="bbox 1958 3983 3552 4064">
     <span class='ocr_line' id='line_1_102' title="bbox 1958 3983 3552 4064; baseline 0.009 -28"><span class='ocrx_word' id='word_1_742' title='bbox 1958 3983 2086 4055; x_wconf 87' lang='lat' dir='ltr'>quia</span> <span class='ocrx_word' id='word_1_743' title='bbox 2115 3984 2273 4038; x_wconf 91' lang='lat' dir='ltr'>multi</span> <span class='ocrx_word' id='word_1_744' title='bbox 2302 3985 2356 4037; x_wconf 93' lang='lat' dir='ltr'>in</span> <span class='ocrx_word' id='word_1_745' title='bbox 2390 3984 2637 4040; x_wconf 86' lang='lat' dir='ltr'>Ecclesia</span> <span class='ocrx_word' id='word_1_746' title='bbox 2665 3988 2830 4056; x_wconf 88' lang='lat' dir='ltr'>positi</span> <span class='ocrx_word' id='word_1_747' title='bbox 2861 3997 2912 4043; x_wconf 92' lang='lat' dir='ltr'>et</span> <span class='ocrx_word' id='word_1_748' title='bbox 2942 3990 3113 4045; x_wconf 91' lang='lat' dir='ltr'>Deum</span> <span class='ocrx_word' id='word_1_749' title='bbox 3153 4009 3278 4047; x_wconf 91' lang='lat' dir='ltr'>eum</span> <span class='ocrx_word' id='word_1_750' title='bbox 3306 3994 3552 4064; x_wconf 90' lang='lat' dir='ltr'>credunt,</span> 
     </span>
    </p>
   </div>
   <div class='ocr_carea' id='block_1_103' title="bbox 1957 4071 3554 4144">
    <p class='ocr_par' dir='ltr' id='par_1_103' title="bbox 1957 4071 3554 4144">
     <span class='ocr_line' id='line_1_103' title="bbox 1957 4071 3554 4144; baseline 0.008 -18"><span class='ocrx_word' id='word_1_751' title='bbox 1957 4079 2009 4126; x_wconf 89' lang='lat' dir='ltr'>et</span> <span class='ocrx_word' id='word_1_752' title='bbox 2034 4079 2216 4126; x_wconf 89' lang='lat' dir='ltr'>tamen</span> <span class='ocrx_word' id='word_1_753' title='bbox 2247 4071 2441 4144; x_wconf 82' lang='lat' dir='ltr'>frigidi</span> <span class='ocrx_word' id='word_1_754' title='bbox 2472 4074 2838 4143; x_wconf 86' lang='lat' dir='ltr'>persistentes,</span> <span class='ocrx_word' id='word_1_755' title='bbox 2883 4077 2952 4130; x_wconf 91' lang='lat' dir='ltr'>ad</span> <span class='ocrx_word' id='word_1_756' title='bbox 2981 4078 3228 4135; x_wconf 85' lang='lat' dir='ltr'>ardorem</span> <span class='ocrx_word' id='word_1_757' title='bbox 3272 4083 3554 4138; x_wconf 88' lang='lat' dir='ltr'>charitatis</span> 
     </span>
    </p>
   </div>
   <div class='ocr_carea' id='block_1_104' title="bbox 1955 4161 3556 4240">
    <p class='ocr_par' dir='ltr' id='par_1_104' title="bbox 1955 4161 3556 4240">
     <span class='ocr_line' id='line_1_104' title="bbox 1955 4161 3556 4240; baseline 0.006 -26"><span class='ocrx_word' id='word_1_758' title='bbox 1955 4175 2064 4216; x_wconf 90' lang='lat' dir='ltr'>non</span> <span class='ocrx_word' id='word_1_759' title='bbox 2093 4161 2476 4216; x_wconf 90' lang='lat' dir='ltr'>accenduntur.</span> <span class='ocrx_word' id='word_1_760' title='bbox 2505 4163 2576 4232; x_wconf 76' lang='grc' dir='ltr'>(ὸ)</span> <span class='ocrx_word' id='word_1_761' title='bbox 2596 4164 2702 4217; x_wconf 84' lang='lat' dir='ltr'>Per</span> <span class='ocrx_word' id='word_1_762' title='bbox 2728 4166 2892 4232; x_wconf 86' lang='lat'>437</span> <span class='ocrx_word' id='word_1_763' title='bbox 2915 4166 3195 4222; x_wconf 90' lang='lat' dir='ltr'>cincinnos</span> <span class='ocrx_word' id='word_1_764' title='bbox 3216 4177 3390 4224; x_wconf 90' lang='lat' dir='ltr'>autem</span> <span class='ocrx_word' id='word_1_765' title='bbox 3413 4172 3556 4240; x_wconf 89' lang='lat' dir='ltr'>ejus-</span> 
     </span>
    </p>
   </div>
   <div class='ocr_carea' id='block_1_105' title="bbox 1957 4249 3550 4322">
    <p class='ocr_par' dir='ltr' id='par_1_105' title="bbox 1957 4249 3550 4322">
     <span class='ocr_line' id='line_1_105' title="bbox 1957 4249 3550 4322; baseline 0.003 -18"><span class='ocrx_word' id='word_1_766' title='bbox 1957 4249 2106 4316; x_wconf 90' lang='lat' dir='ltr'>dem,</span> <span class='ocrx_word' id='word_1_767' title='bbox 2158 4249 2388 4320; x_wconf 91' lang='lat' dir='ltr'>populos</span> <span class='ocrx_word' id='word_1_768' title='bbox 2435 4250 2810 4321; x_wconf 87' lang='lat' dir='ltr'>intelligimus,</span> <span class='ocrx_word' id='word_1_769' title='bbox 2845 4268 2981 4322; x_wconf 89' lang='lat' dir='ltr'>quos</span> <span class='ocrx_word' id='word_1_770' title='bbox 3009 4251 3064 4305; x_wconf 91' lang='lat' dir='ltr'>in</span> <span class='ocrx_word' id='word_1_771' title='bbox 3092 4251 3198 4307; x_wconf 87' lang='lat' dir='ltr'>ﬁde</span> <span class='ocrx_word' id='word_1_772' title='bbox 3231 4253 3550 4322; x_wconf 89' lang='lat' dir='ltr'>divinitatis,</span> 
     </span>
    </p>
   </div>
   <div class='ocr_carea' id='block_1_106' title="bbox 1956 4338 3554 4410">
    <p class='ocr_par' dir='ltr' id='par_1_106' title="bbox 1956 4338 3554 4410">
     <span class='ocr_line' id='line_1_106' title="bbox 1956 4338 3554 4410; baseline 0.003 -18"><span class='ocrx_word' id='word_1_773' title='bbox 1956 4338 2176 4409; x_wconf 88' lang='lat' dir='ltr'>quasiiu</span> <span class='ocrx_word' id='word_1_774' title='bbox 2207 4339 2400 4410; x_wconf 71' lang='lat' dir='ltr'>capita:</span> <span class='ocrx_word' id='word_1_775' title='bbox 2427 4339 2630 4394; x_wconf 90' lang='lat' dir='ltr'>Christi</span> <span class='ocrx_word' id='word_1_776' title='bbox 2661 4340 2957 4410; x_wconf 89' lang='lat' dir='ltr'>pendentes</span> <span class='ocrx_word' id='word_1_777' title='bbox 2977 4346 3030 4394; x_wconf 91' lang='lat' dir='ltr'>et</span> <span class='ocrx_word' id='word_1_778' title='bbox 3058 4339 3428 4410; x_wconf 89' lang='lat' dir='ltr'>opprimentes</span> <span class='ocrx_word' id='word_1_779' title='bbox 3454 4343 3554 4399; x_wconf 87' lang='lat' dir='ltr'>sci.</span> 
     </span>
    </p>
   </div>
   <div class='ocr_carea' id='block_1_107' title="bbox 1953 4427 3547 4500">
    <p class='ocr_par' dir='ltr' id='par_1_107' title="bbox 1953 4427 3547 4500">
     <span class='ocr_line' id='line_1_107' title="bbox 1953 4427 3547 4500; baseline 0.005 -20"><span class='ocrx_word' id='word_1_780' title='bbox 1953 4442 2095 4481; x_wconf 89' lang='lat' dir='ltr'>mus.</span> <span class='ocrx_word' id='word_1_781' title='bbox 2132 4427 2236 4482; x_wconf 90' lang='lat' dir='ltr'>Sed</span> <span class='ocrx_word' id='word_1_782' title='bbox 2269 4427 2500 4483; x_wconf 91' lang='lat' dir='ltr'>cincinni</span> <span class='ocrx_word' id='word_1_783' title='bbox 2517 4427 2662 4497; x_wconf 90' lang='lat' dir='ltr'>pleni</span> <span class='ocrx_word' id='word_1_784' title='bbox 2683 4445 2802 4484; x_wconf 90' lang='lat' dir='ltr'>esse</span> <span class='ocrx_word' id='word_1_785' title='bbox 2817 4429 3068 4485; x_wconf 91' lang='lat' dir='ltr'>dicuntur</span> <span class='ocrx_word' id='word_1_786' title='bbox 3091 4429 3257 4500; x_wconf 86' lang='lat' dir='ltr'>guttis</span> <span class='ocrx_word' id='word_1_787' title='bbox 3287 4429 3547 4490; x_wconf 85' lang='lat' dir='ltr'>noctium:</span> 
     </span>
    </p>
   </div>
   <div class='ocr_carea' id='block_1_108' title="bbox 1955 4515 3557 4588">
    <p class='ocr_par' dir='ltr' id='par_1_108' title="bbox 1955 4515 3557 4588">
     <span class='ocr_line' id='line_1_108' title="bbox 1955 4515 3557 4588; baseline 0.004 -20"><span class='ocrx_word' id='word_1_788' title='bbox 1955 4516 2086 4585; x_wconf 88' lang='lat' dir='ltr'>quia</span> <span class='ocrx_word' id='word_1_789' title='bbox 2117 4515 2244 4569; x_wconf 92' lang='lat' dir='ltr'>dum</span> <span class='ocrx_word' id='word_1_790' title='bbox 2279 4515 2350 4586; x_wconf 91' lang='lat' dir='ltr'>(c)</span> <span class='ocrx_word' id='word_1_791' title='bbox 2381 4516 2436 4569; x_wconf 92' lang='lat' dir='ltr'>in</span> <span class='ocrx_word' id='word_1_792' title='bbox 2464 4523 2708 4587; x_wconf 89' lang='lat' dir='ltr'>tempore</span> <span class='ocrx_word' id='word_1_793' title='bbox 2731 4517 2892 4588; x_wconf 91' lang='lat' dir='ltr'>hujus</span> <span class='ocrx_word' id='word_1_794' title='bbox 2923 4516 3226 4574; x_wconf 58' lang='lat' dir='ltr'>tenebrosa</span> <span class='ocrx_word' id='word_1_795' title='bbox 3249 4518 3557 4588; x_wconf 87' lang='lat' dir='ltr'>temporali-</span> 
     </span>
    </p>
   </div>
   <div class='ocr_carea' id='block_1_109' title="bbox 1957 4604 3558 4678">
    <p class='ocr_par' dir='ltr' id='par_1_109' title="bbox 1957 4604 3558 4678">
     <span class='ocr_line' id='line_1_109' title="bbox 1957 4604 3558 4678; baseline 0.004 -22"><span class='ocrx_word' id='word_1_796' title='bbox 1957 4605 2086 4657; x_wconf 87' lang='lat' dir='ltr'>tatis</span> <span class='ocrx_word' id='word_1_797' title='bbox 2133 4619 2191 4658; x_wconf 90' lang='lat' dir='ltr'>se</span> <span class='ocrx_word' id='word_1_798' title='bbox 2239 4604 2594 4673; x_wconf 87' lang='lat' dir='ltr'>suspendunt,</span> <span class='ocrx_word' id='word_1_799' title='bbox 2630 4607 2808 4678; x_wconf 88' lang='lat' dir='ltr'>magis</span> <span class='ocrx_word' id='word_1_800' title='bbox 2847 4622 2910 4662; x_wconf 92' lang='lat' dir='ltr'>ac</span> <span class='ocrx_word' id='word_1_801' title='bbox 2953 4605 3131 4678; x_wconf 85' lang='lat' dir='ltr'>magis</span> <span class='ocrx_word' id='word_1_802' title='bbox 3171 4606 3558 4663; x_wconf 90' lang='lat' dir='ltr'>stillationibus</span> 
     </span>
    </p>
   </div>
   <div class='ocr_carea' id='block_1_110' title="bbox 1960 4690 3554 4766">
    <p class='ocr_par' dir='ltr' id='par_1_110' title="bbox 1960 4690 3554 4766">
     <span class='ocr_line' id='line_1_110' title="bbox 1960 4690 3554 4766; baseline 0.004 -22"><span class='ocrx_word' id='word_1_803' title='bbox 1960 4690 2303 4762; x_wconf 90' lang='lat' dir='ltr'>iniquitatum</span> <span class='ocrx_word' id='word_1_804' title='bbox 2335 4692 2523 4748; x_wconf 83' lang='lat' dir='ltr'>fluunt.</span> <span class='ocrx_word' id='word_1_805' title='bbox 2547 4693 2631 4748; x_wconf 89' lang='lat' dir='ltr'>Ad</span> <span class='ocrx_word' id='word_1_806' title='bbox 2663 4694 3147 4751; x_wconf 87' lang='lat' dir='ltr'>hosascendendos</span> <span class='ocrx_word' id='word_1_807' title='bbox 3164 4711 3364 4766; x_wconf 89' lang='lat' dir='ltr'>sponsa</span> <span class='ocrx_word' id='word_1_808' title='bbox 3395 4699 3554 4752; x_wconf 78' lang='lat' dir='ltr'>exci-</span> 
     </span>
    </p>
   </div>
   <div class='ocr_carea' id='block_1_111' title="bbox 1958 4781 3554 4855">
    <p class='ocr_par' dir='ltr' id='par_1_111' title="bbox 1958 4781 3554 4855">
     <span class='ocr_line' id='line_1_111' title="bbox 1958 4781 3554 4855; baseline 0.003 -22"><span class='ocrx_word' id='word_1_809' title='bbox 1958 4787 2114 4848; x_wconf 87' lang='lat' dir='ltr'>tatur,</span> <span class='ocrx_word' id='word_1_810' title='bbox 2145 4781 2275 4835; x_wconf 92' lang='lat' dir='ltr'>dum</span> <span class='ocrx_word' id='word_1_811' title='bbox 2323 4781 2582 4853; x_wconf 86' lang='lat' dir='ltr'>spiritalis</span> <span class='ocrx_word' id='word_1_812' title='bbox 2625 4783 2852 4854; x_wconf 91' lang='lat' dir='ltr'>quilibet</span> <span class='ocrx_word' id='word_1_813' title='bbox 2879 4799 2976 4854; x_wconf 92' lang='lat' dir='ltr'>pro</span> <span class='ocrx_word' id='word_1_814' title='bbox 3005 4783 3358 4840; x_wconf 69' lang='lat' dir='ltr'>aediﬁcatione</span> <span class='ocrx_word' id='word_1_815' title='bbox 3380 4784 3554 4855; x_wconf 90' lang='lat' dir='ltr'>pluri-</span> 
     </span>
    </p>
   </div>
   <div class='ocr_carea' id='block_1_112' title="bbox 1955 4869 3554 4943">
    <p class='ocr_par' dir='ltr' id='par_1_112' title="bbox 1955 4869 3554 4943">
     <span class='ocr_line' id='line_1_112' title="bbox 1955 4869 3554 4943; baseline 0.004 -20"><span class='ocrx_word' id='word_1_816' title='bbox 1955 4883 2188 4936; x_wconf 89' lang='lat' dir='ltr'>morum,</span> <span class='ocrx_word' id='word_1_817' title='bbox 2220 4869 2290 4924; x_wconf 90' lang='lat' dir='ltr'>ab</span> <span class='ocrx_word' id='word_1_818' title='bbox 2338 4870 2448 4926; x_wconf 90' lang='lat' dir='ltr'>otio</span> <span class='ocrx_word' id='word_1_819' title='bbox 2493 4871 2563 4926; x_wconf 89' lang='lat' dir='ltr'>ad</span> <span class='ocrx_word' id='word_1_820' title='bbox 2605 4872 2976 4943; x_wconf 65' lang='lat' dir='ltr'>praelationem</span> <span class='ocrx_word' id='word_1_821' title='bbox 3017 4873 3282 4928; x_wconf 71' lang='lat' dir='ltr'>Ecclesiae</span> <span class='ocrx_word' id='word_1_822' title='bbox 3312 4881 3554 4930; x_wconf 81' lang='lat' dir='ltr'>vocatur.</span> 
     </span>
    </p>
   </div>
   <div class='ocr_carea' id='block_1_113' title="bbox 1957 4956 3552 5032">
    <p class='ocr_par' dir='ltr' id='par_1_113' title="bbox 1957 4956 3552 5032">
     <span class='ocr_line' id='line_1_113' title="bbox 1957 4956 3552 5032; baseline -0.001 -19"><span class='ocrx_word' id='word_1_823' title='bbox 1957 4956 2065 5014; x_wconf 89' lang='lat' dir='ltr'>Sed</span> <span class='ocrx_word' id='word_1_824' title='bbox 2094 4958 2350 5028; x_wconf 86' lang='lat' dir='ltr'>quoniam</span> <span class='ocrx_word' id='word_1_825' title='bbox 2390 4961 2585 5016; x_wconf 89' lang='lat' dir='ltr'>metuit</span> <span class='ocrx_word' id='word_1_826' title='bbox 2623 4976 2694 5016; x_wconf 89' lang='lat' dir='ltr'>ne</span> <span class='ocrx_word' id='word_1_827' title='bbox 2722 4961 2765 5015; x_wconf 92' lang='lat' dir='ltr'>si</span> <span class='ocrx_word' id='word_1_828' title='bbox 2795 4961 2866 5016; x_wconf 90' lang='lat' dir='ltr'>ad</span> <span class='ocrx_word' id='word_1_829' title='bbox 2895 4961 3267 5032; x_wconf 69' lang='lat' dir='ltr'>praelationem</span> <span class='ocrx_word' id='word_1_830' title='bbox 3309 4960 3552 5025; x_wconf 88' lang='lat' dir='ltr'>venerit,</span> 
     </span>
    </p>
   </div>
   <div class='ocr_carea' id='block_1_114' title="bbox 1957 5047 3549 5120">
    <p class='ocr_par' dir='ltr' id='par_1_114' title="bbox 1957 5047 3549 5120">
     <span class='ocr_line' id='line_1_114' title="bbox 1957 5047 3549 5120; baseline 0 -18"><span class='ocrx_word' id='word_1_831' title='bbox 1957 5047 2415 5104; x_wconf 89' lang='lat' dir='ltr'>sollicitudinibus</span> <span class='ocrx_word' id='word_1_832' title='bbox 2441 5049 2628 5103; x_wconf 89' lang='lat' dir='ltr'>mundi</span> <span class='ocrx_word' id='word_1_833' title='bbox 2673 5049 2926 5120; x_wconf 89' lang='lat' dir='ltr'>occupari</span> <span class='ocrx_word' id='word_1_834' title='bbox 2971 5063 3196 5103; x_wconf 85' lang='lat' dir='ltr'>necesse</span> <span class='ocrx_word' id='word_1_835' title='bbox 3226 5047 3330 5115; x_wconf 91' lang='lat' dir='ltr'>sit;</span> <span class='ocrx_word' id='word_1_836' title='bbox 3363 5047 3549 5117; x_wconf 86' lang='lat' dir='ltr'>sicque</span> 
     </span>
    </p>
   </div>
   <div class='ocr_carea' id='block_1_115' title="bbox 1955 5134 3549 5208">
    <p class='ocr_par' dir='ltr' id='par_1_115' title="bbox 1955 5134 3549 5208">
     <span class='ocr_line' id='line_1_115' title="bbox 1955 5134 3549 5208; baseline -0.002 -18"><span class='ocrx_word' id='word_1_837' title='bbox 1955 5137 2089 5191; x_wconf 90' lang='lat' dir='ltr'>dum</span> <span class='ocrx_word' id='word_1_838' title='bbox 2127 5153 2230 5208; x_wconf 90' lang='lat' dir='ltr'>per</span> <span class='ocrx_word' id='word_1_839' title='bbox 2249 5137 2586 5194; x_wconf 86' lang='lat' dir='ltr'>occasionem</span> <span class='ocrx_word' id='word_1_840' title='bbox 2619 5136 2992 5193; x_wconf 67' lang='lat' dir='ltr'>sediﬁcationis</span> <span class='ocrx_word' id='word_1_841' title='bbox 3011 5134 3396 5208; x_wconf 89' lang='lat' dir='ltr'>plurimorum,</span> <span class='ocrx_word' id='word_1_842' title='bbox 3416 5142 3549 5188; x_wconf 84' lang='lat' dir='ltr'>tem-</span> 
     </span>
    </p>
   </div>
   <div class='ocr_carea' id='block_1_116' title="bbox 1952 5221 3550 5297">
    <p class='ocr_par' dir='ltr' id='par_1_116' title="bbox 1952 5221 3550 5297">
     <span class='ocr_line' id='line_1_116' title="bbox 1952 5221 3550 5297; baseline -0.003 -17"><span class='ocrx_word' id='word_1_843' title='bbox 1952 5224 2236 5296; x_wconf 89' lang='lat' dir='ltr'>poralibus</span> <span class='ocrx_word' id='word_1_844' title='bbox 2256 5241 2315 5282; x_wconf 91' lang='lat' dir='ltr'>se</span> <span class='ocrx_word' id='word_1_845' title='bbox 2336 5225 2693 5294; x_wconf 88' lang='lat' dir='ltr'>inclinaverit,</span> <span class='ocrx_word' id='word_1_846' title='bbox 2725 5225 2960 5297; x_wconf 90' lang='lat' dir='ltr'>quietem</span> <span class='ocrx_word' id='word_1_847' title='bbox 2991 5222 3220 5291; x_wconf 90' lang='lat' dir='ltr'>amittat,</span> <span class='ocrx_word' id='word_1_848' title='bbox 3252 5223 3328 5294; x_wconf 77' lang='grc' dir='ltr'>(ἀ)</span> <span class='ocrx_word' id='word_1_849' title='bbox 3358 5221 3550 5278; x_wconf 87' lang='lat' dir='ltr'>etiam-</span> 
     </span>
    </p>
   </div>
   <div class='ocr_carea' id='block_1_117' title="bbox 2026 5346 3551 5422">
    <p class='ocr_par' dir='ltr' id='par_1_117' title="bbox 2026 5346 3551 5422">
     <span class='ocr_line' id='line_1_117' title="bbox 2026 5346 3551 5422; baseline -0.002 -17"><span class='ocrx_word' id='word_1_850' title='bbox 2026 5351 2095 5422; x_wconf 79' lang='grc' dir='ltr'>(ο)</span> <span class='ocrx_word' id='word_1_851' title='bbox 2118 5350 2328 5405; x_wconf 90' lang='lat' dir='ltr'>Eadem</span> <span class='ocrx_word' id='word_1_852' title='bbox 2349 5357 2462 5406; x_wconf 88' lang='lat' dir='ltr'>vet.</span> <span class='ocrx_word' id='word_1_853' title='bbox 2485 5349 2588 5405; x_wconf 89' lang='lat' dir='ltr'>Ed.</span> <span class='ocrx_word' id='word_1_854' title='bbox 2604 5348 2752 5422; x_wconf 80' lang='lat' dir='ltr'>Paris</span> <span class='ocrx_word' id='word_1_855' title='bbox 2765 5388 2783 5422; x_wconf 93' lang='lat'>._</span> <span class='ocrx_word' id='word_1_856' title='bbox 2808 5364 2927 5404; x_wconf 92' lang='lat' dir='ltr'>cum</span> <span class='ocrx_word' id='word_1_857' title='bbox 2951 5346 3206 5403; x_wconf 90' lang='lat' dir='ltr'>omnibus</span> <span class='ocrx_word' id='word_1_858' title='bbox 3221 5346 3452 5422; x_wconf 48' lang='lat' dir='ltr'>Mssjta</span> <span class='ocrx_word' id='word_1_859' title='bbox 3463 5347 3551 5402; x_wconf 82' lang='lat' dir='ltr'>ha-</span> 
     </span>
    </p>
   </div>
   <div class='ocr_carea' id='block_1_118' title="bbox 1952 5418 3548 5504">
    <p class='ocr_par' dir='ltr' id='par_1_118' title="bbox 1952 5418 3548 5504">
     <span class='ocr_line' id='line_1_118' title="bbox 1952 5418 3548 5504; baseline -0.003 -28"><span class='ocrx_word' id='word_1_860' title='bbox 1952 5418 2188 5504; x_wconf 44' lang='lat' dir='ltr'>bet,&#39;ubi</span> <span class='ocrx_word' id='word_1_861' title='bbox 2219 5422 2274 5476; x_wconf 92' lang='lat' dir='ltr'>in</span> <span class='ocrx_word' id='word_1_862' title='bbox 2303 5423 2428 5476; x_wconf 86' lang='lat' dir='ltr'>aliis</span> <span class='ocrx_word' id='word_1_863' title='bbox 2451 5420 2965 5504; x_wconf 46' lang='lat' dir='ltr'>esensisleg&#39;iturjn‘</span> <span class='ocrx_word' id='word_1_864' title='bbox 2983 5418 3548 5504; x_wconf 47' lang='lat' dir='ltr'>tergorefaulopost</span> 
     </span>
    </p>
   </div>
   <div class='ocr_carea' id='block_1_119' title="bbox 1948 5489 3548 5565">
    <p class='ocr_par' dir='ltr' id='par_1_119' title="bbox 1948 5489 3548 5565">
     <span class='ocr_line' id='line_1_119' title="bbox 1948 5489 3548 5565; baseline -0.001 -17"><span class='ocrx_word' id='word_1_865' title='bbox 1948 5493 2277 5565; x_wconf 85' lang='lat' dir='ltr'>Rothomag.</span> <span class='ocrx_word' id='word_1_866' title='bbox 2302 5509 2420 5565; x_wconf 85' lang='lat' dir='ltr'>pro,</span> <span class='ocrx_word' id='word_1_867' title='bbox 2445 5489 3063 5565; x_wconf 56' lang='lat' dir='ltr'>stillationibushabet,</span> <span class='ocrx_word' id='word_1_868' title='bbox 3086 5489 3548 5565; x_wconf 74' lang='lat' dir='ltr'>titillationibus.</span> 
     </span>
    </p>
   </div>
   <div class='ocr_carea' id='block_1_120' title="bbox 2011 5559 3483 5637">
    <p class='ocr_par' dir='ltr' id='par_1_120' title="bbox 2011 5559 3483 5637">
     <span class='ocr_line' id='line_1_120' title="bbox 2011 5559 3483 5637; baseline 0 -18"><span class='ocrx_word' id='word_1_869' title='bbox 2011 5564 2091 5637; x_wconf 80' lang='grc' dir='ltr'>(ά)</span> <span class='ocrx_word' id='word_1_870' title='bbox 2120 5565 2183 5622; x_wconf 88' lang='lat' dir='ltr'>In</span> <span class='ocrx_word' id='word_1_871' title='bbox 2213 5559 2449 5637; x_wconf 67' lang='lat' dir='ltr'>vulgatis</span> <span class='ocrx_word' id='word_1_872' title='bbox 2475 5569 2673 5636; x_wconf 68' lang='lat' dir='ltr'>praeter</span> <span class='ocrx_word' id='word_1_873' title='bbox 2701 5568 2810 5619; x_wconf 85' lang='lat' dir='ltr'>vet.</span> <span class='ocrx_word' id='word_1_874' title='bbox 2844 5560 2948 5617; x_wconf 89' lang='lat' dir='ltr'>Ed.</span> <span class='ocrx_word' id='word_1_875' title='bbox 2983 5559 3197 5623; x_wconf 84' lang='lat' dir='ltr'>Paris.,</span> <span class='ocrx_word' id='word_1_876' title='bbox 3229 5575 3483 5636; x_wconf 80' lang='lat' dir='ltr'>eamque.</span> 
     </span>
    </p>
   </div>
  </div>
