3996 6164
461 321 565 410 eis

457 462 562 519 que
605 444 853 502 sordibus
917 450 1269 514 peccatorum
1325 439 1548 509 inﬁciet,
1618 438 1743 495 ideo
1801 435 2142 495 clamantiA

454 550 658 607 sponso
688 533 1000 605 respondet,
1032 531 1218 586 dicens
1245 549 1257 584 :

519 635 696 707 (Vers.
716 637 795 705 3.)
813 633 1141 705 Exspatian
1161 648 1249 689 me
1275 632 1471 688 tunica
1500 647 1648 697 mea,
1667 627 1938 702 quomodo
1953 628 2055 683 ite-

459 742 585 782 rum
621 725 836 780 indaar
866 722 1007 778 illa?
1024 722 1160 777 Lavi
1183 721 1350 793 pede:
1363 735 1534 788 meos,
1559 718 1824 792 quomodo
1849 719 2063 772 iterum

457 813 766 887 inquinabo
795 813 922 867 illo:
944 811 974 863 ?

531 922 582 982 6,
631 917 834 971 Tunica
861 930 958 969 sua
1005 929 1205 985 sponsa
1242 930 1300 968 se
1341 911 1690 984 exspoliavit,
1723 909 1848 981 quia
1877 909 2064 964 omnia

461 1005 748 1071 exteriora,
779 1006 858 1075 (a)
888 1003 1084 1075 quibus
1111 1001 1453 1069 onerabatur,
1473 1000 1698 1070 abjecit.
1730 1000 1811 1053 De
1843 1013 1950 1067 qua
1982 1003 2062 1050 tu-

461 1095 578 1150 nica
608 1093 803 1148 dicitur
828 1109 838 1145 :
875 1093 1033 1148 Nunc
1046 1095 1239 1147 autem
1255 1093 1351 1162 qui
1365 1090 1529 1145 habet
1556 1090 1834 1154 tunicam,
1854 1084 2062 1141 vendat

460 1186 665 1252 eam,et
679 1185 831 1238 emat
840 1180 1097 1252 gladium
1115 1181 1271 1248 (Luc.
1289 1194 1422 1248 χχιι,
1447 1178 1556 1247 36).
1582 1176 1838 1231 Gladium
1858 1173 2063 1244 quippe

460 1271 678 1328 vendita
710 1270 888 1325 tunica
919 1268 1069 1335 emit,
1103 1274 1192 1338 qui
1219 1282 1320 1337 pro
1368 1266 1588 1321 aeternis
1619 1262 1942 1333 temporalia
1971 1261 2064 1315 ab-

460 1360 639 1414 dicat:
691 1366 748 1414 et
790 1359 845 1412 in
891 1365 1082 1413 sancta
1130 1354 1543 1412 conversatione
1602 1353 1807 1420 vivens,
1839 1349 2061 1406 verbum

457 1446 854 1518 praedicationis
883 1446 1132 1516 acquirit.
1171 1444 1251 1498 De
1282 1459 1387 1513 quo
1418 1442 1618 1497 dicitur
1645 1457 1657 1492 :
1701 1442 1772 1495 Et
1807 1438 2063 1510 gladium

457 1534 866 1608 apirilu:,quod
889 1537 972 1590 est
991 1534 1221 1589 verbum
1250 1532 1349 1586 Dei
1383 1530 1609 1603 (Ephea,
1642 1544 1717 1595 vx,
1739 1530 1848 1592 17).
1889 1525 2064 1581 Pedes

458 1632 636 1679 autem
686 1638 818 1678 suos
861 1637 1064 1691 sponsa
1112 1620 1280 1686 lavit;
1313 1619 1440 1690 quia
1468 1618 1596 1672 dum
1642 1618 1695 1670 in
1725 1623 1912 1670 sancto
1954 1614 2062 1669 otio

458 1722 648 1768 sancta
678 1711 860 1767 anima
889 1710 1042 1777 vivit,
1076 1724 1239 1778 opera
1255 1724 1353 1762 sua
1373 1706 1610 1761 studiose
1641 1705 1708 1760 ad
1742 1703 2062 1758 memoriam

1643 306 1886 369 SANCTI
1927 300 2270 368 GREGORII
2306 305 2529 367 MAGNI

3637 322 3725 382 520

2244 437 2415 506 (Vers.
2449 437 2528 506 5.)
2568 436 2765 491 Manus
2798 450 2937 490 mea:
2974 433 3340 492 stillaverint!
3367 443 3652 514 myrrham,
3680 456 3730 506 et

2172 523 2336 595 digiti
2363 526 2478 581 mei
2502 524 2664 597 pleni
2690 523 2922 596 myrrha
2961 524 3371 595 probatissima.

2243 633 2294 686 9.
2347 629 2490 696 Quid
2520 647 2620 700 per
2675 646 2891 698 manus,
2923 629 3025 683 nisi
3067 630 3444 701 operationes:
3486 639 3621 709 quod
3647 657 3732 713 per

2170 720 2470 790 myrrham,
2496 719 2596 773 nisi
2611 717 2946 774 mortificatio
2967 718 3146 773 carnis
3164 720 3460 791 accipitur?
3478 725 3549 795 (b)
3566 728 3735 786 Manus

2171 822 2302 880 ergo
2329 823 2547 878 sponsae
2561 806 2906 878 praedicantis
2931 807 3207 878 myrrham
3223 809 3437 879 styllaut
3459 831 3470 874 ;
3495 815 3613 885 quia
3633 819 3739 888 qui-

2172 912 2382 968 cunque
2431 897 2554 951 aliis
2603 897 2922 967 praedicant,
2973 912 3195 952 necesse
3224 905 3304 952 est
3351 898 3394 953 si
3422 902 3593 957 multis
3618 921 3740 974 pro-

2171 983 2333 1040 ﬁcere
2367 984 2552 1050 velint,
2580 993 2636 1038 ut
2686 985 2740 1038 in
2771 984 2919 1040 omni
2963 1000 3126 1054 opere
3157 1001 3259 1040 suo
3289 988 3553 1043 carnalem
3592 992 3740 1050 vitam

2171 1072 2495 1128 mortiﬁcare
2515 1074 2863 1128 contendant.
2889 1073 2997 1128 Sed
3021 1080 3076 1128 ut
3095 1074 3198 1129 hoc
3215 1089 3337 1130 cum
3359 1091 3549 1149 magna
3566 1079 3746 1138 discre-

2174 1163 2320 1217 tione
2350 1161 2460 1229 fiat,
2493 1161 2801 1216 manifestat
2833 1178 2956 1216 cum
2986 1161 3288 1234 subjungit,
3321 1163 3500 1220 dicens
3535 1187 3546 1221 :
3583 1170 3745 1242 Digiti

2175 1252 2285 1305 mei
2300 1251 2456 1323 pleni
2480 1255 2617 1306 sunt
2655 1249 2885 1322 myrrha
2913 1251 3330 1321 probatissima.
3352 1252 3499 1309 Sicut
3525 1257 3659 1311 enim
3687 1259 3747 1313 ab

2171 1355 2276 1392 una
2305 1355 2462 1393 manu
2508 1339 2689 1410 plures
2720 1339 2871 1410 digiti
2902 1339 3234 1408 dividuntur,
3270 1341 3422 1396 sicin
3447 1360 3548 1398 una
3575 1356 3746 1402 sancta

2173 1429 2582 1483 conversatione
2612 1443 2710 1498 per
2740 1426 3122 1483 discretionem
3169 1428 3384 1484 diverse
3414 1431 3624 1488 virtutes
3669 1435 3746 1490 in-

2173 1514 2476 1571 veniuntur.
2511 1514 2630 1570 Alia
2659 1515 2802 1570 enim
2849 1523 2928 1570 est
2957 1517 3127 1570 virtus
3157 1516 3440 1588 largitatis,
3473 1520 3575 1574 alia
3601 1521 3753 1578 virtus

2172 1604 2473 1674 parcitatis.
2501 1604 2660 1659 Aliud
2683 1619 2819 1673 opus
2852 1603 3189 1673 humilitatis,
3217 1605 3365 1660 aliud
3393 1606 3576 1664 liberae
3603 1610 3756 1667 incre-

2175 1692 2426 1762 pationis.
2460 1693 2616 1747 Aliud
2651 1708 2781 1747 vero
2811 1692 3023 1763 agimus
3053 1694 3409 1763 quandognos
3438 1697 3536 1751 sub
3564 1698 3760 1756 silentio

459 1801 670 1858 reducit
695 1819 706 1854 :
743 1808 794 1856 et
821 1798 1087 1870 quidquid
1114 1798 1169 1850 in
1199 1797 1277 1852 eis
1297 1795 1576 1851 sordidum
1607 1792 1938 1849 exminando
1969 1791 2062 1845 de-
2092 1785 2144 1844 B
2178 1781 2517 1836 continemus
2566 1789 2793 1852 propter
2821 1780 3241 1836 aediﬁcationem
3270 1785 3581 1854 propriam;
3626 1788 3758 1843 aliud

458 1889 765 1960 prehendit,
798 1886 1051 1956 lacrymis
1075 1884 1403 1955 quotidianis
1419 1891 1471 1938 et
1493 1883 1788 1954 gemitibus
1817 1878 2054 1950 plangit.

460 1979 634 2034 Pedes
663 1978 843 2046 itaque
873 1975 1026 2039 lavit,
1059 1974 1186 2045 quia
1216 1972 1485 2042 praeterita
1525 1986 1712 2040 opera,
1745 1969 1941 2039 quibus
1972 1983 2068 2038 per

460 2068 603 2121 hunc
634 2064 893 2120 mundum
923 2062 1185 2118 dissolute
1216 2060 1608 2127 ambulaverat,
1643 2056 1869 2128 planxit.
1904 2056 2073 2110 Pedes

458 2154 612 2222 lavit,
647 2153 773 2223 quia
809 2158 1029 2223 peccata
1060 2149 1286 2204 abluens
1317 2147 1585 2217 lacrymis,
1620 2145 1822 2200 munda
1851 2145 1905 2197 in
1938 2158 2063 2197 con-

456 2251 648 2313 spectu
695 2239 878 2296 dilecti
923 2238 1005 2293 sui
1051 2253 1318 2308 apparere
1363 2235 1697 2306 concupivit.
1744 2235 1859 2287 Hos
1902 2231 2073 2300 pedes

459 2341 652 2406 iterum
684 2329 968 2402 inquinare
999 2327 1222 2388 metuit;
1257 2325 1386 2394 quia
1415 2323 1576 2380 valde
1607 2322 1839 2377 sollicita
1871 2325 1970 2388 est,
2004 2334 2072 2373 ne

459 2421 503 2477 si
534 2421 588 2475 in
616 2417 934 2490 praelatione
965 2419 1218 2486 ponatur,
1253 2429 1347 2484 per
1378 2421 1590 2468 terrena
1621 2409 1928 2474 ambulans,
1973 2408 2071 2472 ite-

460 2525 583 2565 rum
625 2505 880 2576 suscipiat
923 2503 1069 2574 quod
1116 2501 1342 2555 dimisit.
1393 2500 1599 2555 Idcirco
1643 2499 1712 2553 ab
1743 2499 1852 2553 otio
1903 2496 2071 2551 invita

459 2596 666 2653 recedit
691 2613 705 2659 ;
741 2593 866 2663 quia
897 2591 1025 2645 dum
1057 2605 1088 2644 a
1118 2589 1280 2642 maris
1296 2587 1561 2644 ﬂuctibus
1583 2587 1765 2641 aliena
1791 2588 1892 2650 est,
1917 2583 2069 2655 quasi

461 2686 520 2738 in
552 2685 736 2738 littore
764 2681 942 2751 posita
974 2678 1216 2733 securius
1247 2676 1398 2732 vivit.
1443 2676 1550 2732 Sed
1581 2675 1815 2729 dilectus
1847 2688 1957 2728 non
1988 2673 2071 2728 le-

463 2772 601 2830 viter
649 2778 876 2825 mortem
906 2766 1282 2838 proximorum
1315 2765 1525 2819 tolerat.
1560 2763 1798 2833 Ideoque
1843 2759 2071 2830 pr0pius

461 2859 752 2926 accedens,
801 2872 902 2927 per
947 2855 1182 2927 seipsum
1232 2869 1354 2909 eam
1397 2852 1633 2908 excitare
1681 2866 1792 2906 non
1837 2849 2068 2916 dubitat,

465 2950 595 3007 dum
625 2947 826 3003 dicitur
852 2963 865 2999 :

541 3055 718 3125 (Vers.
749 3052 841 3123 4.)
873 3051 1126 3107 Dilectus
1159 3064 1318 3105 meus
1337 3049 1498 3104 misit
1525 3062 1762 3102 manum
1777 3060 1939 3100 suam
1969 3059 2070 3115 per

2179 1870 2394 1939 quando
2453 1870 2714 1940 proximis
2733 1869 3004 1939 loquimur
3031 1879 3252 1941 propter
3280 1871 3562 1929 utilitatem
3593 1891 3756 1930 suam.

2179 1957 2286 2012 Sed
2316 1957 2469 2029 digiti
2502 1957 2728 2028 myrrha
2759 1957 3138 2026 probatissima
3167 1958 3314 2030 pleni
3344 1975 3459 2016 esse
3487 1963 3760 2033 perhiben-

2179 2052 2295 2110 tur;
2322 2046 2454 2118 quia
2475 2046 2528 2100 in
2559 2047 2704 2101 omni
2728 2047 2873 2117 quod
2889 2046 3097 2118 :agitur,
3121 2063 3343 2119 semper
3365 2066 3584 2108 necesse
3608 2060 3681 2108 est
3716 2061 3768 2108 ut

2180 2133 2519 2216 mortificatio
2543 2134 2874 2189 carnalitatis
2899 2143 3164 2191 teneatur.
3209 2137 3346 2205 Quae
3367 2147 3490 2194 tunc
3509 2141 3766 2210 probatis-

2180 2223 2321 2278 sima
2349 2239 2498 2278 essse
2535 2223 2656 2292 jure
2687 2222 2898 2291 dicitur,
2931 2223 3214 2295 quandoin
3247 2227 3400 2282 omni
3429 2229 3771 2301 suggestione

2181 2328 2302 2382 quae
2333 2311 2406 2365 ab
2426 2311 2583 2366 hoste
2613 2310 2892 2382 ingeritur,
2912 2311 3027 2367 sine
3056 2315 3367 2371 cessatione
3383 2317 3630 2387 voluptas
3657 2334 3769 2373 car-

2181 2399 2319 2454 nalis
2347 2403 2569 2455 cavetur
2598 2416 2664 2454 ne
2697 2400 3039 2469 suscipiatur.
3073 2400 3232 2469 Quod
3261 2405 3483 2474 quando
3500 2404 3575 2475 ﬁt,
3602 2407 3772 2464 omnis

2181 2487 2378 2542 duritia
2409 2487 2603 2542 mentis
2630 2487 2960 2556 dissolvitur,
2980 2497 3104 2544 etut
3125 2491 3376 2560 Sponsus
3395 2493 3554 2549 intret
3582 2495 3648 2550 ad
3667 2511 3770 2566 cor,

2180 2576 2360 2630 aditus
2387 2584 2757 2647 praeparatur.
2787 2577 2927 2631 Hinc
2965 2584 3043 2631 est
3073 2579 3218 2647 quod
3249 2581 3535 2652 sequitur:

2249 2683 2432 2752 (Vers.
2453 2686 2482 2736 6
2497 2683 2542 2751 .)
2575 2683 2867 2738 Pessulum
2885 2684 3019 2738 ostii
3038 2684 3148 2739 mei
3171 2689 3375 2755 aperui
3395 2689 3603 2746 dilecto
3624 2708 3738 2748 meo
3760 2712 3776 2748 :

2179 2773 2240 2824 at
2263 2770 2362 2825 ille
2391 2769 2777 2826 declinaverat
2807 2774 2976 2842 atque
3013 2774 3352 2830 transierat.

2254 2879 2339 2930 10.
2375 2875 2660 2930 Pessulum
2678 2875 2814 2931 ostio
2847 2877 3132 2944 faciamus,
3165 2881 3391 2948 quando
3412 2898 3514 2952 per
3543 2885 3781 2955 volupta-

2179 2972 2256 3018 tes
2287 2965 2485 3033 carnis,
2519 2964 2727 3019 aditum
2755 2965 2936 3019 cordis
2958 2974 3144 3020 contra
3164 2983 3432 3036 sponsum
3463 2970 3536 3026 ob
3553 2989 3776 3029 eramus.

2178 3052 2464 3106 Pessulum
2497 3068 2626 3107 vero
2656 3052 2954 3121 aperimus,
2988 3054 3202 3123 quando
3234 3059 3466 3114 remotis
3493 3061 3780 3132 voluptati-

473 3147 754 3216 [oramen,
775 3147 830 3196 et
845 3144 1206 3195 venter-meus
1227 3137 1532 3193 intremuit
1549 3135 1620 3189 ad
1638 3139 1858 3189 tactum
1888 3133 2068 3186 illius.
2102 3133 2150 3195 C
2179 3139 2281 3194 bus
2309 3140 2488 3209 ﬂuxis,
2510 3157 2604 3196 cor
2623 3149 2865 3196 nostrum
2889 3141 2942 3195 in
2955 3158 3192 3197 amorem
3217 3145 3442 3213 Christi,
3475 3149 3621 3218 quod
3642 3150 3780 3220 prius

547 3233 600 3285 '7.
635 3231 849 3284 Manum
869 3227 1098 3281 dilectus
1127 3227 1193 3280 ad
1225 3240 1479 3296 sponsam
1513 3222 1676 3276 mittit
1705 3236 1800 3290 per
1829 3220 2072 3275 foramen

460 3327 516 3375 ut
569 3322 780 3389 surgat,
815 3316 1034 3387 quando
1066 3329 1162 3384 per
1213 3313 1470 3367 subtilem
1515 3309 1844 3364 intellectum
1875 3315 2070 3377 quanta

459 3409 528 3464 sit
557 3406 883 3478 operationis
915 3403 1113 3458 divinas
1142 3401 1337 3466 virtus,
1379 3401 1428 3454 ei
1473 3398 1787 3468 inspirando
1819 3396 2070 3449 manifes-

465 3501 543 3552 tat
570 3514 581 3548 :
617 3495 760 3564 quod
791 3492 1040 3548 videlicet
1079 3499 1130 3544 et
1159 3490 1296 3543 inter
1327 3487 1569 3559 pericula
1601 3487 1816 3540 salvare
1861 3483 2028 3554 possit
2047 3505 2069 3547 ,-

463 3584 609 3654 quod
637 3583 798 3638 etiam
852 3580 904 3634 in
935 3596 1070 3650 pace
1101 3578 1203 3632 nisi
1231 3593 1331 3647 per
1375 3593 1496 3632 eum
1539 3574 1722 3630 salvus
1769 3575 1839 3628 sit
1867 3588 2064 3638 nemo;

461 3672 610 3745 quod
636 3671 690 3724 in
742 3669 966 3725 tumultu
999 3667 1307 3722 certaminis
1338 3671 1625 3736 sperantes
1656 3663 1708 3716 in
1736 3678 1795 3717 se
1826 3677 1930 3717 non
1962 3660 2064 3715 de-

460 3759 739 3829 relinquit.
789 3757 870 3811 Ad
901 3757 1056 3826 cujus
1075 3763 1284 3810 tactum
1328 3762 1516 3809 venter
1545 3767 1760 3821 sponsa:
1787 3748 2063 3804 intremis-

462 3847 534 3904 cit
561 3864 571 3900 :
606 3846 732 3917 quia
760 3851 946 3900 sancta
976 3843 1154 3899 anima
1183 3856 1289 3911 quo
1330 3841 1562 3911 amplius
1593 3839 1828 3893 divinam
1861 3845 2062 3906 poten-

464 3935 593 3991 tiam
624 3951 724 4006 per
753 3933 1068 3988 interiorem
1099 3931 1461 3985 visitationem
1489 3927 1903 3999 praesentialiter
1931 3941 2061 3980 sen-

463 4025 544 4091 tit,
572 4039 644 4083 eo
675 4022 973 4078 districtius
1006 4020 1210 4088 judicat
1239 4018 1499 4090 quidquid
1544 4017 1599 4070 in
1627 4031 1684 4070 se
1713 4014 1927 4071 carnale
1956 4014 2060 4068 de-

459 4112 776 4185 prehendit.
814 4110 934 4180 Quo
966 4109 1110 4164 enim
1141 4107 1332 4177 majori
1362 4106 1620 4161 charitate
1649 4104 1705 4159 in
1735 4119 1861 4159 eum
1883 4103 2058 4170 ardet,

461 4218 622 4272 quem
653 4209 834 4256 mente
864 4197 1216 4268 concupiscit,
1248 4212 1314 4251 eo
1352 4195 1595 4250 timidius
1623 4211 1683 4248 se
1712 4193 1760 4247 ei
1817 4191 2056 4260 subjicit,

458 4298 509 4344 et
541 4289 778 4360 amplius
798 4295 1019 4343 veretur
1045 4302 1113 4341 ne
1133 4300 1368 4355 sponsus
1391 4283 1444 4337 in
1473 4298 1538 4336 ea
1563 4281 1766 4352 aliquid
1798 4281 2054 4347 inveniat,

454 4387 676 4450 prOpter
703 4376 848 4447 quod
871 4391 990 4430 eam
1021 4390 1053 4429 a
1078 4390 1138 4430 se
1157 4373 1426 4428 dimittere
1445 4371 1601 4428 velit.
1631 4368 1836 4424 Idcirco
1855 4382 2057 4438 sponso

457 4466 714 4521 obediens
743 4466 812 4519 ad
845 4464 1092 4538 laborem
1114 4478 1172 4517 se
1200 4467 1470 4533 praeparat
1495 4477 1507 4522 ;
1542 4466 1598 4513 ut
1627 4458 1764 4514 sicut
1790 4457 1842 4510 in
1875 4457 2056 4527 quiete

458 4553 742 4607 familiaris
769 4567 990 4623 sponso,
1025 4551 1103 4606 sic
1123 4559 1176 4606 et
1205 4551 1261 4605 in
1281 4551 1475 4605 labore
1497 4548 1692 4605 devote
1713 4545 1951 4603 serviens
1971 4559 2060 4614 ap-

456 4645 666 4712 pareat.
701 4641 830 4696 Ideo
877 4639 1080 4707 subdit,
1113 4639 1302 4696 dicens
1339 4657 1351 4693 :

533 4747 708 4817 (Vers.
741 4747 818 4815 5.)
852 4745 1104 4802 Surrexi
1134 4749 1199 4801 ut
1225 4746 1507 4816 aperirem
1538 4743 1743 4799 dilecto
1773 4757 1913 4799 meo.

531 4839 584 4891 8.
634 4835 798 4890 Tacta
834 4834 1013 4906 surgit
1049 4841 1105 4888 ut
1151 4833 1394 4904 aperiat:
1445 4832 1572 4904 quia
1618 4831 1756 4886 dum
1804 4829 2057 4900 spiritum

460 4924 766 4982 dilectionis
797 4923 1032 4994 amplius
1069 4922 1226 4978 solito
1258 4923 1475 4994 accipit,
1504 4938 1632 4977 mox
1661 4920 1728 4974 de
1758 4918 2058 4974 aediﬁcatio-

456 5031 526 5071 ne
565 5013 798 5087 proximi
829 5012 986 5082 438
1035 5011 1272 5082 cogitat;
1325 5019 1376 5066 et
1422 5008 1776 5083 praedicando
1819 5009 1950 5080 agit,
1999 5013 2058 5061 ut

459 5103 665 5174 apertis
696 5101 956 5159 cordibus
994 5101 1234 5173 Sponsus
1263 5101 1334 5156 ad
1363 5099 1748 5154 inhabitaudos
1777 5098 2054 5167 proximos

458 5193 684 5249 veniens
709 5192 916 5247 aditum
963 5189 1199 5246 intrandi
1255 5188 1520 5244 inveniat.
1563 5186 1696 5257 Quae
1734 5187 1904 5241 etiam
1933 5203 2054 5242 cum

455 5281 843 5353 praedicatione
880 5279 1130 5351 exempla
1168 5292 1392 5348 operum
1439 5275 1780 5333 auditoribus
1821 5274 2052 5330 demon—

458 5375 614 5439 strat,
647 5370 834 5427 dicens
867 5389 880 5425 :

495 5518 800 5593 «Μωδεεῖ
817 5518 1230 5593 omnes,qui_bu:
1244 5518 1628 5593 honqrabatur
1638 5516 2055 5593 etonerabatur

491 5589 576 5665 (b)
593 5589 672 5643 Ita
691 5603 815 5644 cum
829 5589 1081 5646 omnibus
1090 5591 1219 5645 Mss.
1239 5599 1345 5647 vet.
1363 5591 1468 5646 Ed.
1489 5589 1654 5646 Paris.
1670 5589 2022 5647 Recentiores

2181 3229 2372 3282 durum
2405 3229 2598 3298 fuerat,
2631 3229 2912 3298 solvimus,
2944 3238 2997 3285 et
3025 3230 3236 3300 Sponso
3285 3235 3526 3304 pulsanti
3576 3239 3647 3292 ad
3693 3255 3780 3294 os-

2182 3316 2336 3386 tium,
2371 3318 2639 3372 inlroitum
2691 3318 2921 3373 liberum
2952 3318 3197 3374 facimus.
3233 3321 3398 3390 Quod
3429 3324 3559 3380 dum
3604 3326 3659 3380 in
3685 3328 3782 3383 hac

2177 3420 2342 3460 carne
2372 3405 2625 3473 vivimus,
2676 3406 2801 3475 quia
2831 3415 3053 3477 repente
3082 3405 3197 3462 ﬁeri
3231 3425 3342 3465 non
3385 3418 3594 3481 potest,
3628 3422 3785 3470 restat

2175 3501 2233 3548 ut
2266 3494 2447 3565 magis
2473 3509 2540 3550 ac
2569 3495 2747 3566 magis
2787 3496 3027 3566 quotidie
3058 3495 3354 3553 faciamus.
3404 3501 3594 3557 Nemo
3623 3505 3779 3571 enim,

2177 3581 2316 3637 sicut
2346 3583 2614 3652 Scriptum
2661 3591 2761 3650 est,
2795 3591 3014 3654 repente
3051 3582 3110 3638 ﬁt
3152 3601 3426 3644 summus.
3478 3591 3784 3663 Aliquando

2175 3669 2318 3725 enim
2342 3672 2473 3725 dum
2496 3671 2548 3724 in
2567 3672 2668 3726 hac
2691 3672 3036 3742 corruptione
3046 3673 3205 3741 positi
3225 3673 3534 3732 Dominum
3553 3688 3786 3734 nostrum

2174 3758 2485 3829 quaerimus,
2535 3759 2710 3830 magis
2757 3759 2914 3814 nobis
2949 3759 3193 3832 elongari
3257 3779 3436 3834 quam
3467 3767 3790 3838 appropiare

2171 3846 2399 3902 videtur.
2425 3847 2662 3916 Ideoque
2690 3847 2962 3918 sequitur:
2992 3851 3059 3903 At
3086 3850 3185 3904 ille
3207 3850 3788 3928 declinaveratatque

2174 3936 2505 3991 transierat.
2531 3935 2692 3990 Modo
2717 3935 2958 4004 Sponsus
2987 3935 3245 3992 dilectam
3270 3941 3476 4012 tangit,
3502 3944 3670 3999 modo
3700 3944 3788 4000 de-

2169 4024 2332 4079 clinat
2359 4038 2371 4076 :
2407 4023 2532 4093 quia
2561 4023 2775 4092 quando
2808 4039 2908 4078 nos
2931 4029 3203 4094 torpentes
3232 4030 3617 4098 conspicit,ad
3643 4047 3789 4087 amo-

2169 4127 2286 4167 rem
2318 4111 2507 4166 incitat
2545 4129 2556 4164 :
2591 4111 2815 4183 quando
2848 4128 2977 4166 vero
3024 4112 3408 4170 laborantibus
3431 4118 3598 4173 nobis
3628 4135 3788 4191 posse

2167 4199 2501 4271 apprehendi
2519 4199 2766 4266 videtur,
2782 4203 2912 4255 tunc
2931 4215 2999 4256 ne
3037 4203 3503 4272 apprehendatur
3525 4209 3716 4264 transit
3741 4216 3790 4264 et

2168 4288 2422 4343 declinat.
2448 4286 2606 4356 Quod
2630 4287 2869 4342 maxima
2891 4288 2943 4342 in
2966 4289 3122 4344 nobis
3144 4290 3264 4360 ejus
3294 4294 3477 4364 gratia
3510 4296 3712 4368 agitur,
3735 4304 3791 4352 ut

2167 4376 2418 4432 videlicet
2447 4390 2548 4432 nec
2575 4375 2635 4430 in
2668 4383 2881 4447 torpore
2914 4387 3098 4432 nostro
3113 4379 3391 4452 jacentes,
3412 4386 3650 4441 omnino
3672 4401 3788 4441 eum

2087 4487 2141 4548 Ι)
2172 4464 2497 4532 amittamus,
2527 4479 2627 4519 nec
2673 4463 2742 4519 de
2771 4464 2932 4535 plena
2961 4466 3098 4534 ejus,
3131 4473 3187 4520 ut
3214 4467 3382 4522 nobis
3414 4471 3656 4541 videtur,
3690 4489 3792 4544 ap-

2171 4552 2533 4623 prehensione
2553 4551 2945 4622 superbiamus.
2965 4552 3069 4622 Qui
3091 4569 3218 4609 mox
3246 4563 3440 4614 tamen
3465 4568 3526 4615 ut
3555 4577 3797 4618 recesse-

2169 4640 2260 4705 rit,
2312 4638 2450 4694 redit
2488 4657 2500 4691 :
2535 4647 2588 4694 et
2613 4655 2680 4694 ne
2714 4640 2913 4695 diutius
2940 4641 3124 4697 anima
3167 4653 3361 4700 sancta
3408 4663 3443 4701 a
3475 4649 3680 4705 dilecto
3700 4665 3796 4705 suo

2169 4728 2456 4794 alienetur,
2482 4727 2651 4783 verbo
2681 4727 3047 4799 inspirationis
3069 4747 3183 4786 sua:
3219 4733 3568 4792 desideranti
3600 4737 3794 4794 anima:

2167 4832 2228 4959 fle
2258 4815 2512 4883 infundit,
2538 4819 2592 4871 et
2622 4831 2743 4871 eam
2772 4816 3071 4889 liquefacit.
3098 4819 3250 4876 Unde
3278 4823 3532 4880 exsultat
3563 4841 3787 4898 sponsa,

2207 4920 2354 4959 iceus
2379 4920 2392 4959 :

2207 4920 2354 4960 iceus
2379 4920 2392 4960 ζ

2237 5011 2419 5080 (Vers.
2460 5010 2540 5094 6.)
2573 5010 2776 5069 Anima
2802 5028 2926 5070 mea
2957 5015 3264 5087 lique/acta
3286 5021 3403 5087 est,
3441 5024 3513 5077 ut
3543 5021 3789 5079 dilectu:

2165 5100 2390 5157 locutu:
2422 5105 2528 5156 est.

2235 5207 2321 5262 11.
2355 5206 2435 5261 Ad
2466 5208 2691 5264 verbum
2723 5208 2921 5281 Sponsi
2969 5208 3314 5280 liquefactam
3365 5231 3432 5270 se
3465 5216 3622 5285 dicit,
3662 5215 3788 5288 quia

2162 5295 2294 5351 dum
2333 5295 2575 5353 Christus
2604 5314 2662 5354 se
2690 5313 2791 5370 per
2836 5297 3081 5369 spiritum
3125 5315 3280 5355 suum
3314 5301 3534 5362 animae
3564 5305 3791 5363 deside-

2160 5384 2298 5440 ranti
2326 5385 2577 5455 infundit,
2598 5401 2816 5445 omnem
2835 5387 3092 5443 duritiam
3112 5388 3289 5445 cordis
3322 5407 3467 5448 mox
3500 5395 3784 5453 dissolvit:

2162 5535 2264 5592 Ed.
2296 5543 2569 5594 mutarunt
2605 5537 2976 5612 praedicanti:
2998 5537 3051 5594 in
3072 5539 3556 5612 pradicationia.
