3996 6164
243 364 339 421 1521

242 497 295 544 et
324 487 626 559 aliquando
657 497 896 544 mentem
920 489 975 543 in
999 497 1171 545 tantas
1192 488 1775 561 lacrymasliquefacit,
1793 493 1851 542 ut
1877 487 1934 548 A

243 578 342 632 vix
373 594 570 650 capere
600 578 774 649 possit
803 578 907 634 hoc
936 578 1081 648 quod
1110 594 1169 632 se
1197 594 1393 649 capere
1426 576 1568 633 intra
1598 593 1661 633 se
1682 575 1857 634 exsul-

247 676 349 723 tat:
373 675 423 721 et
445 665 597 721 intus
614 666 839 722 miretur
857 667 985 737 quid
1006 667 1193 735 fuerit,
1213 673 1268 722 et
1296 666 1428 737 quid
1458 669 1627 736 439
1661 666 1857 721 factam

244 755 426 811 subito
456 755 696 826 seipsam
726 755 925 811 videat.
966 754 1139 824 Quem
1170 756 1443 826 liquorem
1491 755 1623 810 dum
1674 754 1854 822 sentit,

243 843 534 915 perfectius
562 844 977 915 apprehendere
1032 844 1367 916 concuspicit
1401 863 1414 907 ;
1476 852 1530 900 et
1563 843 1858 914 aliquando

250 934 385 988 dum
413 935 521 989 hoc
550 933 732 1005 ipsum
763 934 984 1006 cogitat,
1016 935 1120 989 hoc
1161 933 1307 1005 quod
1358 933 1521 988 modo
1569 932 1855 1000 sentiebat,

240 1023 360 1092 jam
392 1037 501 1077 non
530 1022 713 1077 sentit.
746 1022 901 1078 Unde
926 1022 1244 1078 sollicitatur
1272 1021 1343 1077 ad
1391 1022 1766 1092 quaerendum,
1801 1029 1859 1075 ut

248 1113 355 1167 hoc
386 1110 529 1167 idem
561 1110 833 1177 inveniat;
870 1111 965 1166 sed
994 1110 1291 1181 aliquando
1321 1126 1445 1167 cum
1478 1111 1641 1165 etiam
1657 1110 1751 1165 diu
1773 1109 1860 1164 fa-

248 1201 474 1273 tigetur,
496 1216 607 1255 non
626 1200 849 1270 invenit,
864 1201 1011 1272 quod
1027 1201 1191 1256 modo
1215 1207 1328 1255 tam
1349 1215 1598 1271 praesens
1612 1198 1854 1255 tenebat.

250 1290 390 1344 Ideo
418 1289 664 1360 sequitur
694 1303 709 1343 :

327 1378 514 1446 (Vers.
530 1378 607 1447 6.)
626 1378 886 1447 Quaesivi,
910 1383 966 1435 et
980 1396 1095 1437 non
1118 1376 1316 1436 inveni
1330 1379 1498 1434 illum
1516 1396 1533 1430 :
1558 1378 1767 1447 vocavi,
1805 1380 1861 1432 et

253 1484 375 1524 non
408 1467 699 1540 respondit
722 1468 889 1524 mihi.

330 1560 427 1613 12.
462 1555 667 1625 Quaerit
698 1572 898 1626 sponsa
916 1557 1190 1625 dilectum,
1211 1555 1308 1613 sed
1330 1571 1440 1612 non
1462 1553 1700 1617 invenit;
1736 1553 1863 1627 quia

253 1662 286 1701 a
316 1647 440 1701 Deo
471 1645 731 1717 inspirata
756 1661 909 1700 mens
954 1645 1172 1701 assidue
1219 1644 1480 1701 suavitate
1522 1643 1613 1698 illa
1674 1643 1862 1697 intima

252 1735 467 1807 perfrui
490 1734 961 1806 concupiscit,sed
989 1734 1265 1805 corruptio
1314 1732 1582 1806 prohibet,
1616 1748 1775 1803 quam
1806 1731 1862 1785 in

955 358 1180 421 SUPER
1208 354 1510 419 CANTICA
1541 357 1989 420 CANTICORUM
2018 353 2419 417 EXPOSI’I’IO.
2460 392 2526 404 —
2567 362 2713 421 CAP.
2754 362 2845 421 Vl.

3451 332 3556 427 δεῖ
3571 360 3581 369 ⁸

2029 486 2210 557 (Vers.
2236 487 2312 559 9.)
2330 486 2523 554 Qualis
2542 492 2627 544 est
2649 488 2891 547 dilectus
2913 494 3043 548 tuus
3059 507 3133 548 ex
3150 492 3381 563 dilecto,
3396 484 3562 568 opul-

1966 576 2248 631 cherrima
2278 576 2591 634 mulierum
2615 576 2643 630 ?

2038 664 2144 719 Sed
2174 665 2302 735 quia
2332 681 2439 737 quo
2472 666 2752 721 ardentius
2776 667 3027 740 diligunt,
3060 685 3123 724 eo
3152 668 3359 726 dulcius
3397 671 3564 729 verba

1968 753 2036 809 de
2066 769 2131 809 eo
2161 762 2428 824 repetunt,
2457 755 2601 810 idem
2633 756 2810 826 ipsum
2842 757 3033 812 iterum
3066 757 3249 814 dicunt
3282 779 3293 815 :

2041 843 2212 911 (Vers.
2234 846 2311 913 9.)
2340 844 2531 913 Qualis
2552 849 2636 901 est
2660 845 2901 902 dilectus
2932 853 3062 903 tuus
3084 863 3158 904 ex
3179 848 3413 907 dilecto:
3436 853 3569 925 quia

1968 932 2048 988 sic
2072 932 2357 1003 adjurasti
2386 950 2486 990 nos
2503 934 2533 986 ?

2040 1021 2278 1076 Dilectus
2309 1038 2377 1077 ex
2407 1022 2605 1079 dilecto
2637 1023 2887 1096 Sponsus
2915 1024 3110 1081 dicitur
3142 1044 3154 1080 :
3206 1035 3263 1082 ut
3318 1027 3571 1086 videlicet

1967 1126 2065 1180 per
2095 1111 2477 1181 repetitionem
2515 1112 2841 1183 dilectionis,
2876 1116 3145 1170 maximus
3162 1132 3316 1171 amor
3336 1117 3567 1187 loquen-

1967 1200 2038 1254 tis
2067 1198 2407 1257 ostendatur.
2443 1200 2542 1256 Vel
2562 1201 2791 1259 dilectus
2822 1220 2887 1259 ex
2916 1203 3118 1260 dilecto
3147 1204 3290 1261 bene
3321 1206 3572 1262 Christus

1969 1296 2223 1352 vocatur;
2256 1289 2382 1359 quia
2414 1289 2459 1343 si
2493 1290 2682 1345 Filium
2713 1291 3013 1364 diligimus,
3046 1300 3099 1348 et
3128 1294 3343 1350 Patrem
3370 1312 3437 1350 ex
3463 1312 3571 1367 quo

1970 1384 2067 1446 est,
2100 1386 2497 1448 consequenter
2525 1395 2799 1435 amamus.
2820 1380 3131 1452 Respondet
3159 1398 3355 1455 sponsa
3386 1384 3570 1439 subse-

1972 1467 2208 1539 quendo,
2229 1467 2416 1522 dicens
2447 1486 2460 1522 :

2059 1556 2230 1624 440
2261 1556 2845 1627 (Vers.tO.)Dilectus
2865 1576 3024 1617 meus
3064 1562 3342 1619 candidus
3381 1567 3467 1619 est
3515 1570 3571 1621 et

1973 1643 2338 1713 rubicundus,
2363 1647 2576 1702 electus
2599 1662 2674 1703 ea:
2703 1649 2981 1705 millibus.

2044 1736 2130 1787 15.
2164 1733 2440 1789 Candidus
2469 1741 2521 1789 et
2552 1735 2881 1792 rubicundus
2902 1738 3144 1795 Christus
3160 1756 3280 1796 esse
3310 1742 3569 1813 perhibe-

250 1823 361 1879 hac
394 1824 505 1878 vita
523 1823 682 1896 gerit.
708 1825 879 1880 Vocat
894 1839 1029 1895 ergo
1051 1832 1103 1879 et
1131 1838 1237 1880 non
1260 1822 1711 1894 respondeturei:
1734 1819 1860 1893 quia
1887 1839 1941 1900 Β
1970 1828 2055 1876 tur
2079 1839 2092 1886 ;
2125 1822 2252 1893 quia
2278 1822 2485 1878 nullum
2512 1824 2734 1880 omnino
2766 1834 3051 1897 peccatum
3082 1827 3314 1899 faciens,
3341 1831 3569 1900 justitiae

252 1920 307 1966 et
338 1912 687 1968 orationibus
707 1920 759 1967 et
784 1912 1189 1983 operationibus
1218 1912 1329 1968 suis
1376 1910 1663 1967 dulcedine
1719 1909 1862 1964 illius

252 2002 567 2072 praesentia:
596 2001 776 2057 satiari
810 2001 1031 2073 appetit,
1067 2002 1165 2057 sed
1193 2001 1263 2057 ad
1307 2010 1492 2058 votum
1549 2016 1707 2055 suum
1760 2001 1863 2054 hoc

252 2092 404 2161 quod
438 2092 680 2159 invocat,
712 2107 823 2147 non
838 2091 1094 2147 occurrit.
1117 2091 1303 2146 Restat
1332 2105 1464 2162 ergo
1485 2098 1542 2143 ut
1571 2090 1627 2143 in
1655 2104 1712 2144 se
1768 2104 1860 2144 re-

254 2189 479 2235 vertens
508 2196 567 2236 se
595 2188 910 2252 cognoscat,
942 2188 995 2235 et
1022 2195 1120 2251 per
1148 2179 1453 2249 Scripturas
1496 2186 1713 2233 sanctas
1770 2178 1860 2231 di-

250 2270 459 2324 lectum
490 2285 650 2323 suum
679 2270 857 2342 magis
885 2268 977 2325 illo
1005 2276 1168 2342 gustu
1196 2267 1385 2339 adjuta
1430 2265 1729 2338 perquirat.
1794 2266 1864 2321 Et

251 2359 357 2414 hoc
389 2366 476 2414 est
504 2358 655 2428 quod
684 2359 925 2428 sequitur
953 2376 966 2411 :

319 2448 507 2517 (Vers.
525 2446 607 2513 7.)
622 2447 1078 2504 Inveneruntme
1098 2445 1381 2513 custodes,
1410 2446 1507 2519 qui
1526 2444 1861 2502 custodiunt

242 2537 567 2602 civitatem,
586 2540 993 2609 percusserunt
1017 2552 1129 2604 me,
1165 2539 1221 2591 et
1269 2535 1719 2591 vulneraverunt
1742 2548 1862 2589 me:

248 2627 527 2682 tulerunt
555 2627 775 2697 palium
795 2641 987 2681 meum
1014 2623 1610 2680 custodesmurorum.

322 2718 413 2769 13.
448 2715 591 2769 Dum
620 2714 972 2784 inquisitione
1001 2712 1182 2768 dilecti
1211 2727 1409 2783 sponsa
1440 2711 1779 2777 sollicitatur,
1805 2710 1861 2765 in

243 2802 507 2859 custodes
534 2802 770 2859 civitatis
798 2802 989 2858 indicit
1020 2822 1032 2858 :
1063 2801 1154 2874 qui
1183 2801 1313 2856 dum
1337 2808 1528 2857 sancta
1549 2815 1703 2855 mens
1719 2799 1861 2854 desi-

243 2894 402 2949 derio
436 2891 638 2963 Sponsi
667 2892 747 2946 sui
800 2891 997 2947 Christi
1052 2907 1110 2945 se
1167 2889 1377 2962 aﬂligit,
1436 2887 1858 2960 praedicatorum

241 2981 419 3037 verba
450 2980 507 3035 in
535 2980 838 3052 Scripturis
867 2979 1066 3035 divinis
1094 2978 1338 3050 suscipit,
1371 2987 1425 3033 et
1452 2979 1533 3034 eis
1562 2977 1804 3049 quandiu
1827 2993 1860 3031 a

241 3070 555 3139 Christo(a)
577 3068 806 3137 exsulat,
830 3069 1074 3138 ejusdem
1096 3084 1259 3139 quem
1282 3065 1651 3138 quaerebat(b)
1683 3065 1859 3121 amori

1974 1910 2426 1982 pulchritudinem
2453 1928 2520 1968 ex
2552 1912 2766 1986 integro
2800 1917 2988 1984 tenuit,
3021 1925 3073 1971 et
3104 1926 3282 1975 tamen
3316 1928 3570 1991 tanquam

1974 2006 2228 2071 peccator
2257 2008 2419 2069 esset,
2439 2002 2507 2055 ad
2531 2003 2716 2057 mortis
2747 2004 3055 2074 passionem
3087 2008 3336 2063 accessit.
3358 2008 3456 2064 Cui
3476 2025 3575 2080 per

1971 2088 2292 2159 prophetam
2307 2089 2531 2145 dicitur:
2552 2092 2731 2159 Quare
2746 2109 2873 2163 ergo
2893 2094 3130 2151 rubrum
3149 2100 3233 2152 est
3260 2098 3572 2155 indumen—

1976 2181 2097 2233 tum
2119 2185 2278 2233 tuum
2302 2182 2323 2234 ?
2345 2178 2504 2251 (Isai.
2524 2196 2673 2248 LXIII,
2700 2181 2779 2249 2.)
2800 2181 3027 2238 Electus
3055 2200 3183 2240 vero
3213 2193 3293 2239 est
3326 2202 3393 2240 ex
3410 2188 3577 2241 milli-

1972 2265 2093 2333 bus,
2118 2266 2243 2336 quia
2274 2284 2339 2322 ex
2363 2268 2527 2323 totius
2556 2270 2776 2341 generis
2808 2272 3025 2326 humani
3052 2275 3577 2340 massa,nullussine

1972 2364 2196 2424 peccato
2216 2357 2481 2427 reperitur
2514 2374 2527 2413 :
2562 2360 2680 2429 ipse
2698 2375 2829 2414 vero
2854 2376 2963 2416 non
2980 2361 3154 2416 solum
3204 2362 3320 2418 sine
3348 2373 3577 2435 peccato

1973 2444 2093 2511 fuit,
2122 2445 2213 2500 sed
2248 2446 2410 2501 etiam
2440 2455 2755 2517 pecwtores
2810 2466 2905 2503 sua
2949 2448 3158 2519 justitia
3204 2459 3259 2507 et
3311 2453 3579 2525 sanguine

1973 2534 2227 2590 redemit.
2256 2534 2512 2606 Sequitur
2544 2554 2556 2589 :

2044 2624 2214 2694 (Vers.
2238 2624 2351 2695 11.)
2367 2626 2546 2697 Caput
2564 2627 2682 2697 ejus
2695 2642 2903 2682 aurum
2921 2628 3235 2701 optimum:
3261 2646 3436 2687 comae
3455 2634 3578 2699 eius

1971 2712 2122 2769 sicut
2148 2714 2314 2768 elata
2329 2714 2685 2785 palmarum,
2705 2716 2885 2787 nigra:
2913 2717 3065 2773 sicut
3086 2735 3305 2775 corvus.

2043 2802 2133 2855 16.
2176 2800 2348 2873 Caput
2379 2801 2569 2856 Christi
2596 2802 2758 2858 Deus.
2789 2804 2949 2872 Quod
2994 2815 3157 2877 caput
3199 2806 3339 2863 bene
3384 2823 3578 2864 aurum

1972 2888 2198 2951 dicitur;
2247 2889 2372 2959 quia
2428 2890 2496 2944 ad
2550 2892 3016 2961 comparationem
3075 2893 3348 2950 Creatoris
3398 2898 3577 2951 omnis

1970 2987 2214 3034 creatura
2237 2995 2324 3033 res
2354 2978 2618 3035 vilissima
2648 2980 2999 3051 perpenditur
3028 2983 3084 3055 (I
3098 2984 3219 3039 Cor.
3239 2986 3341 3055 χι).
3389 2983 3578 3042 Comae

1969 3068 2090 3137 ejus
2105 3068 2256 3125 sicut
2279 3068 2446 3123 elata:
2459 3068 2806 3140 palmarum,
2826 3071 3007 3143 nigra:
3022 3073 3175 3128 sicut
3192 3089 3412 3130 corvus.
3435 3073 3577 3142 Quid

242 3158 498 3213 intendit.
518 3158 580 3213 In
600 3158 795 3228 quibus
815 3157 948 3230 quid
969 3156 1370 3213 exercitationis
1400 3155 1660 3220 inveniat,
1716 3154 1853 3209 sub-
1886 3197 1935 3263 Ο
1968 3171 2066 3226 per
2093 3170 2277 3211 comas
2303 3156 2517 3225 Christi,
2550 3157 2667 3213 nise
2698 3156 2890 3214 ﬁdeles
2922 3159 3580 3235 quosqueintelligimus?

235 3248 420 3320 jungit
440 3264 455 3301 :
474 3250 881 3304 Pereusserunt
897 3262 1001 3315 me,
1018 3246 1533 3302 etvulneraverunt
1555 3258 1645 3300 me
1664 3262 1680 3297 :
1706 3243 1855 3299 tule-

239 3341 385 3393 runt
397 3337 643 3409 pallium
654 3351 845 3393 meum
860 3334 1116 3391 custodes
1131 3333 1722 3391 murorum.Custodes
1736 3347 1858 3402 per-

238 3426 453 3482 cutiunt
505 3440 763 3497 sponsam
811 3432 865 3481 et
909 3424 1233 3491 vulnerant;
1290 3423 1416 3494 quia
1472 3421 1857 3494 praedicatores

240 3516 418 3570 sancti
449 3515 579 3569 dum
612 3514 858 3569 coelestia
913 3512 1234 3585 loquuntur,
1280 3519 1559 3567 amantem
1614 3510 1853 3566 animam

242 3603 509 3673 alliciunt,
540 3611 594 3659 et
619 3603 815 3673 majori
837 3618 1022 3659 amore
1050 3601 1330 3675 sagittant.
1362 3600 1589 3655 Pallium
1619 3599 1811 3656 tollunt
1837 3618 1851 3662 ;

240 3692 376 3763 quia
404 3693 450 3747 si
482 3692 613 3763 quid
624 3707 841 3763 pompae
853 3690 1128 3747 saecularis
1148 3689 1428 3745 residuum
1450 3696 1565 3744 erat
1584 3687 1641 3742 in
1662 3688 1853 3754 corde,

241 3780 712 3837 exhortationibus
738 3780 847 3836 suis
876 3779 947 3835 ab
965 3778 1147 3835 animo
1170 3777 1445 3835 auferunt.
1470 3776 1697 3832 Pallium
1740 3776 1853 3832 tol-

239 3869 365 3925 lunt
392 3888 408 3936 ;
441 3868 571 3941 quia
600 3869 893 3942 aliquando
920 3876 1045 3923 ante
1073 3867 1252 3924 verba
1292 3865 1714 3937 praedicatorum
1747 3880 1852 3920 nos

242 3974 360 4014 non
382 3958 869 4030 cognoscebamus,
898 3956 1109 4029 ipsique
1138 3970 1301 4011 omne
1330 3954 1476 4027 quod
1509 3954 1733 4008 interius
1763 3953 1850 4008 la-

245 4048 397 4102 tebat
420 4047 550 4102 dum
578 4048 886 4118 loquuntur,
900 4045 1186 4118 detegunt.
1213 4043 1373 4112 Quod
1386 4044 1515 4098 dum
1528 4041 1850 4111 ﬁt,amplius

244 4134 512 4208 diligendi
541 4143 710 4191 sunt:
744 4142 800 4190 et
840 4142 895 4189 ut
939 4149 1040 4204 pro
1082 4132 1242 4189 nobis
1288 4132 1487 4187 dilecto
1536 4130 1847 4201 loquantur,

244 4224 496 4280 devotius
522 4223 804 4280 exorandi.
838 4222 999 4292 Quod
1021 4222 1342 4294 agitsponsa
1363 4220 1490 4275 dum
1522 4218 1808 4290 subjungit
1832 4236 1844 4271 :

316 4312 495 4383 (Vers.
511 4317 584 4383 8.)
600 4313 808 4384 Adjuro
823 4312 1074 4381 vos,ﬁliaz
1084 4310 1424 4377 Jerusalem,
1442 4309 1491 4364 si
1506 4308 1848 4364 inveneritis

246 4403 518 4458 dilectum
536 4419 745 4470 meum,
764 4404 832 4457 ut
850 4400 1138 4456 nuntietis
1151 4400 1204 4455 ei
1220 4400 1353 4471 quia
1368 4413 1558 4454 amore
1581 4398 1843 4467 langueo.

320 4494 409 4546 ﬂ.
440 4491 578 4545 Dum
616 4491 762 4546 enim
791 4489 991 4545 sanctis
1033 4487 1161 4544 viris
1216 4486 1577 4559 c0gitationes
1636 4492 1847 4539 nostras

1968 3244 2072 3313 Qui
2102 3244 2230 3299 dum
2264 3244 2424 3300 ﬁdem
2458 3245 2731 3302 Trinitatis
2762 3246 2816 3301 in
2835 3257 3015 3305 mente
3038 3249 3367 3319 custodiunt,
3394 3259 3447 3306 et
3463 3252 3577 3306 Deo

1965 3334 2331 3401 adhaerentes,
2363 3335 2510 3406 quod
2536 3336 2760 3391 credunt
2791 3336 3015 3405 faciunt,
3069 3340 3221 3408 quasi
3280 3340 3338 3393 in
3394 3341 3573 3410 capite

1965 3422 2267 3494 pendentes
2296 3423 2562 3479 honorem
2591 3425 2829 3496 portanti
2853 3426 3157 3482 conferunt.
3191 3428 3378 3483 Palma
3393 3438 3575 3484 autem

1960 3510 2016 3565 in
2049 3510 2219 3566 altum
2253 3512 2599 3569 ascendendo
2630 3512 2789 3569 valde
2818 3513 3053 3584 proﬁcit,
3087 3522 3140 3570 et
3176 3515 3461 3572 victoriam
3492 3517 3571 3572 si-

1962 3598 2309 3670 gniﬁcatione
2338 3616 2430 3655 sua
2460 3601 2765 3672 praetendit.
2794 3601 2978 3657 Coma:
3022 3619 3158 3677 ergo
3210 3604 3350 3660 sicut
3407 3605 3568 3661 elatae

1959 3687 2262 3757 palmarum
2293 3698 2416 3744 sunt
2449 3706 2461 3743 :
2496 3690 2624 3759 quia
2653 3690 2812 3746 electi
2840 3691 3040 3762 quique
3070 3693 3199 3747 dum
3229 3710 3452 3768 semper
3500 3696 3571 3750 ad

1959 3776 2066 3832 alta
2096 3776 2354 3833 virtutum
2384 3793 2442 3833 se
2470 3776 2718 3847 efferunt,
2750 3795 2849 3850 per
2864 3780 2963 3835 Dei
2981 3781 3214 3852 gratiam
3244 3783 3571 3856 quandoque

1954 3866 2024 3921 ad
2053 3866 2333 3922 victoriam
2363 3883 2422 3922 se
2450 3867 2768 3938 percudunt.
2802 3868 2989 3939 Nigrae
3012 3877 3188 3925 autem
3210 3870 3567 3929 sicutcorvus

1954 3953 2193 4009 existunt
2225 3972 2238 4008 :
2271 3954 2395 4024 quia
2426 3954 2677 4024 quamvis
2712 3955 2998 4011 virtutibus
3027 3974 3084 4012 se
3141 3958 3371 4031 erigant,
3408 3977 3561 4017 sem-

1957 4059 2059 4113 per
2090 4050 2271 4097 tamen
2300 4050 2607 4113 peccatores
2636 4059 2697 4098 se
2729 4059 2846 4099 esse
2874 4054 3229 4116 cognoscunt.
3264 4048 3561 4119 Sequitur:

2019 4130 2199 4202 (Vers.
2224 4130 2334 4200 1‘2.)
2357 4131 2516 4187 Oculi
2530 4129 2653 4201 ejus
2674 4131 2824 4188 sicut
2844 4133 3119 4189 columba:
3138 4150 3312 4206 super
3344 4136 3560 4191 rivulos

1947 4235 2249 4291 aquarum,
2275 4220 2563 4292 qucelacte
2593 4225 2733 4276 sunt
2765 4221 2916 4292 lotae,
2970 4225 3025 4278 et
3083 4222 3335 4279 resident
3384 4224 3559 4294 iuxta

1956 4310 2178 4377 ﬂuenta
2208 4308 2569 4381 plenissima.

2026 4400 2114 4453 47.
2153 4398 2225 4468 (c)
2252 4396 2408 4453 Oculi
2436 4398 2625 4469 sponsi
2655 4397 2799 4455 sicut
2828 4397 3097 4455 columbae
3114 4408 3255 4469 sunt,
3281 4401 3407 4472 quia
3428 4417 3565 4472 prae-

1956 4487 2225 4542 dicatores
2256 4486 2455 4541 Christi
2486 4486 2575 4557 qui
2605 4485 2751 4542 viam
2784 4487 2940 4543 nobis
2973 4490 3279 4559 ostendunt,
3312 4490 3365 4546 in
3423 4492 3564 4546 sim-

245 4596 571 4650 reseramus,
600 4580 733 4634 dum
764 4578 841 4634 eis
870 4578 987 4632 sive
1015 4575 1325 4633 viventibus
1369 4573 1670 4639 nobiscum,
1728 4572 1843 4628 sive
1872 4547 1925 4607 D
1955 4573 2195 4645 plicitate
2227 4574 2433 4630 vivunt.
2468 4574 2647 4646 Super
2676 4575 2881 4633 rivulos
2912 4585 3090 4632 autem
3119 4593 3388 4648 aquarum
3436 4598 3566 4638 esse

238 4669 352 4736 jam
386 4668 547 4723 vitam
575 4677 832 4724 aeternam
888 4664 1147 4738 ingressis
1205 4661 1537 4719 desiderium
1595 4668 1847 4716 nostrum

246 4757 623 4827 expendimus,
643 4765 695 4812 et
716 4772 813 4828 per
826 4756 998 4810 Deum
1031 4768 1269 4823 oramus,
1294 4760 1353 4805 ut
1382 4750 1613 4805 Domino
1635 4748 1848 4804 Christo

248 4862 347 4917 pro
382 4847 533 4901 nobis
551 4846 756 4901 orando
787 4843 1015 4900 offerant
1042 4841 1371 4897 desiderium
1404 4855 1511 4910 quo
1560 4838 1843 4906 aﬁicimur,

250 4935 383 5005 quid
413 4934 553 4989 aliud
582 4935 819 5007 agimus,
852 4948 1013 5005 quam
1032 4930 1169 4986 filias
1189 4929 1481 4986 Jerusalem
1506 4927 1843 4998 adjuramus,

247 5034 304 5079 ut
330 5023 550 5092 dilecto,
572 5026 661 5079 cui
690 5021 851 5078 nobis
882 5019 1238 5092 proximiores
1266 5026 1409 5085 sunt,
1450 5017 1696 5071 nuntient
1720 5016 1847 5088 quia

246 5128 435 5168 amore
462 5113 782 5185 languemus
809 5112 839 5165 ?
867 5110 972 5167 Sed
1006 5117 1058 5164 et
1087 5108 1188 5180 ipsi
1220 5107 1425 5175 Sancti,
1457 5105 1505 5161 si
1536 5105 1714 5161 adhuc
1740 5120 1844 5158 no-

248 5202 454 5257 biscum
488 5210 627 5271 sunt,
652 5209 707 5257 et
735 5207 978 5256 oratores
1007 5214 1133 5253 suos
1162 5200 1338 5265 orant,
1372 5203 1425 5252 et
1456 5195 1545 5265 qui
1592 5202 1650 5248 ut
1694 5209 1841 5248 nun-

248 5291 403 5359 tient,
430 5299 667 5358 orantur,
703 5305 815 5360 pra:
845 5286 1144 5343 humilitate
1200 5293 1462 5359 tanquam
1516 5282 1693 5355 ignari
1751 5283 1841 5337 in-

244 5388 543 5453 terrogant,
572 5379 814 5436 dicentes
846 5393 860 5435 :

316 5554 403 5623 (a)
415 5553 744 5624 Rothomag.
763 5563 925 5620 quem
941 5547 1182 5620 sequitur
1196 5544 1339 5601 Edit.
1363 5543 1529 5601 Gilot.
1540 5586 1554 5610 ,
1577 5543 1832 5600 exultat.

235 5640 672 5776 {agmqnnulli
689 5639 814 5708 Ed.,
846 5653 1037 5696 amore
1077 5634 1381 5706 incendit;
1412 5632 1594 5692 caeteri
1650 5646 1841 5690 amore

528 5811 768 5868 Panos.
814 5804 1066 5865 LXXIX.

1959 4663 2332 4734 perhibentur,
2367 4664 2495 4733 quia
2524 4680 2741 4735 semper
2797 4664 2851 4719 in
2912 4666 3207 4722 reiectione
3264 4668 3568 4726 divinarum

1960 4751 2356 4822 Scripturarum
2388 4760 2797 4809 conversantur.
2845 4755 3007 4810 Lacte
3072 4772 3202 4811 vero
3261 4766 3387 4813 sunt
3443 4760 3569 4815 lotae

1958 4840 2081 4911 quia
2112 4840 2289 4913 gratia
2317 4840 2591 4896 creatricis
2621 4842 2902 4913 sapientiae
2935 4851 3193 4915 tanquam
3237 4846 3377 4902 lacte
3436 4864 3559 4903 ma-

1957 4929 2070 4999 tris,
2103 4946 2135 4984 a
2166 4930 2401 4999 peccatis
2428 4945 2526 5001 per
2551 4930 2887 5000 baptismum
2918 4940 3044 4988 sunt
3072 4934 3373 4990 mundata.
3414 4936 3561 5003 Quid

1955 5026 2135 5074 autem
2163 5036 2262 5091 per
2288 5018 2489 5075 ﬂuenta
2514 5020 2855 5090 plenissima,
2910 5022 3070 5091 juxta
3120 5038 3241 5091 quae
3300 5023 3556 5091 resident,

1954 5108 2335 5180 intelligimus,
2368 5108 2469 5163 nisi
2500 5124 2670 5165 sacrm
2692 5109 2986 5179 Scripturee
3001 5108 3268 5181 profunda
3280 5118 3332 5165 et
3355 5126 3561 5167 arcana

1953 5198 2116 5265 dicta,
2150 5213 2269 5269 quae
2301 5197 2675 5269 discerpimus,
2709 5197 2908 5269 quibus
2939 5213 3038 5252 nos
3069 5197 3365 5269 reficimus,
3422 5198 3553 5253 dum

1953 5303 2015 5343 ea
2045 5287 2280 5359 legendo
2312 5286 2396 5343 vel
2426 5286 2700 5341 audiendo
2727 5284 2998 5340 haurimus
3022 5286 3050 5337 ‘?
3092 5286 3177 5341 Ad
3230 5287 3334 5342 hoc
3390 5287 3556 5344 etiam

1953 5375 2223 5432 columbae
2246 5376 2408 5446 juxta
2436 5374 2635 5432 ﬂuenta
2663 5373 2903 5431 residere
2934 5374 3128 5442 solent,
3162 5382 3219 5430 ut
3250 5375 3554 5433 volantium

2023 5554 2099 5627 (c)
2128 5555 2189 5610 In
2215 5553 2488 5611 nonnullis
2514 5555 2642 5627 Mss.
2677 5559 2731 5607 et
2785 5550 3039 5609 omnibus
3095 5553 3337 5623 excusis,
3401 5558 3553 5615 oculi

1952 5624 2173 5701 sponsae
2188 5645 2213 5691 ,-
2243 5641 2428 5685 errore
2456 5624 2767 5683 manifesto.

3197 5800 3266 5859 17
