3996 6164
512 371 617 430 523

1726 362 1977 423 SANCTI
2017 363 2359 451 GREGORII
2395 362 2624 423 MAGNI

3484 48 3491 51 '
3508 48 3661 63 .‘iTI-T
3682 62 3689 67 ,

3691 379 3782 439 εει

512 495 693 553 avium
723 494 970 551 umbram
1002 492 1057 549 in
1088 509 1226 567 aqua
1254 492 1496 564 videant,
1529 509 1693 565 super
1720 508 1882 564 quam
1901 507 1957 546 se
1977 505 2107 562 pro-
2135 488 2191 551 Α
2219 505 2339 546 esse
2364 490 2759 561 perhibentur;
2783 492 2911 565 quia
2941 501 3130 550 sancta
3157 509 3323 566 opera
3350 493 3467 566 ejus
3493 498 3604 555 sine
3628 500 3782 575 impo-

508 585 784 654 jicientes,
818 600 1032 657 ungues
1060 583 1385 655 rapientium
1414 582 1492 639 sic
1522 581 1804 655 eﬁ‘ugiant.
1826 580 1917 637 Sic
1937 577 2113 635 sancti

507 674 608 730 viri
638 674 693 728 in
724 673 1003 746 Scriptura
1030 680 1218 727 sancta
1247 671 1468 728 fraudes
1524 671 1832 727 daemonum
1888 667 2108 740 perspi-

511 764 678 830 ciunt,
712 769 765 817 et
792 777 863 819 ex
893 761 1258 833 descriptione
1288 777 1451 831 quam
1480 759 1686 829 vident,
1707 758 1859 830 quasi
1889 774 1957 813 ex
1985 772 2111 821 um-

508 853 610 907 bra
638 853 862 908 hostem
887 854 1244 922 cognoscunt.
1266 850 1517 920 Dumque
1531 865 1590 906 se
1609 847 1854 905 consiliis
1869 846 2109 918 Scriptu-

509 958 587 997 ra:
618 957 687 996 ex
718 948 829 995 toto
851 939 1126 1005 addicunt,
1160 944 1222 994 ut
1277 938 1533 995 videlicet
1589 937 1725 991 nihil
1783 941 1948 1009 agant
2005 934 2107 989 nisi

512 1030 656 1104 quod
687 1045 754 1084 ex
783 1043 1050 1101 responso
1078 1027 1473 1098 Scripturarum
1532 1026 1774 1093 audiunt,
1834 1023 1989 1097 quasi
2052 1024 2104 1078 in

508 1134 706 1191 aquam
742 1134 799 1173 se
827 1116 1201 1188 projicientes,
1235 1115 1375 1171 hosti
1404 1115 1653 1170 illudunt.
1716 1112 1850 1183 Quae
1906 1112 2107 1168 ﬂuenta

506 1207 825 1280 plenissima
854 1206 1139 1260 dicuntur:
1173 1205 1298 1274 quia
1331 1204 1398 1260 de
1427 1203 1854 1275 quibuscumque
1881 1218 2105 1272 scrupu-

508 1299 575 1353 lis
606 1297 662 1351 in
692 1293 985 1367 Scripturis
1014 1293 1300 1349 consilium
1327 1293 1584 1363 quaeritur
1612 1292 1724 1347 sine
1746 1290 2106 1347 minoratione

506 1387 574 1441 de
605 1383 858 1442 omnibus
887 1383 956 1438 ad
986 1383 1206 1453 plenum
1238 1381 1531 1437 invenitur.

576 1474 756 1543 (Vere.
790 1470 1085 1541 13.)Genm
1113 1470 1279 1525 illius
1325 1471 1477 1526 sicut
1494 1468 1702 1527 areola:
1756 1472 2099 1537 aromatum,

502 1564 738 1621 consin
753 1577 788 1617 α
814 1560 1232 1633 pigmentariis.

579 1655 665 1706 18.
698 1651 756 1706 Si
777 1666 875 1722 per
902 1649 1089 1704 oculos
1121 1648 1502 1728 praedicatores
1538 1646 1913 1719 designantur,
1963 1645 2104 1701 bene

508 1757 609 1812 per
636 1754 809 1813 genas
838 1737 942 1808 ipsi
971 1739 1024 1791 in
1060 1736 1304 1793 Ecclesia
1333 1734 1654 1809 ﬁgurantur,
1685 1734 1843 1808 quiin
1864 1734 2107 1790 Ecclesia

507 1829 765 1901 martyrio
794 1827 965 1882 vitam
994 1824 1181 1881 ﬁnisse
1209 1825 1583 1898 perhibentur.
1614 1825 1755 1879 Dum
1799 1824 1943 1878 enim
2000 1839 2102 1895 pro
2129 1843 2186 1908 Β

502 1918 611 1975 ﬁde
641 1916 839 1972 Christi
870 1915 1192 1987 sanguinem
1223 1931 1378 1969 suum
1412 1913 1637 1969 fundere
1668 1928 1776 1968 non
1822 1911 2095 1980 dubitant,

501 2007 652 2082 quasi
683 2022 841 2079 genas
870 2004 922 2059 in
955 2003 1095 2060 facie
1128 2002 1325 2074 Sponsi
1354 2002 1576 2058 rubent.
1616 2003 1718 2059 Per
1760 2017 1855 2057 eos
1894 2000 2100 2072 quippe

498 2095 844 2169 pulchritudo
875 2093 996 2148 ﬁdei
1028 2093 1341 2148 christiana
1362 2090 1918 2164 publicatur:quiaad
1931 2106 2100 2161 quan-

495 2193 606 2239 tum
627 2181 754 2236 ﬁdei
783 2181 1073 2253 praemium
1103 2179 1347 2246 tendant,
1381 2178 1689 2245 ostendunt,
1721 2177 1852 2234 dum
1880 2192 1978 2248 pro
2030 2191 2097 2232 ea

491 2273 814 2328 moriuntur.
830 2271 906 2341 (α)
927 2268 1061 2338 Quae
1074 2268 1213 2323 bene
1226 2268 1364 2325 sicut
1376 2270 1486 2336 44
1503 2272 1539 2335 1
1560 2267 1760 2323 areolae
1788 2273 2094 2321 aromatum

487 2376 610 2418 esse
632 2359 879 2415 dicuntur
903 2376 914 2412 :
935 2356 1063 2429 quia
1081 2356 1209 2411 dum
1232 2356 1285 2410 in
1307 2357 1607 2412 constantia
1656 2354 1802 2422 ﬁdei,
1835 2354 2093 2425 martyrio

489 2449 644 2506 electi
666 2454 1005 2515 exercentur,
1029 2462 1127 2516 per
1141 2445 1346 2502 cultum
1364 2444 1620 2500 virtutum
1651 2450 1852 2499 sanctae
1873 2444 2092 2514 opinio-

488 2539 575 2595 nis
598 2539 765 2605 fama,
787 2537 863 2607 (h)
878 2534 1030 2606 quasi
1043 2533 1207 2589 odore
1219 2540 1517 2588 aromatum
1533 2532 1841 2589 dilatantur.
1868 2532 1976 2588 Sed
1997 2547 2091 2587 ar-

493 2628 631 2683 eolae
654 2632 951 2681 aromatum
972 2622 1396 2695 apigmentariis
1407 2630 1760 2677 conseruntur
1777 2644 1792 2681 :
1808 2619 1929 2691 quia
1944 2636 2091 2674 mar-

498 2724 646 2788 tyres
663 2712 831 2769 sancti
854 2716 909 2767 et
931 2727 960 2766 a
975 2710 1405 2783 praecedentibus
1420 2709 1869 2782 praedicatoribus
1881 2709 1947 2764 ad
1962 2723 2092 2764 con-

489 2805 791 2861 fessionem
820 2800 1163 2869 roborantur,
1198 2807 1250 2854 et
1279 2814 1310 2853 a
1337 2798 1791 2869 subsequentibus
1805 2798 1872 2852 ad
1902 2798 2091 2852 imita-

487 2893 652 2949 tionis
681 2891 989 2960 exemplum
1011 2888 1225 2960 populis
1247 2887 1608 2943 adducuntur.
1625 2886 1708 2943 Al)
1724 2887 1830 2942 illis
1844 2886 1933 2957 qui
1946 2902 2087 2956 prae-

491 2988 791 3047 cesserunt,
816 2980 1101 3051 pigmenta
1127 2978 1384 3032 virtutum
1415 2976 1664 3032 coluntur
1695 2993 1706 3030 :
1742 2975 1813 3030 ab
1844 2976 1924 3030 his
1954 2992 2086 3031 vero

494 3071 587 3143 qui
644 3076 962 3141 sequuntur,
1022 3065 1299 3139 pigmenta
1356 3065 1729 3137 exemplorum
1783 3072 2083 3120 sumuntur.

490 3160 645 3216 Unde
674 3166 727 3214 et
754 3156 1012 3229 sequitur.

562 3248 736 3318 (Vers.
759 3246 821 3300 l3
834 3246 872 3315 .)
889 3244 1064 3300 Labia
1079 3244 1200 3315 ejus
1218 3244 1341 3299 lilia
1355 3243 1643 3299 stillantia
1661 3242 1949 3315 myrrham
1966 3244 2084 3314 pri-

484 3355 661 3396 mam.

559 3430 647 3483 19.
681 3423 824 3494 Quid
854 3422 997 3478 enim
1028 3437 1127 3493 per
1155 3420 1299 3475 labia
1330 3419 1551 3491 Sponsi,
1594 3418 1694 3474 nisi
1748 3419 1895 3490 ipsos
1951 3436 2086 3490 quos

487 3516 723 3573 dicimus
746 3511 1139 3584 praedicatores
1156 3509 1382 3578 Christi,
1406 3508 1758 3580 intelligimus
1778 3509 1806 3561 ?
1829 3507 1931 3578 Qui
1949 3509 2082 3564 dum

489 3609 696 3661 mortes
716 3607 1010 3671 martyrum
1044 3598 1264 3670 pepulis
1291 3597 1607 3667 pradicant,
1631 3597 1785 3669 quasi
1807 3600 2085 3668 myrrham

489 3690 879 3749 mortiﬁcandis
918 3687 1171 3743 carnibus
1209 3686 1280 3741 ad
1331 3685 1735 3742 condimentum
1791 3686 2076 3742 distillant.

491 3784 627 3852 Quae
652 3780 873 3852 myrrha
899 3778 1038 3832 bene
1067 3776 1240 3848 prima
1270 3790 1392 3831 esse
1420 3774 1646 3830 dicitur:
1670 3774 1795 3847 quia
1816 3775 1994 3831 nullus
2006 3777 2085 3831 sic

486 3869 858 3935 mortiﬁcatur,
886 3864 1158 3937 quomodo
1196 3864 1288 3919 ille
1317 3863 1409 3936 qui
1440 3878 1542 3935 pro
1571 3863 1784 3919 Christo
1828 3863 2084 3936 martyrio

485 3960 683 4015 ﬁnitur.
714 3956 952 4011 Primam
982 3952 1127 4009 enim
1158 3951 1293 4007 dixit
1320 3968 1428 4007 non
1458 3967 1558 4023 pro
1589 3958 1852 4022 tempore,
1866 3953 1964 4008 sed
1986 3970 2084 4024 pro

484 4048 768 4122 dignitate.
792 4043 935 4112 Quid
956 4051 1036 4098 est
1053 4042 1197 4114 quod
1228 4040 1368 4095 labia
1399 4040 1602 4112 Sponsi
1625 4040 1733 4094 lilia
1750 4057 1872 4097 esse
1890 4041 2084 4097 dicun—

484 4148 592 4205 tur,
611 4135 715 4191 nisi
740 4134 883 4204 quod
905 4131 981 4185 illi
1011 4147 1111 4202 per
1131 4146 1267 4202 quos
1289 4128 1536 4185 Christus
1567 4129 1824 4201 loquitur,
1856 4146 2094 4186 necesse

483 4233 568 4284 est
594 4233 653 4280 ut
682 4221 869 4278 mundi
899 4220 1026 4288 sint,
1058 4227 1111 4274 et
1130 4235 1228 4288 per
1253 4234 1349 4274 eos
1375 4218 1550 4274 bonus
1572 4219 1708 4274 odor
1729 4222 2084 4292 aspergatur?

486 4317 566 4372 De
597 4313 793 4385 quibus
821 4318 936 4366 erat
955 4307 1235 4380 apostolus
1252 4304 1472 4373 Paulus,
1493 4307 1583 4376 qui
1606 4306 2085 4376 dicebat,?Bonus

484 4404 621 4462 odor
632 4415 830 4458 sumus
845 4398 1029 4454 Deoin
1043 4397 1199 4453 omni
1223 4396 1402 4469 loquo,
1418 4399 1474 4451 et
1488 4395 1552 4449 in
1572 4394 1659 4450 his
1689 4397 1785 4468 qui
1818 4402 2080 4468 pereunt,

484 4494 615 4550 etin
634 4491 719 4546 his
731 4488 827 4560 qui
841 4488 985 4543 salvi
1000 4484 1375 4556 ﬁunt(IICor.
1399 4501 1438 4552 ι,
1473 4484 1584 4555 15).
1629 4483 1738 4539 Sed
1765 4485 2081 4541 notamdum

486 4588 589 4645 est,
622 4575 877 4648 quoniam
907 4572 1171 4646 quidquid
1202 4573 1257 4627 in
1287 4571 1529 4628 Ecclesia
1553 4571 1778 4641 justitiae
1797 4582 1849 4629 et
1864 4574 2082 4630 fortitu-

485 4666 624 4723 dinis
641 4664 889 4733 habetur,
913 4662 980 4717 ab
997 4661 1115 4733 ipso
1155 4660 1369 4716 Christo
1398 4676 1497 4733 per
1547 4662 1801 4734 exempla
1856 4678 2082 4735 operum

483 4755 630 4811 illius
658 4752 903 4808 trahitur.
926 4750 1057 4805 Ideo
1083 4749 1325 4819 sequitur
1356 4767 1368 4803 :

559 4838 1080 4915 (Vers.14.)Manus
1102 4837 1263 4894 illius
1285 4838 1606 4907 tornutiles,
1630 4854 1839 4907 aureae,
1897 4842 2083 4913 plena:

485 4931 837 5009 hyacinthis.

556 5026 658 5082 20.
698 5018 843 5089 Quid
873 5017 1020 5074 enim
1049 5032 1149 5088 per
1174 5030 1366 5071 manus
1395 5015 1591 5072 Christi
1621 5016 1954 5091 designatur,
1977 5018 2080 5074 nisi

485 5126 656 5186 opera
683 5115 870 5165 sancta
900 5122 1020 5177 quae
1050 5107 1105 5161 in
1135 5104 1342 5161 mundo
1370 5105 1556 5178 gessit,
1579 5114 1631 5160 et
1647 5122 1766 5176 quae
1785 5106 1945 5163 nobis
1961 5108 2082 5164 imi-

490 5200 655 5260 tanda
682 5193 1240 5271 pmponuntur‘llpse
1269 5193 1412 5248 enim
1442 5192 1548 5258 ait;
1602 5194 1708 5262 Qui
1749 5211 1836 5251 me
1866 5197 2080 5269 diligit,

479 5309 571 5349 me
600 5291 872 5364 sequatur
890 5286 1078 5357 (Forte
1102 5286 1270 5341 Joan.
1288 5297 1389 5349 ιιι,
1413 5283 1524 5354 26).
1543 5282 1950 5355 EtApostolus:
1978 5288 2081 5356 Qui

482 5380 691 5439 dicitse
709 5379 770 5434 in
787 5375 1013 5432 Christo
1024 5372 1431 5442 manere,sicut
1444 5371 1545 5428 ille
1556 5372 1947 5444 ambulavit,et
1963 5377 2080 5450 ipse

476 5459 1251 5534 ambularedebet(l.loan.n,
1284 5459 1363 5531 6.)
1398 5460 1587 5516 Manus
1615 5476 1745 5517 vero
1801 5465 2080 5522 tornatiles

553 5592 639 5666 (a)_
662 5589 724 5645 In
748 5589 870 5666 Val.
889 5587 970 5666 Cl.
994 5588 1190 5644 Rhem.
1210 5592 1261 5643 et
1277 5584 1511 5656 Theod.,
1530 5588 1629 5660 qui
1647 5586 2079 5666 (scilicetmarty-

480 5665 591 5733 res)
620 5663 759 5720 bene
778 5662 957 5717 sicut.
1091 5728 1103 5742 .

549 5733 623 5786 (bl
645 5730 768 5786 Val.
808 5730 913 5786 CL.
944 5744 1106 5786 quasi
1132 5727 1234 5785 odo

549 5733 629 5883 ἑὸ)
645 5733 913 5813 Val."Cl.,
944 5733 1106 5810 quasi
1132 5733 1284 5785 odor.
1518 5799 1531 5813 .

576 5820 605 5861 c
646 5803 706 5859 In
725 5798 1007 5893 alus-Edit.
1026 5805 1260 5871 excepta
1276 5805 1386 5858 vet.
1411 5800 1587 5861 Paris.
1613 5808 1738 5877 post
1749 5801 2076 5882 disponeba-

2223 580 2421 635 sitione
2451 579 2747 652 iniquitatis
2777 597 2853 637 ex
2881 583 3027 638 omni
3059 591 3207 655 parte
3236 584 3291 639 in
3324 585 3530 656 justitia
3577 592 3780 661 gradie-

2218 667 2443 724 bantur.
2483 668 2641 739 Quod
2672 670 2813 725 enim
2846 676 3103 740 tornatur,
3130 671 3186 727 in
3215 674 3529 732 rotunditate
3569 680 3648 732 sui
3676 680 3780 739 sine

2218 757 2496 815 obstaculo
2519 757 2768 815 volvitur.
2803 760 2893 817 Sic
2921 760 3112 817 Christi
3142 777 3306 833 opera
3360 762 3414 818 in
3468 765 3778 825 rectitudinis

2216 847 2545 903 rotunditate
2576 848 2935 904 volvebantur
2960 869 2975 920 ;
3009 850 3131 922 quia
3162 850 3310 907 nulla
3337 852 3495 924 culpa
3524 854 3571 909 ei
3610 857 3777 915 adhae-

2214 935 2410 1003 rebat;
2444 936 2571 1008 quia
2600 937 2780 993 minus
2802 937 3011 1008 justitia
3035 941 3151 1011 ejus
3180 941 3233 995 in
3253 943 3538 999 rotundum
3566 944 3777 1002 ducere-

2213 1030 2316 1078 tur.
2352 1026 2548 1081 Aureae
2576 1025 2740 1082 etiam
2770 1041 2964 1083 manus
2993 1044 3117 1084 esse
3146 1029 3398 1086 dicuntur
3427 1050 3438 1095 ;
3470 1032 3592 1104 quia
3629 1035 3776 1105 quid-

2213 1112 2337 1184 quid
2371 1114 2606 1169 exterius
2630 1114 2773 1170 inter
2808 1115 3056 1172 homines
3093 1118 3434 1190 operabatur,
3467 1121 3680 1177 interius
3731 1123 3778 1179 in

2214 1201 2510 1258 divinitatis
2529 1204 2925 1275 pulchritudine
2955 1206 3353 1277 disponebatur.
3372 1209 3441 1280 (c)
3462 1209 3641 1265 Manus
3658 1228 3779 1284 quo-

2211 1307 2317 1364 que
2346 1290 2555 1362 Sponsi
2586 1293 2761 1365 plenae
2803 1293 3107 1366 hyacinthis
3158 1313 3277 1352 esse
3329 1296 3611 1354 dicuntur:
3666 1302 3782 1374 quia

2212 1380 2517 1454 quicunque
2544 1382 2690 1436 illius
2716 1398 2879 1455 opera
2908 1383 3002 1455 pio
3030 1385 3196 1441 corde
3226 1385 3516 1456 imitantur,
3568 1388 3778 1446 felicita-

2214 1469 2279 1524 tis
2307 1477 2530 1525 aeterna:
2560 1469 2879 1527 muneribus
2909 1471 2964 1526 in
2993 1473 3347 1530 retributione
3370 1474 3621 1531 ditantur.
3642 1477 3781 1534 Unde

2212 1564 2264 1611 et
2292 1557 2437 1613 idem
2468 1558 2801 1632 Redemptor
2827 1560 2903 1616 ait
2932 1579 2946 1617 :
2985 1563 3089 1631 Qui
3117 1562 3263 1620 mihi
3280 1565 3593 1635 ministrat,
3612 1582 3691 1622 me
3710 1583 3782 1622 se-

2210 1651 2460 1718 quatur;
2488 1652 2545 1704 et
2567 1650 2660 1705 ubi
2679 1652 2771 1721 ego
2787 1666 2934 1717 sum,
2953 1651 3077 1707 illic
3108 1656 3169 1707 et
3183 1654 3455 1711 minister
3488 1670 3642 1711 meus
3684 1656 3782 1711 erit

2212 1734 2397 1804 (Joan.
2427 1751 2524 1804 xu,
2543 1736 2661 1807 26).
2702 1737 2959 1812 Sequitur
2990 1757 3002 1794 :

2285 1849 2592 1922 (Vers.14.)
2625 1853 2824 1910 Venter
2851 1854 2977 1925 ejus
2998 1853 3298 1925 eburneus,
3329 1856 3633 1915 distinctus
3657 1874 3780 1931 sap-

2199 1937 2408 2012 phiris.

2277 2056 2364 2111 21.
2396 2052 2539 2124 Quid
2569 2070 2667 2126 per
2693 2062 2958 2126 ventrem,
2989 2056 3096 2113 nisi
3134 2059 3466 2131 mortalitas
3494 2061 3522 2115 ‘P
3551 2061 3614 2116 Et
3665 2062 3782 2133 quid

2203 2157 2305 2213 per
2331 2143 2483 2214 ebur,
2507 2143 2612 2198 nisi
2640 2143 2971 2216 incorruptio
3001 2147 3323 2219 designatur
3339 2150 3370 2203 ?
3396 2149 3550 2205 Ebur
3593 2151 3781 2222 quippe

2202 2231 2365 2287 volde
2391 2232 2637 2288 durabile
2661 2248 2724 2289 os
2752 2233 2999 2304 habetur,
3044 2243 3099 2290 et
3127 2236 3181 2290 in
3236 2246 3558 2312 ornamenta
3604 2256 3779 2312 regum

2202 2320 2517 2376 assumitur.
2539 2322 2742 2378 Venter
2770 2338 2903 2396 ergo
2932 2323 3132 2379 Christi
3162 2334 3307 2382 recte
3354 2309 3620 2383 eburneus
3667 2309 3782 2384 esse

2200 2409 2437 2474 dicitur;
2468 2410 2595 2483 quia
2622 2413 2923 2467 mortalitas
2967 2412 3163 2469 Christi
3214 2414 3288 2470 ad
3333 2415 3780 2473 immortalitatem

2200 2498 2533 2570 perducitur,
2547 2500 2677 2555 dum
2701 2516 2807 2571 per
2834 2502 3287 2559 resurrectionem
3328 2505 3399 2560 ad
3426 2506 3655 2579 gloriam
3684 2506 3781 2560 Pa-

2198 2588 2301 2643 tris
2330 2588 2434 2656 sui,
2461 2589 2607 2660 regis
2635 2588 2887 2646 videlicet
2916 2592 3123 2659 interni,
3157 2592 3213 2647 in
3242 2593 3356 2650 vita
3386 2601 3587 2649 aeterna
3613 2592 3781 2650 collo-

2199 2685 2369 2733 catur.
2384 2678 2464 2734 De
2482 2693 2590 2750 quo
2610 2677 2833 2733 dicitur:
2852 2678 3110 2736 Christus
3122 2697 3427 2755 resurgens
3447 2700 3524 2740 ea:
3534 2685 3780 2750 mortuis,

2196 2768 2315 2837 iam
2345 2783 2461 2824 non
2483 2768 2748 2834 moritur,
2770 2783 2921 2825 mors
2952 2770 3042 2825 illi
3075 2770 3233 2826 ultra
3261 2788 3383 2829 non
3411 2772 3784 2829 dominabitur

2197 2855 2465 2925 (Rom.vn,
2488 2858 2565 2927 9).
2601 2855 2705 2925 Qui
2737 2872 2863 2914 vere
2891 2858 2947 2911 in
2974 2866 3293 2915 ornamento
3322 2876 3519 2934 regum
3561 2862 3784 2917 assumi-

2195 2953 2310 3011 tur;
2345 2944 2472 3016 quia
2501 2944 2740 3014 quisquis
2768 2946 2944 3001 carnis
2971 2963 3084 3002 suae
3112 2962 3205 3003 rex
3250 2955 3305 3003 et
3362 2948 3615 3005 dominus
3666 2965 3781 3005 esse

2192 3032 2476 3104 probatur,
2498 3032 2670 3105 ipsius
2702 3034 2900 3090 Christi
2930 3035 3255 3091 mortalitate
3285 3041 3341 3092 et
3370 3039 3777 3107 resurrectione,

2192 3137 2378 3177 amore
2432 3122 2761 3193 cognitionis
2807 3131 2860 3178 et
2916 3140 3012 3195 spe
3066 3123 3494 3182 immortalitatis
3550 3134 3777 3193 ornatur,

2109 3198 2163 3264 C
2193 3211 2348 3267 Unde
2379 3210 2507 3266 alibi
2530 3210 2759 3267 dicitur:
2782 3212 2887 3279 Qui
2905 3214 3207 3284 gloriatur,
3235 3215 3297 3270 in
3323 3217 3563 3274 Domino
3583 3217 3783 3287 glorie-

2196 3304 2293 3355 tur
2313 3301 2363 3371 (I
2391 3299 2511 3357 Cor.
2534 3316 2572 3368 ι,
2596 3302 2708 3372 31).
2734 3302 2846 3369 44
2860 3304 2902 3369 2
2929 3301 3037 3358 Sed
3057 3310 3244 3359 venter
3261 3304 3551 3361 distinctus
3569 3305 3782 3375 sapphi-

2193 3389 2269 3443 ris
2299 3404 2420 3445 esse
2447 3390 2792 3461 perhibetur;
2827 3390 2954 3460 quia
2981 3389 3036 3444 in
3053 3399 3234 3447 nostra
3261 3393 3609 3466 corruptione
3632 3407 3783 3465 quam

2193 3477 2450 3548 portavit,
2475 3478 2714 3533 coelestia
2743 3493 2912 3548 opera
2939 3493 3040 3548 per
3066 3478 3323 3535 miracula
3370 3497 3494 3552 quin
3542 3480 3782 3545 faciebat,

2193 3565 2542 3636 passionibus
2589 3567 2794 3623 nostris
2839 3566 3084 3622 inseruit.
3144 3568 3453 3638 Sapphirus
3504 3568 3646 3625 enim
3700 3565 3784 3639 qui

2193 3671 2411 3711 aereum
2440 3655 2677 3711 colorem
2707 3662 2909 3725 portat,
2940 3655 3082 3712 bene
3112 3656 3356 3714 coelestia
3388 3659 3536 3715 facta
3565 3674 3683 3728 quae
3732 3655 3781 3710 in

2192 3743 2467 3799 miraculis
2517 3743 2966 3813 ostendebantur,
3042 3744 3314 3817 designat.
3380 3747 3588 3803 Venter
3653 3757 3781 3799 vero

2194 3832 2389 3888 Christi
2447 3832 2719 3904 sapphiris
2745 3832 3128 3906 distinguitur;
3159 3834 3285 3905 quia
3314 3834 3450 3891 dum
3493 3836 3634 3891 inter
3660 3848 3783 3904 pas-

2193 3920 2386 3978 siones
2415 3921 2592 3977 carnis
2611 3921 2795 3977 divina
2848 3921 3109 3978 miracula
3138 3923 3489 3993 operabatur,
3522 3921 3673 3995 quasi
3700 3922 3781 3976 in-

2192 4010 2542 4081 corruptione
2570 4009 2842 4082 corruptio
2870 4010 3201 4067 variabatur.
3224 4009 3345 4081 Qua
3389 4010 3784 4085 dispensatione
3844 4000 3847 4002 ’

2192 4098 2423 4169 apostoli
2453 4099 2509 4152 in
2536 4097 2641 4154 ﬁde
2671 4097 2868 4154 eruditi
2899 4106 3040 4168 sunt,
3072 4106 3126 4154 et
3153 4098 3221 4154 ad
3248 4102 3537 4170 passiones
3557 4100 3784 4157 toleran-

2192 4188 2293 4243 das
2322 4187 2527 4243 robusti
2558 4186 2893 4243 exstiterunt.
2926 4187 3056 4243 Ideo
3072 4188 3315 4260 sequitur
3346 4206 3362 4246 :

2262 4303 2441 4375 (Vers.
2465 4302 2577 4371 15.)
2602 4301 2782 4358 Crura.
2801 4303 2964 4360 illius
2992 4304 3275 4362 columna:
3289 4321 3637 4365 marmorea
3648 4347 3662 4373 ,
3673 4318 3786 4376 quae

2190 4391 2453 4463 fundata:
2477 4394 2614 4447 sunt
2642 4407 2816 4465 super
2842 4391 2998 4448 bases
3012 4408 3243 4450 aureas.

2263 4500 2357 4554 22.
2398 4499 2500 4552 Per
2517 4511 2674 4553 crura
2722 4498 2871 4553 enim
2928 4499 3203 4570 apostolos
3257 4499 3642 4574 intelligimus,
3698 4514 3788 4572 per

2192 4602 2327 4657 quos
2357 4586 2669 4642 universum
2697 4586 2959 4642 mundum
2989 4587 3252 4656 circuivit,
3285 4597 3343 4646 et
3371 4589 3539 4646 ﬁdem
3567 4589 3647 4647 eis
3661 4603 3787 4659 prae-

2190 4674 2513 4746 dicantibus,
2544 4675 2763 4746 populis
2790 4675 3135 4732 audientibus
3164 4678 3385 4748 sparsit.
3418 4676 3630 4750 Quibus
3674 4677 3788 4748 ipse

2191 4762 2246 4818 in
2274 4762 2577 4835 Evangelio
2608 4761 2711 4818 ait:
2746 4761 2835 4820 Ite
2863 4765 2926 4819 in
2948 4764 3135 4821 orbem
3152 4765 3512 4837 universum,
3528 4771 3584 4824 et
3593 4765 3789 4840 pradi-

2191 4856 2315 4908 cate
2344 4851 2711 4923 Evangelium
2732 4852 2889 4907 omni
2903 4854 3392 4925 creatureUlarc.
3418 4871 3543 4923 xvi,
3564 4859 3668 4925 15).
3685 4850 3785 4909 Sed

2191 4955 2346 4996 crura
2372 4940 2641 4996 columna:
2679 4955 3002 4998 marmoreae
3056 4958 3176 4999 esse
3230 4943 3612 5014 perhibentur,
3670 4941 3787 5014 quia

2191 5028 2487 5086 Ecclesiam
2516 5028 2880 5085 inﬂexibiliter
2907 5046 2970 5085 su
2997 5030 3187 5098 tinent,
3217 5030 3348 5087 dum
3379 5040 3575 5088 contra
3606 5044 3788 5086 omnes

2190 5118 2530 5175 adversarios
2559 5134 2747 5174 eorum
2776 5119 3251 5191 praedicationibus
3279 5127 3333 5177 et
3346 5117 3788 5193 exemplisrobo-

2191 5216 2360 5262 ratur.
2399 5207 2574 5279 Super
2602 5206 2759 5264 bases
2788 5216 2967 5263 autem
2997 5221 3193 5263 aureas
3231 5206 3512 5264 columnae
3556 5207 3789 5264 fundatae

2189 5305 2350 5366 sunt;
2386 5296 2512 5369 quia
2540 5311 2572 5352 a
2606 5298 2993 5369 prophetarum
3022 5296 3202 5366 dictis,
3241 5300 3307 5351 ut
3362 5296 3536 5353 fortes
3593 5297 3789 5353 existe-

2188 5393 2331 5454 rent,
2362 5384 2531 5441 ﬁdem
2561 5385 2830 5465 integram
2856 5392 3203 5456 acceperunt.
3235 5384 3397 5442 Unde
3427 5386 3548 5458 ipse
3587 5386 3789 5457 primus

2187 5474 2557 5545 apostolorum
2580 5475 2691 5531 ait:
2714 5474 2989 5532 Habemus
3026 5474 3342 5545 ﬁrmiorem
3393 5473 3790 5549 propheticum

2190 5601 2252 5673 tu
2259 5614 2308 5666 r,
2331 5598 2570 5673 additur:
2586 5600 2720 5673 quid
2732 5614 2858 5673 vero
2867 5615 2971 5673 per
2986 5597 3490 5673 hyacinthum,qui
3499 5599 3789 5673 valdepre-

2189 5670 2367 5742 tiosus
2389 5670 2531 5742 lapis
2545 5667 2652 5740 est,
2671 5672 2790 5728 nisi
2809 5667 3435 5729 munus'retributioni's
3454 5667 3788 5742 (sternitu-

2180 5739 2456 5871 mm?
2469 5741 2497 5792 7
2514 5742 2715 5802 Manus
2733 5758 2860 5817 ergo
2876 5744 3090 5819 sponsi,
3120 5747 3229 5803 etc.
3245 5743 3378 5800 Haec
3400 5743 3568 5811 nullis
3580 5741 3637 5799 in
3661 5739 3784 5797 Mss.
