3996 6164
252 400 360 459 525

955 401 1180 459 SUPER
1220 402 1517 461 CANTICA
1555 402 2010 463 CANTICORUM
2049 404 2447 464 EXPOSITIO.
2479 439 2548 450 —
2575 408 2734 465 CAP.
2776 411 2866 466 VI.

3455 419 3559 473 526

254 541 598 592 sermonem,
627 528 724 583 cui
754 527 891 583 bene
933 528 1126 598 facitis
1173 527 1539 585 intendente:
1586 533 1859 602 tanquam
1884 530 1944 594 Α
1972 531 2036 586 in
2070 532 2298 589 hortum
2327 548 2494 591 suum
2510 537 2585 589 ad
2614 537 2865 593 areolam
2893 542 3232 608 aromatum,
3262 544 3328 597 ut
3354 558 3562 614 pasca-

260 615 512 671 lucemaz
541 615 782 671 ardenti
822 617 888 671 in
934 616 1245 687 caliginoso
1286 617 1399 673 loco
1429 618 1502 688 (II
1529 620 1649 674 Pet.
1681 633 1721 686 1,
1755 619 1864 688 19).

253 704 386 758 Ideo
448 704 596 758 enim
657 719 840 759 aureas
898 703 1170 772 dicuntur,
1228 704 1353 778 quia
1408 706 1528 762 luce
1582 707 1871 778 sapientiae

253 792 604 864 resplendere
634 792 902 848 sciuntur.
942 793 1200 866 Sequitur
1233 812 1247 850 :

332 908 515 979 (Vers.
532 909 644 979 15.)
663 910 886 982 Species
916 911 1037 982 ejus
1048 916 1116 967 ut
1133 912 1355 981 Libani,
1371 914 1583 970 electus
1599 917 1664 968 ut
1695 910 1866 968 cedri.

329 999 421 1053 23.
445 997 685 1053 Libanus
715 999 918 1071 quippe
948 1016 1106 1056 mons
1133 1009 1215 1056 est
1242 1001 1299 1057 in
1329 1018 1435 1072 quo
1463 1001 1723 1056 sublimes
1753 999 1869 1054 val-

255 1081 324 1137 de
392 1090 445 1137 et.
510 1081 805 1137 odoriferae
860 1082 1087 1139 arbores
1143 1084 1433 1140 habentur.
1480 1086 1873 1154 Interpretatur

253 1179 437 1225 autem
488 1170 727 1225 Libanus
779 1170 1050 1227 dealbatio
1112 1172 1227 1228 sive
1292 1173 1628 1230 candidatio.
1688 1172 1758 1227 Et
1803 1170 1871 1226 de

260 1258 475 1315 Christo
506 1259 638 1316 dicit
668 1259 946 1331 apostolus
976 1261 1173 1337 Paulus
1204 1279 1216 1314 :
1247 1261 1366 1333 Ipse
1395 1265 1585 1332 [actus
1608 1263 1692 1318 est
1710 1259 1871 1316 nobis

252 1362 286 1400 a
299 1345 416 1401 Deo
432 1345 719 1415 sapientia
732 1348 788 1399 et
801 1344 1186 1414 sanctiﬁcatio
1203 1346 1491 1413 etjustitia
1504 1347 1553 1415 (ι
1568 1345 1688 1404 Cor.
1702 1361 1740 1412 ι,
1755 1344 1869 1414 30).

258 1434 417 1488 Bene
448 1449 583 1505 ergo
613 1432 821 1503 species
869 1433 989 1504 ejus
1034 1441 1093 1488 ut
1148 1429 1338 1489 Libani
1367 1433 1575 1496 existit;
1621 1432 1748 1505 quia
1775 1447 1875 1504 per

254 1538 379 1577 cum
424 1522 711 1577 credentes
750 1521 1110 1585 dealbamur;
1142 1522 1192 1578 ei
1221 1522 1267 1578 si
1295 1522 1638 1579 adhaeremus
1664 1521 1871 1578 radici-

254 1619 361 1679 tus,
394 1609 661 1667 sublimes
690 1609 975 1666 elﬁcimur.
1016 1612 1059 1665 Λ
1089 1612 1246 1681 cujus
1283 1613 1460 1684 gratia
1504 1612 1668 1666 etiam
1713 1611 1873 1666 bona;

253 1698 531 1771 opinionis
597 1701 849 1769 odorem,
898 1699 943 1753 si
987 1715 1149 1771 quem
1186 1699 1501 1769 habemus,
1552 1698 1868 1769 accipimus.

253 1788 481 1843 Electus
512 1788 677 1843 etiam
707 1795 768 1843 ut
795 1787 943 1844 cedri
971 1803 1093 1843 esse
1112 1787 1309 1843 dicitur
1329 1807 1341 1852 ;
1363 1788 1490 1860 quia
1523 1789 1592 1844 de
1622 1804 1686 1844 eo
1716 1789 1874 1843 Pater

1978 622 2073 676 tur
2092 620 2155 676 in
2185 622 2384 692 hortis,
2416 626 2473 677 et
2506 623 2631 680 lilia
2660 623 2913 698 colligat.

2049 713 2099 763 1.
2130 709 2370 765 Dilectus
2396 711 2451 766 in
2480 714 2697 769 hortum
2718 731 2875 770 suum
2905 716 2976 772 ad
3004 717 3242 774 areolam
3267 730 3567 778 aromatum

1978 798 2286 867 descendit;
2320 800 2447 872 quia
2476 801 2782 859 Ecclesium
2811 804 3070 875 visitans,
3122 808 3193 862 ad
3241 823 3334 865 eos
3376 812 3572 882 majori

1977 887 2154 957 gratia
2183 887 2348 953 venit,
2374 906 2510 959 quos
2529 892 2729 947 sanctis
2751 893 3006 963 cperibus
3032 903 3085 950 et
3102 896 3359 953 virtutum
3389 914 3574 955 exem-

1975 975 2078 1047 plis
2106 975 2265 1033 bona;
2306 977 2465 1035 fama
2513 981 2744 1037 odorem
2790 998 2857 1038 ex
2904 1000 2963 1040 se
3008 986 3273 1055 proximis
3329 988 3574 1045 emittere

1976 1066 2277 1139 cognoscit.
2309 1070 2371 1122 In
2400 1068 2569 1124 hortis
2598 1072 2857 1142 pascitur,
2888 1089 3008 1128 cum
3041 1075 3330 1131 multarum
3360 1077 3575 1134 anima-

1976 1169 2093 1208 rum
2142 1155 2439 1211 virtutibus
2494 1157 2821 1214 delectatur.
2883 1161 3020 1217 Lilia
3067 1164 3308 1237 colligit,
3361 1167 3575 1237 quando

1976 1242 2245 1315 perfectos
2302 1261 2541 1317 quosque
2571 1248 2639 1303 ab
2669 1248 2775 1305 hac
2822 1251 2937 1305 vita
2983 1252 3238 1308 succidit.
3288 1254 3396 1311 Sed
3446 1256 3577 1327 quia

1976 1340 2160 1387 sancta
2190 1333 2431 1390 Ecclesia
2457 1335 2511 1389 in
2540 1334 2667 1391 ﬁliis
2694 1338 2804 1393 suis
2833 1336 2941 1394 ﬁde
2972 1339 3182 1396 Christo
3223 1342 3295 1397 ita
3338 1346 3574 1416 conjun-

1978 1418 2141 1490 gitur,
2172 1438 2269 1492 spe
2311 1424 2676 1495 suspenditur,
2736 1427 2993 1483 charitate
3053 1431 3472 1502 conglutinatur,
3520 1442 3577 1489 ut

1976 1507 2110 1563 nihil
2141 1514 2293 1564 extra
2322 1510 2593 1567 Christum
2627 1513 2837 1585 diligat,
2871 1524 2925 1571 et
2953 1532 3077 1572 eum
3108 1518 3212 1573 sibi
3241 1520 3581 1578 familiariter

1977 1594 2084 1651 fide
2113 1606 2167 1653 et
2192 1614 2376 1655 amore
2405 1600 2827 1673 inseparabilem
2869 1612 3065 1675 teneat,
3098 1606 3222 1664 ideo
3251 1609 3530 1683 subjungit
3560 1628 3575 1667 :

2051 1686 2225 1753 (Vers.
2258 1689 2335 1758 2.)
2384 1691 2496 1761 Ego
2543 1692 2747 1749 dilecto
2793 1710 2957 1766 meo,
3016 1699 3073 1752 et
3117 1696 3359 1756 dilectus
3414 1717 3575 1757 meus

1976 1774 2141 1847 mihi,
2172 1778 2269 1848 qui
2294 1780 2552 1850 pascitur
2579 1782 2653 1852 (b)
2684 1784 2746 1839 in
2780 1784 2946 1841 liliis.

256 1876 535 1947 loquitur:
560 1877 699 1933 Ecce
720 1892 1034 1950 puermeus
1048 1892 1212 1949 quem
1232 1876 1397 1949 elegi,
1416 1877 1659 1933 dilectus
1686 1891 1861 1941 meus,
1893 1879 1950 1941 B
2048 1866 2103 1920 2-
2145 1864 2458 1923 Νοιᾶῑιάυπι
2490 1868 2710 1941 quippe,
2744 1875 2890 1942 (ιυοά
2921 1875 3220 1952 Synagoga
3249 1895 3345 1951 per
3369 1879 3580 1950 praedi-

242 1966 617 2037 complacuit
640 1966 746 2022 sibi
766 1968 830 2021 in
848 1965 948 2023 illo
964 1966 1165 2021 anima
1184 1982 1313 2021 mea
1338 1966 1492 2035 (lsai.
1512 1980 1646 2033 xm,
1673 1965 1744 2035 1).
1774 1964 1874 2019 Ce-

257 2054 389 2108 drus
420 2063 600 2109 autem
633 2054 848 2109 excelsa
879 2063 961 2110 est
989 2054 1150 2110 valde
1180 2054 1344 2110 arbor
1371 2061 1423 2109 et
1453 2053 1623 2110 odora
1669 2062 1720 2109 et
1761 2054 1871 2107 im-

262 2143 564 2213 putribilis.
599 2143 840 2198 Christus
884 2151 1064 2197 autem
1112 2142 1384 2199 excelsior
1431 2142 1606 2198 cedris
1653 2142 1870 2205 existit;

258 2231 391 2303 quia
420 2233 669 2303 quamvis
698 2232 863 2288 homo
894 2232 985 2299 sit,
1014 2240 1197 2287 tamen
1227 2232 1374 2287 Deus
1402 2248 1519 2287 esse
1549 2247 1659 2287 non
1688 2230 1868 2286 desis-

254 2319 343 2374 tit.
366 2321 447 2375 De
470 2337 580 2394 quo
608 2338 705 2390 per
729 2322 928 2375 Isaiam
952 2320 1146 2376 dicitur
1168 2339 1180 2374 :
1206 2321 1272 2376 El
1296 2320 1557 2377 sublimis
1580 2321 1691 2376 erit
1714 2320 1872 2375 valde

250 2409 416 2480 \Isai.
456 2424 550 2477 LII,
576 2408 683 2479 14).
709 2409 920 2465 Odorus
947 2409 1109 2463 etiam
1146 2425 1307 2480 super
1335 2425 1535 2465 omnes
1579 2417 1658 2464 est
1680 2407 1869 2463 Chris-

252 2504 359 2567 tus,
393 2499 523 2569 quia
548 2498 667 2568 ipse
716 2499 784 2553 de
815 2498 996 2568 seipso
1026 2497 1135 2566 ait;
1168 2501 1275 2569 Ego
1314 2497 1419 2568 [los
1459 2498 1673 2570 campi,
1701 2501 1759 2553 et
1793 2498 1865 2552 li-

254 2587 406 2642 lium
435 2587 787 2642 convallium
831 2586 1021 2658 (Cant.
1072 2601 1130 2655 ιι,
1162 2586 1233 2655 1).
1288 2586 1353 2640 Et
1386 2602 1490 2656 per
1515 2600 1769 2657 sponsam
1821 2585 1872 2640 ei

250 2673 498 2730 dicitur:
539 2675 843 2730 Curremus
883 2676 949 2730 in
987 2674 1212 2729 odorem
1253 2678 1688 2745 unguentorum
1737 2677 1870 2730 tuo-

251 2779 390 2818 rum
422 2762 586 2834 (Can.
620 2779 657 2832 ι,
692 2764 772 2832 3).
810 2763 891 2817 De
921 2778 1028 2833 quo
1058 2761 1148 2818 hic
1175 2761 1312 2817 bene
1339 2761 1579 2833 sequitur
1611 2781 1623 2816 :

325 2852 511 2922 (Vers.
545 2853 657 2920 16.)
710 2851 896 2909 Gutur
940 2851 1104 2909 illius
1143 2852 1579 2917 suavissimum,
1612 2854 1671 2906 et
1714 2854 1867 2909 totus

252 2939 673 2997 desiderabilis.

327 3032 425 3087 24.
475 3031 575 3084 Per
601 3037 787 3102 guttur
816 3029 1015 3103 quippe
1046 3045 1210 3087 voces
1238 3030 1656 3099 transferuntur,
1688 3032 1743 3084 et
1774 3044 1867 3084 sa-

243 3134 419 3190 pores
446 3118 504 3173 in
534 3124 777 3175 ventrem
820 3119 1155 3174 hauriuntur.
1209 3117 1351 3188 Quid
1398 3134 1531 3190 ergo
1560 3134 1657 3190 per
1682 3126 1870 3190 guttur

1979 1953 2248 2041 cntionem
2280 1956 2537 2013 Ecclesize
2565 1959 2635 2013 ad
2661 1958 2822 2015 fidem
2851 1966 3183 2041 quandoque
3211 1976 3575 2041 convertetur,

1978 2039 2054 2095 ita
2082 2049 2139 2096 ut
2167 2059 2223 2097 se
2253 2043 2551 2118 abnegans,
2584 2047 2853 2105 Christum
2886 2054 3064 2109 solum
3093 2039 3374 2128 sequatur,
3397 2068 3450 2113 et
3478 2039 3577 2114 eo?

1981 2128 2104 2185 dem
2135 2130 2402 2189 desiderio
2432 2133 2625 2207 diligat
2657 2137 2923 2194 Christum
2946 2184 2960 2209 ,
3012 2160 3119 2214 quo
3163 2162 3289 2201 eum
3336 2147 3579 2204 Ecclesia

1983 2216 2181 2290 diligit,
2216 2235 2375 2290 quem
2405 2224 2620 2278 caeteris
2648 2228 2969 2297 postpositis
3000 2231 3173 2286 solum
3204 2242 3368 2289 amat.
3402 2234 3578 2303 Quam

1974 2306 2088 2375 jam
2121 2310 2356 2365 amicam
2408 2310 2637 2381 factam,
2657 2313 2777 2385 jam
2810 2332 3064 2386 sponsam
3096 2320 3198 2375 sibi
3227 2323 3578 2393 conjunctam

1980 2394 2232 2467 Sponsus
2264 2399 2571 2471 alloquitur,
2604 2405 2991 2475 congratularis
3020 2416 3071 2464 et
3102 2410 3285 2466 dicens
3318 2429 3333 2467 :

2056 2486 2230 2554 (Vers.
2250 2488 2589 2556 3.)Pulchra
2606 2507 2683 2560 es,
2707 2494 2892 2551 amica
2921 2512 3068 2567 mea,
3093 2500 3279 2556 suavis
3310 2501 3579 2558 etdecora

1978 2575 2128 2632 sicut
2153 2577 2488 2647 Jerusalem,
2517 2581 2790 2638 terribilis
2818 2587 2886 2640 ut
2912 2590 3231 2644 castrorum
3255 2590 3406 2646 acies
3429 2590 3579 2647 ordi-

1976 2668 2139 2720 nata.

2050 2757 2100 2807 3.
2135 2752 2363 2809 Pulchra
2390 2762 2443 2810 et
2472 2755 2666 2824 amica,
2699 2760 2882 2815 suavis
2929 2770 2981 2817 et
3028 2764 3226 2820 decora
3252 2766 3390 2823 sicut
3416 2769 3579 2824 Jeru-

1977 2841 2168 2911 salem,
2201 2841 2494 2915 Synagoga
2524 2860 2646 2901 esse
2674 2848 3020 2921 perhibetur;
3068 2854 3195 2924 quia
3223 2865 3411 2911 sancta
3437 2873 3580 2929 qua-

1976 2936 2101 2985 tuor
2144 2932 2461 3003 Evangelia,
2513 2933 2805 3007 aliquando
2854 2954 3111 2995 conversa
3157 2942 3297 2998 sicut
3334 2944 3579 3001 Ecclesia

1976 3018 2283 3075 sectabitur.
2306 3021 2599 3077 Jerusalem
2618 3024 2819 3096 quippe
2842 3026 2983 3083 visio
3001 3030 3155 3099 pacis
3175 3030 3574 3102 interpretatur.

1976 3108 2079 3164 Per
2107 3124 2268 3178 quam
2292 3107 2432 3164 bene
2452 3118 2638 3166 sancta
2662 3113 2910 3170 Ecclesia
2939 3115 3231 3189 ﬁguratur;
3264 3137 3426 3191 quam
3449 3123 3580 3179 dum

245 3207 472 3279 sponsi,
525 3208 630 3263 nisi
676 3209 1083 3263 Testamentum
1124 3208 1321 3264 Christi
1369 3207 1717 3280 intelligitur,
1758 3223 1861 3277 per
1889 3214 1940 3279 α
1972 3196 2027 3251 in
2058 3197 2262 3252 mundo
2284 3214 2500 3269 semper
2526 3216 2836 3269 pressuram
2860 3205 3077 3275 patitur,
3100 3207 3243 3263 viam
3268 3209 3577 3281 fastidiens,

244 3296 399 3369 quod
427 3296 679 3380 Christus
705 3296 863 3352 nobis
892 3297 1147 3367 loquitur,
1180 3305 1233 3352 et
1262 3296 1318 3351 in
1347 3312 1455 3369 quo
1485 3313 1649 3367 quam
1681 3295 1866 3352 suavis

246 3386 323 3440 sit
352 3386 652 3455 Dominus,
675 3401 710 3441 a
728 3384 981 3441 ﬁdelibus
999 3393 1249 3459 gustatur
1265 3386 1293 3441 ?
1317 3386 1485 3441 Totus
1501 3401 1632 3457 ergo
1655 3383 1865 3439 deside-

247 3475 449 3530 rabilis
491 3491 608 3531 esse
656 3474 886 3539 dicitur;
940 3475 1061 3546 quia
1088 3492 1189 3547 per
1217 3477 1320 3533 hoc
1349 3477 1500 3548 quod
1528 3477 1597 3531 de
1627 3490 1693 3530 eo
1723 3475 1864 3530 bona

244 3563 436 3620 omnia
483 3564 667 3618 anima
695 3570 887 3620 sancta
920 3565 1093 3637 audit,
1124 3566 1307 3638 magis
1336 3581 1400 3620 ac
1430 3564 1607 3635 magis
1649 3578 1867 3634 semper

245 3670 374 3708 cum
433 3652 621 3709 videre
669 3653 1026 3724 concupiscit.
1086 3654 1256 3723 Cujus
1288 3661 1364 3709 tot
1391 3653 1549 3710 bonis
1598 3651 1865 3708 enarratis

244 3748 651 3811 consequenter
678 3740 972 3810 concludit,
1004 3749 1056 3797 et
1087 3741 1217 3797 dicit
1249 3760 1261 3796 :

321 3831 505 3901 (Vers.
542 3829 652 3898 15.)
694 3830 841 3885 Talis
882 3834 965 3886 est
994 3832 1237 3887 dilectus
1276 3847 1466 3901 meus,
1512 3832 1569 3887 et
1615 3830 1733 3902 ipse
1776 3832 1861 3885 est

241 3921 475 3976 amicus
502 3935 685 3989 meus,
721 3919 858 3987 ﬁlia:
886 3921 1223 3976 Jerusalem.

320 4012 412 4063 25.
448 4008 559 4065 Sed
588 4009 925 4064 enumeratis
954 4016 1031 4063 tot
1056 4009 1332 4077 laudibus,
1365 4008 1598 4064 ostensis
1629 4014 1705 4063 tot
1730 4023 1855 4061 mu-

242 4097 495 4165 neribus,
517 4097 640 4168 quis
669 4096 896 4152 audiens
924 4112 1032 4153 non
1049 4098 1403 4170 concupiscit,
1426 4097 1548 4169 quis
1569 4096 1857 4151 intendens

241 4203 357 4242 non
396 4185 738 4241 inardescit?
769 4184 974 4240 Fidelis
1020 4186 1222 4259 quippe
1250 4187 1435 4243 anima
1466 4200 1715 4258 quaeque,
1747 4200 1856 4256 quo

238 4274 497 4330 dulciora
527 4282 579 4329 et
602 4273 867 4344 ampliora
897 4275 965 4330 de
993 4274 1354 4348 Redemptore
1376 4291 1473 4330 suo
1495 4274 1665 4339 audit,
1701 4274 1858 4341 443

239 4375 311 4415 eo
342 4357 625 4414 ardentius
650 4357 842 4428 inhiat,
872 4367 927 4416 et
954 4358 1322 4416 manifestiora
1342 4359 1413 4416 de
1434 4375 1499 4415 eo
1522 4374 1854 4430 cognoscere

240 4446 479 4520 appetit,
508 4445 696 4502 dicens
728 4465 740 4504 :

1979 3301 2099 3355 quae
2128 3285 2194 3339 sit
2222 3302 2328 3357 pax
2361 3287 2553 3357 patriae
2585 3288 2818 3345 cceleslis
2846 3295 3111 3351 currendo
3161 3299 3576 3369 contemplatur,

1976 3373 2256 3429 conlidens
2285 3375 2338 3429 in
2368 3391 2435 3431 eo
2465 3377 2555 3448 qui
2586 3378 2868 3449 discipulis
2884 3384 2995 3437 suis
3011 3383 3258 3440 dicebat:
3284 3387 3345 3443 In
3361 3391 3577 3446 mundo

1975 3462 2199 3534 quidem
2230 3480 2556 3534 pressuram
2583 3465 2891 3536 habebitis;
2919 3472 3015 3527 sed
3034 3474 3322 3543 conﬁdite,
3339 3493 3433 3549 ego
3462 3480 3571 3536 vici

1972 3552 2251 3608 mundum
2265 3552 2455 3621 (Joan.
2480 3571 2591 3618 xv1.
2614 3556 2723 3628 33).
2744 3558 2919 3631 Digne
2937 3569 3115 3617 autem
3135 3563 3427 3640 Syuagoga
3447 3583 3579 3625 con-

1974 3655 2151 3709 versa,
2184 3641 2321 3696 sicut
2348 3643 2647 3699 Jerusalem
2681 3647 2912 3716 pulchra
2942 3659 2995 3705 et
3024 3652 3204 3709 amica
3232 3663 3285 3709 et
3312 3657 3495 3714 suavis
3523 3666 3579 3715 et

1972 3727 2169 3785 decora
2200 3730 2434 3800 dicitur;
2470 3733 2596 3802 quia
2627 3734 2754 3789 dum
2784 3746 3025 3794 sanctam
3056 3741 3354 3799 Ecclesium
3383 3745 3571 3802 imita-

1972 3823 2075 3884 tur,
2133 3826 2363 3889 quatuor
2402 3821 2831 3893 Evangeliorum
2876 3837 3156 3900 praecepta
3206 3841 3481 3903 operatur,
3541 3852 3574 3891 a

1972 3904 2168 3974 quibus
2223 3905 2679 3975 pulchritudinem
2724 3927 2939 3968 morum
2985 3917 3187 3988 accipit
3227 3928 3288 3975 ut
3331 3922 3567 3992 placeat,

1970 3993 2285 4048 exercitium
2337 3999 2540 4051 sanctae
2570 4000 2903 4067 operationis
2930 4003 3139 4076 colligit
3166 4014 3221 4062 ut
3250 4008 3306 4063 in
3334 4010 3572 4067 amicitia

1968 4082 2185 4150 haereat,
2216 4083 2537 4139 suavitatem
2569 4089 2991 4145 mansuetudinis
3035 4092 3192 4149 discit
3236 4104 3296 4151 ut
3346 4114 3565 4168 perma-

1965 4177 2109 4238 neat,
2139 4171 2375 4241 speciem
2406 4172 2620 4230 decoraa
2649 4179 3077 4235 conversationis
3105 4184 3359 4253 ostendit,
3381 4193 3438 4241 ut
3466 4202 3567 4257 per

1965 4259 2278 4330 exemplum
2329 4262 2526 4317 trahat.
2593 4264 2672 4320 De
2713 4281 2819 4336 qua
2867 4279 3265 4340 consequenter
3312 4272 3560 4331 dicitur:

1968 4348 2251 4405 Terribilis
2266 4352 2333 4405 ut
2350 4354 2668 4409 castrorum
2684 4355 2835 4410 acies
2849 4354 3136 4414 ordinata.
3156 4359 3355 4416 Notum
3377 4378 3443 4418 ex
3446 4379 3566 4433 per-

1960 4435 2031 4489 tis
2060 4440 2161 4505 est,
2203 4438 2349 4509 quod
2376 4439 2577 4495 milites
2606 4457 2725 4497 cum
2755 4442 2811 4497 in
2842 4444 3126 4515 procinctu
3164 4456 3353 4504 contra
3382 4452 3565 4509 hostes

319 4545 629 4615 (Vers.l7.)
656 4546 768 4614 Quo
797 4545 935 4600 abiit
964 4544 1229 4614 dilectus,
1253 4548 1409 4611 tuus,
1434 4560 1465 4601 o
1490 4544 1849 4617 pulcherima
1878 4571 1931 4633 D
2342 4527 2578 4633 ῗίτίοίίπη,
2615 4533 3056 4633 θέηοοηίξφάίίθτ
3098 4537 3446 4633 εναάξυηιξιτ.
3492 4542 3563 4633 ab

235 4633 606 4691 mulierum?
638 4633 757 4698 Quo
786 4634 1094 4691 declinavit
1124 4633 1367 4691 dilectus
1387 4638 1538 4702 tuus,
1562 4638 1619 4690 et
1640 4650 1854 4707 quaere-

231 4740 371 4781 mus
404 4738 535 4780 eum
568 4722 799 4780 tecum?

314 4814 457 4869 Cum
486 4812 632 4868 enim
659 4812 943 4884 proximus
968 4812 1224 4883 proximo
1254 4812 1323 4868 de
1346 4812 1558 4868 Christo
1586 4813 1845 4885 loquitur,

233 4919 371 4960 cum
411 4901 551 4956 alter
572 4900 641 4955 ab
670 4900 842 4957 altero
888 4901 1125 4974 qualiter
1168 4901 1475 4958 inveniatur
1524 4902 1845 4971 sciscitatur,

231 4992 374 5062 quid
403 4990 555 5045 aliud
583 5006 743 5062 quam
775 4990 1048 5061 quomodo
1079 4990 1249 5061 (μυθινί
1294 4991 1492 5047 debeat
1537 4999 1845 5063 perscruta-

233 5081 371 5135 tur‘l
422 5078 684 5147 Quamvis
724 5079 825 5135 hoc
854 5079 923 5134 de
952 5081 1248 5152 Synagoga
1292 5080 1526 5152 intelligi
1556 5080 1755 5145 valeat,
1788 5087 1847 5134 ut

229 5168 538 5239 aliquando
565 5183 830 5224 conversa
857 5167 1166 5224 Ecclesium
1202 5169 1518 5241 interroget,
1551 5169 1635 5225 cui
1665 5168 1840 5241 proti-

230 5274 343 5315 nus
376 5255 621 5313 Ecclesia
645 5256 967 5326 respondet.

869 5376 1090 5432 CAPUT
1127 5376 1219 5433 VI.

304 5485 471 5557 (Cap.
501 5497 578 5542 v1.
609 5513 683 5526 ——
710 5483 859 5541 Vers.
894 5488 971 5556 1.)
1003 5485 1253 5544 Dilectus
1280 5503 1441 5545 meus
1460 5487 1536 5560 (a)
1552 5486 1843 5547 descendit

303 5628 391 5773 (ag
422 5625 546 5681 Val.
581 5625 686 5694 C1,,
718 5627 937 5697 Rhem.,
968 5628 1198 5699 Theod.,
1229 5631 1504 5690 ascendit.

307 5703 363 5772 (ἡ
421 5696 530 5754 Ed.
566 5703 797 5770 recent.,
828 5703 987 5759 inter
1013 5701 1161 5759 lilia.

307 5696 391 5772 (ἡ)
421 5696 530 5754 Ed.
566 5703 797 5770 recent.,
828 5696 987 5759 inter
1013 5701 1161 5759 lilia.

1962 4613 2207 4668 hostibus
2237 4623 2425 4671 contra
2455 4618 2798 4675 venientibus
2827 4621 3119 4680 timentur:
3174 4625 3306 4699 quia
3349 4629 3479 4685 dum
3507 4632 3564 4686 in

1960 4701 2037 4757 eis
2065 4702 2268 4758 aditum
2296 4720 2395 4773 per
2422 4705 2715 4762 scissuram
2746 4724 2852 4766 non
2883 4712 3170 4783 aspiciunt,
3203 4717 3438 4787 qualiter
3466 4735 3561 4777 eos

1954 4798 2263 4880 penetrant,
2294 4793 2602 4851 haesitantes
2648 4812 2753 4853 non
2801 4798 3099 4857 inveniunt.
3133 4804 3307 4873 444
3335 4807 3559 4880 Illisque

1958 4877 2061 4935 hoc
2091 4879 2507 4951 impenetrabile
2536 4884 2834 4942 munimem
2863 4886 3109 4958 efﬁcitur,
3144 4893 3293 4963 quod
3323 4877 3557 4951 concor-

1958 4967 2096 5022 diter
2120 4968 2351 5023 ordinati
2381 4970 2573 5042 seipsis
2601 4975 2923 5045 semetipsos
2953 4985 3186 5035 tuentur.
3238 4980 3378 5035 Dum
3410 4983 3554 5038 enim

1957 5057 2024 5112 de
2052 5056 2243 5127 seipsis
2271 5058 2371 5112 sibi
2403 5059 2603 5116 vallum
2632 5061 2887 5132 adiciunt,
2909 5064 3148 5122 intrandi
3178 5068 3249 5122 ad
3269 5083 3329 5124 se
3350 5069 3557 5127 aditum

1955 5144 2200 5200 hostibus
2244 5162 2352 5203 non
2397 5148 2725 5219 relinquunt,
2758 5159 2810 5206 et
2852 5161 2909 5207 ut
2957 5154 3270 5210 occidantur
3308 5158 3553 5228 appetiti,

1953 5233 2057 5304 ipsi
2088 5233 2297 5290 facilius
2343 5236 2625 5292 occidunt.
2676 5238 2765 5295 Sic
2811 5240 2867 5294 in
2916 5241 3259 5299 multitudine
3308 5243 3552 5303 ﬁdelium

1953 5322 2241 5394 contingit,
2261 5340 2383 5394 quae
2405 5326 2535 5381 dum
2564 5335 2749 5383 contra
2780 5328 3050 5401 malignos
3068 5331 3285 5402 spiritus
3302 5348 3552 5407 pugnare

1951 5425 2059 5468 non
2087 5411 2301 5481 desinit,
2333 5429 2552 5470 necesse
2577 5422 2660 5470 est
2699 5422 2758 5470 ut
2800 5432 2935 5486 pace
2962 5418 3241 5476 charitatis
3278 5424 3552 5481 constrin-

1951 5503 2128 5569 gatur,
2152 5496 2225 5568 (e)
2242 5512 2347 5567 quo
2374 5498 2526 5554 salva
2554 5498 2641 5554 sit.
2664 5498 2721 5554 Si
2749 5499 2897 5555 enim
2926 5515 3124 5572 pacem
3147 5512 3310 5577 tenet,
3337 5508 3551 5566 terribi-

2024 5637 2102 5711 (c)
2131 5638 2252 5697 Val.
2284 5637 2370 5697 Cl.
2400 5647 2456 5698 et
2482 5639 2699 5712 Rhem.,
2731 5656 2843 5715 qua
2871 5644 3031 5704 salva
3058 5648 3158 5706 sit.
