3996 6164
547 342 649 398 527

1743 334 1999 394 SANCTI
2039 334 2382 396 GREGORII
2417 334 2652 395 MAGNI

3722 351 3815 409 528

543 468 609 523 lis
638 466 885 523 hostibus
939 474 1194 538 apparet.
1241 464 1298 521 Si
1346 479 1444 535 per
1492 462 1826 521 discordiam
1869 462 2145 531 scinditur,
2175 463 2232 525 Α
2263 477 2484 518 monum
2528 462 2715 536 gladio
2763 461 2915 541 verbi
2958 471 3263 537 pugnantes
3302 466 3466 536 445
3514 469 3817 545 abstrahunt,

549 557 789 629 undique
821 557 889 611 ab
921 554 1168 611 hostibus
1199 553 1393 609 leviter
1419 557 1759 624 penetratur.
1789 553 1928 608 Pace
1959 568 2018 607 se
2046 551 2154 606 ita-

554 662 658 716 que
707 645 934 710 muniat,
968 645 1169 699 unitate
1200 659 1257 698 se
1288 643 1509 710 vinciat,
1562 641 1823 696 charitate
1864 656 1923 697 se
1965 640 2153 703 uniat;

552 742 612 789 ut
643 734 769 788 dum
800 734 854 788 in
889 734 1073 803 seipsa
1094 748 1192 803 per
1210 730 1496 786 scissuram
1529 732 1783 785 damnum
1806 744 1917 785 non
1938 729 2156 800 patitur,

558 824 752 877 ducem
784 838 945 876 suum
976 837 1190 890 semper
1218 820 1493 875 exsultans
1540 818 1661 874 sine
1707 817 2023 873 confusione
2067 832 2159 872 se-

556 918 769 982 quatur.
823 912 882 964 In
931 926 1065 980 pace
1096 909 1294 980 quippe
1322 906 1511 963 oculus
1538 907 1733 962 mentis
1762 906 2071 974 mundatur,
2102 913 2161 960 ut

558 1000 615 1052 in
657 998 833 1069 ipsam
882 998 1230 1053 beatitudinis
1277 997 1540 1053 visionem
1591 996 1925 1052 intendatur.
1980 994 2156 1062 Quam

556 1104 717 1143 nemo
744 1087 881 1143 sicut
909 1094 1009 1154 est,
1044 1088 1096 1140 in
1130 1087 1231 1142 hac
1261 1087 1373 1141 vita
1400 1085 1695 1157 conspicit;
1747 1084 1872 1155 quia
1900 1083 2157 1153 impossi-

559 1176 670 1231 bile
702 1185 782 1231 est
810 1175 1036 1247 patriam
1069 1184 1276 1242 tenere,
1309 1175 1437 1231 dum
1464 1176 1517 1229 in
1548 1174 1739 1230 exsilio
1792 1172 2158 1243 unusquisque

553 1273 793 1320 nostrum
848 1266 1041 1337 gemit.
1102 1265 1232 1319 Ideo
1282 1272 1483 1319 sanctm
1530 1264 1726 1318 animae
1772 1260 2155 1328 iuardescenti,

558 1353 805 1419 inhianti,
835 1353 1219 1424 propinquanti
1252 1353 1494 1422 Sponsus
1524 1351 1835 1421 respondet,
1868 1349 2055 1406 dicens
2088 1368 2099 1402 :

626 1442 802 1513 (Vers.
837 1442 917 1513 4.)
949 1442 1163 1498 Averte
1192 1442 1380 1498 oculos
1405 1450 1532 1497 tuos
1563 1458 1599 1496 α
1627 1455 1735 1506 me,
1770 1440 1903 1512 quia
1932 1440 2044 1511 ipsi
2067 1454 2156 1494 me

547 1533 775 1588 avolare
803 1533 1088 1602 feceram.

627 1622 682 1676 4.
716 1618 924 1675 Oculos
971 1620 1041 1673 ad
1072 1619 1344 1689 Sponsum
1394 1617 1683 1684 tendimus,
1735 1618 1864 1671 dum
1908 1615 2155 1671 intuitum

557 1709 757 1764 mentis
788 1708 859 1763 ad
888 1706 1178 1763 videndam
1210 1707 1404 1762 Christi
1435 1705 1821 1761 beatitudinem
1853 1705 2159 1775 aliquantu-

553 1797 665 1852 lum
695 1796 990 1867 aperimus.
1022 1796 1128 1852 Sed
1171 1796 1357 1851 oculos
1394 1804 1637 1851 avertere
1685 1793 2050 1866 praecipimur,
2082 1809 2151 1849 ne
2178 1819 2232 1878 Β

554 1885 807 1941 videlicet
854 1886 1097 1954 aspicere
1146 1900 1266 1937 eam
1312 1883 1470 1939 sicuti
1515 1891 1630 1949 est,
1677 1889 2153 1955 quantumcunque

552 1974 855 2038 videamus,
889 1973 1233 2029 arbitremur.
1276 1971 1386 2042 Ipsi
1432 1972 1577 2027 enim
1609 1972 1750 2027 oculi
1781 1987 1902 2027 eum
1935 1971 2152 2027 avolare

550 2062 824 2123 fecerunt;
860 2062 987 2133 quia
1017 2077 1123 2131 quo
1152 2061 1385 2130 amplius
1412 2061 1642 2129 videtur,
1674 2076 1740 2116 eo
1769 2061 1946 2132 magis
1974 2060 2155 2115 invisi-

548 2150 674 2205 bilis
706 2165 829 2205 esse
860 2150 1226 2221 cognoscitur.
1258 2149 1326 2203 Et
1354 2164 1385 2203 a
1411 2149 1570 2203 nobis
1591 2149 1799 2213 avolat;
1833 2150 1957 2222 quia
1978 2165 2151 2221 quan-

546 2235 937 2304 tulumcunque
988 2234 1096 2289 ictu
1146 2233 1339 2288 mentis
1384 2235 1787 2304 apprehensus,
1837 2235 2152 2304 incompre-

555 2323 898 2379 hensibiliter
924 2339 1088 2394 super
1114 2336 1329 2376 omnem
1361 2329 1614 2377 conatum
1645 2329 1885 2378 nostrum
1916 2339 1975 2378 se
2003 2322 2149 2376 exal-

547 2422 715 2469 tatum
767 2427 886 2466 esse
930 2410 1263 2465 manifestat.
1312 2408 1464 2464 Oculi
1505 2409 1705 2481 quippe
1751 2409 1950 2464 mentis
1991 2409 2150 2480 quasi

546 2518 651 2558 noc
679 2499 926 2555 efﬁciunt
952 2506 1009 2552 ut
1039 2497 1246 2568 avolet;
1295 2498 1423 2570 quia
1450 2514 1549 2568 per
1578 2500 1681 2553 hoc
1708 2499 1972 2553 tantillum
2004 2498 2148 2568 quod

549 2590 781 2656 videtur,
814 2587 975 2643 valde
1017 2587 1345 2659 longinquus
1393 2595 1446 2643 et
1487 2588 1711 2643 avolans
1741 2602 1773 2642 a
1801 2587 1978 2656 nobis,
2011 2587 2149 2643 sicut

555 2679 757 2735 dictum
789 2685 888 2745 est,
922 2684 1173 2747 apparet.
1214 2676 1466 2745 Sequitur
1494 2695 1509 2741 :_

617 2768 793 2839 (Vers.
814 2766 946 2835 4-6.)
969 2765 1177 2837 Capilli
1213 2764 1301 2819 tui
1334 2765 1482 2820 sicut
1504 2780 1698 2835 greges
1721 2762 2046 2837 caprarum,
2065 2766 2144 2837 (α)

550 2857 646 2926 qui
675 2856 1058 2913 ascenderunt
1088 2852 1159 2910 de
1193 2858 1386 2909 monte
1406 2852 1636 2909 Galaad.
1660 2856 1867 2909 Dentes
1887 2856 1974 2909 tui
1994 2856 2145 2910 sicut

541 2962 736 3017 greges
760 2945 831 3015 (ὸ)
856 2949 1150 2999 tonsarum
1168 2944 1375 3011 ovium,
1399 2958 1522 3013 qua:
1548 2942 1927 2999 ascenderunt
1958 2943 2025 2998 de
2064 2943 2140 2997 Ia-

539 3050 739 3094 vacro:
793 3048 985 3090 omnes
1013 3032 1268 3103 gemellis
1297 3031 1528 3102 fetibus,
1560 3036 1616 3088 et
1645 3033 1863 3088 sterilis
1892 3047 2009 3088 non
2053 3036 2139 3088 est

539 3123 614 3193 (ε)
642 3124 800 3177 inter
827 3137 937 3178 eos.

622 3209 794 3267 Sicut
821 3213 1020 3267 cortex
1048 3209 1191 3266 mali
1214 3209 1433 3281 punici,
1464 3210 1546 3265 sic
1572 3214 1884 3281 gementum,
1908 3210 1984 3281 (ἀ)
2004 3211 2132 3267 abs-

542 3317 647 3375 que
664 3300 923 3357 occultis.

617 3393 670 3443 5.
703 3389 836 3443 Haec
864 3386 1047 3442 omnia
1077 3386 1222 3442 dicta
1250 3385 1318 3441 de
1348 3386 1595 3442 Ecclesia
1620 3387 1885 3459 superius,
1938 3397 1994 3443 ut
2038 3404 2147 3458 po-

548 3478 768 3541 tuimus,
793 3475 1175 3545 exposuimus;
1207 3475 1332 3530 ideo
1361 3490 1502 3529 nunc
1539 3475 1608 3532 de
1637 3475 1929 3548 Synagoga
1957 3476 2148 3532 eadem

551 3566 816 3637 replicare
846 3564 1171 3620 devitamus.
1202 3565 1379 3620 Unum
1411 3572 1489 3619 est
1520 3572 1695 3619 tamen
1735 3565 1879 3635 quod
1924 3581 2032 3621 non
2079 3565 2151 3621 si-

547 3653 747 3710 militer
770 3653 1061 3723 repetitur:
1094 3652 1221 3726 quia
1249 3649 1324 3706 ibi
1351 3651 1489 3707 sicut
1518 3651 1828 3724 fragmenta
1873 3653 2001 3710 mali
2044 3670 2151 3724 pu-

548 3743 679 3808 nici,
707 3742 795 3796 hic
827 3748 1007 3795 autem
1040 3740 1178 3795 sicut
1207 3748 1391 3796 cortex
1421 3740 1549 3797 mali
1580 3741 1759 3812 punici
1794 3740 2005 3797 dicitur.
2031 3741 2152 3811 Quo

552 3830 692 3887 nihil
721 3829 867 3885 aliud
898 3829 1171 3902 designari
1203 3836 1352 3900 puto,
1376 3828 1479 3883 nisi
1500 3830 1817 3900 sanguinem
1835 3838 2151 3903 martyrum,

554 3919 644 3989 qui
673 3919 773 3973 sub
799 3917 1136 3974 Antichristo
1164 3918 1462 3973 morientur
1484 3935 1495 3971 :
1515 3926 1569 3973 et
1596 3917 1855 3972 unitatem
1885 3917 2028 3986 ﬁdei,
2052 3919 2153 3974 sub

558 4024 661 4078 qua
692 4007 843 4061 multi
871 3993 1187 4062 Iudaeorum
1220 4006 1575 4078 stringentur.
1635 4007 1693 4061 ln
1722 4006 1879 4076 cujus
1905 4015 2155 4064 constan-

557 4097 631 4151 tia
658 4096 788 4151 dum
820 4095 1102 4167 sanguinis
1132 4093 1446 4150 eﬂ‘usionem
1466 4096 1755 4166 patientur,
1786 4094 1914 4151 ﬁdei
1944 4096 2156 4151 tribula-

560 4184 704 4240 tione
730 4184 883 4255 quasi
913 4183 1129 4240 corticis
1160 4184 1354 4240 rubore
1389 4183 1803 4239 decorabantur.
1857 4184 2107 4254 Sequitur
2137 4202 2153 4239 :

631 4274 807 4341 (Vers.
839 4273 922 4343 7.)
966 4274 1281 4344 Sexaginta
1319 4276 1457 4328 sunt
1500 4274 1727 4342 reginw,
1768 4275 1823 4328 el
1870 4272 2157 4344 octaginta

559 4361 920 4426 concubina;
952 4365 1011 4417 et
1034 4360 1587 4416 adolescentularum
1614 4376 1727 4417 non
1749 4365 1835 4417 est
1858 4376 2154 4417 numerus.

631 4454 684 4504 6.
716 4449 860 4517 Quid
889 4465 995 4518 per
1024 4450 1265 4521 reginas,
1298 4448 1402 4501 nisi
1429 4455 1736 4503 sanctorum
1766 4449 1963 4507 animae
1999 4449 2154 4505 desi-

560 4546 832 4611 gnantur;
866 4553 985 4607 qua:
1016 4538 1141 4591 dum
1165 4551 1394 4608 corpora
1422 4552 1518 4590 sua
1547 4537 1840 4607 prudenter
1857 4541 2074 4609 regunt,
2100 4547 2154 4594 et

562 4626 683 4682 aliis
710 4634 971 4697 praesunt,
994 4641 1227 4697 regnum
1255 4624 1356 4679 sibi
1385 4632 1644 4680 aeternum
1674 4625 1990 4695 acquirunt?
2018 4627 2152 4683 Sunt

563 4715 706 4772 enim
737 4713 982 4770 nonnulli
1012 4714 1066 4768 in
1096 4722 1281 4769 sancta
1305 4713 1553 4770 Ecclesia
1598 4713 1691 4785 qui
1733 4729 1948 4769 carnem
2000 4731 2153 4771 suam

562 4810 857 4868 macerant,
890 4811 944 4858 et
970 4811 1196 4874 propter
1223 4803 1397 4858 Deum
1428 4801 1689 4874 afﬂigunt.
1738 4802 1866 4857 vitia
1910 4803 2151 4871 vincunt,

562 4893 839 4949 daemones
858 4891 1006 4948 velut
1033 4899 1288 4962 tyrannos
1314 4890 1415 4945 sibi
1445 4890 1752 4961 subjiciunt,
1769 4906 1958 4947 omnes
1976 4899 2155 4947 motus

500 5046 503 5049 η
562 4996 689 5037 suos
717 4988 774 5036 ut
803 4980 1049 5035 ordinate
1072 4986 1304 5046 currant,
1333 4978 1601 5051 sapienter
1625 4987 1839 5051 regunt,
1872 4979 1990 5034 aliis
2017 4996 2160 5052 prae-

559 5070 744 5127 dicant
774 5070 877 5125 hoc
906 5068 1057 5142 quod
1084 5067 1189 5139 ipsi
1219 5066 1439 5134 faciunt,
1474 5067 1675 5123 multos
1706 5082 1738 5122 a
1770 5067 2017 5124 faucibus
2044 5069 2158 5123 das-

641 5194 720 5265 (a)
745 5195 1090 5265 Rothomag.,
1140 5207 1262 5266 qua:
1294 5192 1697 5249 ascenderunt.
1740 5191 1989 5264 Vulgati,
2035 5208 2157 5264 qua:

560 5268 976 5347 apparuerunt.
1402 5334 1414 5346 .
1657 5333 1669 5344 _

637 5340 720 5417 (ὁ)
744 5336 1028 5417 9mittitur
1052 5338 1368 5417 (ansarum,
1401 5350 1453 5417 in
1484 5347 1789 5417 excusns.m

738 5407 947 5492 anes
971 5408 1100 5492 tias.
1141 5407 1322 5491 nostri.
1339 5406 1498 5462 inter
1525 5419 1636 5473 eos,
1671 5404 1877 5461 scilicet
1920 5421 2154 5477 greges;

561 5478 696 5540 editi
723 5479 865 5551 utin
892 5478 1145 5551 Vulgata,
1176 5479 1241 5551 in
1270 5478 1371 5533 eis.

636 5554 714 5621 (d)
745 5550 853 5621 Hic,
868 5545 1028 5604 etiam
1045 5545 1324 5620 sequimur
1336 5545 1631 5621 unanimen
1651 5547 1778 5621 Mss.
1801 5560 2150 5621 consensum.

553 5624 619 5683 In
646 5617 814 5694 editis
842 5620 1065 5694 legitur,
1094 5617 1297 5694 absque
1327 5634 1390 5694 e_o
1428 5617 1571 5694 quod
1607 5619 1959 5694 intrinsecus
1990 5618 2153 5694 latet.

623 5696 703 5776 (e)
732 5688 949 5749 necent.
979 5688 1278 5749 editoribus
1301 5688 1511 5762 placuit
1551 5688 1934 5764 explicationis
1973 5691 2154 5767 gratia

2164 3168 2214 3232 C

2266 551 2406 621 Quid
2429 551 2741 623 hujusmodi
2762 550 2960 609 animae
2977 552 3079 608 nisi
3096 553 3303 626 reginae
3319 555 3561 627 existunt,
3584 576 3690 630 quat
3706 561 3817 618 dum

2264 657 2452 714 regem
2487 641 2754 697 Christum
2786 658 3041 713 sponsum
3072 658 3229 698 suum
3258 642 3413 700 valde
3442 645 3678 719 diligunt,
3699 666 3824 705 amo-

2266 731 2339 784 ris
2370 730 2750 786 commistione
2799 738 2853 786 et
2894 730 3137 786 libidinis
3183 732 3536 799 execratione,
3560 736 3725 808 regios
3759 738 3822 794 fl-

2267 817 2387 888 lios,
2418 819 2471 874 id
2502 828 2586 874 est
2614 817 2804 875 ﬁdeles
2832 820 3071 890 populos
3093 821 3358 894 gignunt?
3387 822 3587 890 Quibus
3601 826 3823 881 omnibus

2268 906 2460 962 beatus
2490 908 2678 962 Petrus
2707 908 2987 979 apostolus
3019 909 3238 965 dicebat
3271 928 3282 964 :
3329 909 3430 966 Vos
3468 916 3646 968 autem
3669 930 3823 985 genus

2267 997 2531 1062 electum,
2557 998 2748 1068 regale
2782 997 3180 1068 sacerdotium,
3215 1014 3352 1070 gens
3375 1004 3587 1070 sancta,
3613 1005 3825 1075 populus

2267 1085 2663 1157 acquisitionis
2682 1086 2729 1154 (I
2747 1088 2862 1144 Pet.
2883 1100 2944 1153 ιι,
2965 1085 3039 1158 9).
3067 1086 3176 1143 Sed
3213 1087 3416 1159 reginae
3435 1089 3702 1162 sexaginta
3726 1107 3827 1147 esse

2265 1174 2636 1242 perhibentur.
2660 1174 2929 1230 Denarius
2948 1175 3151 1246 quippe
3180 1191 3436 1231 numerus
3460 1193 3561 1247 per
3584 1178 3828 1233 senarium

2266 1261 2657 1332 multiplicatus
2704 1264 2759 1318 in
2802 1264 3085 1337 sexaginta
3116 1263 3442 1334 completur.
3482 1265 3548 1320 Et
3588 1266 3706 1336 quid
3743 1283 3830 1338 per

2266 1350 2578 1420 denarium,
2612 1352 2715 1405 nisi
2745 1351 2938 1408 decem
2988 1359 3258 1425 praecepta
3303 1352 3493 1424 Legis;
3527 1362 3577 1409 et
3604 1354 3721 1425 quid
3749 1370 3832 1424 per

2268 1438 2558 1508 senarium,
2590 1440 2694 1494 nisi
2725 1440 2881 1495 labor
2905 1441 3063 1510 hujus
3092 1441 3222 1496 vitae
3266 1441 3548 1514 signatur?
3574 1440 3669 1496 Sex
3702 1442 3831 1496 enim

2266 1527 2461 1582 diebus
2490 1527 2637 1598 quod
2668 1529 3033 1585 necessarium
3063 1534 3143 1585 est
3162 1545 3473 1600 operamur,
3491 1538 3541 1584 et
3562 1529 3611 1587 iu
3629 1529 3833 1601 septimo

2266 1616 2545 1688 quiescere
2575 1633 2672 1689 per
2699 1617 2900 1690 Legem
2927 1617 3185 1689 jubemur
3213 1617 3415 1688 (Exod.
3445 1633 3573 1672 χχιιι
3601 1623 3653 1674 et
3672 1618 3829 1687 xxxi).

2263 1704 2405 1760 Bene
2454 1721 2585 1778 ergo
2631 1706 2910 1779 sexaginta
2963 1707 3169 1780 reginae
3219 1723 3341 1763 esse
3396 1707 3663 1769 dicuntur;
3721 1706 3830 1777 quia

2265 1793 2394 1847 dum
2422 1794 2614 1851 decem
2645 1803 2916 1867 praecepta
2945 1796 2997 1850 in
3028 1798 3130 1851 hoc
3170 1796 3372 1851 saeculo
3413 1802 3706 1867 Operantur,
3736 1811 3829 1849 sae-

2262 1883 2442 1937 culum
2473 1891 2653 1940 autem
2700 1885 2804 1939 hoc
2850 1900 2946 1939 sex
2994 1884 3190 1940 diebus
3233 1884 3549 1956 operatoriis
3573 1883 3826 1951 evolvitur,

2260 1970 2315 2026 in
2344 1972 2422 2026 eis
2452 1972 2604 2042 quasi
2633 1988 2733 2043 per
2758 1973 3034 2028 senarium
3062 1989 3374 2042 numerum,
3409 1971 3655 2028 denarius
3681 1972 3830 2043 repli-

2260 2065 2431 2118 catur.
2470 2061 2769 2117 Praedieant
2789 2062 2933 2117 enim
2955 2062 3154 2134 quique
3175 2063 3368 2118 decem
3390 2068 3655 2133 praecepta
3670 2060 3828 2131 Legis,

2260 2151 2315 2204 in
2346 2165 2576 2220 quorum
2606 2150 2923 2221 operatione
2969 2167 3027 2206 se
3068 2163 3326 2207 exercent
3366 2150 3420 2205 in
3468 2148 3831 2221 temporalitate

2260 2240 2420 2310 hujus
2466 2240 2850 2309 corruptionis.
2914 2239 3019 2295 Sex
3068 2240 3236 2311 igitur
3284 2240 3483 2307 decies,
3535 2238 3617 2293 vel
3662 2238 3830 2292 decem

2258 2327 2437 2383 sexies
2466 2326 2855 2398 multiplicant;
2890 2328 3018 2398 quia
3047 2327 3355 2384 universale
3402 2330 3505 2384 hoc
3550 2335 3745 2395 tempus
3782 2325 3829 2378 in

2258 2416 2525 2486 explenda
2583 2416 2772 2471 decem
2818 2423 3093 2486 praecepta
3154 2416 3317 2488 Legis
3375 2415 3682 2487 spiritaliter
3726 2427 3827 2468 esse

2259 2504 2690 2575 transigendum,
2723 2504 2981 2575 operibus
3026 2504 3135 2559 suis
3180 2504 3543 2571 manifestam,
3593 2510 3642 2557 et
3683 2500 3829 2557 verbo

2256 2593 2574 2663 praedicant.
2599 2592 2840 2661 Quorum
2869 2593 3087 2648 laudem
3115 2592 3173 2647 in
3203 2592 3309 2649 hoc
3330 2593 3532 2648 mundo
3562 2588 3829 2660 aliquando

2255 2681 2471 2751 reprobi
2501 2682 2798 2751 aspiciunt;
2850 2689 2903 2737 et
2942 2690 2998 2735 ut
3044 2681 3294 2737 similiter
3341 2682 3639 2744 laudentur,
3666 2676 3743 2731 vel
3779 2684 3827 2729 ut

2253 2771 2471 2843 aliquod
2502 2770 2855 2827 commodum
2876 2769 2928 2824 in
2953 2771 3054 2825 hac
3084 2769 3193 2824 vita
3220 2764 3703 2839 quomodocunque
3729 2763 3828 2818 adi-

2251 2859 2542 2930 piscantur,
2588 2858 2750 2913 etiam
2799 2858 2901 2927 ipsi
2947 2873 3047 2929 per
3086 2857 3408 2929 semetipsos
3467 2855 3821 2928 praedicatores

2249 2946 2403 3003 fiunt.
2434 2948 2512 3002 De
2543 2946 2739 3017 quibus
2762 2946 2899 3002 bene
2927 2946 3175 3002 subditur
3198 2948 3299 3003 :Et
3330 2947 3611 3017 octoginta
3639 2956 3821 2998 concu-

2248 3035 2413 3092 bimv.
3316 3050 3320 3055 '

2316 3128 2370 3181 7.
2404 3124 2735 3181 Concubiuae
2765 3126 2968 3197 quippe
2999 3142 3107 3182 non
3138 3141 3298 3196 vere,
3350 3125 3449 3181 sed
3497 3122 3617 3179 ficte
3660 3117 3820 3175 domi-

2248 3230 2349 3270 nos
2378 3213 2634 3285 diligunt,
2680 3221 2733 3267 et
2777 3212 2847 3267 ab
2896 3213 2974 3268 eis
3018 3230 3126 3270 non
3172 3213 3544 3285 posteritatem
3585 3209 3819 3270 ﬁliorum,

2249 3304 2320 3375 (e)
2354 3302 2451 3357 sed
2475 3301 2820 3373 praesentiam
2851 3309 3122 3373 expetunt,
3142 3318 3243 3358 nec
3263 3301 3595 3359 continentia
3614 3313 3668 3353 se
3685 3309 3822 3351 exer-

2249 3398 2391 3458 cent,
2425 3390 2518 3445 sed
2559 3389 2847 3444 libidinem
2895 3390 3117 3460 explere
3161 3390 3574 3463 concupiscunt.
3604 3386 3691 3442 Sic
3718 3380 3824 3438 falsi

2249 3478 2639 3550 praedicatores
2684 3479 2741 3533 in
2790 3478 3037 3533 Ecclesia
3082 3479 3370 3534 existunt:
3404 3478 3530 3550 quia
3566 3476 3687 3530 dum
3730 3485 3823 3525 non

2251 3567 2549 3638 Christum,
2582 3566 2678 3623 sed
2706 3567 2915 3624 lucrum
2946 3566 3032 3624 vel
3062 3566 3277 3623 laudem
3311 3567 3566 3640 diligunt,
3598 3578 3699 3619 non
3724 3557 3825 3629 spi-

2251 3654 2473 3710 ritaliter
2499 3663 2552 3710 et
2579 3664 2750 3722 caste,
2780 3655 2877 3711 sed
2906 3655 3191 3711 carnaliter
3216 3664 3271 3712 et
3299 3655 3588 3711 libidinose
3634 3648 3825 3706 Christo

2253 3760 2308 3797 se
2338 3745 2691 3815 conjungunt.
2721 3744 2868 3799 Bene
2898 3759 3029 3815 ergo
3050 3743 3375 3800 concubinae
3400 3749 3688 3803 vocantur;
3718 3734 3828 3807 quia

2255 3831 2522 3887 Christum
2555 3847 2719 3904 quem
2746 3832 3072 3902 praedicant,
3104 3847 3212 3887 non
3240 3832 3295 3886 in
3329 3831 3544 3903 spiritu,
3568 3827 3660 3884 sed
3687 3836 3828 3880 carne

2253 3927 2549 3976 sectantur.
2610 3921 2691 3975 De
2748 3921 2944 3990 quibus
2999 3920 3276 3993 apostolus
3330 3920 3533 3977 Paulus
3585 3914 3826 3972 dicebat:

2256 4009 2325 4080 (/)
2344 4008 2508 4065 Multi
2536 4008 2761 4076 quidem
2787 4009 3101 4065 secundum
3130 4026 3370 4066 carnem
3409 4006 3717 4071 ambulant,
3747 3996 3831 4056 sed

2252 4113 2370 4154 non
2381 4096 2693 4154 secundum
2712 4096 3181 4167 Christum(Phit.
3196 4097 3487 4168 nt,38.)l)e
3503 4093 3692 4166 quibus
3703 4089 3831 4144 idem

2255 4185 2370 4257 ipse
2390 4185 2498 4239 ait:
2527 4184 2669 4252 Quos
2702 4200 2849 4257 saepe
2886 4185 3136 4242 dicebam
3182 4187 3355 4257 vobis,
3386 4201 3543 4241 nunc
3580 4183 3760 4238 autem
3785 4178 3832 4231 et

2254 4275 2398 4343 ﬂens
2411 4273 2554 4337 dico,
2573 4273 2841 4329 inimicos
2857 4274 3043 4330 crucis
3065 4274 3291 4342 Christi,
3313 4289 3553 4347 quorum
3566 4268 3693 4341 ﬁnis
3706 4267 3832 4321 inte-

2256 4363 2426 4430 ritus,
2446 4376 2685 4431 quorum
2711 4362 2847 4417 deus
2870 4365 3067 4418 venter
3095 4366 3200 4418 est.
3229 4363 3311 4419 De
3345 4361 3541 4434 quibus
3570 4359 3678 4428 ipse
3706 4352 3831 4431 idem

2261 4450 2337 4506 ait
2369 4468 2381 4503 :
2417 4450 2743 4520 Hujusmodi
2766 4467 2882 4507 non
2915 4452 3424 4509 serviuntDomino
3450 4450 3599 4512 Iesu,
3622 4443 3712 4502 sed
3742 4452 3834 4496 suo

2262 4539 2452 4595 ventri
2480 4539 2656 4605 (Rom.
2690 4553 2812 4608 xvr,
2846 4540 2959 4606 18).
3004 4540 3137 4609 Qua
3164 4547 3347 4595 tamen
3377 4536 3689 4595 concubium
3717 4530 3835 4584 bene

2261 4627 2537 4700 octoginta
2565 4643 2687 4682 esse
2716 4626 3003 4690 dicuntur;
3045 4629 3173 4699 quia
3219 4628 3321 4684 etsi
3372 4633 3486 4682 toto
3532 4621 3689 4679 corde
3732 4625 3834 4671 ter-

2260 4733 2393 4773 rena
2419 4715 2670 4787 diligunt,
2694 4715 2937 4771 caelestia
2960 4722 3141 4771 tamen
3172 4715 3486 4788 loquuntur.
3511 4707 3835 4769 Octonarium

2265 4806 2463 4877 quippe
2491 4820 2775 4859 numerum
2806 4820 2907 4875 per
2937 4804 3223 4859 denarium
3243 4804 3514 4871 ducimus,
3538 4810 3589 4856 et
3617 4798 3682 4855 ad
3708 4802 3837 4852 octo-

2263 4895 2413 4967 ginta
2455 4893 2726 4950 venimus.
2784 4894 2887 4949 Per
2914 4892 3104 4950 decem
3146 4901 3329 4949 autem
3360 4892 3685 4962 Decalogus,
3716 4884 3839 4939 sicut

2265 4983 2468 5040 dictum
2500 4989 2598 5049 est,
2630 4979 2968 5053 signiﬁcatur
2999 5000 3011 5036 :
3043 4998 3143 5053 per
3169 4991 3290 5039 octo
3331 4997 3463 5039 vero
3508 4971 3832 5035 resurrectio,

2265 5073 2389 5145 quia
2419 5074 2613 5128 octavo
2639 5070 2729 5126 die
2760 5069 3091 5142 Redemptor
3120 5079 3301 5127 noster
3328 5067 3682 5127 resurrexisse
3720 5074 3837 5134 pro-

2265 5192 2607 5265 interserere,
2630 5193 3047 5250 commodorum
3066 5215 3089 5258 ;
3111 5194 3194 5249 sic
3218 5192 3363 5250 enim
3394 5190 3679 5265 legendum
3701 5178 3836 5239 exhi-

2262 5263 2434 5336 bent;
2464 5262 2564 5319 sed
2594 5260 2952 5336 praesentiam
2990 5265 3405 5321 commodorum
3423 5260 3723 5336 {nimirum
3744 5266 3835 5308 non

2262 5328 2622 5416 intelligentes
2661 5336 2751 5416 ad
2779 5336 2916 5416 quid
2956 5335 3144 5416 referri
3189 5328 3432 5406 posset,
3461 5328 3827 5416 presenti-qia;

2264 5410 2328 5461 At
2354 5404 2566 5477 optime
2594 5404 2825 5477 refertur
2852 5407 2920 5462 ad
2948 5404 3224 5477 dominos,
3255 5404 3485 5477 quorum
3510 5404 3835 5475 praesentiam

2262 5476 2610 5553 expetunt_ut
2627 5476 3186 5553 _li_bidem_e_xpleant._
3212 5476 3215 5477 ⁷
3263 5476 3285 5553 _'
3619 5541 3632 5553 .

2354 5532 2408 5624 ί)
2439 5546 2602 5624 ῌιιιιιι
2627 5547 2715 5604 hic
2750 5532 2851 5606 ex"
2873 5532 3011 5606 Mss.
3031 5532 3422 5624 supplevimus,
3455 5558 3575 5620 qua
3618 5541 3672 5597 in
3715 5532 3833 5595 vulv

2264 5619 2408 5695 gatis
2435 5619 2653 5678 desunt.
