3996 6164
229 274 337 329 529

807 234 841 284 ·’
926 268 1148 363 SUPER
1177 267 1471 325 omnes
1500 266 1965 358 CANTlCORUM
1996 268 2392 327 nxrosmo.
2432 302 2504 314 —
2540 272 2704 330 CAP.
2745 271 2833 329 γι.

3433 269 3537 327 530

231 397 412 453 batur.
442 394 836 454 Prasdicatores
864 409 997 451 vero
1026 394 1133 450 etsi
1165 392 1289 450 falsi
1319 402 1465 463 sunt,
1490 409 1588 466 per
1617 392 1836 451 deside-
1864 397 1919 458 Α
1947 396 2405 468 praedicaverunt
2436 418 2453 456 :
2499 399 2710 472 regina:
2724 401 2780 457 et
2800 398 3129 457 concubina:
3160 397 3541 457 laudauerunt

232 487 373 543 rium
410 492 613 557 tamen,
647 494 700 542 et
729 485 1064 557 Scriptorum
1096 483 1356 551 divinam,
1389 490 1441 538 et
1467 484 1832 540 resurrectio-

231 593 359 632 nem
400 592 564 648 quam
603 574 896 641 credimus,
938 572 1286 628 manifestam
1319 587 1418 644 per
1454 573 1704 628 verbum.
1771 572 1837 628 Si

232 667 380 721 enim
409 664 557 719 aliud
584 662 949 735 praedicarent
974 661 1381 732 praedicatores,
1417 661 1557 717 inter
1574 660 1837 716 Christia-

232 770 336 813 nos
366 769 480 809 non
509 760 722 815 essent;
751 752 819 807 de
849 751 1046 823 quibus
1074 750 1130 805 in
1157 749 1460 823 Evangelio
1489 749 1701 806 Veritas
1721 749 1795 805 ait
1821 766 1834 802 :

233 844 417 915 Super
429 842 761 898 cathedram
774 842 942 913 Moysi
951 841 1222 896 sederunt
1236 838 1451 897 Scriba:
1461 843 1517 896 et
1529 838 1837 895 Pharisiw:

229 948 359 1003 qua
374 931 584 989 dicunt
594 933 795 1003 facite,
812 947 935 1004 qua:
962 932 1155 986 autem
1184 929 1435 1001 faciunt,
1454 931 1644 1000 facere
1660 928 1840 985 nolite

232 1020 459 1089 (Matth.
486 1036 643 1087 χχιιι,
676 1020 750 1089 2).
1649 1024 1657 1033 ‘

301 1113 357 1164 3.
386 1108 497 1165 Sed
528 1108 656 1180 quia
684 1113 740 1165 et
767 1107 1021 1165 falsorum
1053 1116 1107 1164 et
1136 1122 1392 1164 verorum
1416 1105 1841 1178 praedicatorum

232 1198 636 1270 praedicatione
663 1197 887 1269 plurimi
916 1196 988 1252 ad
1000 1196 1164 1253 ﬁdem
1179 1198 1425 1266 veniunt,
1452 1203 1645 1252 etcum
1659 1194 1843 1250 electis

233 1287 395 1342 multi
415 1288 641 1355 intrant,
657 1287 752 1359 qui
768 1286 837 1342 ad
854 1294 1060 1342 sortem
1080 1284 1370 1341 electorum
1388 1301 1497 1341 non
1506 1286 1841 1357 pertingunt,

231 1375 359 1431 ideo
380 1375 657 1431 subditur:
674 1374 1316 1433 Etadolescentularum
1327 1392 1444 1433 non
1457 1378 1840 1432 estnumerus.

235 1465 372 1522 Cum
398 1466 542 1521 enim
556 1465 821 1537 scriptum
834 1466 900 1520 sit
920 1483 931 1519 :
949 1465 1341 1522 Adolescentia
1351 1468 1407 1521 et
1418 1466 1685 1528 iuventus
1698 1480 1845 1519 vana

238 1556 598 1626 sunt(Eccle.
612 1572 670 1625 ιι,
695 1559 720 1610 1
732 1559 783 1624 0,
806 1571 881 1612 ea:
896 1554 1125 1626 Hebr.):
1149 1553 1278 1625 quid
1298 1569 1397 1626 per
1415 1551 1845 1609 adolescentulus

240 1643 366 1711 has,
388 1644 561 1713 446
585 1645 664 1715 (a)
681 1644 785 1699 nisi
806 1642 1401 1716 animasintelligimus,
1426 1658 1547 1713 quae
1567 1640 1694 1695 dum
1708 1655 1846 1698 vana

1942 501 2066 542 eam
2080 527 2093 540 .

2015 579 2108 631 to.
2146 575 2277 632 Sion
2306 575 2451 646 ﬁliae,
2483 576 2609 634 ﬁliai
2643 584 2767 633 sunt
2805 577 3084 645 Ecclesiae,
3122 594 3245 650 qua:
3275 578 3404 634 dum
3450 575 3538 632 vi-

1945 670 2054 719 tem
2083 671 2344 720 teternum
2375 666 2433 720 in
2462 666 2565 722 hac
2593 682 2757 723 carne
2783 666 3242 737 contemplantur,
3296 683 3329 722 a
3374 681 3539 737 pere-

1942 753 2196 824 grinante
2223 754 2467 810 Ecclesia
2484 756 2554 810 ad
2579 764 2898 829 regnantem
2915 756 3215 812 Ecclesium
3237 756 3539 828 eriguntur.

1946 841 2144 897 Vident
2173 841 2302 899 ﬁlias
2332 843 2464 900 Sion
2494 843 2828 912 columbam,
2861 853 2915 900 et
2942 844 3311 900 beatissimam
3341 844 3546 916 praedi-

1946 938 2072 986 cant
2102 949 2114 985 :
2137 932 2266 1003 quia
2280 941 2487 989 sancta:
2508 933 2705 989 animae
2723 934 2852 992 dum
2871 934 3100 989 virtutes
3115 932 3376 990 Ecclesiae
3396 949 3547 1004 spec~

1950 1025 2083 1089 tant,
2116 1020 2173 1075 in
2200 1020 2414 1077 laudem
2447 1032 2827 1093 prorumpunt,
2857 1029 2911 1077 et
2929 1022 2997 1078 ad
3019 1023 3136 1092 ejus
3156 1022 3548 1078 beatitudinem

1949 1108 2176 1164 inhiant.
2202 1110 2402 1167 Sancta
2421 1112 2624 1183 quippe
2642 1111 2884 1168 Ecclesia
2912 1112 3088 1185 gratia
3130 1110 3390 1183 genitrice
3445 1128 3549 1165 nu-

1950 1199 2014 1252 tri
2022 1206 2125 1270 tur,
2141 1199 2269 1255 dum
2282 1200 2386 1256 ﬁde
2398 1202 2827 1267 eruditur,carne
2839 1201 2922 1256 sui
2939 1200 3138 1271 Sponsi
3151 1201 3415 1272 pascitur,
3430 1216 3549 1257 san-

1950 1286 2116 1360 guine
2133 1286 2363 1359 lavatur,
2389 1289 2676 1362 Scriptura
2687 1290 2872 1347 divina
2894 1291 3195 1362 saginatur.
3222 1289 3549 1360 Hujusmodi

1949 1375 2173 1433 robusta
2186 1378 2534 1434 nutrimentis
2555 1379 2830 1435 daemones
2844 1386 3137 1451 expugnat,
3156 1378 3288 1434 vitia
3302 1376 3552 1445 snﬁ‘ocat,

1951 1481 2169 1521 carnem
2188 1467 2394 1531 domat,
2408 1466 2653 1539 spiritum
2666 1468 2902 1536 roborat,
2914 1468 3083 1523 vitam
3100 1474 3392 1539 exspectat.
3426 1468 3556 1523 Haec

1952 1553 2135 1610 omnia
2156 1555 2463 1627 quicunque
2491 1555 2868 1628 aspicit,rectc
2888 1555 2943 1612 in
2961 1557 3379 1613 admirationem
3419 1571 3556 1625 pro-

1954 1642 2095 1698 tinus
2115 1645 2368 1717 assurgit,
2392 1653 2443 1700 et
2464 1644 2833 1701 beatissimam
2861 1644 3193 1715 pronuntiat,
3218 1644 3352 1716 quia
3408 1643 3559 1700 videt

240 1734 410 1805 hujus
440 1733 630 1823 mundi
661 1740 936 1789 sectantur
957 1747 1083 1823 qua
1113 1731 1365 1805 diligunt,
1396 1746 1680 1786 numerum
1707 1729 1849 1785 elec-
1875 1762 1929 1823 Β
1957 1731 2028 1787 ad
2058 1740 2313 1804 quantam
2342 1734 2572 1806 gloriam
2603 1749 2701 1805 per
2730 1742 2806 1789 tot
2832 1735 3057 1789 virtutes
3085 1741 3364 1805 exsurgat.
3423 1733 3558 1787 Cum

240 1830 425 1877 torum
444 1821 858 1895 excedunt?;De
879 1821 1077 1893 quibus
1096 1837 1196 1892 per
1236 1819 1572 1875 Psalmistam
1602 1818 1798 1874 dicitur
1830 1835 1841 1870 ε

240 1913 608 1968 Annuntiavi
628 1915 685 1968 et
716 1912 942 1969 locutus
958 1927 1106 1976 sum,
1135 1909 1515 1981 multiplicati
1530 1911 1666 1964 sunt
1680 1922 1851 1980 super

240 2016 555 2057 numerum
577 2002 754 2069 (Psal.
776 2015 979 2067 χχχιιι,
1004 1999 1082 2064 6).
1107 1997 1266 2067 Quod
1278 1997 1419 2053 enim
1441 1997 1738 2053 electorum
1755 2012 1851 2051 nu-

241 2105 426 2145 merus
454 2089 599 2162 apud
629 2090 804 2145 Deum
834 2088 909 2143 sit
936 2087 1270 2155 constitutus,
1306 2085 1613 2142 manifestat
1633 2093 1850 2156 aposto-

238 2179 327 2233 lus
350 2178 553 2233 Paulus
569 2178 662 2252 qui
685 2178 972 2234 aitzNovit
987 2176 1260 2232 Dominus
1301 2175 1396 2248 qui
1439 2179 1576 2231 sunt
1620 2177 1741 2244 eius
1782 2172 1854 2244 (ll

216 2269 389 2329 ,Τίνι
417 2282 478 2334 ιι,
505 2269 614 2335 19).
647 2267 712 2321 Et
739 2281 839 2337 per
866 2266 1219 2336 semetipsum
1249 2264 1517 2319 Dominus
1563 2264 1636 2317 ait
1669 2281 1681 2316 :
1740 2264 1852 2333 Ego

236 2359 358 2414 seio
383 2355 805 2429 quoselegerim
838 2355 1025 2425 (Joan.
1080 2369 1200 2422 xm,
1236 2354 1352 2423 18).
1389 2352 1538 2421 Quos
1567 2352 1694 2423 quia
1746 2367 1853 2407 non

240 2444 574 2516 imperfecte
603 2444 723 2513 scit,
747 2459 839 2500 sec
868 2444 1109 2514 perfecte
1138 2442 1308 2509 novit,
1340 2441 1526 2513 procul
1582 2440 1748 2496 dubio
1803 2448 1856 2495 et

240 2550 536 2589 numerum
557 2534 612 2588 in
643 2549 749 2605 quo
778 2533 1072 2604 eliguntur,
1105 2530 1403 2603 cognoscit.
1441 2530 1516 2585 De
1546 2529 1741 2599 quibus
1757 2545 1857 2599 per

240 2624 473 2679 Paulum
493 2623 721 2679 dicitur:
751 2622 894 2690 Quos
914 2621 1069 2677 enim
1096 2621 1379 2694 prmscivit
1402 2624 1458 2675 et
1474 2619 1855 2691 praedestina-

241 2714 324 2767 oit
346 2715 673 2783 conformes
688 2712 818 2781 fieri
833 2711 1103 2783 imaginis
1121 2709 1230 2779 ﬁlii
1250 2711 1340 2765 sui
1356 2709 1533 2780 (Rom.
1567 2724 1681 2776 vm,
1743 2706 1853 2777 29).

242 2803 391 2858 Bene
424 2817 564 2874 ergo
595 2799 1128 2856 adolescentularum
1160 2813 1268 2853 non
1299 2805 1379 2853 est
1408 2787 1698 2865 numerus;
1732 2797 1860 2867 quia

237 2891 375 2946 dum
410 2905 516 2961 per
544 2889 838 2944 vanitatem
870 2904 1031 2958 quam
1064 2886 1318 2958 diligunt,
1341 2886 1397 2939 in
1424 2900 1705 2940 numerum
1729 2885 1863 2940 elec-

243 2989 430 3035 torum
461 2993 573 3033 non
602 2984 840 3045 currunt,
873 2983 1022 3031 extra
1050 2979 1397 3031 remanentes
1414 2973 1564 3044 quasi
1594 2973 1649 3027 in
1665 2972 1860 3044 cogni-

240 3069 459 3126 tionem
492 3067 735 3122 divinam
787 3071 901 3121 ‘non
957 3064 1209 3122 veniunt.
1251 3062 1461 3132 Quibus
1486 3062 1604 3132 ipsa
1650 3062 1860 3116 Veritas

239 3158 300 3212 in
330 3158 523 3212 futuro
545 3155 755 3227 judicio
784 3154 994 3219 dictura
1013 3160 1093 3207 est
1124 3169 1138 3205 :
1174 3153 1364 3208 Nescio
1384 3168 1475 3208 vos
1493 3150 1856 3222 (Matth.xxv,

241 3247 333 3315 12)
358 3264 372 3306 ;
394 3253 481 3300 et:
511 3244 799 3301 Discedite
819 3260 854 3298 a
874 3258 965 3299 me
986 3257 1181 3297 omnes
1193 3242 1289 3314 qui
1303 3242 1622 3312 operamini
1643 3240 1857 3311 iniqui-

243 3339 434 3391 tatem
456 3334 615 3404 (Psal
658 3349 736 3399 v1,
769 3335 844 3404 9).
870 3332 979 3387 Sed
1002 3331 1128 3385 dum
1151 3329 1366 3400 reprobi
1386 3329 1655 3383 mundana
1703 3344 1856 3398 qua:-

242 3432 395 3487 runt,
416 3431 470 3478 et
498 3438 599 3494 per
627 3420 954 3492 multiplices
975 3419 1302 3491 cupiditates
1330 3418 1571 3473 animum
1586 3416 1855 3484 dividunt,

239 3520 436 3567 sancta
463 3511 721 3583 quaelibet
750 3510 931 3565 anima
986 3508 1040 3563 in
1099 3522 1382 3563 numerum
1440 3507 1740 3562 electorum
1797 3521 1858 3561 se

241 3600 486 3674 stringit,
520 3599 689 3655 multa
718 3614 841 3672 quae
871 3599 1023 3653 videt
1053 3596 1357 3662 fastidiens,
1388 3612 1554 3651 unum
1585 3593 1730 3664 quod
1751 3608 1857 3648 non

242 3690 419 3758 videt,
454 3690 714 3745 ardenter
733 3687 961 3760 appetit,
994 3685 1136 3758 quod
1168 3683 1409 3758 quandiu
1446 3699 1555 3738 non
1608 3690 1769 3747 tenet,
1801 3682 1856 3737 in

244 3778 365 3834 ﬁde
395 3794 456 3833 se
484 3778 667 3845 nutrit,
699 3778 755 3832 in
785 3776 1051 3832 charitate
1082 3790 1139 3830 se
1167 3773 1308 3828 unit.
1347 3773 1412 3829 Et
1437 3773 1567 3827 dum
1598 3771 1654 3826 id
1708 3770 1856 3841 quod

241 3883 417 3923 unum
449 3873 505 3922 et
532 3866 768 3937 idipsum
798 3872 880 3921 est
906 3863 1167 3935 sequitur,
1200 3863 1267 3917 de
1306 3859 1615 3932 hujusmodi
1671 3859 1856 3915 multis

242 3972 358 4012 una
387 3954 634 4011 Ecclesia
661 3952 964 4021 conﬁcitur,
996 3953 1065 4008 de
1101 3966 1208 4023 qua
1236 3966 1335 4023 per
1385 3949 1654 4020 Sponsum
1709 3947 1855 4005 dici-

241 4054 335 4101 tur
368 4065 381 4100 ε

318 4134 502 4205 (Vera.
527 4134 607 4203 8.)
628 4134 746 4191 Una
764 4135 852 4188 est
869 4129 1127 4187 columba
1143 4144 1289 4199 mea,
1302 4129 1557 4201 per/ecta
1568 4142 1714 4194 mea,
1734 4142 1854 4184 una

240 4227 333 4280 est
362 4222 545 4279 matri
573 4237 713 4289 sua,
745 4222 926 4277 electa
945 4218 1213 4291 genitrici
1240 4233 1383 4273 suae.

319 4316 372 4367 9.
410 4311 605 4386 Mater
651 4316 835 4365 nostra
901 4316 983 4362 est
1037 4306 1406 4379 regeneratrix
1457 4304 1652 4377 gratia,
1708 4303 1854 4375 apud

240 4416 414 4474 quam
444 4414 558 4455 una
586 4397 843 4456 columba
870 4396 1109 4470 eligitur,
1143 4395 1271 4468 quia
1300 4394 1423 4450 illos
1477 4393 1622 4450 solos
1675 4391 1848 4464 eligit,

1959 1821 2165 1894 reginis
2195 1822 2356 1878 etiam
2385 1822 2704 1879 concubinae
2737 1823 2985 1885 laudant;
3035 1822 3156 1892 quia
3178 1822 3278 1877 etsi
3304 1821 3562 1893 operibus

1958 1909 2077 1965 falsi
2105 1911 2493 1981 praedicatores
2526 1911 2922 1977 contradicunt,
2980 1909 3324 1966 sermonibus
3378 1917 3561 1966 tamen

1958 2000 2155 2056 eadem
2213 2016 2335 2072 quae
2373 2008 2426 2056 et
2465 2001 2575 2055 veri
2614 2000 2831 2070 populis
2880 1999 3188 2056 ostendunt.
3246 2000 3327 2054 De
3367 1998 3560 2054 talibus

1959 2088 2077 2160 ipsa
2088 2089 2300 2145 Veritas
2316 2089 2446 2146 dicit
2466 2107 2478 2144 :
2496 2091 2741 2160 Populus
2756 2090 2846 2145 hic
2870 2088 3036 2144 labiis
3050 2104 3138 2144 me
3169 2088 3430 2154 honorat,
3463 2104 3558 2145 cor

1960 2186 2152 2236 autem
2164 2194 2360 2236 eorum
2382 2180 2540 2251 longe
2551 2182 2635 2235 est
2652 2195 2685 2233 α
2698 2194 2785 2234 me
2807 2178 2987 2247 (Matt.
3005 2192 3101 2244 xv,
3117 2193 3191 2233 ea:
3204 2177 3332 2232 Isai.
3357 2178 3556 2243 xxvn).

1962 2267 2120 2337 Quod
2150 2276 2334 2339 aperte
2360 2267 2668 2323 manifestat
2695 2266 2824 2321 dum
2871 2265 3066 2322 iterum
3124 2264 3254 2320 dicit
3286 2282 3297 2318 :
3350 2265 3564 2321 Dicunt

1962 2359 2137 2424 enim,
2158 2361 2212 2414 et
2229 2374 2345 2415 non
2359 2357 2587 2428 faciunt
2607 2355 2832 2426 (Matth.
2852 2370 3014 2420 χχιιι,
3032 2354 3106 2423 3).
3124 2356 3288 2423 447
3326 2353 3407 2408 De
3434 2352 3560 2422 qui-

1962 2447 2065 2503 bus
2096 2455 2149 2503 et
2178 2463 2273 2516 per
2302 2446 2608 2518 apostolum
2638 2445 2863 2499 Paulum
2892 2443 3091 2499 dicitur
3122 2461 3134 2496 :
3168 2442 3357 2499 Dictis
3377 2442 3561 2510 conﬁ-

1966 2540 2165 2593 tentur
2193 2552 2251 2592 se
2281 2552 2442 2592 nosse
2467 2537 2664 2599 Deum,
2695 2535 2869 2604 factis
2899 2533 3092 2589 autem
3122 2535 3340 2603 negant
3365 2532 3499 2601 (Tit.
3522 2546 3564 2596 ι,

1968 2625 2081 2698 16).
2111 2623 2291 2681 Sancti
2319 2631 2501 2678 autem
2530 2622 2630 2679 viri
2660 2621 2822 2677 dictis
2850 2628 2904 2676 et
2945 2619 3101 2675 factis
3157 2621 3330 2675 Deum
3386 2618 3564 2675 conﬁ-

1967 2718 2179 2775 tentur;
2204 2714 2329 2786 quia
2359 2712 2499 2783 quod
2531 2710 2757 2767 credunt
2786 2710 3006 2777 faciunt,
3038 2716 3093 2764 et
3122 2708 3192 2763 ad
3247 2708 3393 2764 bona
3447 2724 3569 2780 quae

1968 2804 2192 2871 faciunt,
2225 2803 2389 2858 etiam
2421 2800 2563 2857 alios
2590 2798 2929 2855 sermonibus
2958 2806 3011 2852 et
3040 2795 3311 2867 exemplis
3332 2797 3567 2851 trahunt.

1968 2892 2211 2962 Quorum
2243 2890 2531 2948 virtutibus
2560 2886 2857 2944 adversarii
2902 2885 2972 2940 ad
3025 2884 3187 2940 ﬁdem
3240 2884 3565 2946 excitantur,

1967 2983 2096 3037 dum
2123 2982 2177 3035 in
2206 2980 2286 3036 eis
2314 2989 2369 3035 et
2394 2979 2654 3049 pietatem
2682 2974 2828 3040 ﬁdei,
2862 2982 2915 3031 et
2970 2972 3327 3030 constantiam
3384 2974 3567 3043 aperis

1968 3070 2323 3126 admirantur.
2356 3067 2510 3125 Unde
2540 3070 2597 3123 et
2625 3066 2930 3137 Synagoga
2980 3062 3050 3117 ad
3105 3060 3266 3117 ﬁdem
3318 3060 3567 3133 erigitur,

1968 3174 2092 3214 cum
2158 3158 2212 3212 in
2277 3156 2516 3213 Ecclesia
2576 3172 2698 3226 quae
2741 3156 2847 3209 sint
2894 3150 3088 3208 merita
3125 3149 3252 3205 ﬁdei
3291 3149 3570 3204 admirans

1968 3247 2382 3319 contemplatur,
2415 3245 2605 3302 dicens
2640 3264 2651 3300 :

2039 3338 2216 3408 (Vers.
2241 3337 2318 3406 9.)
2340 3337 2470 3405 Quae
2485 3339 2570 3391 est
2588 3336 2701 3390 ista
2729 3350 2852 3406 qua:
2872 3332 3233 3404 progreditur
3260 3330 3423 3401 quasi
3455 3345 3567 3383 au-

1964 3424 2100 3483 rora
2120 3440 2482 3496 consurgens,
2488 3423 2729 3496 pulchra
2741 3425 2806 3477 ut
2822 3422 2982 3488 luna,
3001 3421 3185 3476 electa
3196 3420 3260 3474 ut
3275 3419 3382 3483 sol,
3399 3418 3567 3473 terri-

1967 3516 2093 3572 bilis
2106 3518 2173 3570 ut
2195 3518 2515 3571 castrorum
2530 3513 2684 3568 acies
2704 3511 2973 3568 ordinata
2993 3510 3022 3561 ?

2039 3607 2123 3658 tl.
2158 3601 2403 3659 Ecclesia
2430 3608 2611 3657 sancta
2658 3599 2815 3671 quasi
2872 3613 3071 3654 aurora
3120 3611 3454 3667 consurgens
3508 3595 3564 3648 in

1961 3691 2169 3762 judicio
2224 3691 2416 3747 ultimo
2469 3688 2838 3761 progreditur,
2889 3686 3017 3758 quia
3071 3684 3271 3741 relictis
3327 3682 3566 3739 tenebris

1965 3779 2345 3850 corruptionis,
2368 3776 2783 3847 incorruptionis
2808 3775 3051 3832 claritate
3079 3774 3384 3829 innovatur.
3431 3770 3565 3840 Quae

1965 3870 2105 3926 bene
2136 3877 2192 3925 ut
2221 3869 2303 3924 sol
2335 3868 2507 3923 electa
2535 3865 2759 3928 dicitur;
2794 3864 2921 3937 quia
2949 3863 3019 3919 ad
3048 3858 3301 3918 eamdem
3329 3859 3567 3933 gloriam

1966 3958 2282 4031 perducitur
2309 3956 2378 4012 ad
2436 3970 2599 4026 quam
2654 3960 2817 4024 caput
2870 3953 2989 4023 ejus
3038 3950 3308 4015 Christus,
3343 3948 3433 4018 qui
3483 3947 3567 4003 sol

1959 4047 2184 4118 justitiae
2215 4061 2333 4102 esse
2361 4043 2695 4115 perhibetur.
2730 4041 2886 4098 Unde
2918 4047 2997 4096 est
3028 4038 3175 4109 quod
3197 4038 3341 4092 idem
3358 4036 3440 4092 sol
3454 4035 3559 4090 ait:

1978 4136 2109 4193 Volo
2124 4137 2316 4203 Pater,
2335 4132 2509 4190 utubi
2528 4147 2623 4204 ego
2644 4147 2795 4196 sum,
2811 4129 2935 4185 illic
2953 4130 3009 4185 et
3025 4128 3293 4182 minister
3310 4140 3470 4180 meus
3485 4124 3563 4180 sit

1965 4225 2286 4295 (Joan.x1x,
2310 4225 2376 4277 26
2401 4236 2565 4291 ;xvn,
2588 4222 2703 4287 24).
2733 4217 2889 4287 Quod
2920 4224 3102 4271 tamen
3118 4222 3171 4270 et
3202 4214 3272 4269 de
3301 4211 3561 4267 membris

1963 4312 2212 4385 ejusdem
2241 4309 2501 4368 Ecclesia:
2529 4308 2703 4363 adhuc
2735 4306 2791 4361 in
2824 4307 2922 4361 hac
2950 4320 3110 4360 carne
3137 4301 3441 4359 viventibus
3468 4299 3560 4354 in-

1965 4399 2132 4473 telligi
2161 4408 2366 4472 potest.
2398 4399 2531 4455 Sunt
2555 4397 2701 4453 enim
2728 4394 2974 4451 nonnulli
3004 4392 3096 4464 qui
3126 4405 3329 4463 magna
3377 4389 3559 4444 inten-

238 4489 428 4563 quiin
457 4489 803 4560 simplicitate
846 4492 1184 4556 permanent,
1244 4491 1297 4538 et
1352 4482 1422 4537 ab
1477 4481 1685 4537 unitate
1743 4482 1851 4536 don
1879 4475 1933 4538 D
1963 4492 2107 4547 tione
2139 4506 2261 4561 quae
2286 4490 2391 4543 sint
2421 4493 2690 4543 tormenta
2744 4482 3101 4554 reproborum
3157 4478 3443 4551 aspiciunt,
3504 4486 3558 4533 et

239 4578 590 4635 scinduntur.
614 4576 766 4632 Multi
797 4576 1000 4646 quippe
1028 4573 1215 4628 ﬁdeles
1244 4572 1373 4627 dum
1403 4570 1457 4625 in
1486 4571 1720 4641 idipsum
1774 4570 1853 4625 in-

244 4667 500 4732 tendunt,
523 4666 652 4721 dum
677 4680 785 4720 uno
808 4663 1076 4720 desiderio
1107 4660 1301 4716 Christi
1344 4675 1403 4716 se
1460 4659 1689 4715 invicem
1746 4675 1852 4714 nu-

241 4758 441 4824 triunt,
472 4755 604 4810 dum
636 4754 900 4810 habentes
928 4768 1023 4809 cor
1049 4768 1217 4807 unum
1246 4758 1299 4805 et
1328 4748 1562 4804 animam
1587 4763 1777 4816 unam,
1800 4747 1856 4802 in

240 4844 519 4902 charitate
549 4859 608 4900 se
635 4843 897 4909 vinciunt,
916 4858 982 4897 ex
1014 4839 1195 4895 multis
1223 4837 1481 4894 membris
1509 4852 1707 4909 corpus
1736 4835 1853 4892 etii-

241 4934 418 4991 cinnt.
455 4931 763 5004 Omnesque
809 4932 866 4986 in
920 4929 1141 4985 unitatis
1190 4926 1534 4998 simplicitate
1590 4925 1853 4995 viventes,

243 5038 359 5077 una
386 5020 645 5076 columba
675 5020 934 5077 existunt.
968 5018 1103 5086 Quae
1132 5014 1248 5072 sola
1281 5014 1524 5086 perfecta
1579 5022 1631 5069 et
1687 5014 1857 5069 electa

243 5109 504 5183 genitrici
534 5125 647 5166 sum
676 5109 895 5178 dicitur,
919 5107 1047 5179 quia
1075 5112 1229 5161 extra
1263 5105 1405 5159 hanc
1432 5118 1594 5175 quam
1625 5101 1857 5159 dicimus

243 5198 572 5265 Ecclesiam,
604 5212 764 5253 nemo
793 5197 864 5252 ad
896 5194 1304 5267 perfectionem,
1331 5207 1490 5248 nemo
1547 5191 1615 5246 ad
1666 5192 1856 5258 vitam,

243 5287 354 5345 nisi
382 5304 489 5360 per
514 5290 653 5343 hanc
681 5284 858 5342 solam
885 5283 1122 5357 gratiam
1151 5281 1368 5339 fovente
1381 5281 1730 5337 nutritur.De
1753 5296 1859 5352 qua

244 5379 397 5434 bene
425 5376 674 5431 subditur
704 5395 718 5430 :

323 5478 507 5549 (Vers.
531 5475 608 5545 9.)
633 5472 901 5531 Viderunt
923 5488 1050 5530 eam
1071 5471 1208 5540 ﬁlice
1226 5470 1380 5538 Sion,
1399 5472 1455 5526 et
1469 5468 1858 5526 beatissimam

1965 4596 2086 4653 quae
2113 4586 2237 4634 sunt
2262 4578 2405 4632 facta
2433 4591 2531 4631 sua
2555 4574 2676 4630 sine
2705 4570 3018 4642 palpatione
3059 4569 3370 4625 examinare
3426 4583 3562 4624 con-

1965 4669 2211 4725 tendunt.
2246 4668 2492 4737 Dumque
2519 4680 2581 4720 se
2608 4677 2863 4735 peccasse
2890 4666 3247 4733 cognoscunt,
3270 4665 3441 4727 etper
3462 4659 3566 4711 hoc

1966 4759 2044 4813 ire
2073 4757 2143 4813 ad
2171 4755 2527 4827 reproborum
2555 4759 2823 4808 tormenta
2850 4748 3253 4821 pertimescunt,
3282 4746 3463 4801 subito
3487 4750 3564 4800 te-

1968 4846 2167 4902 nebras
2192 4843 2488 4915 iniquitatis
2546 4840 2946 4911 derelinquunt,
2978 4845 3033 4893 et
3061 4837 3180 4892 luce
3205 4835 3432 4906 justitiae
3462 4849 3561 4888 ac-

1966 4936 2124 4993 cendi
2153 4932 2561 5002 concupiscunt.
2594 4930 2720 4985 Mox
2766 4929 2838 4984 ad
2894 4937 3137 4982 sanctam
3193 4924 3566 4993 operationem

1967 5028 2333 5095 consurgunt;
2367 5028 2419 5075 et
2450 5035 2545 5091 per
2572 5019 2717 5074 bona
2746 5031 2917 5088 opera
2945 5031 3064 5088 quae
3109 5014 3331 5077 faciunt,
3392 5009 3568 5065 clare-

1967 5110 2350 5182 requibnsque
2393 5107 2651 5180 proximis
2692 5104 2971 5175 incipiunt.
3030 5102 3097 5156 Hi
3152 5099 3340 5172 procul
3396 5096 3563 5153 dubio

1967 5202 2114 5258 velut
2140 5214 2331 5255 aurora
2359 5202 2756 5267 consurgentes
2779 5190 3238 5264 progrediuntur;
3273 5186 3395 5258 quia
3416 5185 3564 5241 subi-

1937 5264 2026 5347 ‘to
2053 5297 2267 5345 noctem
2295 5285 2506 5358 peccati
2535 5264 2875 5347 evacuantes,
2918 5280 2990 5335 ad
3045 5279 3221 5333 lucem
3276 5274 3453 5349 magis
3502 5288 3569 5329 ac

1970 5378 2147 5452 magis
2172 5376 2485 5433 dilatantur.
2519 5372 2609 5429 Sic
2637 5371 2820 5427 anima
2850 5385 2970 5440 quae
2999 5366 3147 5439 prius
3204 5371 3320 5420 erat
3372 5366 3428 5419 in
3486 5370 3567 5417 te-

1970 5466 2175 5533 nebris,
2199 5481 2341 5522 nunc
2359 5461 2656 5535 splendens
2682 5465 2941 5530 apparet;
2972 5460 3028 5516 et
3056 5470 3176 5527 quae
3206 5452 3368 5509 etiam
3424 5452 3481 5508 in
3511 5467 3570 5506 se

321 5606 404 5677 (a)
436 5602 538 5659 Ed.
569 5601 689 5658 nisi
706 5616 876 5674 vagas
907 5600 1136 5657 animas
1156 5596 1188 5651 ?
1220 5596 1408 5652 Frusta
1437 5602 1620 5651 autem
1649 5592 1889 5651 additum
1921 5608 2113 5666 vagas,
2140 5591 2385 5650 restituta
2417 5580 2883 5658 iuterpunotione.
