3996 6164
471 210 570 266 531
1704 201 1959 259 SANCTI
1998 198 2345 258 GREGORII
2382 200 2606 259 MAGNI
3653 208 3749 260 532

479 334 597 407 ipsa
624 333 1002 402 oﬂ'uscabatur,
1033 349 1183 389 nunc
1210 330 1331 389 aliis
1359 328 1565 386 lumine
1606 335 1813 386 sanctae
1867 342 2068 399 opera-
2096 327 2152 387 A
2184 330 2480 401 requirens
2497 330 2672 387 Deum
2694 327 2880 399 (Psal.
2899 343 3015 396 xm,
3039 330 3116 401 2).
3139 329 3283 384 Dum
3310 327 3452 384 enim
3472 319 3649 385 divina
3665 330 3753 387 ho-

481 424 642 480 tionis
672 422 1018 495 resplendet.
1047 424 1132 477 De
1163 438 1273 495 qua
1302 420 1442 476 bene
1486 419 1770 473 subditur:
1832 416 2082 473 Pulchra

479 516 545 568 ut
564 514 724 580 luna,
743 514 926 570 electa
943 516 1008 569 ut
1031 513 1135 567 sol.
1162 511 1313 566 Luna
1328 509 1529 582 quippe
1546 507 1675 563 dum
1709 514 1923 563 noctem
1950 506 2080 561 illu-

481 602 669 669 minat,
689 600 1055 674 caligantibus
1084 599 1256 656 oculis
1286 598 1411 665 iter,
1445 613 1542 668 per
1570 596 1716 667 quod
1747 598 1912 651 homo
1958 611 2084 667 gra-

483 690 683 756 diatur,
716 689 1077 746 demonstrat.
1112 688 1203 744 Sic
1266 687 1523 742 nimirum
1586 700 1820 756 quaeque
1878 684 2080 753 anima,

481 794 606 851 quae
634 778 892 835 tenebras
922 777 1162 844 dimittit,
1195 784 1248 831 et
1275 776 1329 830 in
1359 783 1601 830 sanctam
1628 772 2001 844 operationem
2023 787 2084 827 se

482 867 747 936 extendit,
776 867 904 922 dum
936 865 1245 936 exemplum
1278 863 1415 920 bene
1445 862 1710 933 operandi
1739 862 1924 917 tribuit
1950 877 2084 932 pro-

480 956 665 1025 ximis,
699 955 851 1026 quasi
885 954 1064 1011 lucem
1096 952 1599 1010 tenebrescentibus
1628 950 1799 1007 oculis
1852 949 2083 1021 spargit.

478 1046 620 1100 Dum
642 1044 785 1099 enim
815 1051 1107 1115 peccantes
1134 1043 1337 1115 quique
1365 1042 1570 1097 bonum
1601 1054 1744 1112 Opus
1797 1038 2083 1118 aspiciunt,

480 1141 532 1189 et
564 1132 633 1187 ad
663 1132 807 1189 idem
837 1132 1148 1189 faciendum
1180 1148 1236 1185 se
1263 1135 1606 1198 convertunt,
1655 1127 1809 1199 quasi
1844 1135 2087 1183 errantes

481 1221 537 1276 in
567 1229 762 1291 nocte,
824 1236 925 1292 per
959 1220 1148 1275 lumen
1187 1220 1330 1275 luna:
1368 1219 1439 1273 ad
1476 1218 1619 1273 viam
1658 1217 1909 1272 redeunt.
1957 1216 2088 1272 Haec

482 1310 665 1380 itaque
732 1318 913 1364 sancta
986 1308 1168 1365 anima
1207 1308 1336 1363 dum
1412 1305 1765 1378 peccantibus
1835 1304 2087 1375 exempla

486 1398 711 1470 prabet,
744 1397 894 1469 quasi
924 1398 1051 1453 luna
1078 1398 1134 1451 in
1162 1405 1321 1453 nocte
1348 1396 1514 1451 lucet.
1555 1396 1695 1450 Dum
1745 1408 1879 1449 vero
1910 1393 2087 1466 magis

481 1504 547 1543 ac
568 1487 750 1559 magis
772 1486 983 1553 crescit,
1005 1490 1060 1542 et
1078 1486 1147 1541 de
1169 1485 1259 1541 die
1281 1484 1338 1539 in
1360 1485 1505 1540 diem
1522 1499 1618 1555 per
1636 1482 2083 1538 consuetudinem

479 1576 666 1648 operis
685 1576 867 1631 lumen
882 1574 1105 1646 justitize
1121 1583 1229 1630 tam
1250 1574 1496 1645 perfecte
1510 1572 1726 1644 accipit,
1746 1571 1977 1627 utetiam
1992 1571 2085 1627 bo-

2187 419 2331 473 nitas
2361 418 2530 475 corda
2559 419 2922 490 perfectorum
2952 418 3203 483 illustrat,
3237 432 3433 489 eosque
3475 417 3542 472 ad
3583 434 3753 475 curam

2188 508 2565 578 proximorum
2595 524 2695 578 per
2738 506 3010 563 charitatis
3065 506 3477 563 sollicitudinem
3530 507 3753 580 instigat,

2188 596 2317 669 quid
2347 598 2451 653 hoc
2478 605 2557 652 est
2584 596 2752 666 aliud,
2780 596 2884 652 nisi
2914 597 3060 667 quod
3123 595 3194 650 ad
3258 597 3466 651 hortum
3528 597 3754 664 veniens,

2187 701 2351 756 poma
2368 686 2632 741 convallis
2649 701 2745 756 per
2759 684 2881 741 illos
2897 684 3095 758 quibus
3107 685 3379 756 praesidet,
3424 685 3759 754 prospectat?

2189 775 2340 829 Tunc
2368 775 2513 829 enim
2542 773 2807 830 Dominus
2834 774 3042 840 videre,
3075 773 3160 829 vel
3189 787 3513 845 cognoscam
3565 772 3757 843 dicitur,

2190 879 2318 920 cum
2343 870 2559 920 sanctos
2575 878 2701 918 suos
2718 878 2852 933 quos
2873 862 3128 933 illustrat,
3151 862 3221 918 ad
3242 860 3534 918 videndum
3575 863 3759 917 exhor-

2189 960 2349 1007 tatur.
2371 952 2482 1008 Sed
2500 952 2630 1022 quid
2650 960 2729 1007 est
2748 951 2892 1021 quod
2922 967 3031 1007 non
3048 967 3217 1022 poma
3254 951 3473 1018 montis,
3495 950 3586 1005 sed
3613 966 3761 1022 poma

2190 1041 2474 1110 convallis,
2508 1049 2567 1096 ut
2597 1039 2797 1107 videat,
2829 1038 3139 1109 descendit,
3169 1038 3275 1094 nisi
3334 1039 3476 1110 quod
3523 1038 3627 1094 illis
3649 1055 3762 1095 res-

2190 1138 2409 1203 pectum
2439 1146 2553 1186 sua:
2574 1128 2937 1185 miserationis
2966 1128 3176 1197 tribuit,
3209 1145 3346 1201 quos
3375 1128 3430 1183 in
3485 1128 3763 1185 humilitate

2191 1219 2485 1291 persistere
2513 1218 2838 1292 cognoscit?
2866 1219 2949 1275 De
2978 1234 3086 1291 quo
3118 1234 3219 1290 per
3266 1216 3597 1273 Psalmistam
3634 1218 3763 1273 dici-

2193 1313 2303 1363 tur:
2329 1306 2609 1373 Quoniam
2623 1308 2882 1364 excelsus
2895 1308 3188 1376 Dominus,
3203 1313 3260 1363 et
3274 1307 3514 1364 humilia
3530 1308 3762 1380 respicit,

2192 1401 2247 1453 et
2268 1398 2615 1467 altaalonge
2638 1396 2921 1469 cognoscit
2942 1398 3116 1467 (Psal.
3149 1411 3393 1461 cxxxvn,
3419 1399 3493 1466 6).
3547 1396 3613 1451 Et
3662 1395 3767 1467 ipse

2192 1486 2459 1543 Dominus
2487 1502 2586 1557 per
2615 1485 2971 1556 semetipsum
2998 1501 3065 1541 ex
3095 1501 3230 1541 voce
3272 1487 3550 1556 propheta:
3604 1483 3724 1539 dicit
3750 1501 3762 1538 :

2190 1582 2368 1651 Super
2381 1592 2541 1649 quem
2563 1576 2874 1648 requiescet
2895 1576 3135 1647 spiritus
3156 1591 3337 1644 meus,
3355 1574 3471 1630 nisi
3488 1589 3651 1643 super
3669 1573 3767 1629 hu-

477 1663 1571 1736 nisexemplaimitationispraebeat,quae
1585 1662 1735 1732 prius
1748 1660 2083 1730 solispecca.
2112 1682 2167 1743 Β
2196 1668 2392 1723 milem
2408 1669 2464 1723 et
2503 1667 2778 1738 quietum,
2814 1667 2873 1720 et
2901 1668 3242 1721 trementem
3273 1679 3559 1720 sermones
3596 1665 3768 1719 meos?

480 1752 687 1809 toribus
715 1752 981 1809 imitando
1012 1752 1334 1823 apparebat,
1393 1751 1642 1821 profecto
1692 1750 1805 1819 jam
1835 1748 1961 1803 luna
1990 1749 2077 1804 sol

477 1841 741 1908 edicitur;
768 1840 895 1913 quia
913 1856 1034 1913 quae
1055 1841 1109 1895 in
1125 1848 1283 1896 nocte
1318 1839 1625 1895 errantibus
1667 1853 1811 1893 nunc
1840 1837 2075 1906 lucebat,

479 1930 645 1985 modo
672 1929 725 1983 in
756 1930 845 1985 die
874 1928 1285 1984 ambulantibus
1313 1929 1499 1983 lumen
1536 1926 1778 1982 veritatis
1814 1925 2077 1981 manifes-

481 2025 577 2073 tat.
608 2018 748 2075 Hinc
768 2024 851 2073 est
880 2018 1025 2088 quod
1050 2016 1330 2089 sequitur:
1354 2018 1550 2073 Electa
1574 2020 1641 2071 ut
1669 2017 1773 2073 sol.
1832 2016 1915 2071 De
1971 2031 2077 2086 qua

480 2109 622 2164 bene
635 2106 894 2162 subditur
912 2124 925 2161 :
957 2106 1241 2163 Terribilis
1262 2110 1327 2162 ut
1343 2109 1661 2163 castrorum
1674 2105 1824 2162 acies
1841 2104 2075 2161 ordina-

486 2201 563 2253 ta.
583 2196 700 2252 Hoc
731 2195 856 2267 quia
880 2195 996 2266 jam
1027 2196 1234 2253 dictum
1264 2203 1369 2264 est,
1402 2194 1593 2250 iterum
1623 2210 1731 2250 non
1758 2208 1981 2249 necesse
2000 2200 2079 2248 est

479 2285 701 2355 exponi,
734 2300 802 2340 ne
831 2283 907 2341 sic
934 2284 1185 2341 videatur
1214 2283 1489 2339 fastidium
1519 2283 1789 2355 generari.
1823 2282 2081 2355 Sequitur

482 2389 614 2445 ergo
647 2373 915 2445 Sponsus,
947 2380 1001 2427 et
1028 2388 1250 2429 causam
1281 2372 1409 2428 dicit
1439 2372 1582 2427 unde
1608 2379 1756 2427 tanta
1797 2372 1970 2427 virtus
2023 2370 2078 2424 in

480 2460 725 2518 Ecclesia
755 2475 1068 2518 excrescere
1095 2460 1294 2533 possit.
1334 2459 1657 2517 Visitatione
1687 2459 1887 2532 quippe
1912 2475 2083 2515 reno-

477 2557 653 2617 vatur,
698 2549 928 2621 etquod
966 2549 1023 2604 in
1068 2565 1136 2605 ea
1173 2549 1520 2605 tenebrosum
1580 2556 1678 2616 est,
1740 2548 2079 2620 respectione

480 2639 599 2708 ejus
628 2637 981 2694 illuminatur.
1016 2638 1080 2693 Et
1108 2638 1237 2693 hinc
1266 2646 1345 2693 est
1374 2637 1518 2708 quod
1546 2637 1791 2693 subdens
1819 2638 1896 2692 ait
1928 2656 1938 2691 :

550 2726 726 2796 (Vers.
752 2729 863 2798 10.)
883 2728 1165 2784 Descendi
1184 2730 1247 2783 in
1270 2728 1497 2783 hortum
1508 2742 1741 2793 nucum,
1756 2731 1821 2783 ut
1834 2726 2078 2783 viderem

483 2832 649 2887 poma
662 2817 1002 2874 convallium
1024 2822 1108 2873 :et
1119 2816 1457 2888 inspicerem
1474 2817 1522 2872 si
1537 2817 1865 2886 floruissent
1876 2816 2074 2882 vineae,

478 2910 535 2961 et
553 2907 970 2977 geminassent
990 2907 1145 2962 mala
1164 2908 1395 2979 punica.

2187 1758 2340 1828 (lsai.
2356 1754 2593 1823 va1,2.)
2609 1753 2865 1824 Sequitur
2881 1761 3060 1809 autem
3075 1752 3338 1824 Sponsus,
3354 1761 3406 1808 et
3416 1751 3543 1809 dicit
3558 1770 3570 1806 :
3592 1751 3767 1808 Etins-

2182 1847 2431 1920 picerem
2443 1844 2494 1900 si
2518 1843 2851 1912 ﬂoruissent
2878 1842 3075 1908 vineae,
3106 1846 3161 1898 et
3181 1843 3597 1913 germinassent
3618 1840 3765 1896 mala

2182 1934 2421 2008 punica.
2441 1931 2625 1988 Vineae
2637 1931 2849 2002 ﬂorent,
2870 1930 3087 2002 quando
3099 1930 3154 1985 in
3167 1930 3412 1986 Ecclesia
3426 1930 3521 1984 ﬁlii
3543 1936 3767 1985 recenter

2184 2023 2241 2078 in
2270 2022 2377 2078 ﬁde
2406 2027 2755 2094 generantur,
2789 2028 2845 2074 et
2873 2018 2942 2074 ad
2993 2026 3238 2076 sanctam
3290 2018 3763 2084 conversationem,

2188 2107 2341 2179 quasi
2357 2106 2428 2162 ad
2447 2105 2652 2162 fructus
2668 2104 3023 2172 soliditatem,
3044 2108 3442 2175 praeparantur.
3457 2103 3595 2158 Mala
3620 2102 3770 2174 puni—

2187 2195 2597 2269 cagerminant,
2632 2193 2850 2265 quando
2880 2192 3108 2265 perfecti
3141 2193 3342 2266 quique
3380 2208 3481 2264 per
3535 2191 3771 2261 exempla

2187 2301 2287 2340 sua
2317 2284 2601 2356 proximos
2617 2280 2908 2349 aedificant,
2932 2289 2984 2337 et
3003 2283 3062 2336 in
3090 2281 3387 2339 novitatem
3427 2288 3617 2336 sancta:
3645 2295 3771 2335 con-

2185 2372 2502 2431 versationis
2531 2388 2629 2443 per
2658 2370 3101 2443 praedicationem
3128 2378 3181 2427 et
3234 2371 3503 2427 bonorum
3558 2383 3768 2442 operum

2186 2463 2550 2520 ostensionem
2579 2461 2654 2531 (a)
2676 2462 2980 2516 immutant.
3004 2460 3144 2516 Illud
3173 2459 3376 2533 quippe
3399 2460 3600 2516 malum
3625 2457 3772 2529 puni-

2185 2566 2333 2620 cum,
2361 2550 2613 2607 videlicet
2642 2549 2919 2621 apostolus
2963 2548 3161 2604 Paulus
3215 2548 3632 2622 germinaverat,
3688 2546 3770 2617 qui

2187 2640 2408 2698 dicebat
2440 2658 2452 2693 :
2488 2640 2677 2696 Filioli
2699 2641 2833 2705 mei,
2857 2654 2990 2711 quos
3010 2639 3225 2695 iterum
3275 2636 3560 2710 parturio,
3612 2636 3771 2694 donec

2183 2733 2468 2806 formetur
2499 2729 2762 2786 Christus
2794 2728 2858 2783 in
2887 2728 3036 2785 vobis
3063 2726 3214 2798 (Gal.
3239 2743 3315 2797 ιγ,
3351 2727 3567 2798 19).8ἱο
3586 2724 3771 2782 etenim

2183 2822 2241 2873 in
2270 2825 2461 2874 sancta
2491 2817 2734 2872 Ecclesia
2761 2822 2959 2890 agitur,
2993 2824 3051 2870 ut
3078 2832 3177 2887 per
3202 2816 3384 2871 bonos
3407 2815 3534 2870 mali
3564 2828 3775 2870 conver-

2183 2916 2381 2975 tantur,
2439 2922 2535 2976 per
2564 2906 2830 2977 perfectos
2861 2905 3161 2977 imperfecti
3192 2905 3517 2973 nutriantur,
3542 2904 3707 2960 donec
3723 2909 3771 2957 et

552 2998 645 3050 12.
672 2993 814 3063 Quid
837 3010 935 3065 per
951 3010 1138 3061 nuces,
1163 2994 1270 3048 nisi
1286 2994 1559 3066 perfectos
1578 3009 1821 3065 quosque
1866 2993 2075 3049 intelli-
2111 3035 2161 3100 α
2191 2995 2296 3067 ipsi
2326 2996 2398 3051 ad
2424 2995 2814 3066 perfectionem
2871 2994 3110 3061 veniant,
3160 3000 3212 3048 et
3265 2993 3513 3049 inﬁmos
3542 3008 3769 3064 quosque

479 3082 681 3154 gimus,
714 3082 803 3153 qui
835 3083 962 3137 dum
994 3082 1239 3139 divinam
1300 3082 1621 3154 sapientiam
1679 3082 1820 3138 intra
1850 3098 2081 3153 corpora

480 3188 573 3226 sua
592 3172 760 3241 448
785 3172 1034 3240 retinent,
1054 3172 1208 3242 quasi
1229 3171 1486 3228 nucleum
1508 3172 1563 3226 in
1586 3171 1771 3244 fragili
1792 3179 1929 3226 testa
1948 3187 2081 3241 por-

480 3268 599 3315 tant
620 3261 648 3312 ‘l
678 3260 814 3315 Sunt
843 3259 989 3315 enim
1039 3259 1386 3332 quamplures
1414 3260 1472 3314 in
1502 3258 1769 3328 Ecclesia,
1804 3260 1896 3330 qui
1940 3260 2083 3314 assi-

483 3349 589 3404 due
618 3347 817 3404 divinm
876 3347 1166 3419 Scriptura
1221 3348 1523 3417 intendunt,
1582 3364 1745 3419 quam
1805 3348 1989 3403 suavis
2018 3349 2087 3404 sit

484 3437 747 3493 Dominus
774 3444 1081 3509 gustantes,
1112 3435 1347 3506 amplius
1401 3443 1619 3509 gustare
1675 3436 2084 3507 concupiscunt,

483 3535 671 3581 sancta
735 3525 939 3597 gaudia
999 3525 1052 3579 in
1116 3524 1279 3580 corde
1315 3525 1612 3591 ruminant,
1656 3532 1709 3580 et
1747 3525 2089 3582 ruminantes

484 3614 663 3686 magis
690 3627 757 3669 ac
786 3612 968 3685 magis
998 3613 1420 3677 convalescunt;
1453 3621 1507 3669 et
1534 3620 1719 3669 tamen
1779 3612 1916 3669 foris
1957 3630 2089 3669 nes-

486 3700 760 3758 cientibus
791 3716 906 3768 eos,
936 3701 1073 3757 viles
1100 3709 1399 3773 apparent;
1434 3701 1565 3772 quia
1592 3702 1880 3775 ignoratur
1931 3718 2090 3774 quam

490 3805 715 3846 suavem
743 3788 799 3843 in
849 3789 961 3844 suis
1015 3789 1365 3845 interioribus
1418 3791 1598 3846 cibum
1654 3798 1888 3862 portent.
1948 3791 2092 3860 Quid

491 3880 600 3947 isti,
620 3879 719 3933 nisi
734 3895 898 3935 nuces
912 3877 1162 3948 existunt,
1190 3880 1473 3951 quinuclei
1487 3879 1985 3937 dulcedinemintus
2008 3882 2093 3936 fe-

491 3975 637 4037 runt,
668 3968 905 4024 exterius
934 3984 1066 4024 vero
1096 3968 1276 4024 carnis
1305 3968 1571 4024 vilitatem
1604 3971 1986 4041 praetendunt?
2014 3972 2094 4026 De

492 4058 816 4130 quibuserat
834 4058 1146 4129 Apostolus,
1180 4058 1273 4129 qui
1304 4058 1555 4113 dicebat:
1620 4060 1896 4115 Habemus
1965 4061 2093 4117 the-

493 4163 735 4203 saurum
751 4148 929 4204 istum
945 4149 1009 4203 in
1029 4148 1181 4202 vasis
1209 4147 1481 4217 ﬁctilibus
1498 4147 1573 4219 (II
1584 4147 1799 4215 Cor.1v,
1828 4149 1904 4218 7).
1950 4149 2096 4204 Hor-

500 4244 584 4291 tus
613 4236 779 4309 igitur
803 4252 1025 4300 nucum,
1067 4235 1235 4291 corda
1272 4242 1394 4289 sunt
1431 4240 1765 4304 sanctorum,
1824 4235 1915 4307 qui
1969 4236 2099 4291 dum

497 4325 747 4396 diligunt,
789 4324 1064 4379 caelestem
1103 4323 1448 4379 dulcedinem
1506 4323 1560 4378 in
1619 4324 1827 4378 intimis
1865 4334 2087 4397 gerunt.

2194 3084 2335 3139 sicut
2365 3083 2465 3152 ipsi
2494 3082 2741 3153 perducti
2772 3090 2920 3145 sunt;
2944 3082 3013 3136 ad
3045 3082 3266 3137 meliora
3297 3082 3619 3152 perducant.
3672 3081 3779 3135 Hoc

2196 3173 2443 3227 Christus
2458 3171 2719 3227 Ecclesia:
2731 3170 2979 3241 Sponsus
2992 3170 3063 3241 (ὁ)
3076 3169 3353 3227 visitando
3368 3170 3647 3241 prospicit,
3669 3184 3776 3224 res-

2194 3260 2445 3333 piciendo
2476 3276 2674 3331 corpus
2703 3264 2950 3315 sanctum
2979 3259 3270 3331 conjungit
3301 3277 3313 3313 :
3353 3260 3448 3332 qui
3491 3259 3612 3314 ideo
3662 3271 3778 3313 cor-

2197 3367 2296 3422 pus
2324 3348 2651 3404 inﬁrmitatis
2667 3348 3028 3419 assumpsisse
3039 3347 3420 3419 cognoscitur,
3444 3355 3501 3404 ut
3524 3348 3578 3403 in
3596 3360 3782 3416 corpus

2197 3454 2311 3494 suae
2377 3437 2644 3494 claritatis
2674 3443 2791 3492 tota
2844 3436 3007 3492 simul
3063 3437 3309 3493 Ecclesia
3360 3437 3775 3493 transformetur.

2200 3527 2353 3583 Unde
2368 3528 2560 3583 beatus
2593 3526 2796 3581 Paulus
2814 3526 2924 3581 ait:
2956 3526 3059 3596 Qui
3084 3528 3421 3598 reformabit
3441 3541 3635 3598 corpus
3690 3524 3784 3577 hu-

2199 3616 2466 3672 militatis
2478 3615 3009 3684 nostrce,conﬁgura
3016 3620 3137 3671 tum
3150 3616 3375 3687 corpori
3384 3614 3666 3671 claritatis
3676 3626 3783 3667 sure

2200 3704 2531 3778 (Philip.m,
2555 3705 2816 3775 20.11am
2849 3719 3040 3759 omnia
3073 3703 3130 3758 in
3152 3702 3257 3757 fine
3290 3704 3487 3758 mundi
3509 3702 3786 3774 Synagoga

2202 3794 2426 3849 tandem
2464 3794 2702 3849 excitata
2740 3793 3030 3865 percipiet,
3073 3801 3128 3848 et
3163 3809 3223 3848 se
3262 3794 3451 3848 tandiu
3486 3794 3601 3848 hazc
3636 3790 3784 3862 igno-

2202 3899 2353 3939 rasse
2382 3882 2765 3953 reprehendet,
2796 3882 2986 3938 dicens
3018 3896 3030 3935 :

2276 3972 2450 4041 (Vers.
2480 3974 2589 4042 ti.)
2611 3972 2867 4028 Nescivi:
2896 3972 3097 4027 anima
3120 3986 3247 4027 mea
3276 3970 3637 4029 conturbavit
3686 3982 3784 4035 me,

2202 4065 2432 4133 propter
2455 4060 2763 4133 quadrigas
2793 4061 3123 4117 Aminadab.

2278 4150 2467 4206 i3.Ac
2496 4149 2544 4203 si
2573 4148 2778 4204 diceret
2810 4166 2822 4202 :
2855 4149 2957 4204 Tot
2987 4147 3209 4204 virtutes
3234 4148 3290 4204 in
3320 4158 3510 4206 sancta
3559 4146 3790 4205 Ecclesia

2208 4239 2376 4307 449
2407 4238 2523 4292 fieri
2556 4236 2766 4304 videns,
2798 4253 2965 4308 quare
2994 4237 3049 4291 in
3080 4241 3229 4293 tanto
3256 4245 3501 4310 tempore
3538 4253 3645 4294 non
3670 4250 3787 4308 per-

2207 4326 2373 4397 cepi?
2404 4325 2583 4393 Quare
2610 4324 2884 4380 incredula
2915 4325 3123 4397 perstiti
3150 4328 3177 4381 ‘l
3209 4326 3317 4381 Cur
3346 4327 3536 4383 tandiu
3563 4342 3660 4397 per
3708 4324 3790 4379 in-

497 4413 654 4469 Unde
681 4412 737 4466 in
770 4412 985 4468 Psalmo
1010 4411 1277 4484 scriptum
1308 4420 1387 4468 est
1413 4432 1423 4467 :
1454 4411 1637 4478 Quam
1658 4396 2096 4485 magnuimulti-
2126 4396 2179 4457 D
2210 4396 2524 4470 ﬁdelitatem
2554 4413 2808 4482 meam'in
2827 4396 3067 4469 tenebris
3082 4414 3407 4487 ignorantiae
3426 4396 3629 4487 perstiti
3650 4411 3791 4470 ?Sed

504 4499 639 4556 tudo
651 4500 973 4557 dulcedinis
1001 4506 1133 4568 true,
1154 4504 1410 4571 Domine,
1451 4520 1619 4574 quam
1650 4502 1995 4558 abscondisti
2021 4506 2101 4560 ti-

502 4589 789 4645 mentibus
810 4594 864 4646 te
886 4591 1231 4659 l(Psal.xxx,
1250 4595 1365 4662 20.)
1387 4590 1495 4647 Sed
1509 4591 1639 4661 quid
1662 4591 1967 4661 cstquodin
1980 4592 2105 4647 hor—

505 4686 618 4733 tum
644 4694 840 4733 nucum
871 4679 1120 4749 Sponsus
1147 4678 1448 4747 descendit,
1472 4686 1529 4734 ut
1548 4696 1712 4750 poma
1733 4679 1933 4746 videat,
1978 4695 2102 4736 cum

504 4765 682 4839 potius
713 4782 880 4823 nuces
910 4768 1098 4824 videre
1127 4768 1371 4824 debeat?
1402 4770 1789 4825 Verumtamen
1818 4768 2104 4824 sciendum

505 4861 621 4924 est,
690 4856 835 4928 quod
900 4856 1220 4927 plerumque
1282 4856 1447 4912 corda
1490 4857 1854 4928 perfectorum
1902 4856 2103 4927 visitat,

2212 4510 2435 4575 propter
2504 4503 2801 4574 quadrigas
2875 4502 3183 4559 Aminadab
3224 4505 3603 4569 conturbatur,
3677 4500 3793 4572 quia

2210 4591 2536 4663 quandoque
2554 4607 2654 4662 per
2674 4591 2871 4647 Christi
2899 4592 3345 4663 praedicationem
3373 4595 3447 4650 ad
3475 4593 3633 4650 ﬁdem
3685 4604 3793 4645 sus-

2210 4680 2519 4752 cipiendam
2549 4680 2833 4737 excitatur.
2864 4681 3172 4737 Aminadab
3202 4682 3348 4737 enim
3365 4690 3793 4755 spontaneuspo~

2210 4768 2322 4841 puli
2343 4768 2452 4825 mei
2470 4769 2875 4841 interpretatur.
2898 4771 2960 4825 Et
2994 4771 3133 4828 bene
3152 4771 3530 4842 proculdubio
3571 4768 3796 4826 Christus

2208 4860 2365 4914 Jesus
2395 4872 2427 4912 a
2460 4859 2614 4913 Patre
2641 4865 2969 4929 spontaneus
2997 4858 3182 4931 populi
3228 4861 3335 4915 mei
3392 4860 3620 4922 dicitur;
3676 4855 3793 4927 quia

510 4943 697 5015 eisque
727 4943 1079 5017 benignitatis
1108 4959 1225 5001 suae
1280 4944 1599 5001 suavitatem
1648 4946 1992 5009 manifestat;
2054 4952 2111 4999 ut
2214 4962 2344 5001 vere
2375 4954 2675 5017 spontanea
2731 4947 2994 5003 charitate
3049 4948 3119 5004 ad
3173 4948 3438 5019 populum
3489 4946 3794 5004 salvandum

504 5050 607 5108 per
635 5049 730 5089 eos
759 5034 833 5088 ad
855 5031 1175 5089 inﬁrmiores
1193 5033 1541 5105 postmodum
1558 5034 1759 5102 veniat,
1781 5041 2104 5104 etquantum

510 5123 565 5179 in
594 5128 945 5195 augmentum
967 5121 1191 5192 justitiaa
1224 5122 1577 5193 profecerint,
1607 5138 1708 5193 per
1736 5122 1858 5177 illos
1894 5137 2105 5195 cogno-

512 5218 640 5267 scat.
666 5212 824 5266 Unde
840 5209 1100 5281 scriptum
1122 5218 1202 5266 est
1228 5228 1241 5266 :
1263 5211 1532 5267 Dominus
1557 5211 1623 5266 de
1651 5211 1785 5267 caelo
1814 5210 2109 5283 prospexit

514 5316 684 5373 super
698 5299 845 5370 ﬁlios
868 5300 1183 5371 hominum,
1199 5305 1264 5356 ut
1284 5300 1627 5357 videatsiest
1644 5299 1993 5371 intelligens,
2006 5304 2110 5355 aut

581 5452 665 5529 (a)
690 5452 835 5529 _Ma_le
864 5452 1114 5529 legerunt
1139 5452 1270 5511 edit.
1301 5455 1574 5522 invitant,
1622 5467 1723 5525 pro
1768 5452 2106 5523 immutant,

517 5523 662 5595 quod
690 5523 892 5579 habent
919 5523 1046 5580 Mss.
1069 5528 1278 5582 omnes.

2214 5034 2517 5103 descendit,
2548 5043 2603 5091 et
2632 5043 2689 5090 ut
2718 5051 2819 5090 nos
2855 5052 2888 5090 a
2923 5041 3103 5093 morte
3141 5037 3424 5105 relevaret,
3477 5037 3569 5109 pia
3612 5034 3796 5092 volun-

2213 5128 2322 5179 tate
2353 5132 2405 5179 et
2433 5124 2672 5196 benigna
2698 5124 2881 5197 gratia
2922 5129 3152 5180 mortem
3210 5124 3265 5180 in
3318 5140 3486 5183 cruce
3541 5123 3789 5194 suscepit.

2217 5212 2373 5268 Unde
2395 5220 2447 5267 et
2472 5211 2587 5283 ipse
2613 5211 2683 5267 ad
2716 5212 2940 5268 Patrem
2970 5213 3046 5267 ait
3079 5212 3448 5272 :Voluntarie
3476 5210 3799 5282 sacriﬁcabo

2220 5298 2327 5356 tibi
2354 5300 2531 5370 (Psal.
2562 5316 2676 5368 Lm,
2708 5301 2782 5369 8).
2814 5302 2884 5357 Et
2912 5318 3048 5357 unus
3076 5318 3144 5357 ex
3172 5302 3465 5373 redemptis
3522 5302 3591 5357 ad
3639 5298 3794 5355 Chri-

2288 5450 2362 5524 (b)
2388 5450 2610 5521 Excusi,
2640 5452 2921 5510 visitando
2945 5453 3193 5526 perﬁcit.
