3996 6164
286 256 392 347 533

1011 291 1235 350 SUPER
1273 290 1568 348 CANTICA
1605 290 2060 351 CANTICORUM
2091 291 2497 350 EXPOSITIO.
2535 321 2596 334 —
2630 292 2776 348 CAP.
2811 294 2928 350 VII.

3501 293 3603 349 1534

286 392 428 470 stum
445 392 705 488 loquens,
725 391 1196 474 aiebatzExaudi
1210 433 1318 485 me,
1344 415 1600 483 Domine,
1621 419 1890 491 quoniam
1919 420 1974 479 Δ
2075 417 2249 485 (Vers.
2284 416 2359 489 1.)
2408 419 2692 475 Iunctura
2721 417 2802 487 (a)
2831 418 3112 490 feminum
3159 421 3407 485 tuorum,
3455 420 3603 476 sicut

290 503 534 578 benigna
589 510 676 563 est
730 507 1124 565 misericordia
1184 511 1284 562 tua
1341 508 1518 574 (Psal.
1553 523 1744 572 vam,
1780 508 1886 576 l7).

288 593 513 663 Propter
541 595 839 667 quadrigas
868 611 998 668 ergo
1027 593 1332 650 Aminadab
1360 595 1653 667 Synagoga
1681 604 1892 650 contur-

284 680 476 744 batur;
503 683 631 752 quia
652 684 866 752 quando
888 684 1104 738 tandem
1127 691 1360 754 quatuor
1378 683 1570 739 Christi
1596 683 1892 756 Evangelia

281 769 334 824 in
369 770 574 826 mundo
603 773 893 843 currentia,
926 773 982 826 in
1011 773 1272 828 cordibus
1302 772 1584 828 hominum
1622 772 1890 829 ferventia

279 874 378 929 per
408 858 572 914 ﬁdem
605 863 1030 932 contemplatur,
1055 876 1184 917 mox
1215 860 1283 916 de
1312 860 1643 916 inﬁdelitatis
1671 879 1782 917 suae
1815 871 1888 917 te-

275 947 460 1002 nebris
520 950 885 1019 confunditur,
917 958 972 1006 et
995 950 1186 1006 oborta
1216 949 1535 1007 confusione
1565 950 1784 1017 salubri,
1817 951 1888 1006 ad

274 1036 651 1107 paenitentiam
694 1043 1091 1096 commovetur.
1135 1039 1232 1095 Cui
1260 1039 1501 1096 Ecclesia
1531 1039 1768 1112 benigne
1797 1038 1885 1095 lo-

275 1125 477 1196 quitur,
512 1127 700 1183 dicens
734 1145 747 1182 :

340 1216 519 1281 (Veis.
547 1215 973 1285 12.)Revertere
1003 1220 1303 1286 revertere,
1326 1216 1676 1287 Sunamitis,
1708 1233 1887 1274 rever-

277 1308 402 1360 tere
433 1309 735 1373 revertere,
759 1310 824 1362 ut
855 1307 1194 1363 intueamur
1223 1310 1302 1363 te.

349 1396 438 1448 14.
471 1393 765 1450 Sunamitis
792 1396 994 1467 quippe
1024 1397 1239 1467 captiva
1267 1395 1669 1466 interpretatur.
1703 1396 1882 1452 Suna-

273 1483 423 1536 mitis
451 1499 584 1555 ergo
616 1492 672 1538 ut
702 1492 1001 1540 revertatur
1024 1492 1282 1546 vocatur;
1318 1485 1445 1558 quia
1475 1486 1784 1558 Synagogie
1825 1485 1882 1539 in

273 1569 379 1626 fine
412 1572 601 1626 mundi
631 1571 766 1628 ﬁdes
791 1573 862 1628 ab
893 1574 1135 1630 Ecclesia
1163 1574 1438 1642 offeretur,
1472 1583 1527 1629 ut
1560 1575 1880 1646 dignitatem

270 1660 558 1730 pristinam
589 1663 832 1732 recipiat,
866 1680 988 1735 quae
1019 1663 1125 1718 sub
1154 1662 1487 1720 inﬁdelitatis
1511 1664 1644 1736 jugo
1689 1680 1720 1718 a
1763 1664 1878 1718 die-

1999 508 2237 564 monilia
2267 523 2390 579 quae
2417 509 2706 578 fabricata
2735 512 2873 563 sunt
2902 525 3080 563 manu
3111 509 3374 577 artiﬁcis.

2071 597 2123 649 3.
2156 597 2260 652 Per
2289 597 2397 650 duo
2427 595 2630 650 femina
2673 612 2906 667 sponsae,
2937 598 3044 651 duo
3075 595 3259 668 populi
3289 597 3548 653 Ecclesize
3585 614 3598 652 :

1997 701 2098 754 per
2114 686 2417 754 juncturam
2449 685 2730 754 feminum,
2763 685 3054 741 concordia
3095 685 3408 758 designatur
3449 703 3597 756 prae—

1998 773 2314 837 dicatorum,
2350 773 2542 844 quibus
2580 773 2764 843 populi
2809 773 3082 840 uniuntur,
3116 774 3241 827 dum
3292 773 3361 826 ad
3411 773 3599 830 Fidem

1995 862 2322 919 catholicam
2341 862 2678 917 circumcisio
2700 870 2752 917 et
2773 862 3095 934 praeputium
3113 878 3213 932 per
3232 877 3327 916 eos
3349 863 3606 917 erudiun-

1996 959 2102 1006 tur.
2136 951 2237 1019 Qui
2273 958 2331 1006 ut
2360 951 2584 1006 monilia
2613 950 2882 1020 existunt;
2916 951 3041 1022 quia
3071 950 3198 1004 dum
3229 950 3282 1003 in
3313 951 3598 1020 sapientia,

1995 1055 2104 1111 qua
2133 1039 2426 1112 refulgent,
2459 1048 2643 1096 sancta
2681 1055 2847 1112 opera
2895 1038 3120 1108 faciunt,
3165 1038 3319 1111 quasi
3369 1039 3422 1092 in
3469 1056 3602 1094 auro

1993 1128 2208 1200 lapides
2236 1137 2449 1201 gerunt.
2483 1129 2559 1184 De
2591 1128 2784 1198 quibus
2813 1129 3056 1200 sequitur
3087 1146 3100 1182 :
3137 1129 3269 1195 Quae
3311 1127 3599 1198 fabricata

1991 1223 2132 1275 sunt
2160 1235 2339 1274 manu
2367 1218 2629 1287 artiﬁcis.
2656 1218 2816 1271 Manu
2839 1216 3059 1273 artiﬁcis
3080 1215 3307 1272 monilia
3339 1217 3602 1272 fabrican-

1992 1313 2100 1376 tur,
2134 1307 2261 1378 quia
2291 1323 2457 1378 Opere
2480 1307 2673 1362 Christi
2704 1305 3096 1377 praedicatores
3124 1305 3332 1377 pulchri
3362 1314 3412 1360 et
3447 1306 3605 1362 utiles

1991 1397 2311 1453 efﬁciuntur.
2349 1396 2618 1467 Sequitur.

2059 1487 2234 1558 (Vers.
2268 1487 2346 1552 2.)
2382 1484 2684 1542 Umbilicus
2718 1491 2850 1541 tuus
2879 1489 3071 1540 crater
3101 1488 3415 1556 tornatilis,
3446 1504 3600 1544 nun'

1988 1593 2156 1649 quam
2186 1575 2454 1647 indigem
2481 1573 2720 1644 poculis.
3104 1617 3108 1620 .

2059 1669 2110 1720 4.
2145 1665 2445 1721 Umbilicus
2472 1665 2637 1718 etiam
2667 1671 2979 1719 sanctorum
3009 1664 3434 1736 praedicatorum
3465 1668 3597 1724 ordo

270 1749 530 1804 monibus
557 1751 880 1820 captivatur.
917 1752 982 1806 Et
1011 1751 1152 1807 bene
1181 1761 1372 1823 quater
1399 1753 1590 1808 reverti
1621 1754 1880 1808 admone—
1907 1776 1962 1836 Β
1990 1762 2071 1808 est
2105 1771 2115 1805 :
2151 1754 2240 1823 qui
2281 1755 2419 1808 bene
2458 1762 2636 1808 crater
2665 1768 2783 1807 esse
2813 1752 3030 1820 dicitur,
3065 1754 3190 1823 quia
3222 1755 3348 1808 dum
3380 1772 3479 1826 per
3506 1771 3601 1811 eos

273 1847 398 1905 tur;
434 1839 561 1908 quia
591 1839 648 1893 in
679 1849 906 1910 quatuor
953 1841 1137 1895 mundi
1187 1849 1368 1911 partes
1396 1841 1563 1896 modo
1593 1842 1766 1896 Judzei
1798 1843 1874 1896 di-

266 1928 447 1998 spersi
497 1936 640 1996 sunt,
675 1929 766 2000 qui
809 1929 1116 2001 ubicunque
1159 1929 1378 1996 fuerint,
1431 1939 1488 1984 ut
1535 1930 1733 1984 dictum
1779 1938 1878 1999 est,

267 2018 322 2070 in
353 2015 462 2070 ﬁne
494 2016 680 2071 mundi
724 2027 1123 2086 convertentur,
1156 2018 1292 2074 sicut
1323 2019 1642 2088 praedictum
1673 2026 1754 2074 est
1782 2036 1881 2090 per

265 2105 598 2176 prOphetam
621 2124 632 2158 :
653 2107 713 2162 Si
742 2109 924 2178 fuerit
951 2124 1225 2164 numerus
1244 2107 1498 2176 ﬁliorum
1524 2108 1702 2183 Israel
1725 2108 1880 2165 velut

262 2211 451 2249 arena
466 2198 667 2262 maris,
685 2197 947 2268 reliquiae
964 2198 1134 2252 salvae
1151 2199 1292 2266 ﬁent
1315 2197 1470 2264 (Isai.
1488 2214 1540 2265 χ,
1555 2200 1670 2267 22).
1691 2199 1880 2252 Rever-

265 2289 416 2337 tatur
459 2299 595 2356 ergo
635 2284 950 2350 Sunamitis,
984 2293 1040 2340 ut
1069 2301 1187 2340 eam
1219 2286 1543 2352 intueamur,
1577 2287 1635 2340 id
1667 2294 1744 2342 est
1775 2287 1879 2357 Sy-

260 2387 490 2443 nagoga
541 2372 608 2426 ad
657 2371 824 2428 ﬁdem
871 2383 1234 2443 convertatur,
1268 2383 1320 2429 et
1351 2375 1404 2428 in
1435 2374 1751 2446 ptenitentia
1781 2391 1879 2429 sua

261 2460 527 2514 omnibus
557 2461 814 2517 ostendat
856 2472 1117 2533 quantum
1163 2463 1365 2517 malum
1409 2464 1631 2530 faceret,
1663 2463 1877 2533 quando

260 2549 447 2603 Deum
478 2567 636 2604 suum
667 2551 721 2605 in
752 2567 912 2608 cruce
939 2552 1274 2624 conﬁgebat.
1323 2554 1431 2608 Sed
1481 2553 1724 2622 protinus
1753 2568 1876 2608 cum

259 2638 521 2693 Ecclesia
570 2637 734 2694 ﬁdem
770 2640 1078 2713 Synagogae
1124 2641 1342 2696 intuerit
1372 2643 1597 2712 appetit,
1631 2641 1877 2713 Sponsus

257 2728 705 2800 congratulando
735 2729 886 2800 quasi
918 2730 1260 2801 interrogans
1288 2730 1599 2801 respondet,
1624 2739 1675 2786 et
1706 2731 1834 2785 dicit
1860 2747 1872 2784 :

879 2819 1102 2874 CAPUT
1142 2820 1237 2874 VII
1251 2859 1266 2872 .

331 2905 498 2978 (Cap.
535 2923 628 2962 vu.
650 2907 886 2962 —Vers.
916 2910 991 2977 t.)
1036 2908 1177 2978 Quid
1210 2907 1417 2964 videbis
1458 2909 1520 2963 in
1553 2909 1871 2974 Sunamite,

257 2994 383 3051 nisi
413 2996 616 3052 choros
646 3001 963 3052 castrorum
991 2997 1022 3050 7

333 3087 383 3138 ι.
422 3086 612 3140 Castra
643 3084 845 3156 quippe
875 3084 1222 3142 militantium
1252 3097 1394 3143 sunt.
1440 3089 1626 3143 Castra
1655 3101 1786 3159 ergo
1817 3085 1870 3140 in

256 3174 546 3230 Sunamite
593 3173 950 3237 videbuntur;
1000 3175 1128 3246 quia
1169 3192 1270 3246 pro
1315 3177 1444 3245 ﬁde,
1497 3191 1661 3247 quam
1705 3175 1868 3231 modo

257 3264 567 3335 impugnat,
603 3269 729 3317 tunc
756 3263 972 3318 robuste
1003 3273 1190 3320 contra
1216 3265 1456 3336 perﬁdos
1501 3264 1863 3336 praeliabitur.

260 3351 370 3406 Sed
403 3351 532 3420 quia
552 3352 656 3406 hoc
685 3367 780 3422 per
804 3359 1045 3407 sanctam
1068 3353 1370 3408 Ecclesiam
1394 3353 1484 3409 ﬁet
1504 3362 1558 3408 ut
1573 3353 1872 3426 Synagoga

260 3447 633 3505 convertatur,
659 3439 782 3510 quia
805 3441 1149 3496 sermonibus
1180 3450 1232 3497 et
1261 3442 1526 3514 exemplis
1553 3442 1873 3513 pradicato-

259 3545 386 3582 rum
440 3529 508 3583 ad
557 3528 721 3583 ﬁdem
769 3536 1137 3599 convertatur,
1183 3531 1306 3587 ideo
1353 3539 1495 3586 recte
1543 3531 1612 3587 ad
1653 3531 1873 3586 laudem

259 3632 480 3687 sponsa:
512 3617 758 3686 Sponsus
787 3633 847 3672 se
876 3619 1159 3686 convertit,
1192 3619 1382 3676 dicens
1417 3638 1428 3673 :

334 3706 514 3774 (Vers.
539 3711 610 3773 1.)
629 3706 805 3773 Quam
821 3707 1054 3779 pulchri
1067 3713 1202 3764 sunt
1219 3726 1443 3779 gressus
1467 3709 1554 3765 tui
1573 3711 1632 3764 in
1656 3710 1871 3765 calcea-

255 3797 476 3851 mentis
502 3796 635 3863 tuis,
665 3796 791 3865 ﬁlia
817 3798 1096 3870 principis
1120 3799 1150 3850 ?

327 3883 384 3936 2.
421 3884 557 3937 Filia
579 3883 843 3955 principis
865 3894 1051 3940 sancta
1071 3886 1318 3942 Ecclesia
1340 3886 1557 3955 dicitur,
1584 3888 1704 3957 quia
1735 3902 1872 3958 prie-

250 3971 535 4028 dicatione
574 3971 774 4028 Christi
820 3973 876 4028 in
916 3974 1089 4028 vitam
1132 3990 1330 4030 novam
1376 3984 1747 4049 regeneratur,
1779 3977 1871 4044 qui

249 4078 355 4131 per
385 4061 688 4116 divinitatis
718 4062 1040 4134 potentiam,
1073 4064 1220 4118 omni
1251 4073 1517 4120 creaturae
1547 4079 1711 4134 quam
1743 4079 1868 4118 con-

251 4149 414 4213 didit,
478 4148 841 4220 principatur.
892 4149 1035 4220 Quid
1085 4162 1264 4208 autem
1323 4162 1444 4208 sunt
1497 4153 1868 4208 calceamenta

251 4237 540 4302 Ecclesiae,
563 4238 666 4293 nisi
690 4239 942 4309 exempla
961 4241 1382 4309 praecedentium
1403 4249 1639 4312 patrum,
1669 4241 1866 4310 quibus

247 4328 307 4380 in
336 4327 433 4381 via
461 4326 647 4381 mundi
679 4326 833 4394 hujus
861 4329 1117 4393 munitur,
1170 4337 1228 4383 ut
1272 4346 1373 4400 per
1415 4346 1603 4386 omnes
1635 4329 1864 4384 tribula-

248 4416 432 4470 tiones
451 4430 573 4485 quae
593 4424 914 4486 exsurgunt,
933 4413 1270 4472 conﬁdenter
1287 4418 1526 4474 calceata
1547 4417 1825 4490 gradiatur
1838 4417 1866 4469 ?

249 4505 415 4560 Unde
446 4502 576 4557 alibi
603 4504 1059 4575 praedicatoribus
1080 4506 1277 4561 Paulus
1299 4506 1458 4562 dicit:
1485 4506 1739 4563 Calceati
1766 4523 1858 4578 pe-
1890 4491 1942 4551 Ι)

246 4595 347 4648 des
359 4594 426 4647 in
437 4594 919 4664 praeparationem
933 4593 1235 4665 Evangelii
1250 4597 1408 4668 pacis
1424 4596 1740 4668 (Ephesm,
1751 4600 1772 4651 1
1783 4599 1860 4664 ὅ).

250 4681 642 4736 Calceamenta
671 4682 876 4752 quippe
903 4681 971 4737 de
999 4683 1224 4738 mortuis
1252 4684 1580 4739 animalibus
1609 4685 1760 4740 ﬁunt.
1796 4686 1865 4740 Et

247 4785 354 4824 nos
386 4769 559 4840 pedes
604 4770 923 4840 spiritaliter
953 4773 1284 4840 calceamus,
1317 4773 1532 4846 quando
1561 4791 1592 4828 a
1619 4774 1863 4845 patribus

247 4858 457 4913 sanctis
485 4873 650 4914 carne
682 4860 908 4914 mortuis
928 4862 1180 4932 exempla
1201 4863 1484 4932 sumimus,
1503 4871 1560 4918 ut
1580 4863 1648 4918 ad
1674 4879 1860 4919 eorum

249 4946 663 5003 similitudinem
695 4949 884 5004 mundi
916 4951 1078 5020 hujus
1110 4951 1428 5008 tentationes
1452 4968 1850 5025 expugnemus.

253 5039 444 5092 Potest
475 5045 651 5092 tamen
676 5037 911 5111 intelligi
933 5039 1081 5109 quod
1103 5039 1341 5096 Ecclesia
1371 5043 1542 5111 450
1571 5043 1858 5108 calcentur,

249 5126 476 5198 quando
507 5124 559 5180 in
591 5125 976 5196 praedicatione
1005 5144 1102 5182 sua
1131 5129 1202 5183 ad
1231 5131 1557 5200 perferenda
1588 5133 1863 5202 insurgen-

253 5202 511 5267 tia'mala
558 5219 731 5266 morte
774 5211 966 5266 Christi
1011 5212 1266 5268 munitur.
1313 5214 1524 5270 Pulchri
1574 5232 1708 5288 ergo
1740 5223 1865 5270 sunt

247 5316 469 5370 sponsae
498 5316 714 5370 gressus
736 5301 1009 5370 calceata},
1031 5317 1150 5371 quae
1171 5301 1281 5359 ﬁlia
1303 5313 1388 5360 est
1410 5305 1702 5376 principis;
1739 5307 1865 5378 quia

246 5405 442 5446 coram
472 5387 672 5443 divinis
697 5389 870 5444 oculis
899 5391 1076 5461 placet
1105 5390 1338 5447 ofﬁcium
1370 5393 1664 5464 cujuslibet
1696 5394 1858 5451 electi

247 5476 555 5534 secundum
587 5477 844 5549 exempla
867 5487 1084 5550 patrum
1108 5481 1472 5552 pmdicantis.
1509 5483 1764 5555 Sequitur
1797 5503 1810 5540 :

1901 3133 1952 3197 C

1988 1842 2224 1913 p0pulus
2253 1841 2516 1909 eruditur,
2541 1841 2667 1898 vino
2692 1841 2924 1912 spiritali
2949 1843 3190 1913 ipsorum
3214 1843 3392 1900 oﬂicio
3420 1845 3597 1900 ebria-

1950 1985 1956 1991 ,
1988 1939 2091 1986 tur.
2125 1931 2227 2000 Qui
2263 1931 2398 1986 bene
2430 1930 2700 1986 tornatilis
2729 1939 3096 2001 nuncupatur;
3133 1933 3259 2002 quia
3285 1934 3444 2004 juxta
3473 1949 3597 1990 mo-

1988 2036 2076 2077 res
2106 2020 2385 2076 hominum
2418 2019 2705 2075 universos
2736 2034 2960 2074 necesse
2993 2028 3071 2074 est
3103 2028 3159 2074 ut
3189 2020 3376 2092 lingua
3405 2023 3600 2093 praedi-

1989 2109 2187 2166 catoris
2217 2109 2486 2164 volvatur.
2522 2107 2625 2175 Qui
2653 2108 2862 2178 poculis
2891 2124 2998 2164 non
3029 2108 3270 2181 indiget;
3304 2112 3426 2180 quia
3453 2113 3598 2182 quod

1989 2196 2111 2252 aliis
2141 2197 2414 2268 propinat,
2464 2212 2686 2251 necesse
2739 2204 2820 2251 est
2861 2205 2917 2250 ut
2964 2196 3331 2252 abundantius
3387 2200 3600 2256 caeteris

1987 2286 2154 2352 bibat,
2191 2294 2244 2340 et
2273 2285 2486 2356 plenius
2515 2286 2662 2356 quod
2688 2285 2799 2353 dat,
2831 2283 3121 2340 contineat.
3156 2287 3413 2356 Sequitur
3445 2308 3456 2343 :

2057 2377 2239 2445 (Vers.
2275 2375 2353 2446 2.)
2391 2376 2594 2431 Venter
2625 2375 2755 2430 tuus
2797 2374 2949 2429 sicut
2988 2390 3194 2431 acerus
3235 2375 3436 2442 tritici,
3473 2383 3596 2434 val-

1988 2465 2144 2520 latus
2179 2464 2340 2520 liliis.

2144 2553 2246 2607 Per
2276 2559 2542 2619 ventrem,
2592 2549 2779 2622 populi
2830 2551 3058 2606 latitudo
3106 2551 3426 2624 designatur
3458 2573 3470 2609 :
3506 2557 3602 2625 qui

1986 2640 2122 2695 bene
2154 2641 2296 2694 sicut
2327 2655 2553 2713 acervus
2603 2639 2757 2696 tritici
2806 2638 2934 2694 liliis
2982 2640 3243 2703 vallatur;
3292 2641 3418 2713 quia
3461 2643 3593 2698 dum

1985 2729 2247 2799 operibus
2277 2729 2478 2784 sanctis
2502 2727 2806 2796 intendens,
2833 2727 2886 2781 in
2916 2729 3145 2784 cceleste
3175 2731 3428 2785 horreum
3460 2749 3597 2802 prae-

1982 2826 2222 2888 paratur,
2257 2817 2519 2886 exemplis
2549 2824 2875 2882 sanctorum,
2915 2825 2973 2871 ut
2998 2825 3329 2886 perseveret,
3351 2819 3598 2889 undique

1985 2905 2255 2969 munitur;
2292 2905 2359 2959 de
2389 2905 2588 2975 quibus
2620 2905 2812 2960 iterum
2841 2904 3042 2960 dicitur
3076 2922 3088 2959 :

2055 2996 2232 3063 (Vers.
2267 2994 2343 3066 3.)
2374 2996 2490 3050 Duo
2519 2991 2699 3051 ubera
2745 2998 2846 3051 tua
2890 2996 3039 3051 sicut
3084 2995 3194 3051 duo
3226 2994 3459 3052 hinnuli
3488 3013 3589 3052 εα-

1977 3100 2129 3156 prece
2155 3082 2406 3154 gemelli.

2053 3176 2104 3226 6.
2138 3172 2257 3227 Duo
2289 3171 2479 3238 ubera,
2512 3171 2618 3226 duo
2649 3170 2836 3242 populi
2874 3171 3108 3228 existunt
3143 3191 3152 3225 :
3188 3171 3313 3243 quia
3362 3173 3490 3228 dum
3534 3176 3586 3230 in

1981 3277 2170 3316 amore
2212 3262 2455 3316 fraterno
2485 3277 2705 3331 semper
2735 3260 2940 3330 vivunt,
2967 3278 3026 3317 se
3055 3260 3289 3317 invicem
3319 3261 3458 3318 lacte
3484 3264 3596 3332 pie-

1980 3351 2104 3406 tatis
2133 3351 2186 3404 in
2219 3350 2482 3406 charitate
2513 3349 2774 3404 nutriunt.
2809 3349 2916 3419 Qui
2947 3350 3088 3406 bene
3119 3351 3226 3406 duo
3258 3350 3466 3406 hinnuli
3505 3367 3594 3407 ca-

1982 3458 2127 3512 preae
2153 3438 2375 3512 gemelli
2404 3439 2749 3494 nominantur
2770 3456 2782 3492 :
2801 3440 2928 3510 quia
2953 3440 3083 3494 dum
3119 3457 3215 3511 per
3241 3439 3596 3510 praedicatio-

1982 3547 2106 3585 nem
2137 3529 2446 3600 Synagoga:
2478 3528 2534 3581 in
2565 3527 2672 3582 ﬁde
2705 3528 2895 3600 geniti,
2933 3529 2986 3582 in
3019 3530 3134 3598 ejus
3161 3530 3458 3601 Scripturis
3486 3547 3591 3584 nu-

1983 3619 2236 3686 triuntur,
2270 3617 2322 3671 in
2353 3633 2505 3688 spem
2560 3617 2874 3672 aeternitatis
2931 3617 3291 3687 intendentes,
3339 3619 3497 3690 quasi
3538 3618 3594 3673 in

1981 3707 2259 3763 montibus
2281 3705 2577 3763 concordes
2605 3715 2915 3777 pascuntur.
2940 3707 3018 3762 De
3051 3708 3246 3778 quibus
3273 3707 3588 3779 praedicato-

1981 3798 2130 3852 ribus
2159 3796 2404 3868 sequitur
2435 3813 2447 3849 :

2053 3886 2226 3957 (Vers.
2262 3887 2340 3954 4.)
2376 3884 2595 3942 Collum
2629 3888 2795 3940 tuum
2825 3886 2975 3940 sicut
3010 3888 3190 3942 turris
3221 3887 3487 3944 eburnea.

2051 3978 2103 4030 7.
2136 3973 2352 4030 Collum
2401 3988 2618 4042 sponsae
2663 3972 2799 4027 sicut
2850 3974 3006 4027 turris
3057 3974 3299 4029 eburnea
3350 3975 3584 4038 dicitur;

1979 4064 2106 4135 quia
2134 4062 2516 4134 pradicatores
2543 4060 2796 4116 Ecclesiae
2828 4070 2878 4116 et
2909 4061 3002 4115 alti
3036 4078 3132 4131 per
3165 4063 3585 4132 contemplatio-

1977 4169 2128 4221 nem,
2157 4160 2213 4208 et
2239 4152 2405 4206 fortes
2430 4165 2527 4221 per
2545 4157 2851 4205 sanctorum
2870 4165 3093 4220 Operum
3118 4151 3579 4219 exercitationem,

1977 4250 2028 4297 et
2058 4240 2280 4312 pretiosi
2339 4255 2435 4310 per
2490 4238 2731 4293 divinam
2788 4239 3113 4308 sapientiam
3170 4239 3462 4295 habentur.
3503 4241 3586 4296 De

1977 4331 2173 4402 quibus
2202 4330 2397 4385 iterum
2429 4327 2628 4382 dicitur
2656 4343 2667 4382 :

2049 4421 2206 4488 (Vers
2237 4419 2313 4488 4.)
2347 4417 2509 4474 Oculi
2557 4417 2645 4472 tui
2697 4418 2847 4472 sicut
2875 4418 3113 4490 piscina:
3170 4419 3232 4474 in
3290 4417 3576 4487 Hesebon,

1973 4526 2094 4582 quae
2123 4512 2260 4563 sunt
2289 4509 2351 4563 in
2378 4510 2547 4579 porta
2574 4505 2711 4574 ﬁlice
2741 4507 3164 4563 multitudinis.

2047 4603 2098 4652 8.
2131 4595 2382 4651 Hesebon
2411 4594 2690 4666 cingulum
2724 4595 2973 4651 mmroris
2997 4596 3400 4668 interpretatur.
3423 4596 3582 4653 Oculi

1973 4702 2104 4758 ergo
2133 4699 2349 4754 sponsae
2371 4683 2507 4739 sicut
2527 4683 2752 4754 piscinae
2772 4683 2827 4737 in
2857 4684 3109 4741 Hesebon
3139 4686 3420 4748 dicuntur;
3455 4688 3580 4758 quia

1971 4775 2099 4829 dum
2130 4773 2198 4828 de
2227 4771 2667 4843 peregrinatione
2695 4790 2791 4826 sua
2821 4774 3225 4843 contristantur,
3257 4779 3312 4830 et
3352 4792 3582 4831 maerore

1971 4861 2328 4926 corroborati,
2383 4870 2572 4916 contra
2629 4862 2898 4933 spiritales
2954 4864 3140 4918 hostes
3195 4865 3581 4935 accinguntur,

1971 4951 2224 5023 lacrymis
2273 4966 2330 5005 se
2378 4950 2578 5019 lavant,
2613 4959 2668 5005 ut
2696 4967 2798 5022 per
2827 4968 2921 5006 eos
2960 4953 3146 5022 populi
3195 4952 3583 5008 convenienter

1970 5055 2152 5096 coram
2183 5039 2298 5094 Deo
2331 5039 2676 5094 mundentur.
2713 5041 2770 5094 In
2801 5048 2957 5108 porta
2987 5048 3166 5094 autem
3214 5038 3338 5092 ﬁliae
3390 5038 3578 5092 multi-

1971 5129 2172 5184 tudinis
2202 5135 2325 5183 sunt
2360 5145 2373 5181 :
2409 5127 2532 5198 quia
2571 5129 2627 5182 in
2667 5126 2772 5182 ﬁde
2805 5136 2966 5193 stant,
2996 5145 3091 5199 per
3118 5143 3282 5197 quam
3317 5126 3580 5182 Ecclesiae

1971 5217 2372 5273 multitudinem
2403 5216 2472 5272 ad
2503 5215 2750 5272 coelestia
2778 5215 3142 5271 introducunt.
3178 5215 3432 5284 Sequitur
3465 5233 3475 5267 :

2044 5307 2218 5376 (Vers.
2251 5306 2324 5374 ι.)
2374 5306 2555 5362 Nasus
2611 5309 2745 5361 tuus
2791 5306 2942 5360 sicut
2994 5304 3172 5360 turris
3202 5303 3424 5370 Libani,
3458 5321 3581 5375 qua:

1974 5397 2208 5468 respicit
2239 5398 2446 5452 contra
2476 5396 2839 5450 Damascum.

2047 5491 2100 5541 9.
2133 5487 2193 5541 In
2242 5499 2380 5541 naso
2438 5483 2620 5540 odoris
2673 5482 2928 5538 discretio
2986 5481 3231 5538 habetur.
3265 5483 3367 5538 Per
3395 5499 3585 5540 nasum

315 5604 398 5672 (a)
431 5603 513 5658 Ita
543 5603 670 5658 Mss.
704 5618 803 5675 pro
831 5606 1072 5676 femora,
1102 5610 1406 5679 femorum,
1437 5607 1582 5681 quod
1612 5608 1811 5666 habent
1837 5609 2063 5683 vulgati.
