4034 6166
510 229 613 284 535

511 442 672 499 nobis
705 442 964 497 virtutum
995 442 1214 509 odores,
1247 450 1297 497 et
1328 441 1576 496 vitiorum
1618 439 1835 495 foetores
1879 439 2111 493 demon—

512 541 771 588 strantur.
824 532 928 587 Sed
960 548 1127 587 nasus
1157 532 1294 586 sicut
1324 530 1481 586 turris
1510 528 1698 584 Libani
1726 528 1912 584 existit
1943 543 1955 580 :
1988 526 2112 598 quia

510 620 641 675 dum
672 621 839 676 semel
870 621 1260 691 prmdicatores
1290 636 1426 692 aqua
1456 618 1801 689 Baptismatis
1843 615 2109 686 lavantur,

515 712 678 779 451
716 715 771 764 et
801 709 1129 778 quotidianis
1159 708 1416 779 lacrymis
1451 724 1481 762 a
1515 706 1749 778 peccatis
1777 720 1896 775 quia
1926 712 2115 760 contra

510 796 691 853 Deum
720 798 1131 869 commiserunt,
1177 798 1517 864 dealbentur,
1567 796 1720 868 digni
1763 793 1893 849 ﬁunt
1943 801 2002 848 ut
2040 793 2110 846 ad

510 882 710 938 altiora
738 882 913 954 magis
941 900 1004 937 ac
1032 882 1210 955 magis
1255 899 1356 953 per
1403 880 1768 937 fortitudinem
1799 878 2102 950 erigantur.

508 966 617 1022 Sed
648 966 810 1022 turris
840 974 1026 1023 contra
1056 969 1379 1022 Damascum
1411 965 1637 1037 respicit
1670 982 1683 1018 :
1714 964 1837 1035 quia
1864 970 2112 1033 peccato-

508 1056 660 1111 ribus
686 1072 900 1128 semper
945 1065 1163 1113 sanctus
1207 1056 1433 1128 quilibet
1482 1053 1803 1126 prmdicator
1828 1050 2109 1108 contradi-

513 1146 609 1200 cit.
648 1146 949 1203 Damascus
998 1146 1198 1218 quippe
1240 1145 1570 1217 sanguineus
1620 1144 2020 1215 interpretatur,
2061 1147 2111 1196 et

508 1236 794 1305 peccatrici
817 1236 966 1308 genti
994 1235 1217 1290 dicitur:
1246 1236 1441 1291 Manus
1464 1242 1577 1289 tua:
1604 1233 1789 1304 plena:
1814 1233 1956 1287 sunt
1982 1246 2112 1285 san-

509 1320 683 1391 guine
696 1321 846 1390 (Isai,
870 1336 906 1385 ι,
930 1320 1039 1391 16).
1059 1319 1167 1375 Sed
1193 1319 1321 1390 quia
1339 1319 1406 1373 de
1423 1317 1683 1373 membris
1702 1315 1855 1384 dixit,
1880 1314 2108 1387 dignum

508 1416 593 1464 est
619 1417 677 1464 ut
704 1410 773 1464 de
801 1408 974 1480 capite
1003 1408 1271 1482 loquatur.
1300 1406 1427 1463 ideo
1457 1406 1704 1461 subditur
1736 1422 1748 1459 :

578 1499 760 1569 (Vers.
793 1499 873 1570 5.)
906 1501 1086 1571 Caput
1118 1502 1285 1554 tuum
1332 1500 1399 1553 ut
1453 1496 1775 1562 Carmelus,
1820 1497 1879 1550 et
1936 1508 2109 1550 coma:

510 1588 718 1658 capit-is
750 1590 838 1643 tui
868 1592 934 1643 ut
957 1604 1219 1660 purpura
1249 1587 1407 1658 Regis
1428 1588 1639 1658 juncta
1667 1583 1991 1641 canalibus.

1720 218 1965 278 SANCTI
2006 218 2350 278 GREGOBII
2389 220 2613 278 MAGNI

510 368 642 425 ergo
660 352 736 424 (a)
759 331 892 410 ordo
923 350 1344 425 praedicatorum
1370 349 1719 424 designatur:
1745 349 1872 420 quia
1900 364 1998 418 per
2016 364 2110 402 eos
2136 349 2195 411 Α

3692 230 3786 299 536

2295 348 2473 418 (Vers.
2508 350 2587 416 6.)
2621 345 2805 412 Quam
2860 344 3102 418 pulchra
3158 359 3217 401 es
3266 348 3320 402 et
3375 361 3539 418 quam
3584 348 3787 418 decora,

2217 434 2558 494 charissima
2585 438 2649 492 in
2684 435 2924 491 deliciis.
3773 438 3776 442 '

2293 530 2378 579 11.
2415 525 2725 580 Notandum
2754 524 2900 596 quod
2929 521 3249 578 charissima
3277 523 3334 577 in
3362 522 3566 579 deliciis
3595 524 3791 591 dicitur,

2220 614 2346 685 quia
2375 615 2444 668 ad
2474 614 2799 670 cbaritatem
2826 620 2879 667 et
2908 611 3325 667 familiaritatem
3347 612 3543 667 Christi
3565 629 3665 669 non
3686 631 3792 684 per-

2219 706 2389 770 venit,
2414 703 2656 773 quisquis
2681 701 2971 772 Scripturae
2989 709 3187 756 sanctae
3208 700 3413 755 deliciis
3440 701 3515 774 (ο)
3535 686 3795 759 abundare

2219 808 2328 847 non
2357 791 2654 848 contendit.
2680 791 2810 846 Inde
2830 790 2979 845 enim
3000 789 3195 845 dicitur
3218 808 3230 843 :
3260 789 3425 844 Omni
3453 789 3673 845 habenti
3698 792 3793 847 da-

2221 880 2396 949 bitur,
2429 886 2485 938 et
2515 878 2832 937 abundabit
2865 897 2884 932 :
2910 880 2962 935 ei
2990 883 3186 934 autem
3216 878 3312 950 qui
3339 894 3456 933 non
3496 879 3713 947 habent,
3741 885 3793 936 et

2219 971 2361 1042 quod
2391 970 2614 1026 videtur
2647 970 2869 1038 habere,
2917 972 3223 1038 auferetur
3250 967 3317 1023 ab
3346 983 3408 1025 eo
3431 968 3650 1036 (Matth.
3680 984 3794 1037 xm,

2221 1058 2332 1129 12).
2381 1058 2476 1113 His
2515 1059 2656 1114 enim
2704 1056 2913 1113 deliciis
2964 1057 3057 1129 qui
3100 1055 3369 1122 abundat,
3419 1054 3692 1110 reﬁcitur:
3722 1058 3797 1111 his

2218 1147 2475 1216 refectus,
2499 1146 2716 1203 assidue
2742 1147 2813 1202 ad
2843 1147 3054 1217 majora
3080 1143 3433 1217 percipienda
3460 1152 3792 1215 praeparatur.

2218 1235 2373 1292 Unde
2402 1244 2455 1292 et
2484 1236 2609 1291 huic
2638 1251 2855 1306 sponsae
2886 1232 3220 1290 charissima:
3250 1233 3444 1288 dicitur
3475 1251 3487 1287 :

2288 1326 2460 1395 (Vers.
2494 1326 2574 1396 7.)
2624 1325 2872 1381 Statura
2904 1329 3006 1380 tua
3034 1323 3360 1380 assimilata
3388 1325 3475 1379 est
3501 1322 3717 1395 palmae,
3745 1327 3795 1381 et

2216 1411 2391 1470 ubera
2423 1418 2525 1470 tua
2554 1414 2745 1470 botris.

2288 1504 2374 1558 12.
2400 1502 2584 1557 Palma
2614 1502 2817 1575 quippe
2846 1502 2975 1556 dum
3003 1499 3215 1567 crescit,
3240 1498 3493 1557 deorsum
3514 1498 3794 1573 stringitur,

2215 1596 2267 1645 et
2294 1606 2504 1645 sursum
2534 1590 2811 1646 dilatatur.
2846 1590 2937 1646 Sic
2966 1598 3155 1645 sancta
3184 1589 3368 1643 anima
3397 1587 3465 1643 ab
3494 1587 3611 1643 imis
3640 1590 3791 1657 452

578 1678 665 1771 10.
700 1676 871 1748 Caput
901 1675 1159 1771 Ecclesiae
1190 1675 1463 1771 Christus:
1488 1675 1578 1746 qui
1602 1674 1738 1729 bene
1753 1671 2106 1771 utCarmelus
2129 1708 2185 1771 B
2215 1678 2287 1733 ad
2317 1680 2540 1734 minima
2564 1664 2772 1749 incipii,
2791 1687 2845 1735 et
2872 1677 3133 1751 paulatim
3164 1678 3230 1732 ad
3262 1678 3473 1748 majora
3493 1677 3793 1742 crescendo,

504 1765 729 1828 dicitur;
776 1767 904 1838 quia
933 1765 1049 1838 ipse
1076 1781 1173 1836 per
1200 1764 1512 1836 passionem
1543 1779 1704 1833 quam
1732 1762 1999 1830 sustinuit,
2034 1762 2102 1817 ad

502 1854 737 1926 gloriam
769 1855 940 1910 Patris
968 1862 1050 1909 est
1078 1854 1367 1909 exaltatus.
1418 1854 1497 1908 De
1543 1869 1649 1924 quo
1680 1852 1944 1923 scriptum
1974 1855 2057 1906 est
2088 1866 2101 1905 :

504 1943 587 1999 Et
609 1946 718 2000 erit
733 1946 794 1999 in
816 1943 1134 2001 novissimis
1149 1942 1340 1998 diebus
1354 1945 1709 2014 praeparatus
1724 1956 1884 1997 mons
1906 1940 2105 1995 domus

505 2033 730 2089 Domini
768 2038 832 2089 in
869 2034 1082 2089 vertice
1100 2032 1387 2087 montium
1419 2031 1570 2095 (lsai.
1596 2046 1654 2095 ιι,
1675 2030 1750 2091 2).
1772 2030 1832 2083 In
1854 2028 2103 2084 Carmelo

505 2123 707 2195 quippe
728 2122 877 2176 Elias
896 2137 1055 2177 orans
1090 2119 1327 2192 pluviam
1360 2118 1667 2190 impetravit
1692 2117 1789 2187 (III
1806 2121 1936 2188 Reg.
1964 2118 2051 2187 18)
2087 2133 2100 2170 :

500 2221 555 2269 et
602 2227 703 2268 nos
749 2212 805 2265 in
849 2210 1101 2265 Carmelo
1155 2212 1375 2264 orantes
1433 2207 1675 2279 pluviam
1728 2208 2099 2277 impetramus,

501 2299 720 2372 quando
759 2299 813 2355 in
842 2298 1115 2354 Christum
1162 2299 1447 2354 credentes
1494 2296 1772 2351 Christum
1819 2296 2100 2351 desidera-

499 2407 643 2456 mus,
662 2397 715 2445 et
736 2405 768 2444 a
790 2389 950 2443 Patre
965 2387 1334 2460 irrigationem
1361 2385 1550 2458 gratia:
1577 2384 1919 2456 suscipimus,
1938 2401 2100 2455 quam

495 2494 771 2552 rogamus.
805 2476 1088 2532 Moraliter
1117 2483 1297 2531 autem
1328 2482 1487 2545 caput
1516 2490 1730 2545 sponsa:
1759 2490 1911 2529 mens
1931 2489 2099 2530 voca-

497 2577 617 2623 tur:
642 2566 769 2639 quia
797 2566 937 2621 sicut
965 2581 995 2619 a
1024 2565 1203 2635 capite
1232 2564 1500 2632 membra,
1530 2564 1607 2618 sic
1637 2581 1668 2619 a
1698 2571 1878 2619 mente
1908 2579 2101 2618 omnes

495 2657 766 2729 cogitatus
797 2654 964 2710 nostri
992 2652 1368 2724 disponuntur.
1403 2653 1684 2708 Carmelus
1714 2659 1895 2708 autem
1927 2653 2098 2707 scien-

496 2746 574 2802 tia
602 2743 1029 2802 circumcisionis
1059 2741 1462 2812 interpretatur.
1507 2742 1682 2812 Caput
1711 2757 1849 2813 ergo
1881 2757 2099 2812 sponsas

494 2843 555 2890 ut
583 2834 868 2890 Carmelus
898 2848 1017 2887 esse
1044 2831 1387 2902 perhibetur;
1432 2831 1556 2901 quia
1606 2829 1862 2901 quaelibet
1910 2838 2098 2885 sancta

493 2940 649 2979 mens
676 2921 829 2978 novit
862 2921 1092 2992 qualiter
1120 2919 1290 2993 digne
1321 2920 1735 2976 circumcidatur
1759 2937 1770 2974 ε
1794 2920 1942 2975 novit
1972 2919 2099 2990 quia

489 3011 624 3068 nihil
656 3017 742 3067 est
773 3009 1037 3082 quidquid
1088 3010 1143 3063 in
1187 3024 1413 3080 corpore
1460 3013 1659 3082 agitur,
1704 3007 1749 3063 si
1793 3024 1944 3063 mens
1988 3008 2097 3062 im-

493 3100 698 3155 munda
730 3064 1073 3169 fuerit;1quae
1103 3064 1362 3169 templum
1407 3064 1601 3153 Cbi‘isli
1744 3096 1987 3162 eﬂicilur,
2027 3094 2098 3150 ab
2127 3064 2175 3127 Ο

491 3190 614 3261 ipso
646 3187 1001 3243 inhabitatur.
1064 3186 1225 3255 Quod
1256 3188 1381 3256 quia
1414 3185 1672 3240 Pharisaei
1705 3201 1811 3240 non
1840 3186 2096 3257 agebant,

493 3279 618 3334 ideo
649 3276 865 3333 dicebat
891 3276 1084 3331 beatus
1115 3275 1430 3345 Stephanus
1470 3275 1547 3330 eis
1579 3274 1670 3347 qui
1712 3290 1832 3329 eum
1873 3274 2097 3329 occide-

493 3370 653 3423 bant:
678 3369 829 3422 Dura
852 3366 1085 3430 cervice,
1104 3369 1161 3419 et
1178 3364 1595 3419 incircumcisis
1610 3363 1865 3420 cordibus
1877 3368 1933 3419 et
1946 3363 2100 3419 auri-

496 3458 617 3522 bus,
637 3470 964 3531 vossemper
992 3450 1293 3509 restitistis
1318 3452 1565 3523 Spiritui
1596 3456 1793 3508 sancto
1825 3453 1971 3519 (Act.
2004 3467 2098 3519 vu,

494 3545 608 3609 51).
642 3544 824 3599 Comm
844 3550 1026 3597 autem
1048 3541 1242 3610 capitis
1262 3541 1377 3611 ejus
1398 3548 1456 3594 ut
1475 3555 1717 3611 purpura
1746 3541 1893 3612 regis
1917 3540 2104 3613 juncta

498 3631 780 3690 canalibus
810 3647 929 3687 esse
951 3637 1337 3686 memorantur.
1354 3631 1590 3700 Purpura
1612 3630 1815 3702 quippe
1835 3646 1931 3701 per
1947 3629 2103 3686 fasci-

499 3722 654 3778 culos
698 3721 753 3775 in
800 3719 1087 3777 canalibus
1132 3719 1351 3792 ligatur,
1406 3735 1571 3789 super
1612 3735 1747 3790 quos
1790 3719 1916 3773 dum
1962 3733 2106 3790 aqua

506 3808 807 3882 projicitur,
840 3823 939 3879 per
968 3807 1188 3863 canales
1216 3808 1287 3862 ad
1319 3816 1525 3863 vestem
1551 3823 1672 3880 quae
1700 3807 1976 3878 supposita
2003 3814 2103 3875 est,

504 3899 688 3963 currit,
723 3904 781 3952 ut
811 3897 975 3953 vestis
1005 3897 1273 3967 tingatur;
1308 3904 1358 3951 et
1389 3895 1514 3951 inde
1543 3912 1743 3952 nomen
1787 3896 2003 3967 accipit,
2050 3903 2109 3950 ut

506 3988 669 4045 tincta
700 3987 879 4043 colore
910 4000 1182 4057 purpureo
1214 3999 1450 4056 purpura
1479 3993 1728 4047 vocetur;
1778 4001 1901 4056 quae
1928 3984 2110 4040 omnia

506 4084 704 4132 Sanctae
763 4075 929 4131 menti
987 4081 1312 4146 congruunt,
1371 4074 1414 4128 si
1466 4074 1861 4147 intelligantur.
1930 4074 2111 4129 Comm

507 4165 709 4237 quippe
735 4164 925 4236 capitis
951 4172 1073 4218 sunt
1100 4162 1458 4236 cogitationes
1500 4164 1712 4230 mentis,
1746 4178 1866 4234 quae
1917 4164 1974 4217 in
2024 4179 2109 4219 ca-

512 4253 728 4309 nalibus
762 4254 1017 4325 ligantur.
1050 4253 1180 4324 quia
1210 4252 1263 4306 in
1297 4252 1589 4321 Scripturis
1631 4252 1829 4306 divinis
1858 4268 1925 4307 ne
1955 4252 2113 4307 inuti-

514 4343 637 4398 liter
660 4342 847 4410 tluant,
879 4342 1231 4413 stringuntur.
1274 4340 1452 4411 Super
1480 4354 1615 4411 quas
1645 4356 1785 4412 aqua
1812 4340 2110 4412 projicitur,

2210 1783 2381 1838 usque
2410 1770 2479 1822 ad
2509 1768 2919 1839 amplitudinem
2948 1768 3205 1838 perfectae
3236 1766 3511 1822 charitatis
3547 1765 3792 1836 pervenit.

2211 1859 2387 1913 Nemo
2417 1857 2583 1927 enim,
2614 1858 2754 1914 sicut
2777 1856 3035 1927 scriptum
3066 1864 3166 1925 est,
3198 1865 3422 1927 repente
3451 1855 3509 1909 ﬁt
3534 1871 3785 1909 summus.

2213 1947 2272 2001 In
2303 1946 2516 2015 psalmo
2547 1953 2726 2001 autem
2757 1944 2827 2001 de
2851 1947 2997 2016 justo
3024 1944 3244 2000 homine
3269 1944 3468 1999 dicitur
3490 1961 3503 1997 :
3528 1945 3717 2001 Justus
3735 1949 3794 2000 ut

2208 2035 2404 2109 palma
2433 2034 2654 2104 ﬂorebit
2675 2036 2848 2106 (Psal.
2872 2049 2981 2102 xcr,
3015 2034 3124 2103 13).
3157 2033 3340 2089 Ubera
3368 2040 3549 2088 autem
3577 2048 3790 2103 sponsae,

2212 2124 2321 2179 duo
2348 2131 2626 2195 praecepta
2648 2122 2930 2179 charitatis
2947 2122 3213 2190 existunt;
3242 2138 3365 2194 quae
3387 2121 3620 2176 animam
3640 2122 3793 2193 possi-

2211 2212 2360 2279 dent,
2384 2210 2510 2268 vino
2538 2211 2741 2267 cmlesti
2774 2211 3040 2266 inebriant
3070 2217 3124 2266 et
3150 2210 3409 2265 nutriunt.
3434 2210 3612 2265 Potest
3631 2219 3792 2264 tamen

2210 2317 2312 2372 per
2339 2300 2579 2371 palmam
2617 2316 2750 2357 crux
2794 2300 2994 2355 Christi
3043 2298 3297 2372 intelligi.
3350 2297 3529 2353 Palma
3567 2299 3702 2353 enim
3744 2299 3791 2352 in

2209 2389 2440 2445 sublime
2470 2389 2629 2445 valde
2659 2404 2927 2459 crescens,
2962 2388 3307 2443 dulcissimos
3338 2388 3542 2444 fructus
3580 2387 3749 2460 gignit
3777 2406 3788 2441 :

2206 2489 2260 2534 et
2288 2493 2422 2533 crux
2464 2478 2665 2533 Christi
2708 2477 2983 2534 caelestem
3028 2477 3210 2532 cibum
3257 2476 3416 2533 nobis
3463 2475 3788 2548 praeparavit.

2208 2567 2304 2622 Cui
2360 2575 2559 2622 statura
2618 2582 2834 2638 sponsae
2888 2566 3261 2620 assimilatur:
3300 2566 3432 2636 quia
3468 2582 3564 2637 pro
3591 2565 3791 2621 Christo

2208 2655 2345 2711 mori
2374 2671 2483 2711 non
2513 2655 2742 2723 dubitat,
2774 2653 3020 2726 quisquis
3048 2654 3324 2710 Christum
3373 2653 3534 2709 valde
3580 2653 3794 2726 diligens

2207 2744 2374 2816 digne
2404 2744 2661 2798 imitatur.
2695 2745 2774 2798 De
2804 2744 2983 2814 palma
3009 2741 3257 2815 sequitur
3283 2743 3553 2813 Sponsus,
3578 2741 3750 2797 dicens
3780 2758 3791 2794 :

2281 2833 2466 2900 (Vers.
2502 2834 2581 2904 8.)
2614 2832 2769 2900 Dixi,
2803 2832 3118 2888 Ascendam
3142 2832 3203 2887 in
3221 2832 3503 2904 palmam,
3532 2834 3588 2887 et
3603 2845 3793 2902 appre-

2209 2921 2451 2977 hendam
2474 2924 2704 2993 fructus
2723 2922 2875 2991 ejus;
2905 2925 2963 2977 et
2983 2924 3153 2977 erunt
3175 2920 3352 2977 ubera
3383 2924 3483 2977 tua
3502 2921 3646 2976 sicut
3667 2919 3798 2975 botri

2208 3012 2422 3076 vineae;
2453 3013 2509 3066 et
2541 3011 2674 3068 odor
2702 3012 2816 3066 oris
2848 3011 2936 3066 tui
2965 3012 3113 3066 sicut
3136 3012 3449 3066 malorum.

2282 3099 2368 3152 13.
2402 3098 2550 3154 Dixit
2579 3114 2728 3165 vere,
2761 3107 2814 3153 et
2843 3099 3116 3153 ascendit:
3144 3098 3271 3168 quia
3297 3099 3435 3154 sicut
3466 3101 3587 3153 ante
3619 3094 3799 3152 secula

2207 3203 2307 3258 pro
2338 3192 2511 3243 morte
2542 3192 2725 3243 nostra
2756 3188 2893 3243 mori
2924 3187 3211 3258 disposuit,
3244 3187 3323 3241 sic
3375 3188 3430 3241 in
3473 3186 3578 3241 fine
3623 3184 3800 3240 mundi

2208 3276 2482 3347 prOpitius
2514 3284 2567 3330 et
2596 3292 2761 3331 verax
2792 3276 3125 3346 adimplevit.
3145 3279 3204 3331 In
3226 3275 3468 3347 palmam
3486 3291 3617 3348 ergo
3631 3288 3801 3330 ascen-

2210 3365 2307 3430 dit,
2342 3373 2396 3420 et
2426 3366 2633 3420 fructus
2680 3365 2796 3433 ejus
2838 3365 3200 3436 apprehendit
3233 3382 3245 3420 :
3281 3365 3410 3435 quia
3441 3365 3495 3420 in
3524 3380 3677 3421 cruce
3712 3379 3799 3417 su-

2211 3469 2470 3524 spensus,
2534 3455 2767 3509 fructum
2824 3454 3052 3520 invenit,
3107 3454 3500 3525 apprehendit,
3557 3461 3609 3508 et
3658 3451 3801 3506 nobis

2213 3542 2415 3597 tribuit.
2440 3543 2595 3599 Unde
2616 3542 2975 3613 adimpletum
2996 3543 3236 3614 estquod
3259 3544 3533 3615 sequitur:
3554 3543 3621 3597 Et
3644 3541 3800 3597 erunt

2212 3632 2382 3688 ubera
2414 3635 2513 3688 tua
2542 3633 2693 3687 sicut
2722 3631 2867 3687 botri
2896 3632 3093 3687 vincte.
3119 3632 3262 3686 Vere
3282 3647 3382 3702 per
3398 3646 3617 3687 crucem
3645 3629 3799 3683 ubera

2214 3735 2433 3792 sponsae
2476 3720 2611 3776 sicut
2657 3719 2802 3775 botri
2850 3719 3025 3775 vineae
3075 3719 3362 3779 existunt;
3398 3721 3522 3793 quia
3563 3720 3615 3773 in
3643 3719 3804 3773 morte

2216 3809 2413 3865 Christi
2441 3809 2551 3865 duo
2579 3815 2853 3881 praecepta
2883 3808 3162 3863 charitatis
3191 3823 3390 3863 sensus
3418 3809 3614 3863 anima:
3645 3820 3803 3861 susce-

2214 3906 2428 3968 perunt,
2454 3897 2651 3967 quibus
2673 3904 2828 3968 pasta
2848 3896 3030 3952 anima
3050 3896 3360 3966 debrietur,
3380 3898 3626 3954 debriata
3641 3897 3803 3967 poste-

2217 3985 2362 4043 riora
2390 3985 2763 4052 obliviscatur,
2818 3993 2874 4040 et
2921 3986 2973 4040 in
3022 3986 3294 4042 anteriora
3343 3987 3685 4042 extendatur.
3721 3982 3806 4036 His

2219 4074 2476 4131 uberibus
2507 4074 2669 4129 etiam
2698 4074 2980 4145 proximos
3021 4090 3267 4147 quosque
3314 4074 3501 4143 nutrit,
3550 4088 3612 4130 ac
3652 4071 3806 4128 robo-

2220 4173 2366 4219 ratos
2413 4178 2598 4219 secum
2628 4162 2695 4217 ad
2723 4178 2787 4217 ea
2817 4179 2940 4234 quas
2987 4162 3329 4234 concupiscit
3376 4163 3639 4234 perducit.
3666 4158 3808 4216 Unde

2223 4251 2481 4323 scriptum
2513 4259 2625 4305 est:
2656 4251 2761 4319 Qui
2797 4251 2981 4319 audit,
3018 4250 3173 4307 dicat
3204 4269 3222 4306 :
3259 4253 3414 4307 veni.
3451 4250 3717 4323 Sequitur.
3750 4248 3810 4302 Et

2225 4340 2360 4397 odor
2380 4341 2494 4396 oris
2515 4339 2601 4395 tui
2622 4341 2772 4395 sicut
2789 4340 3073 4396 malorum
3096 4341 3295 4413 (Apoc.
3320 4355 3519 4405 xxviii,
3547 4340 3649 4408 17).
3684 4336 3811 4390 Mala

516 4447 640 4502 quae
668 4437 872 4485 vestem
902 4429 1109 4501 regiam
1140 4428 1333 4500 tingit:
1358 4429 1434 4499 (b)
1459 4430 1582 4499 quia
1610 4430 1663 4483 in
1692 4429 2111 4501 cogitationibus
2139 4417 2193 4478 D
2223 4430 2444 4500 punica,
2470 4428 2538 4483 de
2566 4427 2763 4497 quibus
2792 4429 3036 4499 superius
3065 4436 3173 4482 tam
3204 4444 3352 4499 saepe
3383 4429 3586 4483 dictum
3616 4435 3712 4492 est,
3733 4424 3813 4479 hic

516 4524 720 4574 sancta
764 4517 979 4587 mentis,
1027 4519 1204 4589 gratia
1246 4518 1482 4573 caelestis
1526 4517 1835 4588 suscipitur,
1867 4526 1920 4573 et
1951 4526 2114 4574 totam

519 4606 758 4661 animam
803 4606 856 4661 in
906 4607 1127 4662 cmleste
1155 4613 1533 4662 ornamentum
1583 4606 1893 4677 componit;
1928 4614 1985 4662 ut
2007 4607 2118 4676 jam

518 4702 632 4752 tota
658 4694 839 4750 anima
870 4694 923 4749 in
954 4695 1119 4749 vitam
1148 4704 1409 4750 aeternam
1438 4695 1764 4761 inardescat,
1789 4703 1842 4750 et
1871 4696 1939 4750 ad
1968 4704 2120 4751 aeter-

520 4800 647 4840 num
679 4783 949 4856 Sponsum
977 4785 1137 4839 etiam
1160 4801 1259 4855 per
1275 4784 1597 4857 sanguinem
1621 4783 2122 4858 martyriipergere

520 4874 882 4944 concupiscat.
933 4875 1012 4930 De
1043 4881 1156 4930 tota
1184 4874 1387 4946 quippe
1419 4874 1661 4929 Ecclesia
1708 4872 1903 4928 Paulus
1945 4873 2075 4928 dicit
2106 4889 2119 4929 :

529 4964 633 5032 Qui
654 4963 917 5020 exhibuit
946 4963 1054 5019 sibi
1071 4964 1397 5028 Ecclesium,
1425 4966 1633 5019 vestem
1659 4964 1782 5018 sine
1811 4950 2040 5018 macula
2070 4967 2127 5018 et

528 5070 669 5125 ruga
684 5053 906 5126 (Ephes.
933 5070 987 5120 v,
1009 5054 1121 5122 27).
1142 5053 1209 5107 Et
1227 5051 1295 5106 de
1334 5051 1562 5123 singulis
1583 5050 1843 5107 Ecclesiae
1870 5050 2126 5121 ﬁdelibus

524 5142 747 5197 dicitur:
776 5144 871 5198 His
892 5142 1151 5199 omnibus
1166 5140 1320 5197 velut
1335 5143 1671 5196 ornamento
1690 5140 1951 5195 vestieris
1964 5139 2120 5209 (Isai.

524 5246 679 5297 XLIX,
706 5230 928 5297 18).Sic
958 5230 1137 5285 tincta:
1166 5246 1317 5302 ergo,
1349 5229 1428 5283 sic
1457 5228 1721 5298 pulchrae,
1745 5228 1821 5282 sic
1839 5244 2125 5299 purpurea:

529 5321 686 5378 facta:
712 5336 932 5390 sponsae
952 5319 1267 5392 adgaudens
1295 5332 1526 5388 sponsus
1552 5315 1805 5386 loquitur,
1837 5314 2026 5371 dicens
2060 5334 2073 5371 :

599 5444 676 5514 (a)
706 5445 928 5511 Excusi,
959 5446 1224 5503 discretio
1253 5443 1710 5514 pradicatorum.

601 5511 676 5583 (b)
710 5515 807 5571 Hic
861 5516 1118 5571 nonnulla
1172 5511 1519 5582 mutavimus,
1553 5529 1657 5585 ope
1688 5513 1813 5571 cod.
1857 5527 1986 5568 mss.
2020 5511 2121 5568 etsi

2227 4525 2673 4583 rememorantur,
2701 4533 2929 4587 quorum
2959 4516 3114 4572 odori
3146 4516 3281 4573 odor
3309 4517 3424 4573 oris
3452 4532 3661 4587 sponsae
3688 4515 3814 4568 bene

2227 4606 2357 4661 satis
2388 4605 2739 4661 assimilatur.
2798 4606 2897 4660 Per
2943 4606 3089 4661 mala
3117 4614 3297 4661 autem
3326 4607 3531 4677 punica
3572 4613 3815 4674 martyres

2229 4694 2505 4766 designari
2551 4693 2799 4765 superius
2845 4694 3081 4750 diximus
3109 4695 3266 4767 (Cap.
3301 4696 3378 4764 4).
3432 4695 3534 4750 Per
3559 4709 3621 4748 os
3648 4699 3812 4746 autem

2230 4798 2441 4854 sponsae
2466 4784 2555 4839 hic
2584 4782 2789 4839 debere
2815 4782 3045 4856 intelligi
3092 4783 3210 4852 ejus
3255 4782 3695 4854 praedicationem
3715 4792 3814 4849 pu-

2232 4881 2427 4928 tamus.
2462 4871 2597 4941 Quaa
2623 4872 2752 4926 dum
2784 4873 3013 4927 virtutes
3052 4880 3340 4943 martyrum
3385 4871 3660 4944 pradicet,
3689 4868 3812 4922 dum

2234 4961 2304 5016 ad
2333 4977 2523 5017 eorum
2557 4960 2965 5016 similitudinem
2988 4960 3200 5016 animos
3225 4960 3561 5015 audientium
3589 4956 3814 5027 instigat,

2233 5050 2362 5105 dum
2394 5050 2447 5104 in
2480 5050 2637 5104 unius
2666 5050 3056 5121 prtedicatione
3085 5049 3210 5104 fidei
3242 5049 3441 5103 multas
3460 5048 3678 5103 virtutes
3705 5056 3815 5098 esse

2233 5140 2565 5204 manifestat,
2590 5139 2720 5210 quid
2751 5138 2896 5193 aliud
2924 5154 3084 5209 quam
3117 5137 3385 5192 malorum
3404 5137 3624 5192 odorem
3652 5135 3702 5188 in
3732 5144 3815 5186 ore

2231 5230 2455 5300 portat?
2485 5227 2623 5296 Quia
2654 5236 2707 5282 et
2737 5227 2986 5283 ruborem
3018 5226 3231 5282 corticis
3264 5226 3319 5280 in
3350 5225 3603 5298 martyrio
3639 5231 3812 5278 osten-

2233 5318 2307 5373 dit
2339 5316 2482 5389 quod
2512 5315 2791 5388 praedicat,
2814 5323 2865 5371 et
2892 5316 2947 5370 in
2967 5315 3258 5371 virtutibus
3278 5314 3674 5370 multitudinem
3701 5324 3811 5382 gra-

2231 5457 2558 5499 excusorum
2588 5440 2747 5496 lectio
2779 5456 2888 5496 non
2918 5439 3150 5496 multum
3179 5457 3210 5495 a
3239 5456 3399 5496 sensu
3428 5440 3744 5497 deﬂecteret.

2304 5514 2375 5583 (ο)
2406 5511 2523 5568 Val.
2556 5511 2659 5578 CL,
2691 5511 2982 5569 abundare
3010 5515 3345 5569 contemnit.
