4034 6166
342 195 447 249 537

1017 194 1241 253 SUPER
1276 193 1569 252 CANTICA
1606 188 2062 251 CANTICORUM
2102 191 2502 253 EXPOSITIO.
2544 228 2594 239 -
2634 199 2784 256 CAP.
2827 198 2969 257 VIII.

3540 206 3643 261 538

340 334 533 375 norum
564 320 669 376 sub
694 320 886 377 eadem
918 318 1025 376 ﬁde
1062 318 1220 390 quasi
1251 318 1353 373 sub
1380 318 1575 374 eodem
1607 316 1807 374 cortice
1838 318 1940 373 de-
1967 317 2025 375 A
2054 325 2188 373 teste
2221 320 2477 390 Veritate,
2510 329 2590 379 est
2610 323 2697 379 hic
2722 327 2954 381 mundus
2969 327 3186 395 (Matth.
3210 327 3348 399 xm).
3369 330 3429 384 In
3452 345 3642 402 agrum

340 418 619 465 monstrat.
654 410 735 465 De
766 425 874 482 quo
899 418 953 465 et
982 409 1264 471 subditur;

412 497 589 567 (Vers.
624 500 702 569 9.)
739 499 953 555 Guttur
978 502 1143 554 tuum
1191 498 1353 569 quasi
1406 499 1602 553 vinum
1642 498 1938 570 optimum,

344 587 581 659 dignum
594 587 803 647 dilecto
819 604 939 644 meo
955 588 1026 644 ad
1040 587 1373 659 potandum,
1396 588 1665 660 labiisque
1682 592 1738 644 et
1760 587 1941 644 denti-

343 677 439 732 bus
461 678 625 732 illius
650 678 723 733 ad
744 678 1175 733 ruminandum.

412 768 498 820 14.
536 766 598 819 In
630 773 846 837 gutture
877 766 1079 837 quippe
1108 781 1211 821 vox
1234 772 1334 821 est.
1354 767 1455 821 Per
1473 770 1655 836 guttur
1674 781 1805 838 ergo
1826 766 1943 837 ipsa

336 853 658 925 praedicatio
698 855 891 909 iterum
945 854 1262 926 designatur
1304 870 1317 909 :
1368 871 1495 925 quae
1551 856 1705 926 quasi
1759 855 1941 910 vinum

337 942 609 1011 Optimum
633 959 755 998 esse
777 944 1003 1011 dicitur,
1020 944 1146 1013 quia
1164 951 1373 1036 mentes
1396 943 1939 1012 hominuminebriat,

340 1036 395 1083 ut
421 1031 844 1101 prmteritorum,
892 1031 1030 1087 sicut
1058 1031 1262 1088 dictum
1287 1031 1389 1100 est,
1422 1032 1829 1098 obliviscantur,
1888 1040 1943 1087 et

329 1116 383 1172 in
413 1119 695 1175 anteriora
761 1128 1042 1176 currentes
1060 1137 1171 1176 non
1202 1120 1484 1176 lassentur.
1510 1122 1589 1176 De
1611 1137 1718 1193 quo
1741 1137 1941 1191 sponsa

329 1207 564 1262 verbum
596 1208 666 1263 de
695 1223 788 1265 ore
819 1208 1019 1280 Sponsi
1042 1210 1359 1281 suscipiens,
1380 1210 1632 1280 adjungit
1655 1228 1666 1263 :
1693 1211 1939 1281 Dignum

333 1296 545 1353 dilecto
565 1314 686 1354 meo
702 1298 774 1355 ad
788 1299 1123 1370 potandum,
1142 1299 1415 1372 labiisque
1426 1304 1482 1355 et
1496 1299 1763 1355 dentibus
1781 1300 1938 1355 illius

329 1386 404 1440 ad
429 1388 1017 1443 ruminandum.Tale
1048 1396 1125 1444 est
1145 1403 1363 1458 sponsae
1392 1389 1601 1455 vinum,
1622 1396 1681 1443 ut
1710 1388 1938 1459 dignum

324 1475 389 1529 sit
421 1475 629 1531 dilecto
661 1476 728 1531 ad
761 1478 1056 1548 potandum
1091 1494 1106 1532 :
1135 1478 1259 1549 quia
1280 1478 1409 1533 dum
1459 1486 1645 1532 sancta
1690 1476 1938 1533 Ecclesia

323 1563 489 1620 ﬁdem
510 1581 701 1621 veram
731 1566 1013 1636 praedicat,
1038 1566 1167 1620 dum
1190 1567 1465 1623 auditores
1493 1582 1622 1621 suos
1650 1567 1721 1621 ad
1750 1574 1939 1622 sancta

2050 424 2179 463 vero
2209 425 2332 465 cum
2364 411 2574 480 Sponsa
2606 414 2846 483 Spansus
2865 415 3158 486 egreditur,
3179 415 3257 485 (ά)
3282 418 3498 489 quando
3516 419 3648 474 Ver-

2050 495 2183 551 bum
2214 497 2315 554 Dei
2345 514 2506 555 carne
2534 510 2805 572 suscepta,
2838 502 2893 556 in
2923 505 3156 560 thalamo
3179 505 3424 578 Virginis
3445 507 3644 563 mundo

2050 594 2396 643 monstratur.
2430 589 2489 643 In
2534 589 2679 644 villis
2733 601 3121 657 commoratur,
3172 595 3389 665 quando
3448 596 3648 651 Gentes

2050 690 2150 744 per
2178 674 2341 730 ﬁdem
2371 677 2576 746 visitat,
2611 695 2771 750 quam
2801 681 3189 751 recipientibus
3220 683 3462 754 largitur.
3488 685 3644 739 Mane

2052 763 2119 817 ad
2149 763 2334 819 vineas
2361 768 2548 837 surgit,
2584 767 2710 837 quia
2735 776 2855 839 post
2886 769 3333 825 resurrectionem
3382 789 3535 827 suam
3589 773 3644 827 in

2050 852 2225 922 gloria
2254 853 2430 909 Patris
2457 856 2675 925 sedens,
2709 856 2972 913 ecclesias
3003 875 3134 929 quas
3162 861 3444 927 construit,
3486 859 3644 915 etiam

2050 940 2317 997 defendit.
2358 943 2411 997 Si
2443 944 2625 999 ﬂoruit
2674 945 2835 1002 vinea
2890 946 3198 1017 conspicit;
3245 949 3375 1018 quia
3429 964 3647 1004 omnem

2048 1029 2354 1097 profectum
2386 1032 2643 1088 Ecclesiae
2672 1033 2915 1091 districto
2937 1036 3184 1091 examine
3213 1038 3525 1106 perpendit.
3561 1037 3648 1092 Vi-

2048 1118 2139 1173 det
2177 1119 2225 1174 si
2257 1119 2415 1175 ﬂores
2473 1121 2674 1177 fructus
2732 1124 3050 1193 parturiunt,
3111 1124 3235 1195 quia
3263 1125 3519 1196 perspicit
3576 1127 3645 1180 ad

2047 1223 2207 1277 quem
2235 1209 2540 1279 profectum
2572 1212 2736 1267 teneri
2767 1211 2966 1282 quique
2996 1220 3049 1267 et
3103 1213 3405 1284 imperfecti
3434 1228 3636 1270 excre-

2046 1305 2219 1351 scunt.
2263 1297 2423 1353 Videt
2453 1299 2615 1353 ctiam
2648 1299 2691 1353 si
2721 1300 3014 1355 ﬂoruerunt
3044 1300 3184 1356 mala
3214 1301 3413 1373 punica
3443 1321 3456 1367 ;
3517 1303 3644 1372 quia

2045 1384 2318 1455 perfectos
2349 1402 2589 1457 quosque
2620 1388 2857 1459 respicit,
2882 1397 2936 1443 et
2963 1388 3090 1460 quid
3119 1389 3438 1446 utilitatisin
3460 1390 3641 1461 proxi-

2046 1472 2147 1528 mis
2171 1474 2426 1544 habeant,
2460 1476 2613 1548 quasi
2641 1475 2700 1532 in
2728 1478 2950 1533 ﬂoribus
2975 1478 3203 1533 fructum
3231 1478 3530 1552 cognoscit,
3573 1480 3642 1535 de

2045 1563 2241 1632 quibus
2267 1564 2414 1620 bene
2444 1567 2690 1638 sequitur
2715 1584 2727 1620 :
2748 1568 2826 1624 lbi
2854 1567 2991 1625 dabo
3024 1568 3127 1623 tibi
3148 1567 3319 1624 ubera
3372 1584 3525 1624 mea.
3583 1569 3642 1622 In

325 1667 501 1721 opera
524 1653 751 1724 excitat,
774 1653 905 1709 dum
936 1654 1114 1710 solum
1137 1654 1406 1710 Christum
1444 1654 1692 1724 diligere,
1712 1654 1928 1721 imitari,
1961 1664 2013 1724 Β
2043 1651 2199 1706 malis
2227 1652 2439 1723 punicis
2465 1654 2557 1709 dat
2587 1656 2803 1726 Sponso
2835 1672 3041 1727 sponsa
3070 1657 3265 1719 ubera;
3294 1656 3413 1729 quia
3434 1657 3490 1711 in
3518 1674 3639 1728 per-

320 1739 604 1811 amplecti,
624 1742 825 1797 bonum
847 1757 986 1813 esse,
1011 1743 1193 1800 verbis
1211 1751 1264 1799 et
1278 1744 1536 1814 Operibus
1564 1744 1919 1811 demonstrat,

323 1828 453 1899 quid
475 1829 627 1884 aliud
649 1846 809 1901 quam
827 1832 1011 1887 vinum
1028 1848 1185 1887 suum
1211 1832 1439 1904 dignum
1470 1833 1619 1901 facit,
1641 1840 1700 1888 ut
1745 1832 1799 1886 in
1831 1847 1924 1887 ore

324 1917 535 1987 Sponsi
561 1920 785 1990 sapiat?
806 1919 964 1989 Quod
995 1921 1136 1976 bene
1164 1921 1405 1976 Christus
1433 1929 1625 1992 potare
1682 1921 1877 1977 dicitur
1909 1937 1920 1973 :

324 2008 451 2077 quia
480 2024 514 2063 a
543 2024 779 2079 corpore
806 2025 927 2079 suo,
947 2009 1001 2064 id
1022 2017 1104 2065 est
1132 2026 1162 2064 a
1190 2010 1405 2081 populis
1434 2009 1685 2066 ﬁdelibus
1712 2010 1925 2066 amabi-

324 2096 448 2151 liter
473 2105 714 2166 potatur.
749 2098 826 2153 De
857 2113 965 2170 quo
995 2098 1297 2154 notandum
1330 2107 1411 2153 est
1440 2099 1582 2169 quod
1604 2114 1793 2155 omnes
1821 2116 1925 2171 po-

321 2190 453 2253 tant,
486 2185 588 2241 sed
617 2185 770 2241 labia
812 2186 932 2242 sola
967 2194 1022 2242 et
1059 2187 1160 2243 soli
1202 2188 1393 2243 dentes
1429 2188 1703 2244 ruminant
1744 2206 1756 2242 :
1801 2189 1929 2259 quia

325 2273 457 2328 dum
474 2276 523 2341 4
540 2276 648 2342 53
672 2274 921 2330 Ecclesia
941 2292 1040 2346 per
1058 2283 1273 2332 sanctos
1290 2292 1418 2332 suos
1438 2276 1713 2347 praedicat,
1742 2293 1930 2333 omnes

326 2362 553 2433 quidem
585 2363 826 2432 audiunt,
882 2364 977 2419 sed
1024 2380 1132 2421 non
1180 2381 1370 2420 omnes
1420 2373 1614 2437 quanta
1652 2366 1719 2421 sit
1755 2368 1931 2421 virtus

325 2453 720 2508 sententiarum
751 2469 873 2524 qua:
903 2454 1172 2521 dicuntur,
1222 2454 1552 2510 discernunt.
1595 2455 1762 2511 Labia
1798 2471 1927 2512 vero

321 2548 374 2594 et
402 2540 604 2596 dentes
632 2541 907 2596 ruminant
933 2563 951 2609 ,-
982 2543 1105 2615 quia
1144 2543 1275 2597 dum
1322 2543 1675 2613 perfectiores
1730 2544 1929 2616 quique

318 2637 445 2699 post
506 2629 748 2685 auditum
788 2631 955 2685 verba
992 2630 1062 2686 ad
1101 2632 1422 2687 memoriam
1461 2640 1737 2701 revocant,
1796 2633 1928 2687 dum

325 2717 516 2773 audita
546 2734 780 2791 quaeque
808 2720 1193 2776 exercitatione
1224 2721 1440 2776 assidua
1467 2722 1726 2791 cogitant,
1773 2722 1929 2792 quasi

322 2808 391 2862 ad
425 2823 491 2862 os
520 2816 843 2864 revocantes
874 2809 1017 2879 quod
1042 2818 1406 2880 sumpserunt,
1440 2820 1637 2880 quanta
1667 2810 1737 2866 sit
1756 2812 1927 2866 virtus

323 2895 431 2951 cibi
464 2912 632 2967 quem
664 2897 976 2963 comedunt,
1009 2897 1269 2952 sentiunt.
1302 2898 1515 2953 Idcirco
1545 2899 1598 2952 in
1629 2900 1782 2971 Lege
1800 2900 1929 2955 scri-

2030 1736 2192 1798 fectis
2224 1738 2360 1793 vivit
2390 1740 2632 1795 charitas
2680 1740 2919 1812 gemina,
2959 1757 3032 1796 ex
3075 1759 3183 1813 qua
3238 1743 3367 1797 dum
3421 1741 3640 1796 infirma

2032 1826 2279 1881 membra
2299 1827 2353 1881 in
2370 1828 2614 1884 Ecclesia
2630 1830 2893 1896 nutriunt,
2916 1830 3070 1902 quasi
3108 1830 3377 1886 Christum
3410 1831 3632 1899 lactant,

2034 1931 2195 1985 quem
2225 1914 2282 1970 in
2311 1916 2553 1972 minimis
2580 1918 2691 1972 suis
2728 1934 2849 1973 esse
2879 1927 3203 1988 praesentem
3261 1925 3626 1991 cognoscunt.

2034 2003 2117 2058 De
2146 2003 2339 2073 quibus
2366 2005 2505 2061 bene
2535 2005 2785 2061 subditur
2819 2026 2831 2062 :

2110 2093 2284 2161 (Vers.
2306 2094 2418 2163 13.)
2437 2095 2820 2167 Mandragorw
2836 2096 3114 2153 dederunt
3143 2088 3365 2155 odorem
3386 2115 3555 2155 suum
3572 2099 3635 2155 in

2033 2183 2215 2253 portis
2234 2186 2445 2241 nostris
2457 2225 2470 2238 .
3392 2176 3399 2183 ’

2109 2272 2196 2326 17.
2226 2271 2367 2339 Quid
2396 2288 2494 2342 per
2522 2275 2961 2347 mandragoram,
2995 2274 3213 2330 herbam
3241 2275 3443 2330 scilicet
3471 2275 3641 2331 medi-

2037 2357 2270 2414 cinalem
2302 2369 2354 2414 et
2378 2360 2725 2430 odoriferam,
2750 2362 2851 2417 nisi
2882 2365 3057 2419 virtus
3088 2363 3453 2435 perfectorum
3485 2364 3637 2419 intel-

2035 2445 2225 2521 ligitur
2250 2449 2279 2503 τ
2308 2450 2411 2505 Per
2439 2465 2606 2522 quam
2636 2451 2858 2522 perfecti
2892 2453 3091 2524 quique
3122 2452 3250 2507 dum
3281 2453 3634 2523 imperfecto-

2037 2553 2160 2593 rum
2190 2537 2591 2594 infirmitatibus
2610 2540 2912 2609 medentur,
2932 2541 2986 2595 in
3008 2540 3115 2597 fide
3137 2557 3294 2614 quam
3317 2541 3635 2613 praedicant,

2036 2626 2091 2680 id
2123 2627 2282 2682 estin
2315 2628 2483 2698 portis
2510 2629 2769 2684 Ecclesia;
2794 2630 2909 2684 veri
2955 2631 3154 2685 medici
3209 2646 3325 2686 esse
3380 2646 3634 2701 compro-

2037 2715 2253 2771 bantur.
2283 2715 2388 2783 Qui
2420 2716 2551 2771 dum
2582 2719 2835 2787 exempla
2864 2717 3132 2772 bonorum
3164 2733 3386 2787 operum
3409 2719 3633 2773 circum-

2038 2818 2251 2873 quaque
2278 2820 2377 2874 per
2405 2814 2645 2859 sanctam
2676 2804 2873 2859 famam
2905 2805 3165 2875 tribuunt,
3200 2807 3351 2876 quasi
3403 2807 3630 2861 odorem

2037 2908 2143 2963 quo
2173 2895 2366 2965 aegroti
2399 2901 2674 2959 sanentur,
2708 2903 3036 2965 aspergunt.
3078 2894 3330 2965 Sequitur
3366 2910 3378 2947 :

321 2984 487 3051 bitur,
550 2985 683 3056 quia
720 2985 919 3039 animal
958 2986 1102 3056 quod
1140 3001 1251 3041 non
1290 2984 1547 3054 ruminat,
1588 2988 1926 3044 immundum
1958 3021 2007 3084 Ο
2109 2982 2290 3080 tvel's-
2324 2983 2671 3084 1?-)_'Qﬂlﬂia
2699 2998 2885 3055 Ροηια,
2910 3000 3056 3040 "Ova
3085 2990 3140 3039 et
3169 2987 3381 3047 υϐιϐνα.
3427 2984 3630 3041 dilecte

319 3072 556 3128 habetur
585 3075 789 3141 (Leuit.
821 3075 900 3145 χι)
934 3092 945 3128 :
981 3074 1106 3144 quia
1163 3075 1405 3147 quisquis
1443 3076 1586 3131 bona
1622 3094 1742 3147 quae
1780 3078 1930 3133 audit

323 3165 440 3217 sive
472 3162 630 3234 legit,
664 3177 772 3217 non
800 3164 1084 3235 recogitet,
1118 3180 1316 3220 vacans
1343 3181 1374 3219 a
1404 3165 1603 3221 sanctis
1637 3167 1929 3239 cogitatio-

322 3251 504 3317 nibus,
546 3253 862 3307 necessario
900 3252 979 3323 (a)
1036 3253 1347 3309 immundas
1396 3254 1624 3327 cogitat.
1672 3255 1932 3327 Sequitur

318 3354 526 3409 sponsa
555 3349 612 3395 et
640 3340 771 3395 dicit
801 3358 814 3394 :

386 3429 574 3485 (Vers.
607 3429 733 3499 10.)
762 3431 869 3501 Ego
899 3429 1105 3488 dilecto
1152 3446 1294 3500 meo,
1328 3435 1382 3488 et
1404 3432 1476 3488 ad
1504 3449 1594 3490 me
1640 3437 1927 3493 conversio

320 3520 465 3587 ejus.

392 3607 477 3661 15.
512 3608 594 3661 Ac
622 3606 669 3661 si
703 3606 929 3675 diceret,
962 3608 1222 3679 quoniam
1254 3607 1360 3664 ﬁde
1392 3624 1457 3665 ac
1485 3610 1774 3669 dilectione
1821 3614 1927 3668 soli

322 3696 533 3750 Christo
564 3695 841 3762 adheereo,
876 3697 1052 3751 solum
1080 3713 1299 3768 sequor,
1332 3699 1508 3754 solum
1540 3716 1662 3755 cum
1692 3703 1847 3757 Patre
1877 3709 1931 3757 et

322 3783 525 3853 Spiritu
557 3791 743 3841 sancto
772 3801 938 3840 unum
969 3787 1141 3841 Deum
1172 3785 1356 3843 videre
1369 3789 1716 3860 concupisco,
1736 3807 1927 3861 reSpe-

321 3872 517 3927 ctionis
557 3872 683 3941 ejus
747 3872 1084 3939 suavitatem,
1149 3872 1468 3930 visitationis
1514 3876 1926 3950 benignitatem,

319 3960 391 4028 (b)
406 3959 783 4016 conversionis
798 3961 1140 4017 dulcedinem
1159 3962 1460 4034 gaudenter
1470 3966 1739 4036 experior,
1757 3983 1928 4038 expe-

318 4050 461 4103 riens
489 4049 774 4119 proclamo
804 4065 816 4103 :

389 4139 575 4209 (Vers.
613 4141 703 4204 11,
736 4140 847 4208 12.)
895 4136 1052 4205 Veni,
1085 4140 1295 4197 dilecte
1323 4143 1427 4208 mi,
1474 4144 1837 4213 egrediamur
1865 4147 1928 4202 in

322 4244 547 4298 agrum,
561 4242 980 4284 commoremur
994 4231 1056 4284 in
1075 4231 1256 4294 villis;
1279 4247 1449 4288 mane
1462 4249 1765 4303 surgamus
1776 4235 1847 4290 ad
1860 4237 1928 4291 vi-

325 4316 779 4385 neas,videamus
790 4318 839 4373 si
853 4318 1049 4385 ﬂoruit
1063 4319 1303 4383 vinea,si
1315 4321 1480 4389 ﬂores
1490 4324 1923 4395 fructuspartu—

326 4406 511 4471 riunt,
525 4405 577 4461 si
592 4406 914 4474 ﬂoruerunt
928 4407 1092 4462 mala
1108 4409 1321 4480 punica
1342 4430 1359 4461 :
1381 4410 1457 4466 ibi
1475 4409 1614 4467 dabo
1638 4413 1738 4467 tibi
1749 4414 1922 4471 ubera

324 4510 465 4550 mea.

400 4582 648 4636 16.Dum
680 4597 880 4653 sponsa
899 4583 1093 4654 Sponsi
1114 4583 1459 4641 dulcedinem
1500 4596 1721 4657 experta
1750 4606 1808 4645 se
1836 4605 1927 4645 re-

329 4669 457 4739 ficit,
481 4671 551 4726 de
582 4671 837 4740 proximo
868 4671 1028 4727 etiam
1059 4674 1285 4744 cogitat,
1318 4690 1478 4744 quem
1520 4676 1688 4747 ipsius
1734 4678 1928 4749 Sponsi

329 4763 611 4829 precepto
641 4760 778 4814 sicut
807 4775 864 4814 se
892 4759 1070 4832 diligit
1098 4769 1186 4823 ;et
1215 4763 1345 4833 quia
1362 4762 1652 4837 Sponsi(c)
1664 4775 1931 4838 praecepta

326 4847 599 4919 intelligit,
635 4847 797 4902 etiam
820 4848 982 4903 utalii
1004 4849 1308 4922 intelligant
1347 4854 1921 4924 concupiscit,dicens:

334 4936 484 5003 l’eni,
510 4935 720 4992 dilecte
739 4936 837 5004 mi,
854 4937 1209 5008 egrediamur
1219 4941 1281 4995 in
1302 4957 1525 5012 agrum.
1544 4944 1689 5014 Ager
1704 4945 1923 5015 quippe,

393 5060 473 5135 (ᾳ)
488 5058 728 5135 _E;cusi,
747 5061 1073 5135 immundus
1093 5069 1420 5135 congregat.

393 5130 470 5197 (b)
488 5130 1164 5204 Iidem,conversationis.
1195 5130 1586 5204 OpfimeMss.,
1611 5140 1926 5196 conversio-

324 5203 439 5278 nis.-
448 5217 579 5278 cum
594 5202 713 5257 haec
724 5200 886 5256 verba
898 5219 958 5278 ex
967 5200 1311 5278 ponantur,“
1333 5209 1401 5260 ad
1421 5222 1496 5259 me
1508 5200 1775 5261 conversio
1788 5212 1922 5278 eius.

394 5275 467 5349 (_c_)
504 5273 565 5327 In
594 5280 809 5349 recent.
837 5274 1088 5345 vulgatis,
1111 5283 1393 5348 praecepta
1411 5278 1494 5332 vel
1509 5282 1761 5342 secreta;
1777 5273 1921 5349 quod

326 5341 381 5396 in
408 5344 535 5398 Mss.
561 5358 673 5399 non
702 5341 961 5414 legimus:

395 5414 1081 5505 weieamoesmium
1108 5419 1275 5505 esse
1305 5418 1379 5505 ιει.
1412 5417 1877 5505 tul-01.986“?!
1906 5438 1919 5474 =

325 5485 551 5562 quando
570 5486 799 5562 verbum
813 5488 910 5544 Dei
921 5490 1245 5562 susceptum
1256 5489 1318 5562 in
1332 5487 1588 5562 thalamo
1609 5485 1849 5562 Virginis
1859 5493 1923 5547 in

326 5556 542 5612 mundo
564 5561 942 5615 monstratur.
963 5561 1025 5615 In
1054 5556 1262 5616 Theod.
1287 5560 1482 5616 Rhem.
1524 5567 1579 5616 et
1630 5556 1921 5631 R6thom.,

2036 3072 2139 3136 mi,
2163 3074 2379 3127 servavi
2405 3073 2523 3127 tibi.

2113 3162 2197 3213 18.
2233 3160 2337 3216 Hic
2367 3177 2464 3231 per
2494 3176 2677 3231 poma,
2728 3177 2917 3216 sensus
2964 3162 3364 3232 Scripturarum
3423 3171 3633 3218 sancta-

2038 3264 2155 3302 rum
2183 3252 2349 3317 454
2384 3250 2786 3322 intelliguntur;
2817 3267 2938 3321 quze
2968 3251 3095 3306 dum
3122 3267 3189 3305 ex
3238 3251 3483 3305 Patribus
3510 3267 3633 3306 san-

2038 3338 2135 3392 ctis
2160 3340 2229 3393 ad
2261 3354 2359 3393 nos
2386 3356 2557 3409 usque
2585 3339 2924 3410 perveniunt,
2956 3348 3009 3394 et
3039 3339 3347 3405 creduntur,
3378 3341 3529 3411 quasi
3568 3358 3632 3395 ex

2037 3427 2328 3482 arboribus
2340 3444 2503 3497 poma
2516 3437 2833 3501 exsurgunt,
2851 3428 3045 3498 quibus
3066 3429 3262 3483 animae
3273 3428 3629 3484 delectantur.

2038 3516 2237 3571 Omnia
2265 3534 2397 3589 ergo
2424 3534 2609 3587 poma,
2642 3532 2786 3572 nova
2817 3516 2870 3571 et
2886 3525 3071 3573 vetera
3087 3517 3282 3573 dilecto
3298 3533 3395 3573 suo
3426 3518 3632 3589 Sponsa

2035 3610 2246 3667 servat;
2284 3607 2406 3678 quia
2435 3606 2510 3661 sic
2539 3607 2754 3661 Novum
2782 3606 3183 3661 Testamentum
3242 3606 3487 3663 Ecclesia
3542 3623 3630 3663 ca-

2037 3694 2233 3749 tholica
2254 3695 2465 3765 recipit,
2498 3702 2556 3749 ut
2584 3696 2749 3749 Vetus
2777 3710 2885 3750 non
2906 3690 3129 3766 abjiciat
3153 3714 3164 3749 :
3184 3695 3260 3750 sic
3280 3697 3448 3751 Vetus
3474 3712 3635 3750 vene-

2035 3791 2203 3851 ratur,
2226 3792 2285 3837 ut
2302 3785 2515 3840 Novum
2536 3799 2754 3853 semper
2771 3784 2824 3837 in
2860 3784 2992 3854 ipsis
3020 3783 3302 3839 sacriﬁciis
3329 3783 3637 3839 carnalibus

2037 3888 2135 3942 per
2163 3871 2410 3941 spiritum
2441 3870 2714 3944 intelligat
2738 3890 2752 3936 ;
2783 3871 2837 3926 in
2854 3872 3009 3926 Novo
3031 3872 3239 3928 scilicet
3260 3872 3527 3926 Christum
3545 3887 3637 3927 ve-

2036 3960 2178 4015 nisse
2197 3960 2570 4030 congaudens,
2593 3959 2647 4013 in
2674 3960 2850 4016 Veteri
2894 3967 3075 4014 autem
3107 3976 3325 4029 semper
3351 3966 3634 4017 venturum

2037 4057 2375 4119 exspectans,
2408 4057 2462 4104 et
2490 4048 2678 4103 dicens
2703 4066 2714 4101 :

2082 4145 2087 4148 ’
2640 4137 2860 4193 CAPUT
2890 4138 3031 4192 VIII.

2110 4229 2265 4299 (Cap.
2301 4243 2415 4283 vm.
2449 4257 2519 4267 —
2548 4227 2702 4281 Vers.
2730 4227 2817 4296 1.)
2855 4228 2986 4296 Quis
3015 4227 3160 4283 mihi
3177 4226 3269 4283 det
3296 4229 3350 4282 te
3387 4229 3633 4296 fratrem

2034 4334 2221 4375 meum
2238 4333 2411 4391 sugen
2420 4322 2531 4373 tem
2545 4316 2718 4372 ubera
2730 4318 2934 4372 matris
2950 4320 3176 4382 mets,ut
3187 4316 3535 4372 inveniamte
3548 4333 3631 4373 so-

2038 4409 2156 4463 lum
2169 4408 2332 4477 foris,
2351 4410 2407 4462 et
2421 4406 2731 4473 deosculer,
2746 4405 2819 4475 (ε)
2838 4409 2894 4461 et
2908 4408 3029 4473 iam
3041 4420 3129 4460 me
3144 4420 3308 4461 nemo
3320 4404 3633 4476 despiciat?

2108 4496 2159 4550 1.
2196 4494 2256 4549 In
2286 4496 2455 4550 veteri
2488 4496 2632 4566 Lege
2661 4493 2836 4565 posita
2864 4493 3139 4549 Christum
3167 4494 3238 4564 (Γ)
3261 4494 3631 4565 exspectabat,

2036 4591 2090 4641 et
2120 4586 2174 4638 in
2205 4588 2415 4640 secreto
2447 4583 2616 4639 Patris
2646 4591 2973 4647 manentem,
3006 4583 3155 4638 foras
3177 4583 3363 4639 venire
3392 4599 3492 4653 per
3518 4599 3636 4639 car-

2040 4689 2161 4729 nem
2192 4673 2259 4727 ad
2289 4673 2555 4728 humanos
2585 4672 2775 4727 oculos
2824 4688 2931 4727 non
2988 4671 3333 4726 mediocriter
3359 4671 3632 4740 cupiebat.

2040 4762 2196 4820 Unde
2225 4769 2277 4818 et
2306 4761 2478 4818 David
2507 4760 2825 4817 desiderans
2855 4759 3071 4815 dicebat
3090 4777 3103 4814 :
3122 4762 3368 4832 Exurge,
3390 4765 3447 4815 et
3466 4776 3537 4816 ne
3552 4777 3638 4816 re—

2037 4850 2217 4924 pellas
2234 4854 2295 4908 in
2311 4851 2484 4919 ﬁnem
2513 4852 2689 4918 (Psal.
2715 4865 2873 4918 mn,
2906 4850 3017 4919 23).
3054 4848 3120 4903 Et
3175 4848 3301 4903 alibi
3338 4865 3349 4900 :
3410 4848 3634 4903 lnclina

2036 4942 2199 4998 celos
2219 4945 2344 4997 tuos
2375 4945 2431 4996 et
2459 4940 2731 4997 descende
2774 4940 2949 5007 (Psal.
2999 4953 3182 5005 cum,
3215 4939 3290 5005 5).
3350 4935 3418 4989 Et
3461 4936 3633 4990 Isaias

2032 5063 2255 5138 quando
2291 5063 2445 5120 Verb.
2473 5063 2915 5134 Deisuscepta...
2937 5075 3109 5116 carne
3140 5061 3203 5115 in
3224 5058 3434 5114 mundo
3464 5074 3627 5114 mon-

2031 5140 2284 5275 "igni?
2300 5205 2419 5261 Val.
2453 5206 2557 5271 Cl.,
2589 5202 2800 5258 Theod.
2833 5218 2896 5258 ac
2916 5200 3328 5266 Rhem.,etiam
3368 5215 3499 5254 cum
3542 5217 3631 5256 me

2032 5294 2196 5335 nemo
2216 5277 2514 5347 despiciat.

2103 5352 2176 5421 (Γ)
2199 5351 2256 5404 In
2272 5341 2572 5421 recent.Ed
2584 5387 2595 5399 .
2606 5387 2619 5413 ,
2640 5341 3248 5421 Christumeroptabat
3260 5345 3316 5421 et
3337 5346 3633 5421 exspecta-

2032 5414 2219 5477 bat'ﬁln
2250 5427 2350 5475 vet.
2373 5418 2541 5473 Paris.
2562 5424 2787 5475 tantum.
2808 5416 3101 5470 Christum
3132 5414 3459 5485 exaptabat,
3481 5420 3539 5470 et
3570 5415 3629 5469 in

2031 5491 2321 5562 Superﬂuit
2341 5498 2545 5562 tamen,
2558 5486 2884 5562 exoptabat,
2915 5484 3231 5562 cum__paulo
3244 5484 3376 5554 post
3396 5486 3627 5559 legatur.

2028 5556 2307 5634 cupiebat.
2336 5557 2587 5630 Alioquin
2616 5556 2779 5614 abest
2805 5558 2874 5613 ab
2903 5556 3156 5616 omnibus
3184 5573 3316 5613 mss.
