  <div class='ocr_page' id='page_1' title='image "/cluster/home/n/w/nwhite01/storage/ocr_20150623/79/hvd.32044054758834/275.png"; bbox 0 0 4034 6166; ppageno 0'>
   <div class='ocr_carea' id='block_1_1' title="bbox 411 270 518 326">
    <p class='ocr_par' dir='ltr' id='par_1_1' title="bbox 411 270 518 326">
     <span class='ocr_line' id='line_1_1' title="bbox 411 270 518 326; baseline 0 -2"><span class='ocrx_word' id='word_1_1' title='bbox 411 270 518 326; x_wconf 78' lang='lat'><strong>539</strong></span> 
     </span>
    </p>
   </div>
   <div class='ocr_carea' id='block_1_2' title="bbox 1618 252 3684 346">
    <p class='ocr_par' dir='ltr' id='par_1_2' title="bbox 1618 252 3684 346">
     <span class='ocr_line' id='line_1_2' title="bbox 1618 252 3684 346; baseline 0.005 -11"><span class='ocrx_word' id='word_1_2' title='bbox 1618 276 1865 335; x_wconf 79' lang='lat' dir='ltr'><strong>SANCTI</strong></span> <span class='ocrx_word' id='word_1_3' title='bbox 1901 256 2249 339; x_wconf 68' lang='lat' dir='ltr'><strong>causam:</strong></span> <span class='ocrx_word' id='word_1_4' title='bbox 2286 280 2514 341; x_wconf 79' lang='lat' dir='ltr'><strong>MAGNI</strong></span> <span class='ocrx_word' id='word_1_5' title='bbox 3406 252 3411 271; x_wconf 70' lang='grc'><strong>⁴</strong></span> <span class='ocrx_word' id='word_1_6' title='bbox 3590 291 3684 346; x_wconf 73' lang='lat' dir='ltr'><strong>sto</strong></span> 
     </span>
    </p>
   </div>
   <div class='ocr_carea' id='block_1_3' title="bbox 411 381 3687 483">
    <p class='ocr_par' dir='ltr' id='par_1_3' title="bbox 411 381 3687 483">
     <span class='ocr_line' id='line_1_3' title="bbox 411 381 3687 483; baseline 0.006 -33"><span class='ocrx_word' id='word_1_7' title='bbox 411 381 573 451; x_wconf 84' lang='lat' dir='ltr'><strong>valde</strong></span> <span class='ocrx_word' id='word_1_8' title='bbox 600 393 824 467; x_wconf 90' lang='lat' dir='ltr'><strong>cupiens</strong></span> <span class='ocrx_word' id='word_1_9' title='bbox 843 410 969 452; x_wconf 90' lang='lat' dir='ltr'><strong>eum</strong></span> <span class='ocrx_word' id='word_1_10' title='bbox 998 395 1201 468; x_wconf 84' lang='lat' dir='ltr'><strong>videre,</strong></span> <span class='ocrx_word' id='word_1_11' title='bbox 1226 397 1471 458; x_wconf 87' lang='lat' dir='ltr'><strong>dicebat:</strong></span> <span class='ocrx_word' id='word_1_12' title='bbox 1510 404 1739 463; x_wconf 82' lang='lat' dir='ltr'><strong>Utinam</strong></span> <span class='ocrx_word' id='word_1_13' title='bbox 1751 404 2003 461; x_wconf 86' lang='lat' dir='ltr'><strong>disrum-</strong></span> <span class='ocrx_word' id='word_1_14' title='bbox 2034 404 2091 468; x_wconf 84' lang='lat' dir='ltr'><strong>A</strong></span> <span class='ocrx_word' id='word_1_15' title='bbox 2113 405 2280 474; x_wconf 90' lang='lat' dir='ltr'><strong>videt,</strong></span> <span class='ocrx_word' id='word_1_16' title='bbox 2311 406 2460 464; x_wconf 90' lang='lat' dir='ltr'><strong>omni</strong></span> <span class='ocrx_word' id='word_1_17' title='bbox 2478 417 2675 466; x_wconf 88' lang='lat' dir='ltr'><strong>conatu</strong></span> <span class='ocrx_word' id='word_1_18' title='bbox 2730 412 2792 466; x_wconf 82' lang='lat' dir='ltr'><strong>et.</strong></span> <span class='ocrx_word' id='word_1_19' title='bbox 2845 395 3119 466; x_wconf 79' lang='lat' dir='ltr'><strong>universis</strong></span> <span class='ocrx_word' id='word_1_20' title='bbox 3151 396 3270 465; x_wconf 86' lang='lat' dir='ltr'><strong>suis</strong></span> <span class='ocrx_word' id='word_1_21' title='bbox 3297 395 3687 483; x_wconf 80' lang='lat' dir='ltr'><strong>cogitationibus</strong></span> 
     </span>
    </p>
   </div>
   <div class='ocr_carea' id='block_1_4' title="bbox 415 484 2014 567">
    <p class='ocr_par' dir='ltr' id='par_1_4' title="bbox 415 484 2014 567">
     <span class='ocr_line' id='line_1_4' title="bbox 415 484 2014 567; baseline 0.008 -29"><span class='ocrx_word' id='word_1_22' title='bbox 415 498 575 556; x_wconf 86' lang='lat' dir='ltr'><strong>peres</strong></span> <span class='ocrx_word' id='word_1_23' title='bbox 604 484 791 554; x_wconf 76' lang='lat' dir='ltr'><strong>ecetos,</strong></span> <span class='ocrx_word' id='word_1_24' title='bbox 818 489 877 543; x_wconf 82' lang='lat' dir='ltr'><strong>et</strong></span> <span class='ocrx_word' id='word_1_25' title='bbox 905 485 1277 545; x_wconf 71' lang='lat' dir='ltr'><strong>descenderes</strong></span> <span class='ocrx_word' id='word_1_26' title='bbox 1298 489 1434 562; x_wconf 88' lang='lat' dir='ltr'><strong>(Isa.</strong></span> <span class='ocrx_word' id='word_1_27' title='bbox 1458 506 1610 559; x_wconf 79' lang='lat' dir='ltr'><strong>LXIV,</strong></span> <span class='ocrx_word' id='word_1_28' title='bbox 1640 494 1713 563; x_wconf 83' lang='lat' dir='ltr'><strong>t).</strong></span> <span class='ocrx_word' id='word_1_29' title='bbox 1738 493 2014 567; x_wconf 82' lang='lat' dir='ltr'><strong>Vult‘ergo</strong></span> 
     </span>
    </p>
   </div>
   <div class='ocr_carea' id='block_1_5' title="bbox 421 572 2016 655">
    <p class='ocr_par' dir='ltr' id='par_1_5' title="bbox 421 572 2016 655">
     <span class='ocr_line' id='line_1_5' title="bbox 421 572 2016 655; baseline 0.008 -28"><span class='ocrx_word' id='word_1_30' title='bbox 421 572 689 644; x_wconf 89' lang='lat' dir='ltr'><strong>Sponsum</strong></span> <span class='ocrx_word' id='word_1_31' title='bbox 721 574 853 629; x_wconf 84' lang='lat' dir='ltr'><strong>foris</strong></span> <span class='ocrx_word' id='word_1_32' title='bbox 886 575 1097 646; x_wconf 85' lang='lat' dir='ltr'><strong>Sponsa</strong></span> <span class='ocrx_word' id='word_1_33' title='bbox 1126 576 1386 648; x_wconf 89' lang='lat' dir='ltr'><strong>invenire,</strong></span> <span class='ocrx_word' id='word_1_34' title='bbox 1419 587 1471 636; x_wconf 93' lang='lat' dir='ltr'><strong>et</strong></span> <span class='ocrx_word' id='word_1_35' title='bbox 1501 582 1843 646; x_wconf 87' lang='lat' dir='ltr'><strong>deosculari;</strong></span> <span class='ocrx_word' id='word_1_36' title='bbox 1887 582 2016 655; x_wconf 91' lang='lat' dir='ltr'><strong>quia</strong></span> 
     </span>
    </p>
   </div>
   <div class='ocr_carea' id='block_1_6' title="bbox 419 662 2010 743">
    <p class='ocr_par' dir='ltr' id='par_1_6' title="bbox 419 662 2010 743">
     <span class='ocr_line' id='line_1_6' title="bbox 419 662 2010 743; baseline 0.008 -26"><span class='ocrx_word' id='word_1_37' title='bbox 419 662 755 732; x_wconf 82' lang='lat' dir='ltr'><strong>concupiscit</strong></span> <span class='ocrx_word' id='word_1_38' title='bbox 775 663 876 719; x_wconf 85' lang='lat' dir='ltr'><strong>sub</strong></span> <span class='ocrx_word' id='word_1_39' title='bbox 898 665 1041 738; x_wconf 86' lang='lat' dir='ltr'><strong>Lege</strong></span> <span class='ocrx_word' id='word_1_40' title='bbox 1064 666 1238 738; x_wconf 89' lang='lat' dir='ltr'><strong>posita</strong></span> <span class='ocrx_word' id='word_1_41' title='bbox 1256 675 1311 722; x_wconf 95' lang='lat' dir='ltr'><strong>ut</strong></span> <span class='ocrx_word' id='word_1_42' title='bbox 1334 685 1434 741; x_wconf 92' lang='lat' dir='ltr'><strong>per</strong></span> <span class='ocrx_word' id='word_1_43' title='bbox 1461 685 1682 726; x_wconf 89' lang='lat' dir='ltr'><strong>carnem</strong></span> <span class='ocrx_word' id='word_1_44' title='bbox 1711 680 1975 743; x_wconf 89' lang='lat' dir='ltr'><strong>appareat</strong></span> <span class='ocrx_word' id='word_1_45' title='bbox 1997 686 2010 732; x_wconf 86' lang='lat'><strong>;</strong></span> 
     </span>
    </p>
   </div>
   <div class='ocr_carea' id='block_1_7' title="bbox 417 749 2013 834">
    <p class='ocr_par' dir='ltr' id='par_1_7' title="bbox 417 749 2013 834">
     <span class='ocr_line' id='line_1_7' title="bbox 417 749 2013 834; baseline 0.009 -31"><span class='ocrx_word' id='word_1_46' title='bbox 417 757 472 803; x_wconf 94' lang='lat' dir='ltr'><strong>ut</strong></span> <span class='ocrx_word' id='word_1_47' title='bbox 503 749 551 806; x_wconf 92' lang='lat' dir='ltr'><strong>ei</strong></span> <span class='ocrx_word' id='word_1_48' title='bbox 581 767 680 822; x_wconf 91' lang='lat' dir='ltr'><strong>per</strong></span> <span class='ocrx_word' id='word_1_49' title='bbox 706 767 948 808; x_wconf 90' lang='lat' dir='ltr'><strong>amorem</strong></span> <span class='ocrx_word' id='word_1_50' title='bbox 976 756 1201 825; x_wconf 81' lang='lat' dir='ltr'><strong>serviat,</strong></span> <span class='ocrx_word' id='word_1_51' title='bbox 1223 757 1307 811; x_wconf 92' lang='lat' dir='ltr'><strong>cui</strong></span> <span class='ocrx_word' id='word_1_52' title='bbox 1326 757 1477 828; x_wconf 90' lang='lat' dir='ltr'><strong>prius</strong></span> <span class='ocrx_word' id='word_1_53' title='bbox 1496 774 1605 814; x_wconf 91' lang='lat' dir='ltr'><strong>non</strong></span> <span class='ocrx_word' id='word_1_54' title='bbox 1625 769 1845 831; x_wconf 85' lang='lat' dir='ltr'><strong>accepta</strong></span> <span class='ocrx_word' id='word_1_55' title='bbox 1879 778 2013 834; x_wconf 79' lang='lat' dir='ltr'><strong>gra-</strong></span> 
     </span>
    </p>
   </div>
   <div class='ocr_carea' id='block_1_8' title="bbox 419 836 2015 919">
    <p class='ocr_par' dir='ltr' id='par_1_8' title="bbox 419 836 2015 919">
     <span class='ocr_line' id='line_1_8' title="bbox 419 836 2015 919; baseline 0.009 -27"><span class='ocrx_word' id='word_1_56' title='bbox 419 836 510 903; x_wconf 82' lang='lat' dir='ltr'><strong>tia,</strong></span> <span class='ocrx_word' id='word_1_57' title='bbox 546 839 668 909; x_wconf 91' lang='lat' dir='ltr'><strong>plus</strong></span> <span class='ocrx_word' id='word_1_58' title='bbox 696 841 889 897; x_wconf 91' lang='lat' dir='ltr'><strong>timore</strong></span> <span class='ocrx_word' id='word_1_59' title='bbox 919 858 1082 912; x_wconf 85' lang='lat' dir='ltr'><strong>quam</strong></span> <span class='ocrx_word' id='word_1_60' title='bbox 1113 861 1298 901; x_wconf 88' lang='lat' dir='ltr'><strong>amore</strong></span> <span class='ocrx_word' id='word_1_61' title='bbox 1354 846 1650 902; x_wconf 78' lang='lat' dir='ltr'><strong>serviebat.</strong></span> <span class='ocrx_word' id='word_1_62' title='bbox 1691 849 1820 904; x_wconf 90' lang='lat' dir='ltr'><strong>Post</strong></span> <span class='ocrx_word' id='word_1_63' title='bbox 1864 851 2015 919; x_wconf 89' lang='lat' dir='ltr'><strong>cujus</strong></span> 
     </span>
    </p>
   </div>
   <div class='ocr_carea' id='block_1_9' title="bbox 418 927 2015 1011">
    <p class='ocr_par' dir='ltr' id='par_1_9' title="bbox 418 927 2015 1011">
     <span class='ocr_line' id='line_1_9' title="bbox 418 927 2015 1011; baseline 0.008 -29"><span class='ocrx_word' id='word_1_64' title='bbox 418 927 660 982; x_wconf 87' lang='lat' dir='ltr'>osculum</span> <span class='ocrx_word' id='word_1_65' title='bbox 694 927 809 997; x_wconf 91' lang='lat' dir='ltr'><strong>jam</strong></span> <span class='ocrx_word' id='word_1_66' title='bbox 848 945 881 985; x_wconf 91' lang='lat' dir='ltr'><strong>a</strong></span> <span class='ocrx_word' id='word_1_67' title='bbox 918 932 1134 988; x_wconf 87' lang='lat' dir='ltr'><strong>nemine</strong></span> <span class='ocrx_word' id='word_1_68' title='bbox 1175 933 1511 1005; x_wconf 81' lang='lat' dir='ltr'><strong>despicitur;</strong></span> <span class='ocrx_word' id='word_1_69' title='bbox 1558 938 1689 1008; x_wconf 84' lang='lat' dir='ltr'><strong>quia</strong></span> <span class='ocrx_word' id='word_1_70' title='bbox 1726 945 2015 1011; x_wconf 83' lang='lat' dir='ltr'><strong>postquam</strong></span> 
     </span>
    </p>
   </div>
   <div class='ocr_carea' id='block_1_10' title="bbox 420 1015 2016 1096">
    <p class='ocr_par' dir='ltr' id='par_1_10' title="bbox 420 1015 2016 1096">
     <span class='ocr_line' id='line_1_10' title="bbox 420 1015 2016 1096; baseline 0.01 -27"><span class='ocrx_word' id='word_1_71' title='bbox 420 1015 664 1071; x_wconf 86' lang='lat' dir='ltr'><strong>Christus</strong></span> <span class='ocrx_word' id='word_1_72' title='bbox 695 1017 863 1083; x_wconf 87' lang='lat' dir='ltr'><strong>venit,</strong></span> <span class='ocrx_word' id='word_1_73' title='bbox 924 1026 975 1075; x_wconf 85' lang='lat' dir='ltr'><strong>et</strong></span> <span class='ocrx_word' id='word_1_74' title='bbox 1030 1019 1283 1076; x_wconf 91' lang='lat' dir='ltr'><strong>ﬁdelibus</strong></span> <span class='ocrx_word' id='word_1_75' title='bbox 1320 1024 1433 1078; x_wconf 89' lang='lat' dir='ltr'><strong>suis</strong></span> <span class='ocrx_word' id='word_1_76' title='bbox 1467 1024 1717 1096; x_wconf 85' lang='lat' dir='ltr'><strong>spiritum</strong></span> <span class='ocrx_word' id='word_1_77' title='bbox 1754 1027 2016 1085; x_wconf 82' lang='lat' dir='ltr'><strong>libertatis</strong></span> 
     </span>
    </p>
   </div>
   <div class='ocr_carea' id='block_1_11' title="bbox 420 1104 2013 1185">
    <p class='ocr_par' dir='ltr' id='par_1_11' title="bbox 420 1104 2013 1185">
     <span class='ocr_line' id='line_1_11' title="bbox 420 1104 2013 1185; baseline 0.011 -28"><span class='ocrx_word' id='word_1_78' title='bbox 420 1104 636 1172; x_wconf 84' lang='lat' dir='ltr'><strong>infudit,</strong></span> <span class='ocrx_word' id='word_1_79' title='bbox 675 1106 744 1159; x_wconf 88' lang='lat' dir='ltr'><strong>ab</strong></span> <span class='ocrx_word' id='word_1_80' title='bbox 792 1106 927 1178; x_wconf 88' lang='lat' dir='ltr'><strong>ipsis</strong></span> <span class='ocrx_word' id='word_1_81' title='bbox 975 1108 1138 1164; x_wconf 91' lang='lat' dir='ltr'><strong>etiam</strong></span> <span class='ocrx_word' id='word_1_82' title='bbox 1188 1111 1399 1185; x_wconf 83' lang='lat' dir='ltr'><strong>angelis</strong></span> <span class='ocrx_word' id='word_1_83' title='bbox 1433 1114 1682 1170; x_wconf 78' lang='lat' dir='ltr'><strong>Ecclesia</strong></span> <span class='ocrx_word' id='word_1_84' title='bbox 1702 1116 2013 1173; x_wconf 87' lang='lat' dir='ltr'><strong>honoratur.</strong></span> 
     </span>
    </p>
   </div>
   <div class='ocr_carea' id='block_1_12' title="bbox 419 1194 2010 1279">
    <p class='ocr_par' dir='ltr' id='par_1_12' title="bbox 419 1194 2010 1279">
     <span class='ocr_line' id='line_1_12' title="bbox 419 1194 2010 1279; baseline 0.015 -32"><span class='ocrx_word' id='word_1_85' title='bbox 419 1194 557 1249; x_wconf 86' lang='lat' dir='ltr'><strong>Hinc</strong></span> <span class='ocrx_word' id='word_1_86' title='bbox 586 1201 637 1250; x_wconf 90' lang='lat' dir='ltr'><strong>et</strong></span> <span class='ocrx_word' id='word_1_87' title='bbox 667 1196 811 1265; x_wconf 91' lang='lat' dir='ltr'><strong>quod</strong></span> <span class='ocrx_word' id='word_1_88' title='bbox 856 1198 1027 1254; x_wconf 76' lang='lat' dir='ltr'><strong>Iosue</strong></span> <span class='ocrx_word' id='word_1_89' title='bbox 1084 1201 1341 1272; x_wconf 83' lang='lat' dir='ltr'><strong>angelum</strong></span> <span class='ocrx_word' id='word_1_90' title='bbox 1392 1202 1641 1259; x_wconf 78' lang='lat' dir='ltr'><strong>adoravit</strong></span> <span class='ocrx_word' id='word_1_91' title='bbox 1693 1207 1881 1272; x_wconf 79' lang='lat' dir='ltr'><strong>(Iosue</strong></span> <span class='ocrx_word' id='word_1_92' title='bbox 1909 1209 1964 1279; x_wconf 94' lang='lat' dir='ltr'><strong>v)</strong></span> <span class='ocrx_word' id='word_1_93' title='bbox 1997 1226 2010 1271; x_wconf 85' lang='lat'>;</span> 
     </span>
    </p>
   </div>
   <div class='ocr_carea' id='block_1_13' title="bbox 422 1282 2014 1367">
    <p class='ocr_par' dir='ltr' id='par_1_13' title="bbox 422 1282 2014 1367">
     <span class='ocr_line' id='line_1_13' title="bbox 422 1282 2014 1367; baseline 0.011 -30"><span class='ocrx_word' id='word_1_94' title='bbox 422 1282 617 1338; x_wconf 87' lang='lat' dir='ltr'><strong>Joanni</strong></span> <span class='ocrx_word' id='word_1_95' title='bbox 646 1301 774 1341; x_wconf 91' lang='lat' dir='ltr'><strong>vero</strong></span> <span class='ocrx_word' id='word_1_96' title='bbox 805 1286 1002 1342; x_wconf 91' lang='lat' dir='ltr'><strong>volenti</strong></span> <span class='ocrx_word' id='word_1_97' title='bbox 1034 1304 1093 1344; x_wconf 89' lang='lat' dir='ltr'><strong>se</strong></span> <span class='ocrx_word' id='word_1_98' title='bbox 1110 1289 1342 1346; x_wconf 85' lang='lat' dir='ltr'><strong>adorare</strong></span> <span class='ocrx_word' id='word_1_99' title='bbox 1361 1290 1527 1347; x_wconf 82' lang='lat' dir='ltr'><strong>dixit:</strong></span> <span class='ocrx_word' id='word_1_100' title='bbox 1557 1294 1681 1351; x_wconf 82' lang='lat' dir='ltr'><strong>Vide</strong></span> <span class='ocrx_word' id='word_1_101' title='bbox 1700 1312 1772 1351; x_wconf 85' lang='lat' dir='ltr'><strong>ne</strong></span> <span class='ocrx_word' id='word_1_102' title='bbox 1786 1296 2014 1367; x_wconf 77' lang='lat' dir='ltr'><strong>feceris,</strong></span> 
     </span>
    </p>
   </div>
   <div class='ocr_carea' id='block_1_14' title="bbox 421 1377 2016 1452">
    <p class='ocr_par' dir='ltr' id='par_1_14' title="bbox 421 1377 2016 1452">
     <span class='ocr_line' id='line_1_14' title="bbox 421 1377 2016 1452; baseline 0.01 -25"><span class='ocrx_word' id='word_1_103' title='bbox 421 1387 725 1430; x_wconf 82' lang='lat' dir='ltr'><strong>conservus</strong></span> <span class='ocrx_word' id='word_1_104' title='bbox 737 1377 891 1432; x_wconf 84' lang='lat' dir='ltr'><strong>enim</strong></span> <span class='ocrx_word' id='word_1_105' title='bbox 915 1379 1048 1433; x_wconf 89' lang='lat' dir='ltr'><strong>tuus</strong></span> <span class='ocrx_word' id='word_1_106' title='bbox 1064 1394 1208 1446; x_wconf 85' lang='lat' dir='ltr'><strong>sum,</strong></span> <span class='ocrx_word' id='word_1_107' title='bbox 1228 1383 1286 1435; x_wconf 91' lang='lat' dir='ltr'><strong>et</strong></span> <span class='ocrx_word' id='word_1_108' title='bbox 1310 1379 1388 1451; x_wconf 92' lang='lat' dir='ltr'><strong>(a)</strong></span> <span class='ocrx_word' id='word_1_109' title='bbox 1399 1383 1650 1452; x_wconf 81' lang='lat' dir='ltr'><strong>fratrum</strong></span> <span class='ocrx_word' id='word_1_110' title='bbox 1669 1388 1898 1443; x_wconf 84' lang='lat' dir='ltr'><strong>tuorum</strong></span> <span class='ocrx_word' id='word_1_111' title='bbox 1911 1386 2016 1442; x_wconf 89' lang='lat' dir='ltr'><strong>ha-</strong></span> 
     </span>
    </p>
   </div>
   <div class='ocr_carea' id='block_1_15' title="bbox 423 1461 2018 1547">
    <p class='ocr_par' dir='ltr' id='par_1_15' title="bbox 423 1461 2018 1547">
     <span class='ocr_line' id='line_1_15' title="bbox 423 1461 2018 1547; baseline 0.009 -32"><span class='ocrx_word' id='word_1_112' title='bbox 423 1461 683 1519; x_wconf 83' lang='lat' dir='ltr'><strong>bentium</strong></span> <span class='ocrx_word' id='word_1_113' title='bbox 697 1466 1089 1522; x_wconf 82' lang='lat' dir='ltr'><strong>testimonium</strong></span> <span class='ocrx_word' id='word_1_114' title='bbox 1100 1468 1650 1543; x_wconf 78' lang='lat' dir='ltr'><strong>Jesu(.4poc.xxu,9).</strong></span> <span class='ocrx_word' id='word_1_115' title='bbox 1667 1474 1775 1530; x_wconf 88' lang='lat' dir='ltr'><strong>Sed</strong></span> <span class='ocrx_word' id='word_1_116' title='bbox 1787 1474 1914 1547; x_wconf 88' lang='lat' dir='ltr'><strong>quia</strong></span> <span class='ocrx_word' id='word_1_117' title='bbox 1929 1492 2018 1532; x_wconf 92' lang='lat' dir='ltr'><strong>ve-</strong></span> 
     </span>
    </p>
   </div>
   <div class='ocr_carea' id='block_1_16' title="bbox 423 1552 2018 1636">
    <p class='ocr_par' dir='ltr' id='par_1_16' title="bbox 423 1552 2018 1636">
     <span class='ocr_line' id='line_1_16' title="bbox 423 1552 2018 1636; baseline 0.009 -31"><span class='ocrx_word' id='word_1_118' title='bbox 423 1552 659 1607; x_wconf 90' lang='lat' dir='ltr'><strong>nientem</strong></span> <span class='ocrx_word' id='word_1_119' title='bbox 691 1554 936 1610; x_wconf 87' lang='lat' dir='ltr'><strong>Ecclesia</strong></span> <span class='ocrx_word' id='word_1_120' title='bbox 983 1558 1236 1629; x_wconf 90' lang='lat' dir='ltr'><strong>suscepit,</strong></span> <span class='ocrx_word' id='word_1_121' title='bbox 1288 1559 1577 1632; x_wconf 78' lang='lat' dir='ltr'><strong>Synagoga</strong></span> <span class='ocrx_word' id='word_1_122' title='bbox 1618 1563 1838 1633; x_wconf 85' lang='lat' dir='ltr'><strong>repulit,</strong></span> <span class='ocrx_word' id='word_1_123' title='bbox 1896 1580 2018 1636; x_wconf 71' lang='lat' dir='ltr'><strong>quae</strong></span> 
     </span>
    </p>
   </div>
   <div class='ocr_carea' id='block_1_17' title="bbox 423 1638 2019 1720">
    <p class='ocr_par' dir='ltr' id='par_1_17' title="bbox 423 1638 2019 1720">
     <span class='ocr_line' id='line_1_17' title="bbox 423 1638 2019 1720; baseline 0.01 -27"><span class='ocrx_word' id='word_1_124' title='bbox 423 1638 617 1695; x_wconf 89' lang='lat' dir='ltr'><strong>iterum</strong></span> <span class='ocrx_word' id='word_1_125' title='bbox 648 1657 770 1696; x_wconf 90' lang='lat' dir='ltr'><strong>eum</strong></span> <span class='ocrx_word' id='word_1_126' title='bbox 800 1643 854 1697; x_wconf 90' lang='lat' dir='ltr'><strong>in</strong></span> <span class='ocrx_word' id='word_1_127' title='bbox 883 1642 989 1699; x_wconf 90' lang='lat' dir='ltr'><strong>ﬁne</strong></span> <span class='ocrx_word' id='word_1_128' title='bbox 1018 1646 1212 1702; x_wconf 91' lang='lat' dir='ltr'><strong>mundi</strong></span> <span class='ocrx_word' id='word_1_129' title='bbox 1238 1648 1499 1720; x_wconf 88' lang='lat' dir='ltr'><strong>suscipiet</strong></span> <span class='ocrx_word' id='word_1_130' title='bbox 1524 1658 1578 1706; x_wconf 90' lang='lat' dir='ltr'><strong>et</strong></span> <span class='ocrx_word' id='word_1_131' title='bbox 1621 1652 1847 1720; x_wconf 88' lang='lat' dir='ltr'><strong>amabit,</strong></span> <span class='ocrx_word' id='word_1_132' title='bbox 1897 1652 2019 1709; x_wconf 91' lang='lat' dir='ltr'><strong>ideo</strong></span> 
     </span>
    </p>
   </div>
   <div class='ocr_carea' id='block_1_18' title="bbox 422 1729 1342 1802">
    <p class='ocr_par' dir='ltr' id='par_1_18' title="bbox 422 1729 1342 1802">
     <span class='ocr_line' id='line_1_18' title="bbox 422 1729 1342 1802; baseline 0.01 -20"><span class='ocrx_word' id='word_1_133' title='bbox 422 1729 772 1802; x_wconf 87' lang='lat' dir='ltr'><strong>subsequitur</strong></span> <span class='ocrx_word' id='word_1_134' title='bbox 793 1732 1056 1801; x_wconf 88' lang='lat' dir='ltr'><strong>Ecclesia,</strong></span> <span class='ocrx_word' id='word_1_135' title='bbox 1091 1743 1143 1789; x_wconf 91' lang='lat' dir='ltr'><strong>et</strong></span> <span class='ocrx_word' id='word_1_136' title='bbox 1171 1734 1302 1793; x_wconf 90' lang='lat' dir='ltr'><strong>dicit</strong></span> <span class='ocrx_word' id='word_1_137' title='bbox 1330 1754 1342 1791; x_wconf 92' lang='lat'>:</span> 
     </span>
    </p>
   </div>
   <div class='ocr_carea' id='block_1_19' title="bbox 496 1819 2019 1895">
    <p class='ocr_par' dir='ltr' id='par_1_19' title="bbox 496 1819 2019 1895">
     <span class='ocr_line' id='line_1_19' title="bbox 496 1819 2019 1895; baseline 0.011 -23"><span class='ocrx_word' id='word_1_138' title='bbox 496 1819 672 1888; x_wconf 84' lang='lat' dir='ltr'><strong>(Vers.</strong></span> <span class='ocrx_word' id='word_1_139' title='bbox 706 1824 783 1890; x_wconf 80' lang='grc'>2.)</span> <span class='ocrx_word' id='word_1_140' title='bbox 805 1822 1232 1895; x_wconf 76' lang='lat' dir='ltr'><strong>Apprehendam</strong></span> <span class='ocrx_word' id='word_1_141' title='bbox 1262 1831 1412 1894; x_wconf 85' lang='lat' dir='ltr'><strong>te,et</strong></span> <span class='ocrx_word' id='word_1_142' title='bbox 1441 1828 1644 1885; x_wconf 82' lang='lat' dir='ltr'><strong>ducam</strong></span> <span class='ocrx_word' id='word_1_143' title='bbox 1675 1830 1742 1886; x_wconf 84' lang='lat' dir='ltr'><strong>in</strong></span> <span class='ocrx_word' id='word_1_144' title='bbox 1789 1832 2019 1889; x_wconf 87' lang='lat' dir='ltr'><strong>domum</strong></span> 
     </span>
    </p>
   </div>
   <div class='ocr_carea' id='block_1_20' title="bbox 422 1909 2023 1988">
    <p class='ocr_par' dir='ltr' id='par_1_20' title="bbox 422 1909 2023 1988">
     <span class='ocr_line' id='line_1_20' title="bbox 422 1909 2023 1988; baseline 0.009 -27"><span class='ocrx_word' id='word_1_145' title='bbox 422 1909 628 1964; x_wconf 88' lang='lat' dir='ltr'><strong>matris</strong></span> <span class='ocrx_word' id='word_1_146' title='bbox 645 1925 804 1977; x_wconf 75' lang='lat' dir='ltr'><strong>mete,</strong></span> <span class='ocrx_word' id='word_1_147' title='bbox 819 1913 956 1967; x_wconf 81' lang='lat' dir='ltr'><strong>etin</strong></span> <span class='ocrx_word' id='word_1_148' title='bbox 978 1913 1305 1971; x_wconf 79' lang='lat' dir='ltr'><strong>cubiculum</strong></span> <span class='ocrx_word' id='word_1_149' title='bbox 1324 1918 1622 1988; x_wconf 72' lang='lat' dir='ltr'><strong>genitricis</strong></span> <span class='ocrx_word' id='word_1_150' title='bbox 1634 1935 1792 1976; x_wconf 71' lang='lat' dir='ltr'><strong>meae.</strong></span> <span class='ocrx_word' id='word_1_151' title='bbox 1834 1921 1914 1976; x_wconf 91' lang='lat' dir='ltr'><strong>Ibi</strong></span> <span class='ocrx_word' id='word_1_152' title='bbox 1933 1936 2023 1977; x_wconf 89' lang='lat' dir='ltr'><strong>me</strong></span> 
     </span>
    </p>
   </div>
   <div class='ocr_carea' id='block_1_21' title="bbox 424 1996 2021 2077">
    <p class='ocr_par' dir='ltr' id='par_1_21' title="bbox 424 1996 2021 2077">
     <span class='ocr_line' id='line_1_21' title="bbox 424 1996 2021 2077; baseline 0.011 -26"><span class='ocrx_word' id='word_1_153' title='bbox 424 1996 660 2066; x_wconf 77' lang='lat' dir='ltr'><strong>docebis,</strong></span> <span class='ocrx_word' id='word_1_154' title='bbox 680 2002 736 2054; x_wconf 89' lang='lat' dir='ltr'><strong>et</strong></span> <span class='ocrx_word' id='word_1_155' title='bbox 748 1999 823 2055; x_wconf 86' lang='lat' dir='ltr'><strong>ibi</strong></span> <span class='ocrx_word' id='word_1_156' title='bbox 839 2000 978 2058; x_wconf 85' lang='lat' dir='ltr'><strong>dabo</strong></span> <span class='ocrx_word' id='word_1_157' title='bbox 988 2004 1252 2073; x_wconf 85' lang='lat' dir='ltr'><strong>poculum</strong></span> <span class='ocrx_word' id='word_1_158' title='bbox 1267 2020 1343 2061; x_wconf 78' lang='lat' dir='ltr'><strong>ex</strong></span> <span class='ocrx_word' id='word_1_159' title='bbox 1354 2007 1482 2063; x_wconf 81' lang='lat' dir='ltr'><strong>vino</strong></span> <span class='ocrx_word' id='word_1_160' title='bbox 1493 2008 1807 2077; x_wconf 87' lang='lat' dir='ltr'><strong>conditum,</strong></span> <span class='ocrx_word' id='word_1_161' title='bbox 1824 2014 1880 2066; x_wconf 89' lang='lat' dir='ltr'><strong>et</strong></span> <span class='ocrx_word' id='word_1_162' title='bbox 1896 2027 2021 2067; x_wconf 87' lang='lat' dir='ltr'><strong>mu-</strong></span> 
     </span>
    </p>
   </div>
   <div class='ocr_carea' id='block_1_22' title="bbox 424 2087 1587 2162">
    <p class='ocr_par' dir='ltr' id='par_1_22' title="bbox 424 2087 1587 2162">
     <span class='ocr_line' id='line_1_22' title="bbox 424 2087 1587 2162; baseline 0.008 -21"><span class='ocrx_word' id='word_1_163' title='bbox 424 2090 577 2142; x_wconf 89' lang='lat' dir='ltr'><strong>stum</strong></span> <span class='ocrx_word' id='word_1_164' title='bbox 607 2087 891 2146; x_wconf 88' lang='lat' dir='ltr'><strong>malorum</strong></span> <span class='ocrx_word' id='word_1_165' title='bbox 911 2096 1282 2162; x_wconf 81' lang='lat' dir='ltr'><strong>granatorum</strong></span> <span class='ocrx_word' id='word_1_166' title='bbox 1304 2110 1587 2152; x_wconf 85' lang='lat' dir='ltr'><strong>meorum.</strong></span> 
     </span>
    </p>
   </div>
   <div class='ocr_carea' id='block_1_23' title="bbox 500 2175 2021 2258">
    <p class='ocr_par' dir='ltr' id='par_1_23' title="bbox 500 2175 2021 2258">
     <span class='ocr_line' id='line_1_23' title="bbox 500 2175 2021 2258; baseline 0.01 -29"><span class='ocrx_word' id='word_1_167' title='bbox 500 2175 552 2229; x_wconf 76' lang='lat'><strong>2.</strong></span> <span class='ocrx_word' id='word_1_168' title='bbox 585 2178 998 2246; x_wconf 84' lang='lat' dir='ltr'><strong>Apprehensum</strong></span> <span class='ocrx_word' id='word_1_169' title='bbox 1056 2181 1109 2234; x_wconf 92' lang='lat' dir='ltr'><strong>in</strong></span> <span class='ocrx_word' id='word_1_170' title='bbox 1167 2182 1391 2238; x_wconf 91' lang='lat' dir='ltr'><strong>domum</strong></span> <span class='ocrx_word' id='word_1_171' title='bbox 1447 2186 1636 2241; x_wconf 89' lang='lat' dir='ltr'><strong>matris</strong></span> <span class='ocrx_word' id='word_1_172' title='bbox 1688 2203 1801 2244; x_wconf 67' lang='lat' dir='ltr'><strong>suae</strong></span> <span class='ocrx_word' id='word_1_173' title='bbox 1856 2189 2021 2258; x_wconf 90' lang='lat' dir='ltr'><strong>ducit,</strong></span> 
     </span>
    </p>
   </div>
   <div class='ocr_carea' id='block_1_24' title="bbox 430 2263 2023 2351">
    <p class='ocr_par' dir='ltr' id='par_1_24' title="bbox 430 2263 2023 2351">
     <span class='ocr_line' id='line_1_24' title="bbox 430 2263 2023 2351; baseline 0.009 -34"><span class='ocrx_word' id='word_1_174' title='bbox 430 2263 557 2333; x_wconf 89' lang='lat' dir='ltr'><strong>quia</strong></span> <span class='ocrx_word' id='word_1_175' title='bbox 588 2265 897 2339; x_wconf 67' lang='lat' dir='ltr'><strong>Synagogae</strong></span> <span class='ocrx_word' id='word_1_176' title='bbox 951 2268 1006 2323; x_wconf 89' lang='lat' dir='ltr'><strong>in</strong></span> <span class='ocrx_word' id='word_1_177' title='bbox 1050 2268 1158 2326; x_wconf 91' lang='lat' dir='ltr'><strong>ﬁne</strong></span> <span class='ocrx_word' id='word_1_178' title='bbox 1214 2272 1402 2327; x_wconf 89' lang='lat' dir='ltr'><strong>mundi</strong></span> <span class='ocrx_word' id='word_1_179' title='bbox 1459 2274 1750 2344; x_wconf 73' lang='lat' dir='ltr'><strong>Christum,</strong></span> <span class='ocrx_word' id='word_1_180' title='bbox 1778 2276 1835 2331; x_wconf 91' lang='lat' dir='ltr'><strong>in</strong></span> <span class='ocrx_word' id='word_1_181' title='bbox 1859 2294 2023 2351; x_wconf 91' lang='lat' dir='ltr'><strong>quem</strong></span> 
     </span>
    </p>
   </div>
   <div class='ocr_carea' id='block_1_25' title="bbox 423 2351 2024 2432">
    <p class='ocr_par' dir='ltr' id='par_1_25' title="bbox 423 2351 2024 2432">
     <span class='ocr_line' id='line_1_25' title="bbox 423 2351 2024 2432; baseline 0.009 -25"><span class='ocrx_word' id='word_1_182' title='bbox 423 2351 615 2422; x_wconf 88' lang='lat' dir='ltr'><strong>credit,</strong></span> <span class='ocrx_word' id='word_1_183' title='bbox 645 2356 976 2424; x_wconf 67' lang='lat' dir='ltr'><strong>praedicabit</strong></span> <span class='ocrx_word' id='word_1_184' title='bbox 1007 2376 1019 2418; x_wconf 93' lang='lat'><strong>;</strong></span> <span class='ocrx_word' id='word_1_185' title='bbox 1054 2357 1289 2429; x_wconf 90' lang='lat' dir='ltr'><strong>dumque</strong></span> <span class='ocrx_word' id='word_1_186' title='bbox 1316 2378 1413 2432; x_wconf 91' lang='lat' dir='ltr'><strong>per</strong></span> <span class='ocrx_word' id='word_1_187' title='bbox 1439 2363 1881 2432; x_wconf 66' lang='lat' dir='ltr'><strong>praedicationem</strong></span> <span class='ocrx_word' id='word_1_188' title='bbox 1910 2367 2024 2423; x_wconf 82' lang='lat' dir='ltr'><strong>Ec—</strong></span> 
     </span>
    </p>
   </div>
   <div class='ocr_carea' id='block_1_26' title="bbox 425 2441 2026 2526">
    <p class='ocr_par' dir='ltr' id='par_1_26' title="bbox 425 2441 2026 2526">
     <span class='ocr_line' id='line_1_26' title="bbox 425 2441 2026 2526; baseline 0.01 -32"><span class='ocrx_word' id='word_1_189' title='bbox 425 2441 605 2496; x_wconf 69' lang='lat' dir='ltr'><strong>clesiae</strong></span> <span class='ocrx_word' id='word_1_190' title='bbox 636 2453 918 2513; x_wconf 88' lang='lat' dir='ltr'><strong>susceptus</strong></span> <span class='ocrx_word' id='word_1_191' title='bbox 951 2445 1127 2515; x_wconf 85' lang='lat' dir='ltr'><strong>fuerit,</strong></span> <span class='ocrx_word' id='word_1_192' title='bbox 1160 2448 1234 2502; x_wconf 90' lang='lat' dir='ltr'><strong>ibi</strong></span> <span class='ocrx_word' id='word_1_193' title='bbox 1264 2448 1568 2506; x_wconf 75' lang='lat' dir='ltr'><strong>Ecclesium</strong></span> <span class='ocrx_word' id='word_1_194' title='bbox 1600 2452 1816 2508; x_wconf 84' lang='lat' dir='ltr'><strong>docebit</strong></span> <span class='ocrx_word' id='word_1_195' title='bbox 1850 2471 1864 2508; x_wconf 88' lang='lat'>:</span> <span class='ocrx_word' id='word_1_196' title='bbox 1899 2455 2026 2526; x_wconf 88' lang='lat' dir='ltr'><strong>quia</strong></span> 
     </span>
    </p>
   </div>
   <div class='ocr_carea' id='block_1_27' title="bbox 425 2530 2025 2613">
    <p class='ocr_par' dir='ltr' id='par_1_27' title="bbox 425 2530 2025 2613">
     <span class='ocr_line' id='line_1_27' title="bbox 425 2530 2025 2613; baseline 0.01 -30"><span class='ocrx_word' id='word_1_197' title='bbox 425 2546 485 2583; x_wconf 89' lang='lat' dir='ltr'><strong>so</strong></span> <span class='ocrx_word' id='word_1_198' title='bbox 517 2530 701 2585; x_wconf 88' lang='lat' dir='ltr'><strong>doceri</strong></span> <span class='ocrx_word' id='word_1_199' title='bbox 731 2532 1012 2603; x_wconf 82' lang='lat' dir='ltr'><strong>gaudebit,</strong></span> <span class='ocrx_word' id='word_1_200' title='bbox 1048 2537 1265 2606; x_wconf 84' lang='lat' dir='ltr'><strong>quando</strong></span> <span class='ocrx_word' id='word_1_201' title='bbox 1311 2538 1657 2613; x_wconf 84' lang='lat' dir='ltr'><strong>Synagogam</strong></span> <span class='ocrx_word' id='word_1_202' title='bbox 1706 2542 1825 2613; x_wconf 91' lang='lat' dir='ltr'><strong>jam</strong></span> <span class='ocrx_word' id='word_1_203' title='bbox 1879 2543 2025 2599; x_wconf 88' lang='lat' dir='ltr'><strong>idem</strong></span> 
     </span>
    </p>
   </div>
   <div class='ocr_carea' id='block_1_28' title="bbox 426 2619 2026 2689">
    <p class='ocr_par' dir='ltr' id='par_1_28' title="bbox 426 2619 2026 2689">
     <span class='ocr_line' id='line_1_28' title="bbox 426 2619 2026 2689; baseline 0.01 -18"><span class='ocrx_word' id='word_1_204' title='bbox 426 2632 625 2688; x_wconf 90' lang='lat' dir='ltr'><strong>corpus</strong></span> <span class='ocrx_word' id='word_1_205' title='bbox 656 2619 859 2676; x_wconf 86' lang='lat' dir='ltr'><strong>factam</strong></span> <span class='ocrx_word' id='word_1_206' title='bbox 888 2622 1086 2678; x_wconf 89' lang='lat' dir='ltr'><strong>erudiri</strong></span> <span class='ocrx_word' id='word_1_207' title='bbox 1141 2640 1322 2681; x_wconf 89' lang='lat' dir='ltr'><strong>secum</strong></span> <span class='ocrx_word' id='word_1_208' title='bbox 1379 2627 1610 2684; x_wconf 88' lang='lat' dir='ltr'><strong>videbit.</strong></span> <span class='ocrx_word' id='word_1_209' title='bbox 1668 2630 1928 2687; x_wconf 88' lang='lat' dir='ltr'><strong>Poculum</strong></span> <span class='ocrx_word' id='word_1_210' title='bbox 1958 2649 2026 2689; x_wconf 83' lang='lat' dir='ltr'><strong>ex</strong></span> 
     </span>
    </p>
   </div>
   <div class='ocr_carea' id='block_1_29' title="bbox 428 2705 2027 2794">
    <p class='ocr_par' dir='ltr' id='par_1_29' title="bbox 428 2705 2027 2794">
     <span class='ocr_line' id='line_1_29' title="bbox 428 2705 2027 2794; baseline 0.012 -35"><span class='ocrx_word' id='word_1_211' title='bbox 428 2705 553 2761; x_wconf 89' lang='lat' dir='ltr'><strong>vino</strong></span> <span class='ocrx_word' id='word_1_212' title='bbox 584 2708 858 2764; x_wconf 91' lang='lat' dir='ltr'><strong>conditum</strong></span> <span class='ocrx_word' id='word_1_213' title='bbox 890 2711 1143 2769; x_wconf 89' lang='lat' dir='ltr'><strong>Ecclesia</strong></span> <span class='ocrx_word' id='word_1_214' title='bbox 1199 2715 1371 2783; x_wconf 89' lang='lat' dir='ltr'><strong>dabit,</strong></span> <span class='ocrx_word' id='word_1_215' title='bbox 1404 2718 1529 2788; x_wconf 90' lang='lat' dir='ltr'><strong>quia</strong></span> <span class='ocrx_word' id='word_1_216' title='bbox 1558 2718 1659 2790; x_wconf 89' lang='lat' dir='ltr'><strong>ipsi</strong></span> <span class='ocrx_word' id='word_1_217' title='bbox 1717 2720 2027 2794; x_wconf 72' lang='lat' dir='ltr'><strong>Synagogaa</strong></span> 
     </span>
    </p>
   </div>
   <div class='ocr_carea' id='block_1_30' title="bbox 425 2795 2028 2881">
    <p class='ocr_par' dir='ltr' id='par_1_30' title="bbox 425 2795 2028 2881">
     <span class='ocr_line' id='line_1_30' title="bbox 425 2795 2028 2881; baseline 0.011 -32"><span class='ocrx_word' id='word_1_218' title='bbox 425 2795 637 2850; x_wconf 89' lang='lat' dir='ltr'><strong>Novum</strong></span> <span class='ocrx_word' id='word_1_219' title='bbox 669 2798 1071 2857; x_wconf 78' lang='lat' dir='ltr'><strong>Testamentum</strong></span> <span class='ocrx_word' id='word_1_220' title='bbox 1087 2819 1207 2859; x_wconf 90' lang='lat' dir='ltr'><strong>cum</strong></span> <span class='ocrx_word' id='word_1_221' title='bbox 1234 2806 1409 2861; x_wconf 85' lang='lat' dir='ltr'><strong>Veteri</strong></span> <span class='ocrx_word' id='word_1_222' title='bbox 1430 2807 1847 2877; x_wconf 70' lang='lat' dir='ltr'><strong>praedicabit;et</strong></span> <span class='ocrx_word' id='word_1_223' title='bbox 1868 2811 2028 2881; x_wconf 89' lang='lat' dir='ltr'><strong>quasi</strong></span> 
     </span>
    </p>
   </div>
   <div class='ocr_carea' id='block_1_31' title="bbox 430 2883 2027 2972">
    <p class='ocr_par' dir='ltr' id='par_1_31' title="bbox 430 2883 2027 2972">
     <span class='ocr_line' id='line_1_31' title="bbox 430 2883 2027 2972; baseline 0.011 -33"><span class='ocrx_word' id='word_1_224' title='bbox 430 2883 556 2940; x_wconf 91' lang='lat' dir='ltr'><strong>vino</strong></span> <span class='ocrx_word' id='word_1_225' title='bbox 592 2887 849 2957; x_wconf 86' lang='lat' dir='ltr'><strong>poculum</strong></span> <span class='ocrx_word' id='word_1_226' title='bbox 905 2892 1143 2961; x_wconf 89' lang='lat' dir='ltr'><strong>condiet,</strong></span> <span class='ocrx_word' id='word_1_227' title='bbox 1201 2894 1328 2966; x_wconf 89' lang='lat' dir='ltr'><strong>quia</strong></span> <span class='ocrx_word' id='word_1_228' title='bbox 1359 2895 1708 2952; x_wconf 89' lang='lat' dir='ltr'><strong>dulcedinem</strong></span> <span class='ocrx_word' id='word_1_229' title='bbox 1738 2899 2027 2972; x_wconf 82' lang='lat' dir='ltr'><strong>Evangelii</strong></span> 
     </span>
    </p>
   </div>
   <div class='ocr_carea' id='block_1_32' title="bbox 425 2973 2029 3054">
    <p class='ocr_par' dir='ltr' id='par_1_32' title="bbox 425 2973 2029 3054">
     <span class='ocr_line' id='line_1_32' title="bbox 425 2973 2029 3054; baseline 0.011 -26"><span class='ocrx_word' id='word_1_230' title='bbox 425 2973 748 3032; x_wconf 87' lang='lat' dir='ltr'><strong>testimoniis</strong></span> <span class='ocrx_word' id='word_1_231' title='bbox 776 2978 962 3051; x_wconf 83' lang='lat' dir='ltr'><strong>Legis,</strong></span> <span class='ocrx_word' id='word_1_232' title='bbox 1021 2998 1142 3052; x_wconf 64' lang='lat' dir='ltr'><strong>quae</strong></span> <span class='ocrx_word' id='word_1_233' title='bbox 1196 2999 1393 3054; x_wconf 87' lang='lat' dir='ltr'><strong>aspera</strong></span> <span class='ocrx_word' id='word_1_234' title='bbox 1424 2992 1525 3054; x_wconf 92' lang='lat' dir='ltr'><strong>est,</strong></span> <span class='ocrx_word' id='word_1_235' title='bbox 1558 2993 1615 3041; x_wconf 91' lang='lat' dir='ltr'><strong>ut</strong></span> <span class='ocrx_word' id='word_1_236' title='bbox 1647 2987 1919 3043; x_wconf 89' lang='lat' dir='ltr'><strong>robustius</strong></span> <span class='ocrx_word' id='word_1_237' title='bbox 1944 2997 2029 3045; x_wconf 90' lang='lat' dir='ltr'><strong>te-</strong></span> 
     </span>
    </p>
   </div>
   <div class='ocr_carea' id='block_1_33' title="bbox 426 3066 2028 3149">
    <p class='ocr_par' dir='ltr' id='par_1_33' title="bbox 426 3066 2028 3149">
     <span class='ocr_line' id='line_1_33' title="bbox 426 3066 2028 3149; baseline 0.011 -33"><span class='ocrx_word' id='word_1_238' title='bbox 426 3071 635 3130; x_wconf 90' lang='lat' dir='ltr'><strong>neatur,</strong></span> <span class='ocrx_word' id='word_1_239' title='bbox 665 3066 866 3138; x_wconf 84' lang='lat' dir='ltr'><strong>cinget.</strong></span> <span class='ocrx_word' id='word_1_240' title='bbox 901 3069 1137 3126; x_wconf 86' lang='lat' dir='ltr'><strong>Mustum</strong></span> <span class='ocrx_word' id='word_1_241' title='bbox 1196 3089 1324 3128; x_wconf 90' lang='lat' dir='ltr'><strong>vero</strong></span> <span class='ocrx_word' id='word_1_242' title='bbox 1380 3074 1647 3131; x_wconf 90' lang='lat' dir='ltr'><strong>malorum</strong></span> <span class='ocrx_word' id='word_1_243' title='bbox 1677 3082 2028 3149; x_wconf 84' lang='lat' dir='ltr'><strong>granatorum</strong></span> 
     </span>
    </p>
   </div>
   <div class='ocr_carea' id='block_1_34' title="bbox 425 3154 2023 3234">
    <p class='ocr_par' dir='ltr' id='par_1_34' title="bbox 425 3154 2023 3234">
     <span class='ocr_line' id='line_1_34' title="bbox 425 3154 2023 3234; baseline 0.011 -30"><span class='ocrx_word' id='word_1_244' title='bbox 425 3167 643 3206; x_wconf 86' lang='lat' dir='ltr'><strong>suorum</strong></span> <span class='ocrx_word' id='word_1_245' title='bbox 674 3154 893 3223; x_wconf 91' lang='lat' dir='ltr'><strong>tribuet,</strong></span> <span class='ocrx_word' id='word_1_246' title='bbox 927 3158 1053 3227; x_wconf 88' lang='lat' dir='ltr'><strong>quia</strong></span> <span class='ocrx_word' id='word_1_247' title='bbox 1084 3159 1302 3215; x_wconf 81' lang='lat' dir='ltr'><strong>fortium</strong></span> <span class='ocrx_word' id='word_1_248' title='bbox 1333 3162 1572 3217; x_wconf 89' lang='lat' dir='ltr'><strong>virorum</strong></span> <span class='ocrx_word' id='word_1_249' title='bbox 1620 3165 1710 3234; x_wconf 92' lang='lat' dir='ltr'><strong>qui</strong></span> <span class='ocrx_word' id='word_1_250' title='bbox 1765 3164 2023 3221; x_wconf 89' lang='lat' dir='ltr'><strong>unitatem</strong></span> 
     </span>
    </p>
   </div>
   <div class='ocr_carea' id='block_1_35' title="bbox 425 3239 2025 3325">
    <p class='ocr_par' dir='ltr' id='par_1_35' title="bbox 425 3239 2025 3325">
     <span class='ocr_line' id='line_1_35' title="bbox 425 3239 2025 3325; baseline 0.011 -32"><span class='ocrx_word' id='word_1_251' title='bbox 425 3239 687 3297; x_wconf 59' lang='lat' dir='ltr'><strong>Ecclesia</strong></span> <span class='ocrx_word' id='word_1_252' title='bbox 717 3244 879 3298; x_wconf 89' lang='lat' dir='ltr'><strong>etiam</strong></span> <span class='ocrx_word' id='word_1_253' title='bbox 900 3246 957 3300; x_wconf 91' lang='lat' dir='ltr'><strong>in</strong></span> <span class='ocrx_word' id='word_1_254' title='bbox 988 3250 1248 3319; x_wconf 84' lang='lat' dir='ltr'><strong>martyrio</strong></span> <span class='ocrx_word' id='word_1_255' title='bbox 1274 3253 1843 3323; x_wconf 86' lang='lat' dir='ltr'><strong>tenuerunt,exempla</strong></span> <span class='ocrx_word' id='word_1_256' title='bbox 1862 3270 2025 3325; x_wconf 91' lang='lat' dir='ltr'><strong>appo-</strong></span> 
     </span>
    </p>
   </div>
   <div class='ocr_carea' id='block_1_36' title="bbox 423 3331 2019 3413">
    <p class='ocr_par' dir='ltr' id='par_1_36' title="bbox 423 3331 2019 3413">
     <span class='ocr_line' id='line_1_36' title="bbox 423 3331 2019 3413; baseline 0.009 -30"><span class='ocrx_word' id='word_1_257' title='bbox 423 3336 535 3398; x_wconf 88' lang='lat' dir='ltr'><strong>net,</strong></span> <span class='ocrx_word' id='word_1_258' title='bbox 560 3338 615 3385; x_wconf 95' lang='lat' dir='ltr'><strong>ut</strong></span> <span class='ocrx_word' id='word_1_259' title='bbox 635 3331 703 3386; x_wconf 89' lang='lat' dir='ltr'><strong>ad</strong></span> <span class='ocrx_word' id='word_1_260' title='bbox 719 3347 901 3388; x_wconf 88' lang='lat' dir='ltr'><strong>eorum</strong></span> <span class='ocrx_word' id='word_1_261' title='bbox 924 3335 1331 3394; x_wconf 87' lang='lat' dir='ltr'><strong>similitudinem</strong></span> <span class='ocrx_word' id='word_1_262' title='bbox 1355 3339 1648 3413; x_wconf 73' lang='lat' dir='ltr'><strong>Synagogo</strong></span> <span class='ocrx_word' id='word_1_263' title='bbox 1691 3340 2019 3412; x_wconf 89' lang='lat' dir='ltr'><strong>inardescat,</strong></span> 
     </span>
    </p>
   </div>
   <div class='ocr_carea' id='block_1_37' title="bbox 425 3419 2023 3500">
    <p class='ocr_par' dir='ltr' id='par_1_37' title="bbox 425 3419 2023 3500">
     <span class='ocr_line' id='line_1_37' title="bbox 425 3419 2023 3500; baseline 0.008 -27"><span class='ocrx_word' id='word_1_264' title='bbox 425 3424 477 3473; x_wconf 92' lang='lat' dir='ltr'><strong>et</strong></span> <span class='ocrx_word' id='word_1_265' title='bbox 504 3419 813 3476; x_wconf 80' lang='lat' dir='ltr'><strong>Antichristi</strong></span> <span class='ocrx_word' id='word_1_266' title='bbox 842 3425 1328 3493; x_wconf 87' lang='lat' dir='ltr'><strong>persecutionibus,</strong></span> <span class='ocrx_word' id='word_1_267' title='bbox 1362 3436 1659 3500; x_wconf 82' lang='lat' dir='ltr'><strong>martyrum</strong></span> <span class='ocrx_word' id='word_1_268' title='bbox 1699 3432 2023 3499; x_wconf 61' lang='lat' dir='ltr'><strong>praeceden-</strong></span> 
     </span>
    </p>
   </div>
   <div class='ocr_carea' id='block_1_38' title="bbox 428 3506 2023 3580">
    <p class='ocr_par' dir='ltr' id='par_1_38' title="bbox 428 3506 2023 3580">
     <span class='ocr_line' id='line_1_38' title="bbox 428 3506 2023 3580; baseline 0.011 -21"><span class='ocrx_word' id='word_1_269' title='bbox 428 3506 558 3560; x_wconf 86' lang='lat' dir='ltr'><strong>tium</strong></span> <span class='ocrx_word' id='word_1_270' title='bbox 589 3511 851 3580; x_wconf 84' lang='lat' dir='ltr'><strong>exemplis</strong></span> <span class='ocrx_word' id='word_1_271' title='bbox 870 3512 1125 3569; x_wconf 88' lang='lat' dir='ltr'><strong>roborata</strong></span> <span class='ocrx_word' id='word_1_272' title='bbox 1153 3531 1263 3570; x_wconf 91' lang='lat' dir='ltr'><strong>non</strong></span> <span class='ocrx_word' id='word_1_273' title='bbox 1294 3518 1627 3573; x_wconf 86' lang='lat' dir='ltr'><strong>succumbat.</strong></span> <span class='ocrx_word' id='word_1_274' title='bbox 1688 3518 1823 3575; x_wconf 89' lang='lat' dir='ltr'><strong>Cum</strong></span> <span class='ocrx_word' id='word_1_275' title='bbox 1879 3519 2023 3576; x_wconf 88' lang='lat' dir='ltr'><strong>enim</strong></span> 
     </span>
    </p>
   </div>
   <div class='ocr_carea' id='block_1_39' title="bbox 426 3595 2023 3675">
    <p class='ocr_par' dir='ltr' id='par_1_39' title="bbox 426 3595 2023 3675">
     <span class='ocr_line' id='line_1_39' title="bbox 426 3595 2023 3675; baseline 0.009 -27"><span class='ocrx_word' id='word_1_276' title='bbox 426 3595 645 3650; x_wconf 85' lang='lat' dir='ltr'><strong>fortium</strong></span> <span class='ocrx_word' id='word_1_277' title='bbox 675 3608 1036 3671; x_wconf 81' lang='lat' dir='ltr'><strong>pugnatorum</strong></span> <span class='ocrx_word' id='word_1_278' title='bbox 1097 3603 1355 3660; x_wconf 85' lang='lat' dir='ltr'><strong>victorias</strong></span> <span class='ocrx_word' id='word_1_279' title='bbox 1410 3606 1659 3675; x_wconf 88' lang='lat' dir='ltr'><strong>audierit,</strong></span> <span class='ocrx_word' id='word_1_280' title='bbox 1736 3608 1808 3663; x_wconf 88' lang='lat' dir='ltr'><strong>ad</strong></span> <span class='ocrx_word' id='word_1_281' title='bbox 1837 3624 2023 3665; x_wconf 89' lang='lat' dir='ltr'><strong>eorum</strong></span> 
     </span>
    </p>
   </div>
   <div class='ocr_carea' id='block_1_40' title="bbox 426 3684 2025 3767">
    <p class='ocr_par' dir='ltr' id='par_1_40' title="bbox 426 3684 2025 3767">
     <span class='ocr_line' id='line_1_40' title="bbox 426 3684 2025 3767; baseline 0.011 -30"><span class='ocrx_word' id='word_1_282' title='bbox 426 3684 778 3741; x_wconf 90' lang='lat' dir='ltr'><strong>imitationem</strong></span> <span class='ocrx_word' id='word_1_283' title='bbox 838 3705 1077 3761; x_wconf 82' lang='lat' dir='ltr'><strong>pugnam</strong></span> <span class='ocrx_word' id='word_1_284' title='bbox 1134 3692 1321 3750; x_wconf 89' lang='lat' dir='ltr'><strong>subire</strong></span> <span class='ocrx_word' id='word_1_285' title='bbox 1377 3710 1487 3750; x_wconf 93' lang='lat' dir='ltr'><strong>non</strong></span> <span class='ocrx_word' id='word_1_286' title='bbox 1535 3696 1827 3753; x_wconf 87' lang='lat' dir='ltr'><strong>dubitabit.</strong></span> <span class='ocrx_word' id='word_1_287' title='bbox 1865 3696 2025 3767; x_wconf 90' lang='lat' dir='ltr'><strong>Quod</strong></span> 
     </span>
    </p>
   </div>
   <div class='ocr_carea' id='block_1_41' title="bbox 424 3775 1449 3856">
    <p class='ocr_par' dir='ltr' id='par_1_41' title="bbox 424 3775 1449 3856">
     <span class='ocr_line' id='line_1_41' title="bbox 424 3775 1449 3856; baseline 0.011 -29"><span class='ocrx_word' id='word_1_288' title='bbox 424 3782 609 3844; x_wconf 90' lang='lat' dir='ltr'><strong>aperte</strong></span> <span class='ocrx_word' id='word_1_289' title='bbox 634 3775 942 3833; x_wconf 86' lang='lat' dir='ltr'><strong>manifestat</strong></span> <span class='ocrx_word' id='word_1_290' title='bbox 968 3794 1094 3836; x_wconf 91' lang='lat' dir='ltr'><strong>cum</strong></span> <span class='ocrx_word' id='word_1_291' title='bbox 1126 3781 1449 3856; x_wconf 88' lang='lat' dir='ltr'><strong>subjungit:</strong></span> 
     </span>
    </p>
   </div>
   <div class='ocr_carea' id='block_1_42' title="bbox 497 3864 2027 3945">
    <p class='ocr_par' dir='ltr' id='par_1_42' title="bbox 497 3864 2027 3945">
     <span class='ocr_line' id='line_1_42' title="bbox 497 3864 2027 3945; baseline 0.011 -29"><span class='ocrx_word' id='word_1_292' title='bbox 497 3864 673 3926; x_wconf 86' lang='lat' dir='ltr'><strong>(Vers.</strong></span> <span class='ocrx_word' id='word_1_293' title='bbox 697 3866 773 3934; x_wconf 91' lang='lat'><strong>3.)</strong></span> <span class='ocrx_word' id='word_1_294' title='bbox 794 3868 954 3924; x_wconf 66' lang='lat' dir='ltr'><strong>Laeva</strong></span> <span class='ocrx_word' id='word_1_295' title='bbox 985 3870 1108 3940; x_wconf 80' lang='lat' dir='ltr'><strong>eius</strong></span> <span class='ocrx_word' id='word_1_296' title='bbox 1125 3871 1225 3928; x_wconf 88' lang='lat' dir='ltr'><strong>sub</strong></span> <span class='ocrx_word' id='word_1_297' title='bbox 1242 3872 1436 3945; x_wconf 80' lang='lat' dir='ltr'><strong>capite</strong></span> <span class='ocrx_word' id='word_1_298' title='bbox 1464 3888 1608 3939; x_wconf 87' lang='lat' dir='ltr'><strong>meo,</strong></span> <span class='ocrx_word' id='word_1_299' title='bbox 1664 3879 1722 3931; x_wconf 82' lang='lat' dir='ltr'><strong>et</strong></span> <span class='ocrx_word' id='word_1_300' title='bbox 1784 3875 2027 3933; x_wconf 73' lang='lat' dir='ltr'><strong>dextera</strong></span> 
     </span>
    </p>
   </div>
   <div class='ocr_carea' id='block_1_43' title="bbox 425 3950 1172 4026">
    <p class='ocr_par' dir='ltr' id='par_1_43' title="bbox 425 3950 1172 4026">
     <span class='ocr_line' id='line_1_43' title="bbox 425 3950 1172 4026; baseline 0.012 -22"><span class='ocrx_word' id='word_1_301' title='bbox 425 3950 586 4022; x_wconf 80' lang='lat' dir='ltr'><strong>illius</strong></span> <span class='ocrx_word' id='word_1_302' title='bbox 605 3955 1034 4026; x_wconf 71' lang='lat' dir='ltr'><strong>amplexabitur</strong></span> <span class='ocrx_word' id='word_1_303' title='bbox 1064 3974 1172 4016; x_wconf 89' lang='lat' dir='ltr'><strong>me.</strong></span> 
     </span>
    </p>
   </div>
   <div class='ocr_carea' id='block_1_44' title="bbox 493 4039 2029 4121">
    <p class='ocr_par' dir='ltr' id='par_1_44' title="bbox 493 4039 2029 4121">
     <span class='ocr_line' id='line_1_44' title="bbox 493 4039 2029 4121; baseline 0.009 -27"><span class='ocrx_word' id='word_1_304' title='bbox 493 4039 545 4095; x_wconf 91' lang='lat'><strong>3.</strong></span> <span class='ocrx_word' id='word_1_305' title='bbox 582 4042 740 4099; x_wconf 65' lang='lat' dir='ltr'><strong>Laeva</strong></span> <span class='ocrx_word' id='word_1_306' title='bbox 769 4043 962 4102; x_wconf 87' lang='lat' dir='ltr'><strong>Christi</strong></span> <span class='ocrx_word' id='word_1_307' title='bbox 992 4047 1101 4102; x_wconf 87' lang='lat' dir='ltr'><strong>vita</strong></span> <span class='ocrx_word' id='word_1_308' title='bbox 1131 4066 1394 4121; x_wconf 58' lang='lat' dir='ltr'><strong>praesens,</strong></span> <span class='ocrx_word' id='word_1_309' title='bbox 1452 4053 1676 4110; x_wconf 81' lang='lat' dir='ltr'><strong>dextera</strong></span> <span class='ocrx_word' id='word_1_310' title='bbox 1732 4069 1859 4110; x_wconf 91' lang='lat' dir='ltr'><strong>vero</strong></span> <span class='ocrx_word' id='word_1_311' title='bbox 1917 4054 2029 4109; x_wconf 90' lang='lat' dir='ltr'><strong>vita</strong></span> 
     </span>
    </p>
   </div>
   <div class='ocr_carea' id='block_1_45' title="bbox 423 4130 2027 4213">
    <p class='ocr_par' dir='ltr' id='par_1_45' title="bbox 423 4130 2027 4213">
     <span class='ocr_line' id='line_1_45' title="bbox 423 4130 2027 4213; baseline 0.009 -30"><span class='ocrx_word' id='word_1_312' title='bbox 423 4130 582 4185; x_wconf 87' lang='lat' dir='ltr'><strong>beata</strong></span> <span class='ocrx_word' id='word_1_313' title='bbox 609 4132 775 4203; x_wconf 84' lang='lat'><strong>455</strong></span> <span class='ocrx_word' id='word_1_314' title='bbox 798 4135 1043 4191; x_wconf 87' lang='lat' dir='ltr'><strong>habetur.</strong></span> <span class='ocrx_word' id='word_1_315' title='bbox 1060 4137 1233 4209; x_wconf 91' lang='lat' dir='ltr'><strong>Caput</strong></span> <span class='ocrx_word' id='word_1_316' title='bbox 1264 4147 1441 4195; x_wconf 90' lang='lat' dir='ltr'><strong>autem</strong></span> <span class='ocrx_word' id='word_1_317' title='bbox 1490 4150 1728 4197; x_wconf 87' lang='lat' dir='ltr'><strong>nostmm</strong></span> <span class='ocrx_word' id='word_1_318' title='bbox 1768 4142 2027 4213; x_wconf 89' lang='lat' dir='ltr'><strong>spiritua-</strong></span> 
     </span>
    </p>
   </div>
   <div class='ocr_carea' id='block_1_46' title="bbox 421 4217 2025 4304">
    <p class='ocr_par' dir='ltr' id='par_1_46' title="bbox 421 4217 2025 4304">
     <span class='ocr_line' id='line_1_46' title="bbox 421 4217 2025 4304; baseline 0.01 -32"><span class='ocrx_word' id='word_1_319' title='bbox 421 4217 544 4274; x_wconf 89' lang='lat' dir='ltr'><strong>liter</strong></span> <span class='ocrx_word' id='word_1_320' title='bbox 558 4236 708 4277; x_wconf 87' lang='lat' dir='ltr'><strong>mens</strong></span> <span class='ocrx_word' id='word_1_321' title='bbox 728 4239 846 4279; x_wconf 84' lang='lat' dir='ltr'><strong>esse</strong></span> <span class='ocrx_word' id='word_1_322' title='bbox 895 4226 1236 4295; x_wconf 87' lang='lat' dir='ltr'><strong>perhibetur.</strong></span> <span class='ocrx_word' id='word_1_323' title='bbox 1254 4228 1405 4284; x_wconf 89' lang='lat' dir='ltr'><strong>Dicit</strong></span> <span class='ocrx_word' id='word_1_324' title='bbox 1421 4245 1557 4301; x_wconf 85' lang='lat' dir='ltr'><strong>ergo</strong></span> <span class='ocrx_word' id='word_1_325' title='bbox 1571 4230 1869 4304; x_wconf 84' lang='lat' dir='ltr'><strong>Synagoga</strong></span> <span class='ocrx_word' id='word_1_326' title='bbox 1888 4247 2025 4302; x_wconf 68' lang='lat' dir='ltr'><strong>pra:-</strong></span> 
     </span>
    </p>
   </div>
   <div class='ocr_carea' id='block_1_47' title="bbox 423 4307 2028 4389">
    <p class='ocr_par' dir='ltr' id='par_1_47' title="bbox 423 4307 2028 4389">
     <span class='ocr_line' id='line_1_47' title="bbox 423 4307 2028 4389; baseline 0.007 -25"><span class='ocrx_word' id='word_1_327' title='bbox 423 4307 1201 4384; x_wconf 62' lang='lat' dir='ltr'><strong>dicationibusEcclesiaajam</strong></span> <span class='ocrx_word' id='word_1_328' title='bbox 1222 4332 1506 4385; x_wconf 86' lang='lat' dir='ltr'><strong>conversa,</strong></span> <span class='ocrx_word' id='word_1_329' title='bbox 1557 4319 1827 4389; x_wconf 83' lang='lat' dir='ltr'><strong>exemplis</strong></span> <span class='ocrx_word' id='word_1_330' title='bbox 1859 4319 2028 4375; x_wconf 93' lang='lat' dir='ltr'><strong>robo-</strong></span> 
     </span>
    </p>
   </div>
   <div class='ocr_carea' id='block_1_48' title="bbox 422 4399 2022 4479">
    <p class='ocr_par' dir='ltr' id='par_1_48' title="bbox 422 4399 2022 4479">
     <span class='ocr_line' id='line_1_48' title="bbox 422 4399 2022 4479; baseline 0.009 -28"><span class='ocrx_word' id='word_1_331' title='bbox 422 4407 556 4465; x_wconf 87' lang='lat' dir='ltr'><strong>rata,</strong></span> <span class='ocrx_word' id='word_1_332' title='bbox 573 4399 872 4456; x_wconf 87' lang='lat' dir='ltr'><strong>imitatione</strong></span> <span class='ocrx_word' id='word_1_333' title='bbox 892 4401 1169 4459; x_wconf 87' lang='lat' dir='ltr'><strong>sublevata</strong></span> <span class='ocrx_word' id='word_1_334' title='bbox 1190 4421 1202 4458; x_wconf 91' lang='lat'><strong>:</strong></span> <span class='ocrx_word' id='word_1_335' title='bbox 1223 4406 1383 4460; x_wconf 73' lang='lat' dir='ltr'><strong>Lteva</strong></span> <span class='ocrx_word' id='word_1_336' title='bbox 1400 4406 1523 4476; x_wconf 83' lang='lat' dir='ltr'><strong>ejus</strong></span> <span class='ocrx_word' id='word_1_337' title='bbox 1543 4407 1644 4462; x_wconf 92' lang='lat' dir='ltr'><strong>sub</strong></span> <span class='ocrx_word' id='word_1_338' title='bbox 1664 4408 1850 4479; x_wconf 83' lang='lat' dir='ltr'><strong>capite</strong></span> <span class='ocrx_word' id='word_1_339' title='bbox 1879 4423 2022 4474; x_wconf 87' lang='lat' dir='ltr'><strong>meo,</strong></span> 
     </span>
    </p>
   </div>
   <div class='ocr_carea' id='block_1_49' title="bbox 2122 487 3690 570">
    <p class='ocr_par' dir='ltr' id='par_1_49' title="bbox 2122 487 3690 570">
     <span class='ocr_line' id='line_1_49' title="bbox 2122 487 3690 570; baseline 0.004 -21"><span class='ocrx_word' id='word_1_340' title='bbox 2122 497 2346 566; x_wconf 87' lang='lat' dir='ltr'><strong>appetit.</strong></span> <span class='ocrx_word' id='word_1_341' title='bbox 2380 496 2515 553; x_wconf 91' lang='lat' dir='ltr'><strong>Sunt</strong></span> <span class='ocrx_word' id='word_1_342' title='bbox 2544 498 2753 570; x_wconf 90' lang='lat' dir='ltr'><strong>quippe</strong></span> <span class='ocrx_word' id='word_1_343' title='bbox 2782 487 2947 555; x_wconf 84' lang='lat' dir='ltr'><strong>modo</strong></span> <span class='ocrx_word' id='word_1_344' title='bbox 2970 498 3234 566; x_wconf 92' lang='lat' dir='ltr'><strong>nonnulli,</strong></span> <span class='ocrx_word' id='word_1_345' title='bbox 3267 498 3357 569; x_wconf 90' lang='lat' dir='ltr'><strong>qui</strong></span> <span class='ocrx_word' id='word_1_346' title='bbox 3386 505 3524 555; x_wconf 85' lang='lat' dir='ltr'><strong>tanto</strong></span> <span class='ocrx_word' id='word_1_347' title='bbox 3551 499 3690 556; x_wconf 90' lang='lat' dir='ltr'><strong>desi-</strong></span> 
     </span>
    </p>
   </div>
   <div class='ocr_carea' id='block_1_50' title="bbox 2124 583 3690 658">
    <p class='ocr_par' dir='ltr' id='par_1_50' title="bbox 2124 583 3690 658">
     <span class='ocr_line' id='line_1_50' title="bbox 2124 583 3690 658; baseline 0.005 -21"><span class='ocrx_word' id='word_1_348' title='bbox 2124 583 2277 640; x_wconf 91' lang='lat' dir='ltr'><strong>derio</strong></span> <span class='ocrx_word' id='word_1_349' title='bbox 2307 585 2543 643; x_wconf 70' lang='lat' dir='ltr'><strong>caelestia</strong></span> <span class='ocrx_word' id='word_1_350' title='bbox 2573 594 2868 655; x_wconf 87' lang='lat' dir='ltr'><strong>sectantur,</strong></span> <span class='ocrx_word' id='word_1_351' title='bbox 2898 594 2957 641; x_wconf 90' lang='lat' dir='ltr'><strong>ut</strong></span> <span class='ocrx_word' id='word_1_352' title='bbox 2975 587 3163 642; x_wconf 91' lang='lat' dir='ltr'><strong>omnia</strong></span> <span class='ocrx_word' id='word_1_353' title='bbox 3184 586 3408 643; x_wconf 79' lang='lat' dir='ltr'><strong>visibilis</strong></span> <span class='ocrx_word' id='word_1_354' title='bbox 3424 603 3515 658; x_wconf 90' lang='lat' dir='ltr'><strong>pro</strong></span> <span class='ocrx_word' id='word_1_355' title='bbox 3534 588 3690 645; x_wconf 90' lang='lat' dir='ltr'><strong>nihilo</strong></span> 
     </span>
    </p>
   </div>
   <div class='ocr_carea' id='block_1_51' title="bbox 2122 676 3692 742">
    <p class='ocr_par' dir='ltr' id='par_1_51' title="bbox 2122 676 3692 742">
     <span class='ocr_line' id='line_1_51' title="bbox 2122 676 3692 742; baseline 0.003 -14"><span class='ocrx_word' id='word_1_356' title='bbox 2122 680 2402 742; x_wconf 87' lang='lat' dir='ltr'><strong>reputent;</strong></span> <span class='ocrx_word' id='word_1_357' title='bbox 2435 684 2672 731; x_wconf 90' lang='lat' dir='ltr'><strong>mentem</strong></span> <span class='ocrx_word' id='word_1_358' title='bbox 2699 692 2853 731; x_wconf 90' lang='lat' dir='ltr'><strong>suam</strong></span> <span class='ocrx_word' id='word_1_359' title='bbox 2883 676 3193 733; x_wconf 61' lang='lat' dir='ltr'><strong>coelestibus</strong></span> <span class='ocrx_word' id='word_1_360' title='bbox 3247 676 3437 731; x_wconf 91' lang='lat' dir='ltr'><strong>studiis</strong></span> <span class='ocrx_word' id='word_1_361' title='bbox 3464 677 3575 732; x_wconf 89' lang='lat' dir='ltr'><strong>sine</strong></span> <span class='ocrx_word' id='word_1_362' title='bbox 3610 677 3692 732; x_wconf 86' lang='lat' dir='ltr'><strong>in-</strong></span> 
     </span>
    </p>
   </div>
   <div class='ocr_carea' id='block_1_52' title="bbox 2124 762 3686 837">
    <p class='ocr_par' dir='ltr' id='par_1_52' title="bbox 2124 762 3686 837">
     <span class='ocr_line' id='line_1_52' title="bbox 2124 762 3686 837; baseline 0.004 -22"><span class='ocrx_word' id='word_1_363' title='bbox 2124 762 2459 819; x_wconf 87' lang='lat' dir='ltr'><strong>termissione</strong></span> <span class='ocrx_word' id='word_1_364' title='bbox 2513 772 2814 836; x_wconf 89' lang='lat' dir='ltr'><strong>occupent;</strong></span> <span class='ocrx_word' id='word_1_365' title='bbox 2849 773 2906 821; x_wconf 93' lang='lat' dir='ltr'><strong>ut</strong></span> <span class='ocrx_word' id='word_1_366' title='bbox 2934 765 3068 820; x_wconf 90' lang='lat' dir='ltr'><strong>nihil</strong></span> <span class='ocrx_word' id='word_1_367' title='bbox 3097 765 3245 820; x_wconf 90' lang='lat' dir='ltr'><strong>aliud</strong></span> <span class='ocrx_word' id='word_1_368' title='bbox 3292 780 3455 837; x_wconf 91' lang='lat' dir='ltr'><strong>agere</strong></span> <span class='ocrx_word' id='word_1_369' title='bbox 3501 764 3686 828; x_wconf 87' lang='lat' dir='ltr'><strong>libeat;</strong></span> 
     </span>
    </p>
   </div>
   <div class='ocr_carea' id='block_1_53' title="bbox 2123 850 3693 925">
    <p class='ocr_par' dir='ltr' id='par_1_53' title="bbox 2123 850 3693 925">
     <span class='ocr_line' id='line_1_53' title="bbox 2123 850 3693 925; baseline 0.003 -20"><span class='ocrx_word' id='word_1_370' title='bbox 2123 850 2386 923; x_wconf 89' lang='lat' dir='ltr'><strong>quidquid</strong></span> <span class='ocrx_word' id='word_1_371' title='bbox 2415 860 2563 909; x_wconf 82' lang='lat' dir='ltr'><strong>extra</strong></span> <span class='ocrx_word' id='word_1_372' title='bbox 2592 854 2894 925; x_wconf 89' lang='lat' dir='ltr'><strong>spiritalem</strong></span> <span class='ocrx_word' id='word_1_373' title='bbox 2923 854 3193 911; x_wconf 90' lang='lat' dir='ltr'><strong>actionem</strong></span> <span class='ocrx_word' id='word_1_374' title='bbox 3215 861 3313 923; x_wconf 90' lang='lat' dir='ltr'><strong>est,</strong></span> <span class='ocrx_word' id='word_1_375' title='bbox 3337 853 3539 908; x_wconf 89' lang='lat' dir='ltr'><strong>animus</strong></span> <span class='ocrx_word' id='word_1_376' title='bbox 3557 854 3693 910; x_wconf 83' lang='lat' dir='ltr'><strong>fasti-</strong></span> 
     </span>
    </p>
   </div>
   <div class='ocr_carea' id='block_1_54' title="bbox 2123 938 3695 1015">
    <p class='ocr_par' dir='ltr' id='par_1_54' title="bbox 2123 938 3695 1015">
     <span class='ocr_line' id='line_1_54' title="bbox 2123 938 3695 1015; baseline 0.004 -22"><span class='ocrx_word' id='word_1_377' title='bbox 2123 938 2257 1009; x_wconf 88' lang='lat' dir='ltr'><strong>diat,</strong></span> <span class='ocrx_word' id='word_1_378' title='bbox 2275 941 2415 997; x_wconf 87' lang='lat' dir='ltr'><strong>hanc</strong></span> <span class='ocrx_word' id='word_1_379' title='bbox 2433 942 2607 998; x_wconf 90' lang='lat' dir='ltr'><strong>solam</strong></span> <span class='ocrx_word' id='word_1_380' title='bbox 2628 942 2841 1015; x_wconf 78' lang='lat' dir='ltr'><strong>diligat,</strong></span> <span class='ocrx_word' id='word_1_381' title='bbox 2865 951 3066 999; x_wconf 64' lang='lat' dir='ltr'><strong>cmtera</strong></span> <span class='ocrx_word' id='word_1_382' title='bbox 3086 950 3414 1009; x_wconf 87' lang='lat' dir='ltr'><strong>contemnat,</strong></span> <span class='ocrx_word' id='word_1_383' title='bbox 3436 942 3537 997; x_wconf 90' lang='lat' dir='ltr'><strong>nisi</strong></span> <span class='ocrx_word' id='word_1_384' title='bbox 3567 943 3695 999; x_wconf 82' lang='lat' dir='ltr'><strong>forte</strong></span> 
     </span>
    </p>
   </div>
   <div class='ocr_carea' id='block_1_55' title="bbox 2123 1028 3698 1105">
    <p class='ocr_par' dir='ltr' id='par_1_55' title="bbox 2123 1028 3698 1105">
     <span class='ocr_line' id='line_1_55' title="bbox 2123 1028 3698 1105; baseline 0.004 -23"><span class='ocrx_word' id='word_1_385' title='bbox 2123 1044 2189 1083; x_wconf 87' lang='lat' dir='ltr'><strong>ea</strong></span> <span class='ocrx_word' id='word_1_386' title='bbox 2217 1028 2301 1083; x_wconf 87' lang='lat' dir='ltr'><strong>isti</strong></span> <span class='ocrx_word' id='word_1_387' title='bbox 2331 1030 2635 1086; x_wconf 89' lang='lat' dir='ltr'><strong>necessaria</strong></span> <span class='ocrx_word' id='word_1_388' title='bbox 2663 1048 2782 1088; x_wconf 88' lang='lat' dir='ltr'><strong>esse</strong></span> <span class='ocrx_word' id='word_1_389' title='bbox 2810 1039 3127 1105; x_wconf 84' lang='lat' dir='ltr'><strong>cognoscat.</strong></span> <span class='ocrx_word' id='word_1_390' title='bbox 3151 1032 3241 1087; x_wconf 88' lang='lat' dir='ltr'><strong>Isti</strong></span> <span class='ocrx_word' id='word_1_391' title='bbox 3263 1048 3391 1087; x_wconf 89' lang='lat' dir='ltr'><strong>vero</strong></span> <span class='ocrx_word' id='word_1_392' title='bbox 3419 1032 3515 1086; x_wconf 84' lang='lat' dir='ltr'><strong>sub</strong></span> <span class='ocrx_word' id='word_1_393' title='bbox 3532 1031 3698 1102; x_wconf 88' lang='lat' dir='ltr'><strong>capite</strong></span> 
     </span>
    </p>
   </div>
   <div class='ocr_carea' id='block_1_56' title="bbox 2121 1117 3698 1192">
    <p class='ocr_par' dir='ltr' id='par_1_56' title="bbox 2121 1117 3698 1192">
     <span class='ocr_line' id='line_1_56' title="bbox 2121 1117 3698 1192; baseline 0.002 -20"><span class='ocrx_word' id='word_1_394' title='bbox 2121 1117 2317 1175; x_wconf 63' lang='lat' dir='ltr'><strong>laevam</strong></span> <span class='ocrx_word' id='word_1_395' title='bbox 2334 1119 2552 1188; x_wconf 90' lang='lat' dir='ltr'><strong>habent,</strong></span> <span class='ocrx_word' id='word_1_396' title='bbox 2578 1121 2652 1191; x_wconf 89' lang='lat' dir='ltr'><strong>(b)</strong></span> <span class='ocrx_word' id='word_1_397' title='bbox 2684 1120 2811 1192; x_wconf 91' lang='lat' dir='ltr'><strong>quia</strong></span> <span class='ocrx_word' id='word_1_398' title='bbox 2835 1129 3013 1177; x_wconf 92' lang='lat' dir='ltr'><strong>mente</strong></span> <span class='ocrx_word' id='word_1_399' title='bbox 3037 1128 3215 1177; x_wconf 89' lang='lat' dir='ltr'><strong>erecta</strong></span> <span class='ocrx_word' id='word_1_400' title='bbox 3232 1120 3298 1175; x_wconf 90' lang='lat' dir='ltr'><strong>ad</strong></span> <span class='ocrx_word' id='word_1_401' title='bbox 3331 1119 3698 1177; x_wconf 88' lang='lat' dir='ltr'><strong>beatitudinem</strong></span> 
     </span>
    </p>
   </div>
   <div class='ocr_carea' id='block_1_57' title="bbox 2124 1206 3703 1281">
    <p class='ocr_par' dir='ltr' id='par_1_57' title="bbox 2124 1206 3703 1281">
     <span class='ocr_line' id='line_1_57' title="bbox 2124 1206 3703 1281; baseline 0.002 -19"><span class='ocrx_word' id='word_1_402' title='bbox 2124 1206 2341 1276; x_wconf 91' lang='lat' dir='ltr'><strong>Christi,</strong></span> <span class='ocrx_word' id='word_1_403' title='bbox 2375 1210 2538 1265; x_wconf 90' lang='lat' dir='ltr'><strong>vitam</strong></span> <span class='ocrx_word' id='word_1_404' title='bbox 2568 1218 2894 1281; x_wconf 71' lang='lat' dir='ltr'><strong>praesentem</strong></span> <span class='ocrx_word' id='word_1_405' title='bbox 2922 1210 3024 1266; x_wconf 92' lang='lat' dir='ltr'><strong>sub</strong></span> <span class='ocrx_word' id='word_1_406' title='bbox 3049 1226 3106 1265; x_wconf 90' lang='lat' dir='ltr'><strong>se</strong></span> <span class='ocrx_word' id='word_1_407' title='bbox 3140 1210 3341 1266; x_wconf 90' lang='lat' dir='ltr'><strong>vident.</strong></span> <span class='ocrx_word' id='word_1_408' title='bbox 3386 1210 3449 1264; x_wconf 85' lang='lat' dir='ltr'><strong>Et</strong></span> <span class='ocrx_word' id='word_1_409' title='bbox 3492 1209 3703 1265; x_wconf 83' lang='lat' dir='ltr'><strong>dextera</strong></span> 
     </span>
    </p>
   </div>
   <div class='ocr_carea' id='block_1_58' title="bbox 2125 1296 3702 1371">
    <p class='ocr_par' dir='ltr' id='par_1_58' title="bbox 2125 1296 3702 1371">
     <span class='ocr_line' id='line_1_58' title="bbox 2125 1296 3702 1371; baseline 0.002 -21"><span class='ocrx_word' id='word_1_410' title='bbox 2125 1296 2325 1353; x_wconf 88' lang='lat' dir='ltr'><strong>Christi</strong></span> <span class='ocrx_word' id='word_1_411' title='bbox 2373 1313 2469 1354; x_wconf 90' lang='lat' dir='ltr'><strong>eos</strong></span> <span class='ocrx_word' id='word_1_412' title='bbox 2512 1299 2889 1370; x_wconf 86' lang='lat' dir='ltr'><strong>amplexatur;</strong></span> <span class='ocrx_word' id='word_1_413' title='bbox 2925 1300 3052 1370; x_wconf 89' lang='lat' dir='ltr'><strong>quia</strong></span> <span class='ocrx_word' id='word_1_414' title='bbox 3080 1315 3149 1355; x_wconf 83' lang='lat' dir='ltr'><strong>ex</strong></span> <span class='ocrx_word' id='word_1_415' title='bbox 3176 1298 3326 1355; x_wconf 88' lang='lat' dir='ltr'><strong>omni</strong></span> <span class='ocrx_word' id='word_1_416' title='bbox 3351 1306 3498 1371; x_wconf 88' lang='lat' dir='ltr'><strong>parte</strong></span> <span class='ocrx_word' id='word_1_417' title='bbox 3513 1313 3603 1355; x_wconf 91' lang='lat' dir='ltr'><strong>eos</strong></span> <span class='ocrx_word' id='word_1_418' title='bbox 3626 1299 3702 1354; x_wconf 89' lang='lat' dir='ltr'><strong>di-</strong></span> 
     </span>
    </p>
   </div>
   <div class='ocr_carea' id='block_1_59' title="bbox 2123 1386 3702 1455">
    <p class='ocr_par' dir='ltr' id='par_1_59' title="bbox 2123 1386 3702 1455">
     <span class='ocr_line' id='line_1_59' title="bbox 2123 1386 3702 1455; baseline 0.001 -15"><span class='ocrx_word' id='word_1_419' title='bbox 2123 1386 2282 1441; x_wconf 89' lang='lat' dir='ltr'><strong>lectio</strong></span> <span class='ocrx_word' id='word_1_420' title='bbox 2311 1386 2553 1442; x_wconf 85' lang='lat' dir='ltr'><strong>coelestis</strong></span> <span class='ocrx_word' id='word_1_421' title='bbox 2606 1387 2746 1443; x_wconf 88' lang='lat' dir='ltr'><strong>intra</strong></span> <span class='ocrx_word' id='word_1_422' title='bbox 2802 1404 2862 1444; x_wconf 91' lang='lat' dir='ltr'><strong>se</strong></span> <span class='ocrx_word' id='word_1_423' title='bbox 2894 1388 3135 1444; x_wconf 86' lang='lat' dir='ltr'><strong>retinens</strong></span> <span class='ocrx_word' id='word_1_424' title='bbox 3166 1397 3362 1444; x_wconf 90' lang='lat' dir='ltr'><strong>tuetur.</strong></span> <span class='ocrx_word' id='word_1_425' title='bbox 3401 1387 3702 1455; x_wconf 72' lang='lat' dir='ltr'><strong>Huiusmodi</strong></span> 
     </span>
    </p>
   </div>
   <div class='ocr_carea' id='block_1_60' title="bbox 2124 1473 3703 1548">
    <p class='ocr_par' dir='ltr' id='par_1_60' title="bbox 2124 1473 3703 1548">
     <span class='ocr_line' id='line_1_60' title="bbox 2124 1473 3703 1548; baseline 0.002 -20"><span class='ocrx_word' id='word_1_426' title='bbox 2124 1473 2326 1546; x_wconf 90' lang='lat' dir='ltr'><strong>quippe</strong></span> <span class='ocrx_word' id='word_1_427' title='bbox 2353 1475 2454 1531; x_wconf 91' lang='lat' dir='ltr'><strong>viri</strong></span> <span class='ocrx_word' id='word_1_428' title='bbox 2483 1484 2668 1532; x_wconf 81' lang='lat' dir='ltr'><strong>sancto</strong></span> <span class='ocrx_word' id='word_1_429' title='bbox 2684 1477 2795 1533; x_wconf 89' lang='lat' dir='ltr'><strong>otio</strong></span> <span class='ocrx_word' id='word_1_430' title='bbox 2817 1477 3178 1547; x_wconf 89' lang='lat' dir='ltr'><strong>delectantur,</strong></span> <span class='ocrx_word' id='word_1_431' title='bbox 3202 1476 3254 1532; x_wconf 91' lang='lat' dir='ltr'><strong>in</strong></span> <span class='ocrx_word' id='word_1_432' title='bbox 3271 1492 3380 1548; x_wconf 91' lang='lat' dir='ltr'><strong>quo</strong></span> <span class='ocrx_word' id='word_1_433' title='bbox 3401 1476 3524 1533; x_wconf 73' lang='lat' dir='ltr'><strong>vitae</strong></span> <span class='ocrx_word' id='word_1_434' title='bbox 3542 1477 3703 1531; x_wconf 65' lang='lat' dir='ltr'><strong>beatas</strong></span> 
     </span>
    </p>
   </div>
   <div class='ocr_carea' id='block_1_61' title="bbox 2124 1562 3703 1638">
    <p class='ocr_par' dir='ltr' id='par_1_61' title="bbox 2124 1562 3703 1638">
     <span class='ocr_line' id='line_1_61' title="bbox 2124 1562 3703 1638; baseline 0.002 -21"><span class='ocrx_word' id='word_1_435' title='bbox 2124 1562 2413 1620; x_wconf 89' lang='lat' dir='ltr'><strong>dilectione</strong></span> <span class='ocrx_word' id='word_1_436' title='bbox 2481 1565 2979 1637; x_wconf 90' lang='lat' dir='ltr'><strong>concupiscibiliter</strong></span> <span class='ocrx_word' id='word_1_437' title='bbox 3052 1582 3151 1638; x_wconf 90' lang='lat' dir='ltr'><strong>per</strong></span> <span class='ocrx_word' id='word_1_438' title='bbox 3207 1565 3703 1637; x_wconf 88' lang='lat' dir='ltr'><strong>contemplationem</strong></span> 
     </span>
    </p>
   </div>
   <div class='ocr_carea' id='block_1_62' title="bbox 2124 1653 3705 1725">
    <p class='ocr_par' dir='ltr' id='par_1_62' title="bbox 2124 1653 3705 1725">
     <span class='ocr_line' id='line_1_62' title="bbox 2124 1653 3705 1725; baseline 0.001 -18"><span class='ocrx_word' id='word_1_439' title='bbox 2124 1653 2496 1724; x_wconf 82' lang='lat' dir='ltr'><strong>perfruuntur.</strong></span> <span class='ocrx_word' id='word_1_440' title='bbox 2534 1656 2596 1709; x_wconf 92' lang='lat' dir='ltr'><strong>In</strong></span> <span class='ocrx_word' id='word_1_441' title='bbox 2626 1670 2731 1725; x_wconf 86' lang='lat' dir='ltr'><strong>qua</strong></span> <span class='ocrx_word' id='word_1_442' title='bbox 2762 1655 3219 1724; x_wconf 87' lang='lat' dir='ltr'><strong>contemplatione</strong></span> <span class='ocrx_word' id='word_1_443' title='bbox 3266 1653 3484 1712; x_wconf 89' lang='lat' dir='ltr'><strong>oculum</strong></span> <span class='ocrx_word' id='word_1_444' title='bbox 3537 1653 3705 1711; x_wconf 89' lang='lat' dir='ltr'><strong>cordis</strong></span> 
     </span>
    </p>
   </div>
   <div class='ocr_carea' id='block_1_63' title="bbox 2046 1742 3705 1825">
    <p class='ocr_par' dir='ltr' id='par_1_63' title="bbox 2046 1742 3705 1825">
     <span class='ocr_line' id='line_1_63' title="bbox 2046 1742 3705 1825; baseline 0.001 -29"><span class='ocrx_word' id='word_1_445' title='bbox 2046 1764 2100 1825; x_wconf 80' lang='grc' dir='ltr'>Β</span> <span class='ocrx_word' id='word_1_446' title='bbox 2128 1742 2410 1811; x_wconf 77' lang='lat' dir='ltr'><strong>mandant,</strong></span> <span class='ocrx_word' id='word_1_447' title='bbox 2443 1751 2499 1798; x_wconf 91' lang='lat' dir='ltr'><strong>ut</strong></span> <span class='ocrx_word' id='word_1_448' title='bbox 2526 1744 2701 1799; x_wconf 91' lang='lat' dir='ltr'><strong>Deum</strong></span> <span class='ocrx_word' id='word_1_449' title='bbox 2730 1745 2909 1800; x_wconf 89' lang='lat' dir='ltr'><strong>adhuc</strong></span> <span class='ocrx_word' id='word_1_450' title='bbox 2936 1745 3098 1800; x_wconf 85' lang='lat' dir='ltr'><strong>etiam</strong></span> <span class='ocrx_word' id='word_1_451' title='bbox 3129 1745 3184 1799; x_wconf 91' lang='lat' dir='ltr'><strong>in</strong></span> <span class='ocrx_word' id='word_1_452' title='bbox 3212 1744 3317 1801; x_wconf 89' lang='lat' dir='ltr'><strong>hac</strong></span> <span class='ocrx_word' id='word_1_453' title='bbox 3347 1760 3508 1800; x_wconf 88' lang='lat' dir='ltr'><strong>carne</strong></span> <span class='ocrx_word' id='word_1_454' title='bbox 3536 1743 3705 1815; x_wconf 88' lang='lat' dir='ltr'><strong>positi,</strong></span> 
     </span>
    </p>
   </div>
   <div class='ocr_carea' id='block_1_64' title="bbox 2132 1832 3712 1903">
    <p class='ocr_par' dir='ltr' id='par_1_64' title="bbox 2132 1832 3712 1903">
     <span class='ocr_line' id='line_1_64' title="bbox 2132 1832 3712 1903; baseline 0.002 -18"><span class='ocrx_word' id='word_1_455' title='bbox 2132 1840 2393 1903; x_wconf 86' lang='lat' dir='ltr'><strong>quantum</strong></span> <span class='ocrx_word' id='word_1_456' title='bbox 2425 1834 2676 1890; x_wconf 66' lang='lat' dir='ltr'><strong>humana:</strong></span> <span class='ocrx_word' id='word_1_457' title='bbox 2706 1832 2999 1889; x_wconf 87' lang='lat' dir='ltr'><strong>inﬁrmitati</strong></span> <span class='ocrx_word' id='word_1_458' title='bbox 3030 1833 3213 1889; x_wconf 89' lang='lat' dir='ltr'><strong>datum</strong></span> <span class='ocrx_word' id='word_1_459' title='bbox 3243 1837 3346 1900; x_wconf 88' lang='lat' dir='ltr'><strong>est,</strong></span> <span class='ocrx_word' id='word_1_460' title='bbox 3378 1833 3611 1900; x_wconf 86' lang='lat' dir='ltr'><strong>videant,</strong></span> <span class='ocrx_word' id='word_1_461' title='bbox 3627 1850 3712 1893; x_wconf 86' lang='lat' dir='ltr'><strong>cu-</strong></span> 
     </span>
    </p>
   </div>
   <div class='ocr_carea' id='block_1_65' title="bbox 2127 1918 3711 1989">
    <p class='ocr_par' dir='ltr' id='par_1_65' title="bbox 2127 1918 3711 1989">
     <span class='ocr_line' id='line_1_65' title="bbox 2127 1918 3711 1989; baseline 0.001 -16"><span class='ocrx_word' id='word_1_462' title='bbox 2127 1920 2216 1989; x_wconf 85' lang='lat' dir='ltr'><strong>jus</strong></span> <span class='ocrx_word' id='word_1_463' title='bbox 2246 1918 2451 1975; x_wconf 88' lang='lat' dir='ltr'><strong>visione</strong></span> <span class='ocrx_word' id='word_1_464' title='bbox 2472 1936 2528 1976; x_wconf 90' lang='lat' dir='ltr'><strong>se</strong></span> <span class='ocrx_word' id='word_1_465' title='bbox 2557 1920 2884 1988; x_wconf 88' lang='lat' dir='ltr'><strong>illuminent,</strong></span> <span class='ocrx_word' id='word_1_466' title='bbox 2906 1922 3174 1977; x_wconf 87' lang='lat' dir='ltr'><strong>suavitate</strong></span> <span class='ocrx_word' id='word_1_467' title='bbox 3196 1920 3457 1978; x_wconf 88' lang='lat' dir='ltr'><strong>reﬁciant.</strong></span> <span class='ocrx_word' id='word_1_468' title='bbox 3475 1921 3561 1976; x_wconf 86' lang='lat' dir='ltr'><strong>Isti</strong></span> <span class='ocrx_word' id='word_1_469' title='bbox 3577 1921 3711 1975; x_wconf 88' lang='lat' dir='ltr'><strong>illam</strong></span> 
     </span>
    </p>
   </div>
   <div class='ocr_carea' id='block_1_66' title="bbox 2133 2008 3715 2082">
    <p class='ocr_par' dir='ltr' id='par_1_66' title="bbox 2133 2008 3715 2082">
     <span class='ocr_line' id='line_1_66' title="bbox 2133 2008 3715 2082; baseline 0.001 -20"><span class='ocrx_word' id='word_1_470' title='bbox 2133 2008 2518 2064; x_wconf 88' lang='lat' dir='ltr'><strong>beatitudinem</strong></span> <span class='ocrx_word' id='word_1_471' title='bbox 2546 2011 2657 2080; x_wconf 89' lang='lat' dir='ltr'><strong>jam</strong></span> <span class='ocrx_word' id='word_1_472' title='bbox 2692 2009 3085 2082; x_wconf 87' lang='lat' dir='ltr'><strong>aliquantulum</strong></span> <span class='ocrx_word' id='word_1_473' title='bbox 3115 2010 3478 2082; x_wconf 83' lang='lat' dir='ltr'><strong>experiuntur,</strong></span> <span class='ocrx_word' id='word_1_474' title='bbox 3509 2010 3574 2065; x_wconf 91' lang='lat' dir='ltr'><strong>de</strong></span> <span class='ocrx_word' id='word_1_475' title='bbox 3616 2023 3715 2080; x_wconf 84' lang='lat' dir='ltr'><strong>qua</strong></span> 
     </span>
    </p>
   </div>
   <div class='ocr_carea' id='block_1_67' title="bbox 2132 2096 3717 2169">
    <p class='ocr_par' dir='ltr' id='par_1_67' title="bbox 2132 2096 3717 2169">
     <span class='ocr_line' id='line_1_67' title="bbox 2132 2096 3717 2169; baseline 0.002 -18"><span class='ocrx_word' id='word_1_476' title='bbox 2132 2096 2185 2151; x_wconf 91' lang='lat' dir='ltr'><strong>in</strong></span> <span class='ocrx_word' id='word_1_477' title='bbox 2217 2098 2518 2169; x_wconf 83' lang='lat' dir='ltr'><strong>Evangelia</strong></span> <span class='ocrx_word' id='word_1_478' title='bbox 2554 2098 2806 2154; x_wconf 87' lang='lat' dir='ltr'><strong>Veritatis</strong></span> <span class='ocrx_word' id='word_1_479' title='bbox 2837 2114 2971 2155; x_wconf 90' lang='lat' dir='ltr'><strong>voce</strong></span> <span class='ocrx_word' id='word_1_480' title='bbox 3000 2099 3197 2155; x_wconf 86' lang='lat' dir='ltr'><strong>dicitur</strong></span> <span class='ocrx_word' id='word_1_481' title='bbox 3227 2118 3238 2153; x_wconf 96' lang='lat'>:</span> <span class='ocrx_word' id='word_1_482' title='bbox 3300 2099 3463 2156; x_wconf 87' lang='lat' dir='ltr'><strong>Beati</strong></span> <span class='ocrx_word' id='word_1_483' title='bbox 3514 2098 3717 2154; x_wconf 80' lang='lat' dir='ltr'><strong>mundo</strong></span> 
     </span>
    </p>
   </div>
   <div class='ocr_carea' id='block_1_68' title="bbox 2132 2186 3710 2261">
    <p class='ocr_par' dir='ltr' id='par_1_68' title="bbox 2132 2186 3710 2261">
     <span class='ocr_line' id='line_1_68' title="bbox 2132 2186 3710 2261; baseline -0.001 -19"><span class='ocrx_word' id='word_1_484' title='bbox 2132 2186 2316 2254; x_wconf 87' lang='lat' dir='ltr'><strong>corde,</strong></span> <span class='ocrx_word' id='word_1_485' title='bbox 2350 2188 2620 2259; x_wconf 84' lang='lat' dir='ltr'><strong>quoniam</strong></span> <span class='ocrx_word' id='word_1_486' title='bbox 2640 2189 2752 2261; x_wconf 85' lang='lat' dir='ltr'><strong>ipsi</strong></span> <span class='ocrx_word' id='word_1_487' title='bbox 2788 2189 2959 2244; x_wconf 87' lang='lat' dir='ltr'><strong>Deum</strong></span> <span class='ocrx_word' id='word_1_488' title='bbox 2989 2189 3253 2245; x_wconf 82' lang='lat' dir='ltr'><strong>videbunt</strong></span> <span class='ocrx_word' id='word_1_489' title='bbox 3285 2187 3506 2257; x_wconf 79' lang='lat' dir='ltr'><strong>(Matth.</strong></span> <span class='ocrx_word' id='word_1_490' title='bbox 3537 2204 3589 2256; x_wconf 91' lang='lat' dir='ltr'><strong>v,</strong></span> <span class='ocrx_word' id='word_1_491' title='bbox 3635 2190 3710 2258; x_wconf 87' lang='lat'><strong>8).</strong></span> 
     </span>
    </p>
   </div>
   <div class='ocr_carea' id='block_1_69' title="bbox 2133 2274 3719 2348">
    <p class='ocr_par' dir='ltr' id='par_1_69' title="bbox 2133 2274 3719 2348">
     <span class='ocr_line' id='line_1_69' title="bbox 2133 2274 3719 2348; baseline -0.001 -19"><span class='ocrx_word' id='word_1_492' title='bbox 2133 2274 2292 2344; x_wconf 90' lang='lat' dir='ltr'><strong>Quod</strong></span> <span class='ocrx_word' id='word_1_493' title='bbox 2321 2275 2469 2330; x_wconf 88' lang='lat' dir='ltr'><strong>enim</strong></span> <span class='ocrx_word' id='word_1_494' title='bbox 2504 2276 2742 2331; x_wconf 85' lang='lat' dir='ltr'><strong>futurum</strong></span> <span class='ocrx_word' id='word_1_495' title='bbox 2772 2284 2873 2344; x_wconf 90' lang='lat' dir='ltr'><strong>est,</strong></span> <span class='ocrx_word' id='word_1_496' title='bbox 2895 2278 3010 2346; x_wconf 87' lang='lat' dir='ltr'><strong>jam</strong></span> <span class='ocrx_word' id='word_1_497' title='bbox 3040 2277 3093 2332; x_wconf 91' lang='lat' dir='ltr'><strong>in</strong></span> <span class='ocrx_word' id='word_1_498' title='bbox 3123 2277 3202 2331; x_wconf 81' lang='lat' dir='ltr'><strong>eis</strong></span> <span class='ocrx_word' id='word_1_499' title='bbox 3229 2275 3719 2348; x_wconf 89' lang='lat' dir='ltr'><strong>incipitcompleri,</strong></span> 
     </span>
    </p>
   </div>
   <div class='ocr_carea' id='block_1_70' title="bbox 2134 2363 3720 2434">
    <p class='ocr_par' dir='ltr' id='par_1_70' title="bbox 2134 2363 3720 2434">
     <span class='ocr_line' id='line_1_70' title="bbox 2134 2363 3720 2434; baseline -0.001 -16"><span class='ocrx_word' id='word_1_500' title='bbox 2134 2363 2257 2433; x_wconf 88' lang='lat' dir='ltr'><strong>quia</strong></span> <span class='ocrx_word' id='word_1_501' title='bbox 2287 2364 2388 2419; x_wconf 86' lang='lat' dir='ltr'><strong>etsi</strong></span> <span class='ocrx_word' id='word_1_502' title='bbox 2418 2364 2472 2418; x_wconf 92' lang='lat' dir='ltr'><strong>in</strong></span> <span class='ocrx_word' id='word_1_503' title='bbox 2504 2364 2608 2421; x_wconf 89' lang='lat' dir='ltr'><strong>hoc</strong></span> <span class='ocrx_word' id='word_1_504' title='bbox 2638 2366 2841 2420; x_wconf 90' lang='lat' dir='ltr'><strong>mundo</strong></span> <span class='ocrx_word' id='word_1_505' title='bbox 2870 2365 3045 2421; x_wconf 90' lang='lat' dir='ltr'><strong>adhuc</strong></span> <span class='ocrx_word' id='word_1_506' title='bbox 3072 2366 3126 2420; x_wconf 93' lang='lat' dir='ltr'><strong>in</strong></span> <span class='ocrx_word' id='word_1_507' title='bbox 3156 2381 3324 2422; x_wconf 89' lang='lat' dir='ltr'><strong>carne</strong></span> <span class='ocrx_word' id='word_1_508' title='bbox 3369 2366 3571 2433; x_wconf 83' lang='lat' dir='ltr'><strong>vivunt,</strong></span> <span class='ocrx_word' id='word_1_509' title='bbox 3613 2364 3720 2434; x_wconf 83' lang='lat' dir='ltr'><strong>jam</strong></span> 
     </span>
    </p>
   </div>
   <div class='ocr_carea' id='block_1_71' title="bbox 2133 2454 3722 2526">
    <p class='ocr_par' dir='ltr' id='par_1_71' title="bbox 2133 2454 3722 2526">
     <span class='ocr_line' id='line_1_71' title="bbox 2133 2454 3722 2526; baseline 0 -19"><span class='ocrx_word' id='word_1_510' title='bbox 2133 2459 2314 2508; x_wconf 86' lang='lat' dir='ltr'><strong>tamen</strong></span> <span class='ocrx_word' id='word_1_511' title='bbox 2345 2468 2443 2523; x_wconf 89' lang='lat' dir='ltr'><strong>per</strong></span> <span class='ocrx_word' id='word_1_512' title='bbox 2471 2456 2572 2509; x_wconf 92' lang='lat' dir='ltr'><strong>hoc</strong></span> <span class='ocrx_word' id='word_1_513' title='bbox 2605 2454 2749 2526; x_wconf 85' lang='lat' dir='ltr'><strong>quod</strong></span> <span class='ocrx_word' id='word_1_514' title='bbox 2779 2455 2957 2526; x_wconf 85' lang='lat' dir='ltr'><strong>majus</strong></span> <span class='ocrx_word' id='word_1_515' title='bbox 2985 2462 3067 2510; x_wconf 88' lang='lat' dir='ltr'><strong>est</strong></span> <span class='ocrx_word' id='word_1_516' title='bbox 3095 2454 3148 2509; x_wconf 93' lang='lat' dir='ltr'><strong>in</strong></span> <span class='ocrx_word' id='word_1_517' title='bbox 3178 2455 3275 2518; x_wconf 88' lang='lat' dir='ltr'><strong>eis,</strong></span> <span class='ocrx_word' id='word_1_518' title='bbox 3305 2462 3464 2510; x_wconf 81' lang='lat' dir='ltr'><strong>extra</strong></span> <span class='ocrx_word' id='word_1_519' title='bbox 3517 2467 3722 2510; x_wconf 87' lang='lat' dir='ltr'><strong>carnem</strong></span> 
     </span>
    </p>
   </div>
   <div class='ocr_carea' id='block_1_72' title="bbox 2133 2541 3725 2615">
    <p class='ocr_par' dir='ltr' id='par_1_72' title="bbox 2133 2541 3725 2615">
     <span class='ocr_line' id='line_1_72' title="bbox 2133 2541 3725 2615; baseline 0 -20"><span class='ocrx_word' id='word_1_520' title='bbox 2133 2549 2276 2596; x_wconf 89' lang='lat' dir='ltr'><strong>sunt.</strong></span> <span class='ocrx_word' id='word_1_521' title='bbox 2308 2541 2391 2596; x_wconf 84' lang='lat' dir='ltr'><strong>Ab</strong></span> <span class='ocrx_word' id='word_1_522' title='bbox 2423 2542 2505 2597; x_wconf 91' lang='lat' dir='ltr'><strong>his</strong></span> <span class='ocrx_word' id='word_1_523' title='bbox 2532 2542 2792 2614; x_wconf 88' lang='lat' dir='ltr'><strong>impletur</strong></span> <span class='ocrx_word' id='word_1_524' title='bbox 2814 2544 2962 2615; x_wconf 90' lang='lat' dir='ltr'><strong>quod</strong></span> <span class='ocrx_word' id='word_1_525' title='bbox 3000 2560 3097 2615; x_wconf 89' lang='lat' dir='ltr'><strong>per</strong></span> <span class='ocrx_word' id='word_1_526' title='bbox 3149 2542 3495 2598; x_wconf 83' lang='lat' dir='ltr'><strong>Psalmistam</strong></span> <span class='ocrx_word' id='word_1_527' title='bbox 3549 2541 3725 2597; x_wconf 88' lang='lat' dir='ltr'><strong>divina</strong></span> 
     </span>
    </p>
   </div>
   <div class='ocr_carea' id='block_1_73' title="bbox 2134 2631 3724 2705">
    <p class='ocr_par' dir='ltr' id='par_1_73' title="bbox 2134 2631 3724 2705">
     <span class='ocr_line' id='line_1_73' title="bbox 2134 2631 3724 2705; baseline 0 -20"><span class='ocrx_word' id='word_1_528' title='bbox 2134 2645 2267 2686; x_wconf 90' lang='lat' dir='ltr'><strong>voce</strong></span> <span class='ocrx_word' id='word_1_529' title='bbox 2287 2631 2605 2701; x_wconf 70' lang='lat' dir='ltr'><strong>praecipitur</strong></span> <span class='ocrx_word' id='word_1_530' title='bbox 2630 2649 2643 2685; x_wconf 88' lang='lat'><strong>:</strong></span> <span class='ocrx_word' id='word_1_531' title='bbox 2682 2633 2881 2689; x_wconf 79' lang='lat' dir='ltr'><strong>Vacate</strong></span> <span class='ocrx_word' id='word_1_532' title='bbox 2909 2636 2967 2689; x_wconf 87' lang='lat' dir='ltr'><strong>et</strong></span> <span class='ocrx_word' id='word_1_533' title='bbox 2996 2633 3485 2705; x_wconf 78' lang='lat' dir='ltr'><strong>videte,quoniam</strong></span> <span class='ocrx_word' id='word_1_534' title='bbox 3499 2647 3724 2703; x_wconf 85' lang='lat' dir='ltr'><strong>egosum</strong></span> 
     </span>
    </p>
   </div>
   <div class='ocr_carea' id='block_1_74' title="bbox 2134 2719 3727 2794">
    <p class='ocr_par' dir='ltr' id='par_1_74' title="bbox 2134 2719 3727 2794">
     <span class='ocr_line' id='line_1_74' title="bbox 2134 2719 3727 2794; baseline 0 -21"><span class='ocrx_word' id='word_1_535' title='bbox 2134 2719 2280 2775; x_wconf 89' lang='lat' dir='ltr'><strong>Deus</strong></span> <span class='ocrx_word' id='word_1_536' title='bbox 2299 2720 2476 2788; x_wconf 88' lang='lat' dir='ltr'><strong>(Psal.</strong></span> <span class='ocrx_word' id='word_1_537' title='bbox 2509 2736 2638 2788; x_wconf 82' lang='lat' dir='ltr'><strong>va,</strong></span> <span class='ocrx_word' id='word_1_538' title='bbox 2671 2720 2783 2791; x_wconf 87' lang='grc'>11).</span> <span class='ocrx_word' id='word_1_539' title='bbox 2811 2722 2880 2776; x_wconf 79' lang='lat' dir='ltr'><strong>lli</strong></span> <span class='ocrx_word' id='word_1_540' title='bbox 2905 2721 3049 2776; x_wconf 88' lang='lat' dir='ltr'><strong>enim</strong></span> <span class='ocrx_word' id='word_1_541' title='bbox 3080 2737 3186 2794; x_wconf 92' lang='lat' dir='ltr'><strong>quo</strong></span> <span class='ocrx_word' id='word_1_542' title='bbox 3217 2721 3332 2777; x_wconf 89' lang='lat' dir='ltr'><strong>sine</strong></span> <span class='ocrx_word' id='word_1_543' title='bbox 3381 2719 3569 2776; x_wconf 91' lang='lat' dir='ltr'><strong>mundi</strong></span> <span class='ocrx_word' id='word_1_544' title='bbox 3595 2727 3727 2774; x_wconf 89' lang='lat' dir='ltr'><strong>stre-</strong></span> 
     </span>
    </p>
   </div>
   <div class='ocr_carea' id='block_1_75' title="bbox 2134 2808 3726 2881">
    <p class='ocr_par' dir='ltr' id='par_1_75' title="bbox 2134 2808 3726 2881">
     <span class='ocr_line' id='line_1_75' title="bbox 2134 2808 3726 2881; baseline 0 -18"><span class='ocrx_word' id='word_1_545' title='bbox 2134 2808 2250 2878; x_wconf 90' lang='lat' dir='ltr'><strong>pitu</strong></span> <span class='ocrx_word' id='word_1_546' title='bbox 2273 2808 2482 2877; x_wconf 85' lang='lat' dir='ltr'><strong>vivunt,</strong></span> <span class='ocrx_word' id='word_1_547' title='bbox 2506 2824 2571 2864; x_wconf 89' lang='lat' dir='ltr'><strong>eo</strong></span> <span class='ocrx_word' id='word_1_548' title='bbox 2600 2818 2833 2865; x_wconf 90' lang='lat' dir='ltr'><strong>mentem</strong></span> <span class='ocrx_word' id='word_1_549' title='bbox 2865 2810 2919 2865; x_wconf 92' lang='lat' dir='ltr'><strong>in</strong></span> <span class='ocrx_word' id='word_1_550' title='bbox 2952 2810 3048 2866; x_wconf 89' lang='lat' dir='ltr'><strong>Dei</strong></span> <span class='ocrx_word' id='word_1_551' title='bbox 3078 2809 3344 2866; x_wconf 90' lang='lat' dir='ltr'><strong>visionem</strong></span> <span class='ocrx_word' id='word_1_552' title='bbox 3364 2826 3463 2881; x_wconf 90' lang='lat' dir='ltr'><strong>per</strong></span> <span class='ocrx_word' id='word_1_553' title='bbox 3512 2808 3726 2864; x_wconf 91' lang='lat' dir='ltr'><strong>deside-</strong></span> 
     </span>
    </p>
   </div>
   <div class='ocr_carea' id='block_1_76' title="bbox 2137 2891 3729 2967">
    <p class='ocr_par' dir='ltr' id='par_1_76' title="bbox 2137 2891 3729 2967">
     <span class='ocr_line' id='line_1_76' title="bbox 2137 2891 3729 2967; baseline -0.001 -20"><span class='ocrx_word' id='word_1_554' title='bbox 2137 2892 2275 2948; x_wconf 88' lang='lat' dir='ltr'><strong>rium</strong></span> <span class='ocrx_word' id='word_1_555' title='bbox 2307 2900 2359 2949; x_wconf 90' lang='lat' dir='ltr'><strong>et</strong></span> <span class='ocrx_word' id='word_1_556' title='bbox 2385 2894 2895 2965; x_wconf 89' lang='lat' dir='ltr'><strong>contemplationem</strong></span> <span class='ocrx_word' id='word_1_557' title='bbox 2926 2893 3115 2967; x_wconf 85' lang='lat' dir='ltr'><strong>ﬁgunt.</strong></span> <span class='ocrx_word' id='word_1_558' title='bbox 3166 2895 3235 2950; x_wconf 91' lang='lat' dir='ltr'><strong>Et</strong></span> <span class='ocrx_word' id='word_1_559' title='bbox 3288 2893 3545 2967; x_wconf 91' lang='lat' dir='ltr'><strong>quoniam</strong></span> <span class='ocrx_word' id='word_1_560' title='bbox 3602 2891 3729 2947; x_wconf 90' lang='lat' dir='ltr'><strong>tales</strong></span> 
     </span>
    </p>
   </div>
   <div class='ocr_carea' id='block_1_77' title="bbox 2137 2981 3729 3055">
    <p class='ocr_par' dir='ltr' id='par_1_77' title="bbox 2137 2981 3729 3055">
     <span class='ocr_line' id='line_1_77' title="bbox 2137 2981 3729 3055; baseline -0.001 -20"><span class='ocrx_word' id='word_1_561' title='bbox 2137 2981 2292 3037; x_wconf 90' lang='lat' dir='ltr'><strong>multi</strong></span> <span class='ocrx_word' id='word_1_562' title='bbox 2320 2998 2389 3036; x_wconf 83' lang='lat' dir='ltr'><strong>ex</strong></span> <span class='ocrx_word' id='word_1_563' title='bbox 2419 2982 2709 3055; x_wconf 59' lang='lat' dir='ltr'><strong>Synagoga</strong></span> <span class='ocrx_word' id='word_1_564' title='bbox 2738 2982 2793 3037; x_wconf 91' lang='lat' dir='ltr'><strong>in</strong></span> <span class='ocrx_word' id='word_1_565' title='bbox 2820 2981 2928 3038; x_wconf 88' lang='lat' dir='ltr'><strong>ﬁne</strong></span> <span class='ocrx_word' id='word_1_566' title='bbox 2957 2982 3165 3051; x_wconf 91' lang='lat' dir='ltr'><strong>mundi,</strong></span> <span class='ocrx_word' id='word_1_567' title='bbox 3197 2990 3253 3037; x_wconf 92' lang='lat' dir='ltr'><strong>ut</strong></span> <span class='ocrx_word' id='word_1_568' title='bbox 3282 2982 3578 3051; x_wconf 89' lang='lat' dir='ltr'><strong>credimus,</strong></span> <span class='ocrx_word' id='word_1_569' title='bbox 3633 2994 3729 3051; x_wconf 91' lang='lat' dir='ltr'><strong>per</strong></span> 
     </span>
    </p>
   </div>
   <div class='ocr_carea' id='block_1_78' title="bbox 2138 3068 3728 3142">
    <p class='ocr_par' dir='ltr' id='par_1_78' title="bbox 2138 3068 3728 3142">
     <span class='ocr_line' id='line_1_78' title="bbox 2138 3068 3728 3142; baseline -0.003 -16"><span class='ocrx_word' id='word_1_570' title='bbox 2138 3070 2556 3127; x_wconf 89' lang='lat' dir='ltr'><strong>conversionem</strong></span> <span class='ocrx_word' id='word_1_571' title='bbox 2585 3079 2763 3138; x_wconf 90' lang='lat' dir='ltr'><strong>erunt,</strong></span> <span class='ocrx_word' id='word_1_572' title='bbox 2797 3072 2936 3127; x_wconf 91' lang='lat' dir='ltr'><strong>bene</strong></span> <span class='ocrx_word' id='word_1_573' title='bbox 2962 3071 3030 3126; x_wconf 93' lang='lat' dir='ltr'><strong>ad</strong></span> <span class='ocrx_word' id='word_1_574' title='bbox 3062 3071 3375 3142; x_wconf 88' lang='lat' dir='ltr'><strong>hujusmodi</strong></span> <span class='ocrx_word' id='word_1_575' title='bbox 3406 3071 3606 3126; x_wconf 90' lang='lat' dir='ltr'><strong>dictum</strong></span> <span class='ocrx_word' id='word_1_576' title='bbox 3645 3068 3728 3123; x_wconf 90' lang='lat' dir='ltr'><strong>in-</strong></span> 
     </span>
    </p>
   </div>
   <div class='ocr_carea' id='block_1_79' title="bbox 2056 3122 3729 3232">
    <p class='ocr_par' dir='ltr' id='par_1_79' title="bbox 2056 3122 3729 3232">
     <span class='ocr_line' id='line_1_79' title="bbox 2056 3122 3729 3232; baseline -0.001 -19"><span class='ocrx_word' id='word_1_577' title='bbox 2056 3122 2107 3187; x_wconf 77' lang='lat' dir='ltr'><strong>C‘</strong></span> <span class='ocrx_word' id='word_1_578' title='bbox 2135 3122 3075 3232; x_wconf 19' lang='lat' dir='ltr'><strong>rvziitvzeba-eﬁiu‘svsub—capite</strong></span> <span class='ocrx_word' id='word_1_579' title='bbox 3087 3122 3231 3229; x_wconf 58' lang='lat' dir='ltr'><strong>nico,</strong></span> <span class='ocrx_word' id='word_1_580' title='bbox 3254 3165 3312 3216; x_wconf 85' lang='lat' dir='ltr'><strong>et</strong></span> <span class='ocrx_word' id='word_1_581' title='bbox 3324 3162 3567 3217; x_wconf 76' lang='lat' dir='ltr'><strong>dextera</strong></span> <span class='ocrx_word' id='word_1_582' title='bbox 3579 3158 3729 3213; x_wconf 86' lang='lat' dir='ltr'><strong>illius</strong></span> 
     </span>
    </p>
   </div>
   <div class='ocr_carea' id='block_1_80' title="bbox 2132 3247 3727 3321">
    <p class='ocr_par' dir='ltr' id='par_1_80' title="bbox 2132 3247 3727 3321">
     <span class='ocr_line' id='line_1_80' title="bbox 2132 3247 3727 3321; baseline -0.003 -18"><span class='ocrx_word' id='word_1_583' title='bbox 2132 3249 2564 3320; x_wconf 73' lang='lat' dir='ltr'><strong>amplexabitur</strong></span> <span class='ocrx_word' id='word_1_584' title='bbox 2589 3266 2705 3306; x_wconf 90' lang='lat' dir='ltr'><strong>me.</strong></span> <span class='ocrx_word' id='word_1_585' title='bbox 2731 3249 2811 3305; x_wconf 94' lang='lat' dir='ltr'><strong>De</strong></span> <span class='ocrx_word' id='word_1_586' title='bbox 2843 3248 3038 3321; x_wconf 91' lang='lat' dir='ltr'><strong>quibus</strong></span> <span class='ocrx_word' id='word_1_587' title='bbox 3067 3256 3119 3304; x_wconf 93' lang='lat' dir='ltr'><strong>et</strong></span> <span class='ocrx_word' id='word_1_588' title='bbox 3147 3265 3251 3320; x_wconf 91' lang='lat' dir='ltr'><strong>pro</strong></span> <span class='ocrx_word' id='word_1_589' title='bbox 3276 3248 3477 3321; x_wconf 87' lang='lat' dir='ltr'><strong>quibus</strong></span> <span class='ocrx_word' id='word_1_590' title='bbox 3494 3247 3727 3318; x_wconf 86' lang='lat' dir='ltr'><strong>Sponsus</strong></span> 
     </span>
    </p>
   </div>
   <div class='ocr_carea' id='block_1_81' title="bbox 2131 3335 2841 3409">
    <p class='ocr_par' dir='ltr' id='par_1_81' title="bbox 2131 3335 2841 3409">
     <span class='ocr_line' id='line_1_81' title="bbox 2131 3335 2841 3409; baseline 0.003 -19"><span class='ocrx_word' id='word_1_591' title='bbox 2131 3335 2371 3406; x_wconf 85' lang='lat' dir='ltr'><strong>loquitur</strong></span> <span class='ocrx_word' id='word_1_592' title='bbox 2402 3345 2796 3409; x_wconf 90' lang='lat' dir='ltr'><strong>consequenter</strong></span> <span class='ocrx_word' id='word_1_593' title='bbox 2827 3356 2841 3392; x_wconf 92' lang='lat'><strong>:</strong></span> 
     </span>
    </p>
   </div>
   <div class='ocr_carea' id='block_1_82' title="bbox 2204 3423 3727 3498">
    <p class='ocr_par' dir='ltr' id='par_1_82' title="bbox 2204 3423 3727 3498">
     <span class='ocr_line' id='line_1_82' title="bbox 2204 3423 3727 3498; baseline -0.001 -19"><span class='ocrx_word' id='word_1_594' title='bbox 2204 3427 2377 3497; x_wconf 86' lang='lat' dir='ltr'><strong>(Vers.</strong></span> <span class='ocrx_word' id='word_1_595' title='bbox 2393 3429 2470 3497; x_wconf 79' lang='grc'>4.)</span> <span class='ocrx_word' id='word_1_596' title='bbox 2484 3427 2692 3497; x_wconf 80' lang='lat' dir='ltr'><strong>Adjuro</strong></span> <span class='ocrx_word' id='word_1_597' title='bbox 2709 3443 2819 3496; x_wconf 76' lang='lat' dir='ltr'><strong>vos,</strong></span> <span class='ocrx_word' id='word_1_598' title='bbox 2837 3427 2976 3498; x_wconf 64' lang='lat' dir='ltr'><strong>ﬁlia!</strong></span> <span class='ocrx_word' id='word_1_599' title='bbox 2986 3427 3323 3491; x_wconf 79' lang='lat' dir='ltr'><strong>Jerusalem,</strong></span> <span class='ocrx_word' id='word_1_600' title='bbox 3356 3442 3430 3483; x_wconf 85' lang='lat' dir='ltr'><strong>ne</strong></span> <span class='ocrx_word' id='word_1_601' title='bbox 3445 3423 3727 3482; x_wconf 77' lang='lat' dir='ltr'><strong>suscitatis</strong></span> 
     </span>
    </p>
   </div>
   <div class='ocr_carea' id='block_1_83' title="bbox 2132 3514 3689 3588">
    <p class='ocr_par' dir='ltr' id='par_1_83' title="bbox 2132 3514 3689 3588">
     <span class='ocr_line' id='line_1_83' title="bbox 2132 3514 3689 3588; baseline -0.001 -19"><span class='ocrx_word' id='word_1_602' title='bbox 2132 3531 2311 3585; x_wconf 81' lang='lat' dir='ltr'><strong>neque</strong></span> <span class='ocrx_word' id='word_1_603' title='bbox 2340 3516 2608 3587; x_wconf 83' lang='lat' dir='ltr'><strong>evigilare</strong></span> <span class='ocrx_word' id='word_1_604' title='bbox 2624 3517 2854 3585; x_wconf 80' lang='lat' dir='ltr'><strong>faciatis</strong></span> <span class='ocrx_word' id='word_1_605' title='bbox 2868 3516 3160 3585; x_wconf 85' lang='lat' dir='ltr'><strong>dilectum,</strong></span> <span class='ocrx_word' id='word_1_606' title='bbox 3189 3516 3366 3573; x_wconf 82' lang='lat' dir='ltr'><strong>donec</strong></span> <span class='ocrx_word' id='word_1_607' title='bbox 3396 3517 3518 3588; x_wconf 84' lang='lat' dir='ltr'><strong>ipsa</strong></span> <span class='ocrx_word' id='word_1_608' title='bbox 3536 3514 3689 3571; x_wconf 86' lang='lat' dir='ltr'><strong>velit.</strong></span> 
     </span>
    </p>
   </div>
   <div class='ocr_carea' id='block_1_84' title="bbox 2207 3602 3725 3677">
    <p class='ocr_par' dir='ltr' id='par_1_84' title="bbox 2207 3602 3725 3677">
     <span class='ocr_line' id='line_1_84' title="bbox 2207 3602 3725 3677; baseline -0.005 -17"><span class='ocrx_word' id='word_1_609' title='bbox 2207 3603 2316 3660; x_wconf 90' lang='lat' dir='ltr'><strong>Sed</strong></span> <span class='ocrx_word' id='word_1_610' title='bbox 2346 3604 2472 3677; x_wconf 89' lang='lat' dir='ltr'><strong>quia</strong></span> <span class='ocrx_word' id='word_1_611' title='bbox 2501 3605 2607 3659; x_wconf 93' lang='lat' dir='ltr'><strong>hoc</strong></span> <span class='ocrx_word' id='word_1_612' title='bbox 2655 3604 2904 3675; x_wconf 89' lang='lat' dir='ltr'><strong>superius</strong></span> <span class='ocrx_word' id='word_1_613' title='bbox 2958 3604 3311 3673; x_wconf 83' lang='lat' dir='ltr'><strong>exposuimus</strong></span> <span class='ocrx_word' id='word_1_614' title='bbox 3365 3604 3466 3673; x_wconf 88' lang='lat' dir='ltr'><strong>(ad</strong></span> <span class='ocrx_word' id='word_1_615' title='bbox 3496 3617 3641 3659; x_wconf 82' lang='lat' dir='ltr'><strong>vers.</strong></span> <span class='ocrx_word' id='word_1_616' title='bbox 3695 3602 3725 3653; x_wconf 87' lang='lat'><strong>7</strong></span> 
     </span>
    </p>
   </div>
   <div class='ocr_carea' id='block_1_85' title="bbox 2134 3687 3730 3767">
    <p class='ocr_par' dir='ltr' id='par_1_85' title="bbox 2134 3687 3730 3767">
     <span class='ocr_line' id='line_1_85' title="bbox 2134 3687 3730 3767; baseline -0.005 -16"><span class='ocrx_word' id='word_1_617' title='bbox 2134 3710 2261 3767; x_wconf 89' lang='lat' dir='ltr'><strong>cap.</strong></span> <span class='ocrx_word' id='word_1_618' title='bbox 2295 3710 2359 3763; x_wconf 81' lang='lat' dir='ltr'><strong>ir,</strong></span> <span class='ocrx_word' id='word_1_619' title='bbox 2389 3698 2542 3760; x_wconf 92' lang='lat' dir='ltr'><strong>etc.),</strong></span> <span class='ocrx_word' id='word_1_620' title='bbox 2575 3692 2768 3748; x_wconf 90' lang='lat' dir='ltr'><strong>iterum</strong></span> <span class='ocrx_word' id='word_1_621' title='bbox 2798 3707 3077 3763; x_wconf 81' lang='lat' dir='ltr'><strong>exponere</strong></span> <span class='ocrx_word' id='word_1_622' title='bbox 3103 3708 3442 3748; x_wconf 86' lang='lat' dir='ltr'><strong>recusamus.</strong></span> <span class='ocrx_word' id='word_1_623' title='bbox 3504 3690 3612 3748; x_wconf 90' lang='lat' dir='ltr'><strong>Sed</strong></span> <span class='ocrx_word' id='word_1_624' title='bbox 3663 3687 3730 3744; x_wconf 89' lang='lat' dir='ltr'><strong>de</strong></span> 
     </span>
    </p>
   </div>
   <div class='ocr_carea' id='block_1_86' title="bbox 2134 3776 3731 3854">
    <p class='ocr_par' dir='ltr' id='par_1_86' title="bbox 2134 3776 3731 3854">
     <span class='ocr_line' id='line_1_86' title="bbox 2134 3776 3731 3854; baseline -0.005 -15"><span class='ocrx_word' id='word_1_625' title='bbox 2134 3783 2328 3839; x_wconf 89' lang='lat' dir='ltr'><strong>eadem</strong></span> <span class='ocrx_word' id='word_1_626' title='bbox 2360 3783 2650 3854; x_wconf 86' lang='lat' dir='ltr'><strong>Synagoga</strong></span> <span class='ocrx_word' id='word_1_627' title='bbox 2673 3781 2794 3852; x_wconf 89' lang='lat' dir='ltr'><strong>jam</strong></span> <span class='ocrx_word' id='word_1_628' title='bbox 2824 3779 2964 3838; x_wconf 88' lang='lat' dir='ltr'><strong>facta</strong></span> <span class='ocrx_word' id='word_1_629' title='bbox 2994 3779 3257 3849; x_wconf 87' lang='lat' dir='ltr'><strong>Ecclesia,</strong></span> <span class='ocrx_word' id='word_1_630' title='bbox 3287 3779 3418 3836; x_wconf 65' lang='lat' dir='ltr'><strong>ﬁlim</strong></span> <span class='ocrx_word' id='word_1_631' title='bbox 3434 3776 3731 3835; x_wconf 82' lang='lat' dir='ltr'><strong>Jerusalem</strong></span> 
     </span>
    </p>
   </div>
   <div class='ocr_carea' id='block_1_87' title="bbox 2135 3868 3179 3943">
    <p class='ocr_par' dir='ltr' id='par_1_87' title="bbox 2135 3868 3179 3943">
     <span class='ocr_line' id='line_1_87' title="bbox 2135 3868 3179 3943; baseline -0.003 -16"><span class='ocrx_word' id='word_1_632' title='bbox 2135 3870 2468 3927; x_wconf 89' lang='lat' dir='ltr'><strong>admirantes</strong></span> <span class='ocrx_word' id='word_1_633' title='bbox 2499 3871 2842 3943; x_wconf 74' lang='lat' dir='ltr'><strong>interrogant</strong></span> <span class='ocrx_word' id='word_1_634' title='bbox 2869 3878 2925 3926; x_wconf 92' lang='lat' dir='ltr'><strong>et</strong></span> <span class='ocrx_word' id='word_1_635' title='bbox 2949 3868 3134 3925; x_wconf 90' lang='lat' dir='ltr'><strong>dicunt</strong></span> <span class='ocrx_word' id='word_1_636' title='bbox 3166 3886 3179 3923; x_wconf 90' lang='lat'><strong>:</strong></span> 
     </span>
    </p>
   </div>
   <div class='ocr_carea' id='block_1_88' title="bbox 2206 3955 3734 4033">
    <p class='ocr_par' dir='ltr' id='par_1_88' title="bbox 2206 3955 3734 4033">
     <span class='ocr_line' id='line_1_88' title="bbox 2206 3955 3734 4033; baseline -0.004 -17"><span class='ocrx_word' id='word_1_637' title='bbox 2206 3961 2380 4030; x_wconf 76' lang='lat' dir='ltr'><strong>(Vers.</strong></span> <span class='ocrx_word' id='word_1_638' title='bbox 2407 3961 2483 4031; x_wconf 83' lang='lat'><strong>5.)</strong></span> <span class='ocrx_word' id='word_1_639' title='bbox 2509 3961 2638 4029; x_wconf 83' lang='lat' dir='ltr'><strong>Quce</strong></span> <span class='ocrx_word' id='word_1_640' title='bbox 2658 3964 2741 4016; x_wconf 89' lang='lat' dir='ltr'><strong>est</strong></span> <span class='ocrx_word' id='word_1_641' title='bbox 2756 3960 2869 4016; x_wconf 89' lang='lat' dir='ltr'><strong>ista</strong></span> <span class='ocrx_word' id='word_1_642' title='bbox 2882 3975 3003 4033; x_wconf 76' lang='lat' dir='ltr'><strong>qua:</strong></span> <span class='ocrx_word' id='word_1_643' title='bbox 3019 3957 3278 4015; x_wconf 80' lang='lat' dir='ltr'><strong>ascendit</strong></span> <span class='ocrx_word' id='word_1_644' title='bbox 3293 3958 3363 4015; x_wconf 87' lang='lat' dir='ltr'><strong>de</strong></span> <span class='ocrx_word' id='word_1_645' title='bbox 3374 3958 3623 4024; x_wconf 81' lang='lat' dir='ltr'><strong>deserto,</strong></span> <span class='ocrx_word' id='word_1_646' title='bbox 3638 3955 3734 4011; x_wconf 87' lang='lat' dir='ltr'><strong>de-</strong></span> 
     </span>
    </p>
   </div>
   <div class='ocr_carea' id='block_1_89' title="bbox 2138 4046 3542 4121">
    <p class='ocr_par' dir='ltr' id='par_1_89' title="bbox 2138 4046 3542 4121">
     <span class='ocr_line' id='line_1_89' title="bbox 2138 4046 3542 4121; baseline -0.005 -15"><span class='ocrx_word' id='word_1_647' title='bbox 2138 4050 2285 4106; x_wconf 86' lang='lat' dir='ltr'><strong>liciis</strong></span> <span class='ocrx_word' id='word_1_648' title='bbox 2306 4049 2575 4121; x_wconf 80' lang='lat' dir='ltr'><strong>afﬂuens,</strong></span> <span class='ocrx_word' id='word_1_649' title='bbox 2594 4049 2807 4105; x_wconf 71' lang='lat' dir='ltr'><strong>innixa</strong></span> <span class='ocrx_word' id='word_1_650' title='bbox 2825 4065 2997 4121; x_wconf 87' lang='lat' dir='ltr'><strong>super</strong></span> <span class='ocrx_word' id='word_1_651' title='bbox 3011 4048 3284 4105; x_wconf 85' lang='lat' dir='ltr'><strong>dilectum</strong></span> <span class='ocrx_word' id='word_1_652' title='bbox 3315 4062 3489 4104; x_wconf 87' lang='lat' dir='ltr'><strong>suum</strong></span> <span class='ocrx_word' id='word_1_653' title='bbox 3511 4046 3542 4099; x_wconf 81' lang='lat'><strong><em>?</em></strong></span> 
     </span>
    </p>
   </div>
   <div class='ocr_carea' id='block_1_90' title="bbox 2208 4131 3731 4208">
    <p class='ocr_par' dir='ltr' id='par_1_90' title="bbox 2208 4131 3731 4208">
     <span class='ocr_line' id='line_1_90' title="bbox 2208 4131 3731 4208; baseline -0.004 -16"><span class='ocrx_word' id='word_1_654' title='bbox 2208 4140 2259 4192; x_wconf 74' lang='grc'>4.</span> <span class='ocrx_word' id='word_1_655' title='bbox 2294 4137 2489 4193; x_wconf 83' lang='lat' dir='ltr'><strong>Sancta</strong></span> <span class='ocrx_word' id='word_1_656' title='bbox 2518 4137 2780 4205; x_wconf 87' lang='lat' dir='ltr'><strong>Ecclesia,</strong></span> <span class='ocrx_word' id='word_1_657' title='bbox 2802 4136 2889 4192; x_wconf 89' lang='lat' dir='ltr'><strong>vel</strong></span> <span class='ocrx_word' id='word_1_658' title='bbox 2912 4136 3170 4208; x_wconf 66' lang='lat' dir='ltr'><strong>quaelibet</strong></span> <span class='ocrx_word' id='word_1_659' title='bbox 3191 4144 3382 4192; x_wconf 89' lang='lat' dir='ltr'><strong>sancta</strong></span> <span class='ocrx_word' id='word_1_660' title='bbox 3427 4134 3631 4202; x_wconf 87' lang='lat' dir='ltr'><strong>anima,</strong></span> <span class='ocrx_word' id='word_1_661' title='bbox 3662 4131 3731 4187; x_wconf 86' lang='lat' dir='ltr'><strong>de</strong></span> 
     </span>
    </p>
   </div>
   <div class='ocr_carea' id='block_1_91' title="bbox 2135 4221 3738 4297">
    <p class='ocr_par' dir='ltr' id='par_1_91' title="bbox 2135 4221 3738 4297">
     <span class='ocr_line' id='line_1_91' title="bbox 2135 4221 3738 4297; baseline -0.002 -16"><span class='ocrx_word' id='word_1_662' title='bbox 2135 4225 2352 4282; x_wconf 81' lang='lat' dir='ltr'><strong>deserto</strong></span> <span class='ocrx_word' id='word_1_663' title='bbox 2380 4224 2645 4293; x_wconf 85' lang='lat' dir='ltr'><strong>ascendit,</strong></span> <span class='ocrx_word' id='word_1_664' title='bbox 2679 4224 2805 4297; x_wconf 91' lang='lat' dir='ltr'><strong>quia</strong></span> <span class='ocrx_word' id='word_1_665' title='bbox 2836 4224 2889 4280; x_wconf 91' lang='lat' dir='ltr'><strong>in</strong></span> <span class='ocrx_word' id='word_1_666' title='bbox 2920 4225 3111 4281; x_wconf 84' lang='lat' dir='ltr'><strong>exsilio</strong></span> <span class='ocrx_word' id='word_1_667' title='bbox 3141 4224 3304 4296; x_wconf 88' lang='lat' dir='ltr'><strong>hujus</strong></span> <span class='ocrx_word' id='word_1_668' title='bbox 3332 4221 3738 4297; x_wconf 82' lang='lat' dir='ltr'><strong>peregrinatio-</strong></span> 
     </span>
    </p>
   </div>
   <div class='ocr_carea' id='block_1_92' title="bbox 2137 4309 3736 4387">
    <p class='ocr_par' dir='ltr' id='par_1_92' title="bbox 2137 4309 3736 4387">
     <span class='ocr_line' id='line_1_92' title="bbox 2137 4309 3736 4387; baseline -0.003 -18"><span class='ocrx_word' id='word_1_669' title='bbox 2137 4314 2221 4369; x_wconf 87' lang='lat' dir='ltr'><strong>nis</strong></span> <span class='ocrx_word' id='word_1_670' title='bbox 2249 4312 2444 4384; x_wconf 90' lang='lat' dir='ltr'><strong>posita,</strong></span> <span class='ocrx_word' id='word_1_671' title='bbox 2477 4313 2546 4369; x_wconf 89' lang='lat' dir='ltr'><strong>ad</strong></span> <span class='ocrx_word' id='word_1_672' title='bbox 2577 4313 2822 4369; x_wconf 86' lang='lat' dir='ltr'><strong>coelestia</strong></span> <span class='ocrx_word' id='word_1_673' title='bbox 2850 4312 3053 4386; x_wconf 82' lang='lat' dir='ltr'><strong>gaudia</strong></span> <span class='ocrx_word' id='word_1_674' title='bbox 3082 4321 3262 4370; x_wconf 91' lang='lat' dir='ltr'><strong>mente</strong></span> <span class='ocrx_word' id='word_1_675' title='bbox 3289 4321 3344 4370; x_wconf 94' lang='lat' dir='ltr'><strong>et</strong></span> <span class='ocrx_word' id='word_1_676' title='bbox 3374 4309 3736 4387; x_wconf 83' lang='lat' dir='ltr'><strong>cogitationi-</strong></span> 
     </span>
    </p>
   </div>
   <div class='ocr_carea' id='block_1_93' title="bbox 2137 4401 3737 4459">
    <p class='ocr_par' dir='ltr' id='par_1_93' title="bbox 2137 4401 3737 4459">
     <span class='ocr_line' id='line_1_93' title="bbox 2137 4401 3737 4459; baseline -0.003 -2"><span class='ocrx_word' id='word_1_677' title='bbox 2137 4404 2241 4458; x_wconf 91' lang='lat' dir='ltr'><strong>bus</strong></span> <span class='ocrx_word' id='word_1_678' title='bbox 2270 4402 2464 4458; x_wconf 91' lang='lat' dir='ltr'><strong>tendit.</strong></span> <span class='ocrx_word' id='word_1_679' title='bbox 2488 4401 2642 4458; x_wconf 89' lang='lat' dir='ltr'><strong>Unde</strong></span> <span class='ocrx_word' id='word_1_680' title='bbox 2672 4409 2726 4457; x_wconf 92' lang='lat' dir='ltr'><strong>et</strong></span> <span class='ocrx_word' id='word_1_681' title='bbox 2754 4402 2956 4457; x_wconf 86' lang='lat' dir='ltr'><strong>Paulus</strong></span> <span class='ocrx_word' id='word_1_682' title='bbox 2987 4401 3202 4459; x_wconf 89' lang='lat' dir='ltr'><strong>dicebat</strong></span> <span class='ocrx_word' id='word_1_683' title='bbox 3234 4419 3246 4456; x_wconf 90' lang='lat'><strong>:</strong></span> <span class='ocrx_word' id='word_1_684' title='bbox 3280 4404 3491 4459; x_wconf 88' lang='lat' dir='ltr'><strong>Nostra</strong></span> <span class='ocrx_word' id='word_1_685' title='bbox 3519 4413 3737 4458; x_wconf 81' lang='lat' dir='ltr'><strong>conver-</strong></span> 
     </span>
    </p>
   </div>
   <div class='ocr_carea' id='block_1_94' title="bbox 425 4481 3741 4568">
    <p class='ocr_par' dir='ltr' id='par_1_94' title="bbox 425 4481 3741 4568">
     <span class='ocr_line' id='line_1_94' title="bbox 425 4481 3741 4568; baseline -0.001 -25"><span class='ocrx_word' id='word_1_686' title='bbox 425 4490 480 4543; x_wconf 85' lang='lat' dir='ltr'><strong>et</strong></span> <span class='ocrx_word' id='word_1_687' title='bbox 494 4488 733 4544; x_wconf 76' lang='lat' dir='ltr'><strong>dextera</strong></span> <span class='ocrx_word' id='word_1_688' title='bbox 749 4490 909 4545; x_wconf 86' lang='lat' dir='ltr'><strong>illius</strong></span> <span class='ocrx_word' id='word_1_689' title='bbox 924 4492 1632 4563; x_wconf 71' lang='lat' dir='ltr'><strong>amplexabiturme.Acsi</strong></span> <span class='ocrx_word' id='word_1_690' title='bbox 1649 4494 1872 4564; x_wconf 89' lang='lat' dir='ltr'><strong>diceret,</strong></span> <span class='ocrx_word' id='word_1_691' title='bbox 1890 4512 2024 4568; x_wconf 92' lang='lat' dir='ltr'><strong>quo-</strong></span> <span class='ocrx_word' id='word_1_692' title='bbox 2050 4481 2107 4545; x_wconf 89' lang='lat' dir='ltr'><strong>D</strong></span> <span class='ocrx_word' id='word_1_693' title='bbox 2138 4492 2283 4549; x_wconf 88' lang='lat' dir='ltr'><strong>satio</strong></span> <span class='ocrx_word' id='word_1_694' title='bbox 2312 4492 2377 4547; x_wconf 83' lang='lat' dir='ltr'><strong>in</strong></span> <span class='ocrx_word' id='word_1_695' title='bbox 2406 4490 2559 4547; x_wconf 71' lang='lat' dir='ltr'><strong>caelis</strong></span> <span class='ocrx_word' id='word_1_696' title='bbox 2576 4495 2661 4547; x_wconf 87' lang='lat' dir='ltr'><strong>est</strong></span> <span class='ocrx_word' id='word_1_697' title='bbox 2691 4491 2922 4563; x_wconf 80' lang='lat' dir='ltr'><strong>(Philip.</strong></span> <span class='ocrx_word' id='word_1_698' title='bbox 2956 4506 3040 4561; x_wconf 85' lang='grc' dir='ltr'><strong>ιιι,</strong></span> <span class='ocrx_word' id='word_1_699' title='bbox 3101 4491 3212 4560; x_wconf 74' lang='lat'><strong>20).</strong></span> <span class='ocrx_word' id='word_1_700' title='bbox 3271 4490 3501 4546; x_wconf 91' lang='lat' dir='ltr'><strong>Deliciis</strong></span> <span class='ocrx_word' id='word_1_701' title='bbox 3554 4485 3741 4551; x_wconf 80' lang='lat' dir='ltr'><strong>afﬂuit,</strong></span> 
     </span>
    </p>
   </div>
   <div class='ocr_carea' id='block_1_95' title="bbox 424 4576 2022 4653">
    <p class='ocr_par' dir='ltr' id='par_1_95' title="bbox 424 4576 2022 4653">
     <span class='ocr_line' id='line_1_95' title="bbox 424 4576 2022 4653; baseline 0.006 -24"><span class='ocrx_word' id='word_1_702' title='bbox 424 4576 570 4630; x_wconf 89' lang='lat' dir='ltr'><strong>niam</strong></span> <span class='ocrx_word' id='word_1_703' title='bbox 586 4592 730 4632; x_wconf 92' lang='lat' dir='ltr'><strong>nunc</strong></span> <span class='ocrx_word' id='word_1_704' title='bbox 753 4577 966 4633; x_wconf 90' lang='lat' dir='ltr'><strong>tandem</strong></span> <span class='ocrx_word' id='word_1_705' title='bbox 988 4579 1186 4636; x_wconf 91' lang='lat' dir='ltr'><strong>Christi</strong></span> <span class='ocrx_word' id='word_1_706' title='bbox 1218 4580 1380 4637; x_wconf 89' lang='lat' dir='ltr'><strong>ﬁdem</strong></span> <span class='ocrx_word' id='word_1_707' title='bbox 1414 4587 1595 4652; x_wconf 90' lang='lat' dir='ltr'><strong>teneo,</strong></span> <span class='ocrx_word' id='word_1_708' title='bbox 1619 4584 1737 4653; x_wconf 91' lang='lat' dir='ltr'><strong>ejus</strong></span> <span class='ocrx_word' id='word_1_709' title='bbox 1766 4583 2022 4640; x_wconf 75' lang='lat' dir='ltr'><strong>ineffabi-</strong></span> 
     </span>
    </p>
   </div>
   <div class='ocr_carea' id='block_1_96' title="bbox 423 4664 2021 4744">
    <p class='ocr_par' dir='ltr' id='par_1_96' title="bbox 423 4664 2021 4744">
     <span class='ocr_line' id='line_1_96' title="bbox 423 4664 2021 4744; baseline 0.007 -25"><span class='ocrx_word' id='word_1_710' title='bbox 423 4664 529 4719; x_wconf 90' lang='lat' dir='ltr'><strong>lem</strong></span> <span class='ocrx_word' id='word_1_711' title='bbox 560 4665 789 4737; x_wconf 84' lang='lat' dir='ltr'><strong>gratiam</strong></span> <span class='ocrx_word' id='word_1_712' title='bbox 820 4669 1076 4740; x_wconf 83' lang='lat' dir='ltr'><strong>experior</strong></span> <span class='ocrx_word' id='word_1_713' title='bbox 1103 4665 1604 4741; x_wconf 88' lang='lat' dir='ltr'><strong>concupiscibilem,</strong></span> <span class='ocrx_word' id='word_1_714' title='bbox 1637 4680 1693 4728; x_wconf 92' lang='lat' dir='ltr'><strong>et</strong></span> <span class='ocrx_word' id='word_1_715' title='bbox 1724 4690 1887 4744; x_wconf 89' lang='lat' dir='ltr'><strong>quam</strong></span> <span class='ocrx_word' id='word_1_716' title='bbox 1918 4675 2021 4730; x_wconf 89' lang='lat' dir='ltr'><strong>de-</strong></span> 
     </span>
    </p>
   </div>
   <div class='ocr_carea' id='block_1_97' title="bbox 419 4752 2027 4832">
    <p class='ocr_par' dir='ltr' id='par_1_97' title="bbox 419 4752 2027 4832">
     <span class='ocr_line' id='line_1_97' title="bbox 419 4752 2027 4832; baseline 0.006 -25"><span class='ocrx_word' id='word_1_717' title='bbox 419 4752 663 4810; x_wconf 89' lang='lat' dir='ltr'><strong>siderare</strong></span> <span class='ocrx_word' id='word_1_718' title='bbox 685 4754 993 4811; x_wconf 91' lang='lat' dir='ltr'><strong>nesciebam</strong></span> <span class='ocrx_word' id='word_1_719' title='bbox 1024 4756 1371 4813; x_wconf 91' lang='lat' dir='ltr'><strong>dulcedinem</strong></span> <span class='ocrx_word' id='word_1_720' title='bbox 1403 4761 1583 4816; x_wconf 93' lang='lat' dir='ltr'><strong>sentio</strong></span> <span class='ocrx_word' id='word_1_721' title='bbox 1617 4779 1628 4823; x_wconf 91' lang='lat'><strong>;</strong></span> <span class='ocrx_word' id='word_1_722' title='bbox 1659 4761 1776 4832; x_wconf 90' lang='lat' dir='ltr'><strong>jam</strong></span> <span class='ocrx_word' id='word_1_723' title='bbox 1807 4771 2027 4818; x_wconf 89' lang='lat' dir='ltr'><strong>terrena</strong></span> 
     </span>
    </p>
   </div>
   <div class='ocr_carea' id='block_1_98' title="bbox 421 4842 2024 4921">
    <p class='ocr_par' dir='ltr' id='par_1_98' title="bbox 421 4842 2024 4921">
     <span class='ocr_line' id='line_1_98' title="bbox 421 4842 2024 4921; baseline 0.004 -24"><span class='ocrx_word' id='word_1_724' title='bbox 421 4842 612 4898; x_wconf 84' lang='lat' dir='ltr'><strong>omnia</strong></span> <span class='ocrx_word' id='word_1_725' title='bbox 639 4851 925 4915; x_wconf 92' lang='lat' dir='ltr'><strong>postpono,</strong></span> <span class='ocrx_word' id='word_1_726' title='bbox 959 4845 1117 4901; x_wconf 91' lang='lat' dir='ltr'><strong>etiam</strong></span> <span class='ocrx_word' id='word_1_727' title='bbox 1148 4846 1325 4917; x_wconf 87' lang='lat' dir='ltr'><strong>ipsam</strong></span> <span class='ocrx_word' id='word_1_728' title='bbox 1356 4848 1519 4903; x_wconf 88' lang='lat' dir='ltr'><strong>vitam</strong></span> <span class='ocrx_word' id='word_1_729' title='bbox 1550 4849 1729 4905; x_wconf 89' lang='lat' dir='ltr'><strong>carnis</strong></span> <span class='ocrx_word' id='word_1_730' title='bbox 1758 4865 1858 4920; x_wconf 92' lang='lat' dir='ltr'><strong>pro</strong></span> <span class='ocrx_word' id='word_1_731' title='bbox 1906 4851 2024 4921; x_wconf 88' lang='lat' dir='ltr'><strong>ejus</strong></span> 
     </span>
    </p>
   </div>
   <div class='ocr_carea' id='block_1_99' title="bbox 421 4936 2025 5005">
    <p class='ocr_par' dir='ltr' id='par_1_99' title="bbox 421 4936 2025 5005">
     <span class='ocr_line' id='line_1_99' title="bbox 421 4936 2025 5005; baseline 0.003 -18"><span class='ocrx_word' id='word_1_732' title='bbox 421 4948 608 4989; x_wconf 91' lang='lat' dir='ltr'><strong>amore</strong></span> <span class='ocrx_word' id='word_1_733' title='bbox 630 4941 935 5003; x_wconf 91' lang='lat' dir='ltr'><strong>contemno,</strong></span> <span class='ocrx_word' id='word_1_734' title='bbox 970 4939 1023 4991; x_wconf 92' lang='lat' dir='ltr'><strong>et</strong></span> <span class='ocrx_word' id='word_1_735' title='bbox 1052 4936 1120 4991; x_wconf 90' lang='lat' dir='ltr'><strong>ed</strong></span> <span class='ocrx_word' id='word_1_736' title='bbox 1148 4936 1265 5005; x_wconf 90' lang='lat' dir='ltr'><strong>ejus</strong></span> <span class='ocrx_word' id='word_1_737' title='bbox 1296 4936 1683 4993; x_wconf 88' lang='lat' dir='ltr'><strong>beatitudinem</strong></span> <span class='ocrx_word' id='word_1_738' title='bbox 1729 4938 2025 4994; x_wconf 89' lang='lat' dir='ltr'><strong>videndam</strong></span> 
     </span>
    </p>
   </div>
   <div class='ocr_carea' id='block_1_100' title="bbox 424 5022 2025 5099">
    <p class='ocr_par' dir='ltr' id='par_1_100' title="bbox 424 5022 2025 5099">
     <span class='ocr_line' id='line_1_100' title="bbox 424 5022 2025 5099; baseline 0.002 -22"><span class='ocrx_word' id='word_1_739' title='bbox 424 5022 548 5078; x_wconf 90' lang='lat' dir='ltr'><strong>totis</strong></span> <span class='ocrx_word' id='word_1_740' title='bbox 575 5022 867 5080; x_wconf 87' lang='lat' dir='ltr'><strong>desideriis</strong></span> <span class='ocrx_word' id='word_1_741' title='bbox 888 5024 1105 5080; x_wconf 89' lang='lat' dir='ltr'><strong>anhelo.</strong></span> <span class='ocrx_word' id='word_1_742' title='bbox 1126 5026 1241 5081; x_wconf 83' lang='lat' dir='ltr'><strong>Hoc</strong></span> <span class='ocrx_word' id='word_1_743' title='bbox 1261 5026 1463 5097; x_wconf 90' lang='lat' dir='ltr'><strong>quippe</strong></span> <span class='ocrx_word' id='word_1_744' title='bbox 1485 5026 1627 5097; x_wconf 92' lang='lat' dir='ltr'><strong>quod</strong></span> <span class='ocrx_word' id='word_1_745' title='bbox 1647 5042 1764 5081; x_wconf 90' lang='lat' dir='ltr'><strong>rem</strong></span> <span class='ocrx_word' id='word_1_746' title='bbox 1784 5027 2025 5099; x_wconf 89' lang='lat' dir='ltr'><strong>aliquam</strong></span> 
     </span>
    </p>
   </div>
   <div class='ocr_carea' id='block_1_101' title="bbox 427 5110 2028 5185">
    <p class='ocr_par' dir='ltr' id='par_1_101' title="bbox 427 5110 2028 5185">
     <span class='ocr_line' id='line_1_101' title="bbox 427 5110 2028 5185; baseline 0.002 -20"><span class='ocrx_word' id='word_1_747' title='bbox 427 5110 789 5182; x_wconf 88' lang='lat' dir='ltr'><strong>amplectitur,</strong></span> <span class='ocrx_word' id='word_1_748' title='bbox 821 5111 995 5183; x_wconf 89' lang='lat' dir='ltr'><strong>ipsam</strong></span> <span class='ocrx_word' id='word_1_749' title='bbox 1027 5127 1190 5184; x_wconf 87' lang='lat' dir='ltr'><strong>quam</strong></span> <span class='ocrx_word' id='word_1_750' title='bbox 1220 5113 1562 5185; x_wconf 84' lang='lat' dir='ltr'><strong>amplectitur</strong></span> <span class='ocrx_word' id='word_1_751' title='bbox 1589 5130 1722 5181; x_wconf 89' lang='lat' dir='ltr'><strong>rem,</strong></span> <span class='ocrx_word' id='word_1_752' title='bbox 1755 5132 1821 5169; x_wconf 86' lang='lat' dir='ltr'><strong>ex</strong></span> <span class='ocrx_word' id='word_1_753' title='bbox 1878 5114 2028 5170; x_wconf 92' lang='lat' dir='ltr'><strong>omni</strong></span> 
     </span>
    </p>
   </div>
   <div class='ocr_carea' id='block_1_102' title="bbox 421 5200 2026 5274">
    <p class='ocr_par' dir='ltr' id='par_1_102' title="bbox 421 5200 2026 5274">
     <span class='ocr_line' id='line_1_102' title="bbox 421 5200 2026 5274; baseline 0.002 -20"><span class='ocrx_word' id='word_1_754' title='bbox 421 5209 572 5269; x_wconf 91' lang='lat' dir='ltr'><strong>parte</strong></span> <span class='ocrx_word' id='word_1_755' title='bbox 603 5200 746 5256; x_wconf 91' lang='lat' dir='ltr'><strong>intra</strong></span> <span class='ocrx_word' id='word_1_756' title='bbox 774 5216 833 5255; x_wconf 87' lang='lat' dir='ltr'><strong>se</strong></span> <span class='ocrx_word' id='word_1_757' title='bbox 863 5200 1067 5256; x_wconf 86' lang='lat' dir='ltr'><strong>habere</strong></span> <span class='ocrx_word' id='word_1_758' title='bbox 1096 5217 1205 5257; x_wconf 91' lang='lat' dir='ltr'><strong>non</strong></span> <span class='ocrx_word' id='word_1_759' title='bbox 1236 5200 1533 5274; x_wconf 85' lang='lat' dir='ltr'><strong>ignoratur.</strong></span> <span class='ocrx_word' id='word_1_760' title='bbox 1570 5202 1734 5258; x_wconf 67' lang='lat' dir='ltr'><strong>Laeva</strong></span> <span class='ocrx_word' id='word_1_761' title='bbox 1761 5217 1894 5274; x_wconf 90' lang='lat' dir='ltr'><strong>ergo</strong></span> <span class='ocrx_word' id='word_1_762' title='bbox 1924 5202 2026 5258; x_wconf 91' lang='lat' dir='ltr'><strong>sub</strong></span> 
     </span>
    </p>
   </div>
   <div class='ocr_carea' id='block_1_103' title="bbox 421 5288 2031 5363">
    <p class='ocr_par' dir='ltr' id='par_1_103' title="bbox 421 5288 2031 5363">
     <span class='ocr_line' id='line_1_103' title="bbox 421 5288 2031 5363; baseline 0.004 -22"><span class='ocrx_word' id='word_1_763' title='bbox 421 5288 602 5358; x_wconf 91' lang='lat' dir='ltr'><strong>capite</strong></span> <span class='ocrx_word' id='word_1_764' title='bbox 631 5298 729 5357; x_wconf 90' lang='lat' dir='ltr'><strong>est,</strong></span> <span class='ocrx_word' id='word_1_765' title='bbox 759 5296 809 5345; x_wconf 90' lang='lat' dir='ltr'><strong>et</strong></span> <span class='ocrx_word' id='word_1_766' title='bbox 840 5288 1085 5358; x_wconf 70' lang='lat' dir='ltr'><strong>{dextera</strong></span> <span class='ocrx_word' id='word_1_767' title='bbox 1139 5289 1504 5362; x_wconf 83' lang='lat' dir='ltr'><strong>amplexatur,</strong></span> <span class='ocrx_word' id='word_1_768' title='bbox 1568 5289 1782 5363; x_wconf 90' lang='lat' dir='ltr'><strong>quando</strong></span> <span class='ocrx_word' id='word_1_769' title='bbox 1839 5299 2031 5347; x_wconf 86' lang='lat' dir='ltr'><strong>sancta</strong></span> 
     </span>
    </p>
   </div>
   <div class='ocr_carea' id='block_1_104' title="bbox 424 5376 2027 5452">
    <p class='ocr_par' dir='ltr' id='par_1_104' title="bbox 424 5376 2027 5452">
     <span class='ocr_line' id='line_1_104' title="bbox 424 5376 2027 5452; baseline 0.003 -22"><span class='ocrx_word' id='word_1_770' title='bbox 424 5378 605 5432; x_wconf 82' lang='lat' dir='ltr'><strong>anima</strong></span> <span class='ocrx_word' id='word_1_771' title='bbox 634 5376 800 5434; x_wconf 91' lang='lat' dir='ltr'><strong>menti</strong></span> <span class='ocrx_word' id='word_1_772' title='bbox 829 5393 893 5433; x_wconf 89' lang='lat' dir='ltr'><strong>ea</strong></span> <span class='ocrx_word' id='word_1_773' title='bbox 921 5394 1044 5449; x_wconf 72' lang='lat' dir='ltr'><strong>quae</strong></span> <span class='ocrx_word' id='word_1_774' title='bbox 1077 5378 1224 5436; x_wconf 84' lang='lat' dir='ltr'><strong>videt</strong></span> <span class='ocrx_word' id='word_1_775' title='bbox 1253 5379 1531 5450; x_wconf 83' lang='lat' dir='ltr'><strong>supponit,</strong></span> <span class='ocrx_word' id='word_1_776' title='bbox 1563 5387 1616 5435; x_wconf 88' lang='lat' dir='ltr'><strong>et</strong></span> <span class='ocrx_word' id='word_1_777' title='bbox 1646 5395 1714 5435; x_wconf 89' lang='lat' dir='ltr'><strong>ea</strong></span> <span class='ocrx_word' id='word_1_778' title='bbox 1740 5396 1869 5452; x_wconf 72' lang='lat' dir='ltr'><strong>quae</strong></span> <span class='ocrx_word' id='word_1_779' title='bbox 1916 5396 2027 5436; x_wconf 91' lang='lat' dir='ltr'><strong>non</strong></span> 
     </span>
    </p>
   </div>
   <div class='ocr_carea' id='block_1_105' title="bbox 497 5526 1526 5671">
    <p class='ocr_par' dir='ltr' id='par_1_105' title="bbox 497 5526 1526 5671">
     <span class='ocr_line' id='line_1_105' title="bbox 497 5526 1526 5671; baseline 0.002 -88"><span class='ocrx_word' id='word_1_780' title='bbox 497 5526 575 5671; x_wconf 43' lang='lat' dir='ltr'><strong>(ag</strong></span> <span class='ocrx_word' id='word_1_781' title='bbox 604 5529 666 5609; x_wconf 65' lang='lat' dir='ltr'><strong>in</strong></span> <span class='ocrx_word' id='word_1_782' title='bbox 695 5528 953 5601; x_wconf 86' lang='lat' dir='ltr'><strong>vulgatis,</strong></span> <span class='ocrx_word' id='word_1_783' title='bbox 986 5537 1039 5586; x_wconf 90' lang='lat' dir='ltr'><strong>et</strong></span> <span class='ocrx_word' id='word_1_784' title='bbox 1067 5547 1219 5588; x_wconf 79' lang='lat' dir='ltr'><strong>unus</strong></span> <span class='ocrx_word' id='word_1_785' title='bbox 1245 5534 1526 5604; x_wconf 83' lang='lat' dir='ltr'><strong>fratrum.</strong></span> 
     </span>
     <span class='ocr_line' id='line_1_106' title="bbox 497 5599 1526 5671; baseline 0.008 -18"><span class='ocrx_word' id='word_1_786' title='bbox 497 5599 549 5671; x_wconf 91' lang='lat' dir='ltr'><strong>(b</strong></span> <span class='ocrx_word' id='word_1_787' title='bbox 583 5599 875 5671; x_wconf 79' lang='lat' dir='ltr'><strong>Iidem,qui</strong></span> <span class='ocrx_word' id='word_1_788' title='bbox 888 5605 1080 5659; x_wconf 73' lang='lat' dir='ltr'><strong>mente</strong></span> <span class='ocrx_word' id='word_1_789' title='bbox 1096 5603 1370 5661; x_wconf 81' lang='lat' dir='ltr'><strong>erectaad</strong></span> <span class='ocrx_word' id='word_1_790' title='bbox 1383 5602 1526 5661; x_wconf 72' lang='lat' dir='ltr'><strong>beati</strong></span> 
     </span>
    </p>
   </div>
   <div class='ocr_carea' id='block_1_106' title="bbox 494 5599 2023 5673">
    <p class='ocr_par' dir='ltr' id='par_1_106' title="bbox 494 5599 2023 5673">
     <span class='ocr_line' id='line_1_107' title="bbox 494 5599 2023 5673; baseline 0.005 -20"><span class='ocrx_word' id='word_1_791' title='bbox 494 5600 512 5671; x_wconf 97' lang='lat'><strong>(</strong></span> <span class='ocrx_word' id='word_1_792' title='bbox 520 5599 571 5671; x_wconf 88' lang='lat' dir='ltr'><strong>b)</strong></span> <span class='ocrx_word' id='word_1_793' title='bbox 583 5599 875 5673; x_wconf 73' lang='lat' dir='ltr'><strong>Iidem,(jui</strong></span> <span class='ocrx_word' id='word_1_794' title='bbox 888 5605 1080 5659; x_wconf 71' lang='lat' dir='ltr'><strong>meme</strong></span> <span class='ocrx_word' id='word_1_795' title='bbox 1096 5599 1287 5661; x_wconf 73' lang='lat' dir='ltr'><strong>erecta</strong></span> <span class='ocrx_word' id='word_1_796' title='bbox 1296 5603 1370 5661; x_wconf 81' lang='lat' dir='ltr'><strong>ad</strong></span> <span class='ocrx_word' id='word_1_797' title='bbox 1383 5602 1798 5663; x_wconf 78' lang='lat' dir='ltr'><strong>beatitudinem</strong></span> <span class='ocrx_word' id='word_1_798' title='bbox 1806 5601 2023 5663; x_wconf 82' lang='lat' dir='ltr'><strong>Christi</strong></span> 
     </span>
    </p>
   </div>
   <div class='ocr_carea' id='block_1_107' title="bbox 2133 4576 3740 4652">
    <p class='ocr_par' dir='ltr' id='par_1_107' title="bbox 2133 4576 3740 4652">
     <span class='ocr_line' id='line_1_108' title="bbox 2133 4576 3740 4652; baseline -0.005 -16"><span class='ocrx_word' id='word_1_799' title='bbox 2133 4580 2255 4652; x_wconf 91' lang='lat' dir='ltr'><strong>quia</strong></span> <span class='ocrx_word' id='word_1_800' title='bbox 2313 4588 2518 4636; x_wconf 67' lang='lat' dir='ltr'><strong>sancta:</strong></span> <span class='ocrx_word' id='word_1_801' title='bbox 2575 4579 2867 4651; x_wconf 62' lang='lat' dir='ltr'><strong>Scriptura</strong></span> <span class='ocrx_word' id='word_1_802' title='bbox 2925 4577 3372 4645; x_wconf 81' lang='lat' dir='ltr'><strong>meditationibus</strong></span> <span class='ocrx_word' id='word_1_803' title='bbox 3432 4576 3740 4639; x_wconf 90' lang='lat' dir='ltr'><strong>intendens,</strong></span> 
     </span>
    </p>
   </div>
   <div class='ocr_carea' id='block_1_108' title="bbox 2132 4662 3742 4739">
    <p class='ocr_par' dir='ltr' id='par_1_108' title="bbox 2132 4662 3742 4739">
     <span class='ocr_line' id='line_1_109' title="bbox 2132 4662 3742 4739; baseline -0.006 -13"><span class='ocrx_word' id='word_1_804' title='bbox 2132 4666 2341 4726; x_wconf 72' lang='lat' dir='ltr'><strong>cmlesti</strong></span> <span class='ocrx_word' id='word_1_805' title='bbox 2399 4667 2601 4739; x_wconf 89' lang='lat' dir='ltr'><strong>pabulo</strong></span> <span class='ocrx_word' id='word_1_806' title='bbox 2631 4667 2845 4723; x_wconf 84' lang='lat' dir='ltr'><strong>assidue</strong></span> <span class='ocrx_word' id='word_1_807' title='bbox 2879 4670 3119 4722; x_wconf 89' lang='lat' dir='ltr'><strong>mentem</strong></span> <span class='ocrx_word' id='word_1_808' title='bbox 3148 4666 3352 4737; x_wconf 88' lang='lat' dir='ltr'><strong>pascit.</strong></span> <span class='ocrx_word' id='word_1_809' title='bbox 3394 4668 3577 4737; x_wconf 88' lang='lat' dir='ltr'><strong>Super</strong></span> <span class='ocrx_word' id='word_1_810' title='bbox 3603 4662 3742 4719; x_wconf 84' lang='lat' dir='ltr'><strong>dile-</strong></span> 
     </span>
    </p>
   </div>
   <div class='ocr_carea' id='block_1_109' title="bbox 2132 4749 3743 4828">
    <p class='ocr_par' dir='ltr' id='par_1_109' title="bbox 2132 4749 3743 4828">
     <span class='ocr_line' id='line_1_110' title="bbox 2132 4749 3743 4828; baseline -0.006 -14"><span class='ocrx_word' id='word_1_811' title='bbox 2132 4766 2278 4815; x_wconf 90' lang='lat' dir='ltr'><strong>ctum</strong></span> <span class='ocrx_word' id='word_1_812' title='bbox 2308 4756 2573 4825; x_wconf 90' lang='lat' dir='ltr'><strong>innititur,</strong></span> <span class='ocrx_word' id='word_1_813' title='bbox 2600 4757 2727 4828; x_wconf 92' lang='lat' dir='ltr'><strong>quia</strong></span> <span class='ocrx_word' id='word_1_814' title='bbox 2754 4757 2810 4811; x_wconf 93' lang='lat' dir='ltr'><strong>in</strong></span> <span class='ocrx_word' id='word_1_815' title='bbox 2838 4755 3009 4812; x_wconf 82' lang='lat' dir='ltr'><strong>solius</strong></span> <span class='ocrx_word' id='word_1_816' title='bbox 3040 4755 3243 4811; x_wconf 91' lang='lat' dir='ltr'><strong>Christi</strong></span> <span class='ocrx_word' id='word_1_817' title='bbox 3298 4756 3512 4812; x_wconf 80' lang='lat' dir='ltr'><strong>auxilio</strong></span> <span class='ocrx_word' id='word_1_818' title='bbox 3571 4749 3743 4810; x_wconf 87' lang='lat' dir='ltr'><strong>conﬁ-</strong></span> 
     </span>
    </p>
   </div>
   <div class='ocr_carea' id='block_1_110' title="bbox 2135 4840 3742 4918">
    <p class='ocr_par' dir='ltr' id='par_1_110' title="bbox 2135 4840 3742 4918">
     <span class='ocr_line' id='line_1_111' title="bbox 2135 4840 3742 4918; baseline -0.006 -17"><span class='ocrx_word' id='word_1_819' title='bbox 2135 4847 2287 4912; x_wconf 90' lang='lat' dir='ltr'><strong>dens,</strong></span> <span class='ocrx_word' id='word_1_820' title='bbox 2315 4861 2379 4901; x_wconf 94' lang='lat' dir='ltr'><strong>eo</strong></span> <span class='ocrx_word' id='word_1_821' title='bbox 2408 4844 2695 4918; x_wconf 88' lang='lat' dir='ltr'><strong>largiente,</strong></span> <span class='ocrx_word' id='word_1_822' title='bbox 2726 4845 2794 4901; x_wconf 91' lang='lat' dir='ltr'><strong>ab</strong></span> <span class='ocrx_word' id='word_1_823' title='bbox 2825 4844 3024 4901; x_wconf 84' lang='lat' dir='ltr'><strong>exsilio</strong></span> <span class='ocrx_word' id='word_1_824' title='bbox 3054 4844 3123 4899; x_wconf 90' lang='lat' dir='ltr'><strong>ad</strong></span> <span class='ocrx_word' id='word_1_825' title='bbox 3143 4843 3382 4916; x_wconf 87' lang='lat' dir='ltr'><strong>patriam</strong></span> <span class='ocrx_word' id='word_1_826' title='bbox 3400 4840 3742 4900; x_wconf 79' lang='lat' dir='ltr'><strong>transfertur.</strong></span> 
     </span>
    </p>
   </div>
   <div class='ocr_carea' id='block_1_111' title="bbox 2133 4930 3744 5008">
    <p class='ocr_par' dir='ltr' id='par_1_111' title="bbox 2133 4930 3744 5008">
     <span class='ocr_line' id='line_1_112' title="bbox 2133 4930 3744 5008; baseline -0.004 -18"><span class='ocrx_word' id='word_1_827' title='bbox 2133 4938 2259 5007; x_wconf 90' lang='lat' dir='ltr'><strong>Ipsa</strong></span> <span class='ocrx_word' id='word_1_828' title='bbox 2289 4934 2495 5008; x_wconf 90' lang='lat' dir='ltr'><strong>quippe</strong></span> <span class='ocrx_word' id='word_1_829' title='bbox 2524 4933 2733 4990; x_wconf 86' lang='lat' dir='ltr'><strong>Veritas</strong></span> <span class='ocrx_word' id='word_1_830' title='bbox 2763 4934 3017 4991; x_wconf 90' lang='lat' dir='ltr'><strong>omnibus</strong></span> <span class='ocrx_word' id='word_1_831' title='bbox 3046 4933 3299 4990; x_wconf 89' lang='lat' dir='ltr'><strong>ﬁdelibus</strong></span> <span class='ocrx_word' id='word_1_832' title='bbox 3329 4933 3406 4988; x_wconf 85' lang='lat' dir='ltr'><strong>ait</strong></span> <span class='ocrx_word' id='word_1_833' title='bbox 3431 4951 3447 4988; x_wconf 92' lang='lat'><strong>:</strong></span> <span class='ocrx_word' id='word_1_834' title='bbox 3482 4930 3629 4989; x_wconf 78' lang='lat' dir='ltr'><strong>Sine</strong></span> <span class='ocrx_word' id='word_1_835' title='bbox 3656 4942 3744 4983; x_wconf 87' lang='lat' dir='ltr'><strong>me</strong></span> 
     </span>
    </p>
   </div>
   <div class='ocr_carea' id='block_1_112' title="bbox 2133 5020 3735 5098">
    <p class='ocr_par' dir='ltr' id='par_1_112' title="bbox 2133 5020 3735 5098">
     <span class='ocr_line' id='line_1_113' title="bbox 2133 5020 3735 5098; baseline -0.006 -18"><span class='ocrx_word' id='word_1_836' title='bbox 2133 5025 2283 5080; x_wconf 81' lang='lat' dir='ltr'><strong>nihil</strong></span> <span class='ocrx_word' id='word_1_837' title='bbox 2301 5024 2537 5098; x_wconf 88' lang='lat' dir='ltr'><strong>potestis</strong></span> <span class='ocrx_word' id='word_1_838' title='bbox 2552 5026 2742 5096; x_wconf 82' lang='lat' dir='ltr'><strong>facere</strong></span> <span class='ocrx_word' id='word_1_839' title='bbox 2772 5020 2960 5093; x_wconf 80' lang='lat' dir='ltr'><strong>(Joan.</strong></span> <span class='ocrx_word' id='word_1_840' title='bbox 2983 5040 3071 5091; x_wconf 79' lang='lat' dir='ltr'><strong>xv,</strong></span> <span class='ocrx_word' id='word_1_841' title='bbox 3103 5023 3179 5092; x_wconf 81' lang='lat'><strong>5).</strong></span> <span class='ocrx_word' id='word_1_842' title='bbox 3201 5023 3371 5092; x_wconf 80' lang='lat'><strong>456</strong></span> <span class='ocrx_word' id='word_1_843' title='bbox 3405 5020 3564 5077; x_wconf 89' lang='lat' dir='ltr'><strong>Unde</strong></span> <span class='ocrx_word' id='word_1_844' title='bbox 3609 5030 3735 5073; x_wconf 85' lang='lat' dir='ltr'><strong>vero</strong></span> 
     </span>
    </p>
   </div>
   <div class='ocr_carea' id='block_1_113' title="bbox 2133 5103 3743 5183">
    <p class='ocr_par' dir='ltr' id='par_1_113' title="bbox 2133 5103 3743 5183">
     <span class='ocr_line' id='line_1_114' title="bbox 2133 5103 3743 5183; baseline -0.007 -13"><span class='ocrx_word' id='word_1_845' title='bbox 2133 5113 2424 5183; x_wconf 87' lang='lat' dir='ltr'><strong>acceperit,</strong></span> <span class='ocrx_word' id='word_1_846' title='bbox 2454 5120 2513 5167; x_wconf 92' lang='lat' dir='ltr'><strong>ut</strong></span> <span class='ocrx_word' id='word_1_847' title='bbox 2541 5112 2609 5167; x_wconf 90' lang='lat' dir='ltr'><strong>ab</strong></span> <span class='ocrx_word' id='word_1_848' title='bbox 2639 5111 2840 5167; x_wconf 88' lang='lat' dir='ltr'><strong>inﬁmis</strong></span> <span class='ocrx_word' id='word_1_849' title='bbox 2868 5111 2939 5167; x_wconf 88' lang='lat' dir='ltr'><strong>ad</strong></span> <span class='ocrx_word' id='word_1_850' title='bbox 2968 5111 3271 5182; x_wconf 86' lang='lat' dir='ltr'><strong>superiora,</strong></span> <span class='ocrx_word' id='word_1_851' title='bbox 3330 5126 3365 5164; x_wconf 93' lang='lat' dir='ltr'><strong>a</strong></span> <span class='ocrx_word' id='word_1_852' title='bbox 3395 5110 3616 5165; x_wconf 87' lang='lat' dir='ltr'><strong>deserto</strong></span> <span class='ocrx_word' id='word_1_853' title='bbox 3675 5103 3743 5160; x_wconf 89' lang='lat' dir='ltr'><strong>ad</strong></span> 
     </span>
    </p>
   </div>
   <div class='ocr_carea' id='block_1_114' title="bbox 2137 5198 3744 5274">
    <p class='ocr_par' dir='ltr' id='par_1_114' title="bbox 2137 5198 3744 5274">
     <span class='ocr_line' id='line_1_115' title="bbox 2137 5198 3744 5274; baseline -0.006 -16"><span class='ocrx_word' id='word_1_854' title='bbox 2137 5218 2368 5274; x_wconf 81' lang='lat' dir='ltr'><strong>regnum</strong></span> <span class='ocrx_word' id='word_1_855' title='bbox 2402 5200 2700 5259; x_wconf 87' lang='lat' dir='ltr'><strong>ascendere</strong></span> <span class='ocrx_word' id='word_1_856' title='bbox 2726 5200 2919 5273; x_wconf 91' lang='lat' dir='ltr'><strong>possit,</strong></span> <span class='ocrx_word' id='word_1_857' title='bbox 2962 5199 3276 5257; x_wconf 85' lang='lat' dir='ltr'><strong>manifestat</strong></span> <span class='ocrx_word' id='word_1_858' title='bbox 3327 5198 3566 5256; x_wconf 89' lang='lat' dir='ltr'><strong>dilectus</strong></span> <span class='ocrx_word' id='word_1_859' title='bbox 3621 5208 3744 5251; x_wconf 91' lang='lat' dir='ltr'><strong>cum</strong></span> 
     </span>
    </p>
   </div>
   <div class='ocr_carea' id='block_1_115' title="bbox 2134 5291 2372 5347">
    <p class='ocr_par' dir='ltr' id='par_1_115' title="bbox 2134 5291 2372 5347">
     <span class='ocr_line' id='line_1_116' title="bbox 2134 5291 2372 5347; baseline -0.008 0"><span class='ocrx_word' id='word_1_860' title='bbox 2134 5291 2324 5347; x_wconf 90' lang='lat' dir='ltr'><strong>subdit</strong></span> <span class='ocrx_word' id='word_1_861' title='bbox 2359 5306 2372 5345; x_wconf 90' lang='lat'><strong>:</strong></span> 
     </span>
    </p>
   </div>
   <div class='ocr_carea' id='block_1_116' title="bbox 2206 5375 3734 5450">
    <p class='ocr_par' dir='ltr' id='par_1_116' title="bbox 2206 5375 3734 5450">
     <span class='ocr_line' id='line_1_117' title="bbox 2206 5375 3734 5450; baseline -0.004 -17"><span class='ocrx_word' id='word_1_862' title='bbox 2206 5380 2387 5449; x_wconf 87' lang='lat' dir='ltr'><strong>(Vers.</strong></span> <span class='ocrx_word' id='word_1_863' title='bbox 2406 5380 2487 5450; x_wconf 80' lang='lat'><strong>5.)</strong></span> <span class='ocrx_word' id='word_1_864' title='bbox 2506 5378 2623 5437; x_wconf 86' lang='lat' dir='ltr'><strong>Sub</strong></span> <span class='ocrx_word' id='word_1_865' title='bbox 2637 5378 2835 5437; x_wconf 90' lang='lat' dir='ltr'><strong>arbore</strong></span> <span class='ocrx_word' id='word_1_866' title='bbox 2866 5379 3016 5436; x_wconf 87' lang='lat' dir='ltr'><strong>malo</strong></span> <span class='ocrx_word' id='word_1_867' title='bbox 3046 5377 3321 5436; x_wconf 84' lang='lat' dir='ltr'><strong>suscitavi</strong></span> <span class='ocrx_word' id='word_1_868' title='bbox 3352 5380 3432 5444; x_wconf 87' lang='lat' dir='ltr'><strong>te,</strong></span> <span class='ocrx_word' id='word_1_869' title='bbox 3492 5375 3577 5432; x_wconf 86' lang='lat' dir='ltr'><strong>ibi</strong></span> <span class='ocrx_word' id='word_1_870' title='bbox 3604 5388 3734 5431; x_wconf 86' lang='lat' dir='ltr'><strong>cor-</strong></span> 
     </span>
    </p>
   </div>
   <div class='ocr_carea' id='block_1_117' title="bbox 2135 5532 2453 5587">
    <p class='ocr_par' dir='ltr' id='par_1_117' title="bbox 2135 5532 2453 5587">
     <span class='ocr_line' id='line_1_118' title="bbox 2135 5532 2453 5587; baseline -0.009 0"><span class='ocrx_word' id='word_1_871' title='bbox 2135 5532 2453 5587; x_wconf 81' lang='lat' dir='ltr'><strong>currentes.</strong></span> 
     </span>
    </p>
   </div>
  </div>
