4034 6166
316 286 415 345 5“

991 284 1216 343 SUPER
1246 284 1544 343 CANTICA
1572 280 2022 342 CANTICORUM
2044 284 2472 357 lEXPOSlTlO.
2502 319 2573 332 -—
2605 289 2753 345 CAP.
2802 289 2945 346 VIII.

3520 263 3627 348 sta

316 416 484 487 rupta
515 419 602 471 est
642 415 829 470 mater
863 416 985 481 tua,
1013 412 1094 469 ibi
1121 410 1333 469 violata
1360 414 1447 467 est
1482 409 1742 483 genitrix
1773 413 1896 466 tua.
1940 415 1996 476 A
2022 410 2205 467 biliter
2233 421 2476 484 apparet,
2507 412 2561 469 in
2592 430 2720 472 vera
2748 415 2859 472 vita
2887 432 2944 473 se
2972 416 3330 485 abscondunt,
3352 431 3470 490 qua
3510 430 3620 473 non

383 503 437 558 5.
468 502 610 571 Quid
641 518 739 573 per
768 501 1019 558 arborem
1048 502 1271 569 malum,
1303 500 1407 556 nisi
1433 506 1620 555 sancta
1649 515 1782 554 crux
1810 498 1913 553 de-

309 591 557 664 signatur
583 591 612 644 ?
641 607 763 662 qua
790 591 996 645 malum
1016 590 1152 646 illud
1182 589 1454 657 sustinuit,
1486 590 1554 644 de
1583 604 1690 659 quo
1720 588 1913 644 eadem

313 681 529 752 Sponsa
561 680 618 736 in
634 680 1011 750 superioribus
1024 679 1183 751 dicit:
1207 680 1366 736 Sicut
1383 680 1567 735 malus
1583 680 1643 734 in
1652 681 1739 733 ter
1760 678 1914 749 ligna

310 772 622 844 sytvarum,
645 773 727 825 sic
748 770 988 825 dilectus
1011 785 1169 826 meus
1202 769 1354 826 inter
1373 768 1521 837 ﬁlios
1543 768 1733 838 (Cant.
1756 782 1816 835 ιι,
1838 767 1910 835 3).

315 859 422 914 Sed
451 874 709 929 sponsam
739 873 893 913 suam
925 858 1170 914 Christus
1198 857 1297 912 sub
1326 858 1518 912 arbore
1547 855 1693 911 malo
1736 854 1912 911 susci-

313 947 461 1017 tavit,
499 947 628 1019 quia
658 947 712 1001 in
752 964 908 1003 cruce
936 946 1164 1018 positus,
1190 946 1464 1001 subditam
1489 945 1591 1000 sibi
1609 943 1914 1000 Ecclesium

310 1036 377 1092 ad
405 1035 576 1093 vitam
609 1036 823 1092 vocavit
850 1055 863 1099 ;
897 1044 953 1091 ut
980 1051 1013 1091 a
1038 1051 1233 1090 somno
1264 1034 1452 1090 mortis
1482 1041 1811 1105 resurgeret,
1863 1040 1917 1088 et

310 1141 427 1181 cum
454 1125 549 1181 illo
580 1141 639 1180 se
687 1123 1031 1198 cruciﬁgens,
1090 1123 1161 1180 ad
1218 1138 1416 1180 novam
1472 1121 1916 1178 resurrectionem

310 1220 654 1286 properaret.
678 1214 837 1271 Unde
859 1212 1219 1284 etApostolus
1247 1211 1417 1269 cuivis
1452 1212 1649 1267 anima
1696 1218 1918 1267 mortua

311 1303 481 1359 dicit:
510 1303 717 1374 Surge,
736 1305 832 1374 qui
849 1303 1079 1369 dormis,
1103 1307 1159 1359 et
1201 1318 1416 1374 exurge
1432 1319 1468 1357 a
1488 1301 1749 1369 mortuis,
1767 1300 1914 1355 etil-

314 1393 622 1448 luminabit
643 1397 698 1449 te
716 1392 971 1449 Christus
992 1392 1219 1464 (Ephes.
1248 1408 1304 1462 v,
1338 1393 1448 1461 14).
1480 1390 1549 1445 Et
1578 1388 1913 1459 Quibusdam

310 1481 397 1553 qui
422 1481 540 1550 jam
562 1484 932 1547 surrexerunt,
960 1481 1089 1536 alibi
1122 1479 1254 1536 dicit
1306 1497 1320 1534 :
1358 1480 1419 1537 Si
1463 1478 1912 1536 consum-existis

309 1587 436 1626 cum
452 1570 694 1639 Christo,
727 1588 851 1644 qua:
871 1586 1101 1627 sursum
1132 1573 1270 1627 sunt
1300 1569 1538 1642 quaerite
1562 1568 1705 1638 (Col.
1725 1582 1807 1633 ιιι,
1834 1570 1906 1637 1).

313 1659 418 1715 Sed
446 1659 576 1731 quia
614 1658 907 1715 inﬁdelitas
937 1659 1248 1731 Synagogae
1305 1658 1577 1713 Christum
1622 1655 1907 1725 cruciﬁxit,

2024 500 2124 555 nisi
2146 500 2511 557 invisibilibus
2534 503 2703 558 oculis
2729 521 2786 561 se
2814 505 3162 561 manifestam
3192 506 3420 577 praebet.
3445 507 3628 562 Potest

2024 596 2206 645 tamen
2235 590 2484 664 intelligi,
2519 600 2576 647 ut
2604 592 2710 648 hoc
2741 593 2808 649 de
2833 594 3009 664 seipso
3039 595 3288 651 Christus
3326 595 3486 665 dicat,
3538 596 3627 650 in-

2025 679 2219 750 quiens
2245 699 2256 734 :
2278 681 2429 736 Pone
2448 696 2538 737 me
2568 685 2633 736 ut
2663 682 3028 752 signaculum
3052 700 3220 755 super
3241 700 3334 740 cor
3353 689 3535 752 tuum,
3564 687 3629 739 ut

2024 768 2383 838 signaculum
2398 785 2571 842 super
2586 770 2881 826 brachium
2903 775 3064 827 tuum
3087 793 3105 838 ,-
3124 771 3257 843 quia
3273 774 3441 843 fortis
3453 778 3535 829 est
3554 775 3620 828 ut

2024 871 2174 912 mors
2200 857 2448 914 dilectio.
2483 860 2560 913 Ac
2587 858 2632 913 si
2662 858 2904 923 diceret;
2936 862 3090 929 457
3123 861 3359 933 Dignum
3378 869 3457 916 est
3477 870 3534 916 ut
3572 861 3630 915 in

2025 952 2205 1000 mente
2235 953 2288 999 et
2325 946 2535 1001 actione
2557 946 2773 1020 signum
2830 947 3136 1004 dilectionis
3181 965 3318 1004 mea
3358 949 3622 1021 meipsum

2024 1039 2202 1088 tecum
2233 1033 2397 1103 feras,
2432 1035 2556 1107 quia
2580 1036 2635 1090 in
2665 1036 2983 1093 fortitudine
3013 1037 3318 1093 dilectionis
3349 1046 3451 1094 tua
3481 1054 3629 1095 mor-

2027 1128 2135 1177 tem
2163 1122 2323 1191 subii,
2351 1124 2417 1179 ut
2442 1132 2493 1179 tu
2523 1140 2650 1197 qua
2679 1133 2891 1182 mortua
2913 1127 2967 1181 in
2995 1126 3311 1182 inﬁdelitate
3341 1142 3481 1193 eras,
3516 1144 3626 1183 me-

2023 1226 2148 1266 cum
2178 1227 2487 1284 resurgens,
2516 1213 2572 1269 in
2604 1213 2730 1269 ﬁdei
2754 1216 2993 1271 novitate
3009 1215 3326 1287 spiritaliter
3345 1215 3516 1271 vivas.

2092 1299 2147 1353 8.
2172 1299 2279 1355 Sed
2312 1300 2439 1372 quia
2468 1301 2522 1356 in
2552 1316 2710 1358 cruce
2728 1318 3027 1373 suspensus
3048 1319 3390 1376 nequaquam
3414 1303 3623 1376 fuisset,

2020 1385 2122 1442 nisi
2152 1387 2220 1442 ad
2249 1404 2507 1460 magnam
2538 1389 2802 1446 invidiam
2823 1407 2919 1448 cor
2948 1393 3255 1466 Synagoga
3298 1392 3613 1463 exarsisset,

2017 1473 2142 1531 ideo
2156 1476 2405 1532 subditur
2422 1480 2595 1535 :Dura
2615 1484 2680 1536 ut
2694 1481 2975 1551 infermus
2991 1483 3301 1538 (emutatio.
3333 1481 3625 1538 Emulatio

2018 1564 2219 1636 quippe
2248 1571 2303 1621 et
2329 1567 2384 1621 in
2406 1567 2611 1623 bonum
2643 1577 2695 1623 et
2723 1568 2777 1622 in
2810 1570 3009 1625 malum
3032 1571 3311 1641 accipitur.
3334 1574 3393 1627 In
3417 1572 3617 1627 bonum

2017 1654 2161 1709 enim
2191 1655 2470 1726 accipitur,
2503 1657 2640 1712 sicut
2663 1674 2763 1728 per
2788 1660 3103 1729 Apostolum
3133 1660 3334 1716 dicitur
3366 1680 3377 1715 :
3410 1661 3609 1717 Emu—

309 1748 431 1804 ideo
451 1750 826 1820 sequitur:Ibi
842 1754 1112 1821 corrupta
1130 1753 1216 1805 est
1246 1752 1430 1804 mater
1461 1751 1600 1838 tua:
1642 1745 1757 1838 Sub
1814 1761 1907 1838 ar-
1938 1775 1993 1838 B
2021 1743 2327 1838 lamini(a)
2343 1746 2692 1838 charismaa
2709 1748 3274 1838 m_eliora(ICor.xm,
3308 1748 3416 1819 11).
3437 1750 3497 1803 Ιιι
3520 1766 3628 1804 ma-

305 1838 435 1893 bore
463 1837 612 1893 malo
634 1846 811 1893 mater
840 1836 1104 1893 Ecclesia
1129 1844 1385 1907 corrupta
1414 1851 1534 1890 esse
1549 1834 1763 1902 dicitur,
1783 1832 1910 1904 quia

309 1926 527 1997 quando
554 1927 903 1982 Salvatorem
932 1942 1091 1981 suum
1121 1925 1177 1980 in
1207 1925 1357 1996 ligno
1374 1923 1510 1989 ﬁxit,
1542 1922 1782 1978 nefando
1802 1937 1912 1978 sce-

305 2014 414 2071 lere
441 2032 502 2071 se
523 2016 783 2087 corrupit.
844 2014 1011 2084 Cujus
1066 2013 1286 2070 sceleris
1328 2011 1765 2085 magnitudinem
1820 2010 1909 2065 in-

306 2104 503 2173 culcat,
538 2120 664 2161 cum
689 2104 836 2159 idem
853 2104 1101 2174 replicat,
1130 2102 1320 2158 dicens
1352 2120 1364 2156 :
1398 2101 1709 2158 Ibivioluta
1726 2103 1811 2157 est
1824 2115 1912 2172 ge-

309 2193 501 2250 nitria:
518 2197 641 2250 tua.
675 2192 783 2248 Sed
813 2192 1067 2262 quoniam
1099 2192 1169 2246 ad
1190 2193 1293 2248 hoc
1313 2189 1533 2247 cacitas
1561 2190 1617 2243 in
1641 2190 1810 2245 Israel
1843 2189 1914 2243 fa.

309 2290 393 2338 cta
424 2291 527 2352 est,
548 2290 603 2337 ut
650 2282 931 2352 plenitudo
989 2280 1242 2337 Gentium
1298 2281 1521 2335 intraret
1576 2281 1752 2350 (Rom.
1809 2279 1909 2351 ιιι),

307 2371 429 2428 ideo
462 2371 686 2429 intranti
714 2371 976 2428 Ecclesia
1005 2371 1207 2427 dicitur
1253 2385 1266 2425 :

372 2462 555 2531 (Vers.
580 2463 659 2521 6.)
678 2463 828 2518 Pone
842 2476 929 2518 me
955 2464 1023 2516 ut
1040 2460 1402 2531 signaculum
1418 2475 1586 2531 super
1611 2475 1708 2516 cor
1724 2462 1908 2525 tuum,

323 2554 386 2606 ut
407 2551 774 2623 signaculum
811 2566 979 2624 super
1006 2550 1301 2606 brachium
1325 2553 1509 2605 tuum.

370 2643 423 2695 6.
465 2640 527 2694 ln
557 2638 722 2696 corde
742 2646 863 2695 sunt
891 2638 1270 2710 cogitationes,
1295 2646 1347 2693 et
1374 2638 1430 2691 in
1450 2636 1681 2693 brachio
1711 2652 1911 2708 opera-

304 2728 516 2784 tiones.
558 2728 741 2799 Super
769 2744 864 2785 cor
889 2744 1021 2801 ergo
1047 2736 1098 2783 et
1127 2743 1290 2799 super
1317 2727 1602 2783 brachium
1662 2726 1910 2796 Sponsa,

314 2818 546 2873 dilectus
574 2822 634 2872 ut
663 2816 1000 2889 signaculum
1030 2816 1249 2886 ponitur
1270 2834 1283 2878 ;
1305 2815 1431 2887 quia
1452 2816 1507 2869 in
1531 2822 1717 2870 sancta
1731 2816 1915 2871 anima

307 2914 571 2975 quantum
602 2905 672 2960 ab
700 2921 765 2960 ea
794 2904 1069 2977 diligatur,
1104 2912 1157 2960 et
1177 2903 1457 2959 voluntate
1486 2911 1538 2958 et
1569 2903 1780 2958 actione
1810 2904 1911 2957 de-

307 2993 575 3067 signatur.
610 2995 838 3066 Signum
880 2994 1082 3063 quippe
1135 3001 1320 3050 sancta
1377 3008 1533 3048 mens
1588 2992 1815 3048 interius
1860 3001 1913 3048 et

319 3083 566 3138 exterius
591 3083 862 3138 Christum
891 3090 1070 3154 portat
1102 3097 1115 3151 ;
1150 3083 1277 3153 quia
1305 3081 1434 3136 dum
1463 3082 1519 3135 in
1548 3082 1666 3151 ejus
1695 3081 1913 3137 medita-

307 3172 547 3233 tionibus
570 3172 787 3226 assidue
829 3171 1058 3240 laborat,
1116 3170 1173 3225 in
1226 3169 1478 3226 exteriori
1529 3170 1741 3225 actione
1784 3187 1909 3226 eum

300 3261 505 3315 imitari
535 3276 647 3315 non
684 3267 878 3329 cessat,
920 3275 1025 3332 quo
1055 3261 1175 3331 ejus
1194 3260 1393 3316 dilecta
1405 3275 1523 3315 esse
1537 3259 1770 3315 dubitari
1800 3275 1909 3314 non

299 3349 531 3406 debeat.
569 3350 649 3404 De
681 3364 787 3419 quo
803 3349 959 3421 signo
992 3349 1109 3420 ipse
1158 3348 1406 3419 Sponsus
1463 3347 1742 3419 discipulis
1797 3348 1910 3403 suis

297 3436 482 3492 aiebat
508 3454 519 3490 :
555 3436 627 3491 In
659 3436 758 3493 hoc
770 3442 1105 3509 coqnoscent
1121 3453 1315 3493 omnes
1327 3438 1466 3508 quia
1480 3452 1605 3492 vere
1615 3437 1727 3492 mei
1743 3436 1908 3492 disci-

293 3527 417 3595 puli
430 3527 597 3594 estis,
610 3526 659 3580 si
678 3525 1046 3582 dilectionem
1063 3525 1372 3582 habueritis
1382 3525 1455 3580 ad
1464 3526 1706 3581 invicem
1724 3525 1906 3597 (Joan.

294 3628 413 3683 xui,
446 3614 572 3683 35).
610 3615 693 3669 De
723 3630 827 3686 qua
866 3614 1157 3669 dilectione
1177 3630 1305 3669 mox
1327 3613 1580 3667 subditur
1607 3630 1621 3666 :

364 3704 554 3775 (Vera.
589 3706 678 3772 6.)
712 3704 853 3772 Quia
872 3705 1041 3774 fortis
1077 3707 1165 3760 est
1199 3706 1269 3760 ut
1298 3719 1447 3760 mors
1470 3701 1734 3770 dilectio;
1764 3700 1909 3758 dura

298 3790 453 3849 sicut
473 3793 744 3863 infernus
762 3794 1095 3861 (emutatio;
1129 3792 1419 3867 lampades
1455 3792 1580 3864 ejus
1620 3791 1909 3863 lampades

306 3880 457 3952 ignis
474 3885 648 3952 atque
670 3883 1066 3951 ﬂammarum.

362 3972 420 4024 7.
452 3970 603 4025 Bene
634 3969 824 4041 procul
853 3970 1020 4025 dubio
1052 3969 1206 4025 fortis
1233 3978 1291 4024 ut
1319 3983 1469 4024 mors
1506 3968 1738 4024 dilectio
1794 3981 1911 4022 esse

296 4059 658 4128 perhibetur;
692 4058 820 4128 quia
846 4058 975 4113 dum
1004 4074 1104 4129 per
1129 4057 1522 4114 dilectionema
1541 4057 1686 4112 vitiis
1713 4057 1908 4111 morti-

292 4145 551 4215 ﬁcamur,
574 4145 721 4218 quod
748 4162 893 4202 mers
923 4147 1037 4219 agit
1082 4146 1141 4200 in
1195 4146 1450 4202 sensibus
1479 4146 1745 4216 corporis,
1805 4146 1911 4200 hoc

290 4234 650 4308 agitdilectio
680 4235 736 4290 in
764 4234 1153 4305 cupiditatibus
1184 4235 1402 4290 mentis.
1431 4235 1568 4291 Sunt
1597 4235 1743 4290 enim
1772 4249 1907 4289 non-

288 4324 429 4380 nulli
464 4325 559 4396 qui
589 4324 667 4380 sic
697 4324 930 4397 diligunt
956 4325 1150 4391 Deum,
1170 4332 1228 4378 ut
1254 4323 1441 4378 omnia
1467 4323 1715 4379 visibilia
1736 4323 1910 4395 negli-

289 4421 447 4483 gant,
504 4420 557 4468 et
595 4412 725 4467 dum
756 4421 935 4467 mente
960 4411 1016 4465 in
1044 4419 1248 4467 atema
1292 4411 1535 4480 tendunt,
1595 4412 1665 4466 ad
1720 4411 1910 4468 omnia

1940 3134 1991 3197 Ο

2018 1830 2131 1886 lum
2150 1840 2331 1888 autem
2363 1835 2668 1903 assumitur,
2683 1835 2773 1889 ubi
2784 1852 2888 1907 per
2901 1837 3207 1892 Samuelem
3224 1838 3369 1895 Sauli
3383 1838 3581 1894 dicitur
3607 1854 3623 1895 :

2020 1922 2328 1991 Auferetur
2347 1940 2381 1978 a
2403 1926 2458 1979 te
2488 1938 2744 1995 regnum,
2778 1930 2834 1980 et
2847 1925 3080 1983 dubitur
3100 1928 3303 1983 aemulo
3318 1927 3481 1999 tuo(I
3494 1930 3619 1999 Reg.

2022 2010 2180 2079 xvu).
2226 2011 2467 2066 Emulus
2493 2013 2698 2085 quippe
2726 2014 2844 2083 ejus
2886 2014 3059 2070 David
3092 2014 3305 2084 dicitur,
3344 2016 3426 2071 cui
3487 1999 3620 2071 Sau1

2021 2097 2264 2154 invidere
2288 2115 2400 2155 non
2436 2100 2747 2173 ignoratur.
2791 2103 2939 2157 Dura
2968 2113 3048 2159 est
3090 2120 3221 2177 ergo
3264 2112 3322 2160 ut
3376 2106 3621 2160 infernus

2022 2187 2329 2251 aemulatio;
2364 2188 2491 2259 quia
2508 2190 2637 2244 dum
2669 2190 2968 2263 Synagoga
2996 2192 3269 2248 Christum
3312 2193 3380 2247 ad
3413 2194 3619 2249 inferos

2021 2290 2182 2345 posse
2203 2278 2570 2333 transmittere
2598 2295 2655 2334 se
2696 2280 2927 2349 putavit,
2973 2282 3026 2336 ei
3067 2297 3235 2353 usque
3261 2282 3333 2336 ad
3393 2290 3621 2337 mortem

2021 2364 2618 2435 cordeiimmisericordi
2637 2368 2848 2423 invidit.
2864 2369 2934 2425 Ut
2946 2368 3186 2426 infernus
3202 2370 3476 2427 aemulatio
3488 2370 3622 2425 dura

2020 2453 2253 2518 exstitit;
2279 2455 2406 2525 quia
2434 2456 2569 2511 sicut
2591 2456 2859 2513 iufermus
2907 2458 3023 2514 sine
3071 2459 3449 2516 misericordia
3484 2474 3621 2530 quos

2022 2551 2166 2599 tenet
2189 2543 2412 2613 cruciat,
2440 2545 2516 2600 sic
2533 2546 2753 2601 Iudaica
2781 2547 2937 2617 plebs
2993 2548 3263 2604 Christum
3310 2550 3622 2620 apprehen-

2022 2632 2155 2687 dens
2184 2633 2300 2688 sine
2328 2642 2574 2705 respectu
2604 2635 2819 2705 pietatis
2848 2638 2917 2690 ad
2940 2647 3167 2693 mortem
3211 2637 3482 2694 trahebat.
3541 2638 3621 2694 De

2021 2737 2127 2791 qua
2158 2721 2297 2776 bene
2314 2721 2591 2777 subditur:
2616 2723 2933 2797 Lampadas
2974 2726 3115 2797 ejus,
3160 2727 3447 2798 lampades
3464 2729 3615 2799 ignis

2020 2814 2189 2882 atque
2202 2812 2589 2879 ﬂammarum.
2609 2812 2759 2867 Sicut
2778 2813 2922 2867 enim
2936 2814 3081 2886 ignis
3096 2831 3216 2884 qua
3238 2816 3475 2870 incendit
3490 2832 3615 2871 con-

2021 2898 2211 2967 sumit,
2242 2900 2320 2955 sic
2346 2901 2564 2956 Judaos
2584 2901 2652 2955 ab
2683 2902 2829 2955 omni
2862 2901 2986 2956 ﬁdei
3018 2903 3212 2957 virtute
3258 2903 3463 2957 invidia
3520 2920 3620 2959 sua

2020 2987 2315 3051 destruxit;
2352 2989 2421 3044 dc
2452 2989 2649 3059 quibus
2673 2989 2811 3045 bene
2839 2990 2969 3045 alibi
3000 2991 3199 3046 dicitur
3227 3006 3239 3045 :
3264 2992 3342 3061 (b)
3375 2994 3444 3047 Et
3458 3008 3614 3049 nunc

2020 3077 2168 3147 ignis
2186 3078 2537 3134 adversarios
2556 3080 2863 3137 consumit.
2880 3082 2955 3134 Ac
2966 3080 3009 3134 si
3022 3080 3619 3152 diceretur:Antequam

2017 3165 2087 3218 ad
2114 3173 2375 3221 aeternum
2407 3168 2591 3239 ignem
2622 3168 2862 3237 veniant,
2897 3169 2952 3222 in
2994 3169 3247 3238 prasenti
3284 3184 3619 3225 consumun-

2019 3261 2120 3324 tur,
2145 3255 2272 3324 quia
2300 3255 2354 3309 in
2383 3272 2440 3310 se
2470 3255 2601 3326 ipsis
2630 3256 2816 3329 ignem
2846 3256 3066 3313 invidia
3092 3265 3330 3327 portant,
3371 3259 3461 3329 qui
3506 3258 3619 3313 sine

2016 3343 2284 3413 portantis
2309 3344 2685 3400 combustione
2709 3361 2820 3400 non
2846 3352 3109 3416 portatur.
3147 3346 3251 3402 Hic
3280 3345 3422 3417 ignis
3473 3346 3618 3400 invi-

2018 3431 2122 3487 dia
2149 3431 2399 3487 ﬂammas
2412 3434 2660 3504 protulit,
2696 3435 2915 3505 quando
2943 3450 3043 3504 per
3071 3436 3321 3507 exempla
3349 3436 3405 3490 in
3421 3436 3614 3506 quibus

2016 3534 2281 3577 accensus
2309 3530 2408 3588 est,
2443 3522 2603 3578 etiam
2634 3523 2687 3578 in
2714 3522 3021 3579 Gentilibus
3050 3541 3219 3594 usque
3247 3524 3317 3579 ad
3348 3525 3617 3580 Christia-

2018 3624 2213 3664 norum
2244 3612 2503 3682 martyria
2544 3629 2644 3683 per
2694 3614 2957 3668 mundum
3012 3614 3325 3670 universum
3356 3615 3612 3669 excrevit.

2020 3697 2129 3753 Sed
2157 3698 2281 3768 quia
2311 3699 2437 3756 hinc
2473 3701 2616 3773 ignis
2645 3702 2888 3772 invidia,
2921 3702 3048 3760 hinc
3078 3702 3221 3775 ignis
3260 3702 3530 3758 charitatis
3559 3718 3617 3757 se

2017 3786 2231 3855 extulit,
2262 3787 2387 3843 ideo
2404 3789 2652 3844 subditur
2677 3809 2717 3845 :-

2089 3876 2264 3947 (Vers.
2298 3876 2376 3947 '7.)
2407 3877 2588 3949 Aqua:
2612 3881 2813 3935 multa
2827 3894 2945 3935 non
2971 3884 3247 3951 poterunt
3274 3882 3614 3953 extinguere

2018 3962 2397 4032 charitatem,
2422 3981 2526 4022 nec
2554 3967 2799 4034 ﬂumina
2840 3968 3078 4023 obruent
3109 3970 3294 4023 illam.

2090 4056 2142 4107 9.
2163 4052 2433 4108 Charitate
2460 4054 2661 4124 quippe
2691 4063 2953 4126 martyres
3007 4056 3179 4111 sancti
3227 4056 3490 4114 vivaciter
3534 4072 3618 4112 ar-

2017 4142 2241 4210 debant,
2261 4141 2450 4215 quiain
2469 4142 2568 4198 Dei
2590 4150 2643 4198 et
2660 4143 2903 4213 proximi
2951 4143 3244 4200 dilectione
3303 4144 3620 4199 mirabiliter

2020 4230 2348 4304 ﬂagrabant.
2372 4231 2525 4287 Hanc
2555 4232 2873 4287 charitatem
2886 4248 3042 4305 aqua
3064 4233 3249 4288 multa
3268 4232 3617 4306 exstinguere

2018 4336 2125 4374 non
2158 4327 2445 4391 poterant;
2479 4320 2605 4392 quia
2635 4330 3082 4393 quantacumque
3110 4322 3490 4378 tribulatioues
3536 4323 3616 4378 eis

2016 4407 2226 4477 tierent,
2260 4409 2327 4464 ad
2348 4409 2535 4465 odium
2566 4426 2659 4466 eos
2682 4419 3051 4466 transmutare
3080 4426 3189 4466 non
3211 4410 3482 4467 valebant.
3501 4412 3619 4467 Hoc

288 4501 622 4572 temporalia
649 4516 789 4571 pene
818 4499 1161 4555 insensibiles
1187 4499 1414 4555 ﬁant.In
1438 4500 1523 4555 his
1552 4500 1806 4555 nimirum
1834 4507 1892 4553 ut
1918 4488 1980 4553 D
2005 4498 2263 4552 nimirum
2292 4507 2435 4554 esset
2463 4499 2776 4556 charitatem
2802 4500 3175 4572 exstinguere,
3208 4500 3252 4554 si
3280 4501 3335 4555 in
3377 4499 3613 4555 tribula-

287 4604 446 4645 mors
476 4588 697 4645 dilectio
726 4588 882 4644 fortis
902 4589 1102 4657 existit,
1134 4588 1261 4660 quia
1277 4589 1415 4643 sicut
1432 4604 1579 4644 mors
1607 4588 1900 4645 exteriores

290 4677 550 4747 corporis
580 4690 772 4733 sensus
809 4677 879 4733 ab
900 4676 1048 4734 omni
1078 4677 1304 4748 proprio
1324 4684 1377 4731 et
1400 4676 1627 4732 naturali
1656 4678 1904 4748 appetitu

288 4764 574 4834 interﬁcit,
606 4766 687 4821 sic
715 4765 937 4822 dilectio
963 4765 1021 4821 in
1052 4765 1250 4821 talibus
1270 4765 1400 4822 viris
1454 4766 1639 4822 omnia
1694 4774 1905 4823 terrena

289 4853 576 4909 desideria
604 4862 954 4911 contemnere
981 4862 1220 4910 mentem
1249 4853 1385 4910 alias
1432 4855 1695 4910 intentam
1750 4871 1903 4911 com-

288 4941 472 5010 pellit.
502 4943 829 5013 Hujusmodi
868 4943 1099 4999 mortuis
1130 4942 1334 4998 etvivis
1349 4942 1899 5013 dicebatApostolus;

290 5030 513 5087 Μαι·ιαί
531 5032 688 5087 enim
699 5032 852 5096 estis,
883 5036 938 5088 et
969 5033 1089 5089 vita
1109 5035 1292 5089 vestra
1312 5031 1640 5089 abscondita
1670 5035 1755 5087 est
1777 5048 1902 5087 cum

289 5117 527 5175 Christo
545 5121 609 5175 in
639 5121 899 5190 Deo(Col.
932 5135 1013 5188 ιιι,
1045 5120 1126 5190 3).
1174 5120 1242 5174 Hi
1277 5121 1463 5191 procul
1510 5119 1677 5175 dubio
1737 5119 1900 5175 vitam

287 5222 449 5262 suam
481 5223 610 5263 cum
630 5208 849 5264 Christo
878 5207 1245 5277 abscondunt;
1276 5209 1405 5280 quia
1422 5210 1551 5264 dum
1577 5207 1763 5264 omnia
1780 5226 1901 5280 qua

284 5296 568 5362 videmus,
600 5303 960 5367 postponunt,
995 5297 1054 5352 in
1084 5297 1168 5352 his
1197 5313 1319 5367 qua
1355 5314 1465 5353 non
1522 5297 1794 5360 videmus,
1844 5298 1900 5353 in

279 5383 635 5441 beatitudine
661 5385 866 5442 scilicet
903 5385 1124 5456 Christi,
1155 5386 1423 5443 veraciter
1461 5394 1513 5441 et
1568 5395 1773 5443 secrete
1810 5386 1897 5443 vi-

280 5482 435 5528 vunt.
474 5472 619 5542 Quia
648 5474 793 5529 enim
824 5473 1025 5530 falsam
1054 5476 1222 5532 vitam
1252 5474 1575 5546 despiciunt,
1608 5491 1727 5547 qua
1763 5475 1898 5531 visi-

353 5596 444 5671 (ᾳ)
478 5595 656 5671 Ehem
668 5637 712 5671 ._,
743 5597 988 5671 Theod.,
1011 5598 1302 5666 Rothom.,
1322 5599 1636 5657 chrismata
1649 5600 1893 5671 majora.

355 5666 442 5739 (ὁ)
477 5666 647 5727 Forte
672 5669 818 5742 Psal,
834 5666 982 5743 xcv],
1007 5675 1058 5744 3,
1081 5671 1174 5728 ubi
1204 5671 1437 5745 legimus
1458 5671 1635 5744 :ignis
1648 5666 1790 5728 ante
1808 5671 1897 5747 ips

2011 4586 2247 4641 tionibus
2278 4603 2423 4660 quas
2454 4588 2793 4661 ingerebant,
2829 4590 2900 4644 ad
2926 4589 3024 4645 Dei
3046 4596 3136 4643 aut
3163 4589 3403 4659 proximi
3431 4588 3614 4645 odium

2014 4690 2110 4731 eos
2139 4676 2425 4733 humiliare
2454 4679 2773 4748 potuissent.
2799 4678 2907 4754 Sed
2929 4694 3051 4736 cum
3080 4694 3233 4750 aqua
3277 4679 3438 4735 dicta
3493 4679 3618 4748 sint,

2011 4763 2140 4835 quid
2162 4781 2372 4821 rursum
2404 4782 2505 4837 per
2540 4766 2789 4835 ﬂumina,
2821 4769 2926 4823 nisi
2946 4784 3214 4840 aquarum
3244 4768 3485 4839 ipsarum
3530 4768 3619 4821 in-

2012 4861 2287 4909 crementa
2312 4861 2364 4909 et
2406 4854 2668 4911 vivacitas
2705 4856 3063 4929 intelligitur?
3119 4856 3369 4912 Flumina
3418 4857 3620 4927 quippe

2012 4941 2163 4997 vivas
2190 4957 2360 5013 aquas
2388 4945 2564 5001 solere
2594 4944 2703 5000 dici
2734 4945 3139 5018 cognoscimus.
3193 4944 3439 4999 Flumina
3485 4960 3619 5016 ergo

2010 5031 2277 5087 maximas
2308 5033 2705 5089 tribulationem
2738 5035 3058 5105 accipimus;
3098 5048 3215 5103 qua
3251 5034 3380 5087 dum
3402 5048 3502 5102 per
3532 5042 3620 5089 to-

2012 5127 2125 5174 tum
2154 5120 2341 5176 orbem
2406 5138 2569 5194 super
2621 5130 2887 5193 martyres
2925 5121 3251 5177 ebullierunt
3272 5164 3286 5189 ,
3308 5120 3377 5175 ad
3408 5123 3617 5177 exstin-

2012 5209 2290 5280 guendum
2322 5210 2605 5266 charitatis
2627 5212 2813 5283 ignem
2872 5210 3064 5282 grandi
3100 5210 3307 5281 impetu
3337 5209 3619 5266 conﬂuxe-

2006 5305 2150 5351 runt.
2186 5298 2294 5353 Sed
2326 5298 2450 5371 quia
2478 5300 2623 5354 inter
2651 5299 2875 5353 ﬂumina
2906 5298 2981 5372 (c)
3011 5298 3147 5354 adeo
3177 5298 3409 5354 charitas
3466 5300 3617 5368 vivit,

2005 5387 2254 5456 utpotius
2290 5386 2517 5442 ﬂumina
2547 5394 2906 5455 consumeret,
2941 5403 3104 5460 quam
3161 5404 3221 5444 se
3262 5388 3332 5443 ab
3378 5387 3485 5443 illis
3516 5405 3616 5445 ex-

2003 5475 2206 5548 stingui
2234 5478 2607 5548 permitteret;
2640 5476 2766 5532 ideo
2792 5476 2944 5532 multi
2983 5476 3153 5533 etiam
3189 5485 3617 5549 persecutorum

2006 5604 2278 5675 praeit“
2306 5600 2694 5675 inﬂammabit
2714 5602 2778 5656 in
2799 5603 2947 5675 circ.
2984 5601 3253 5660 inimicos
3282 5604 3427 5675 ejus.

2078 5673 2152 5742 (c)
2181 5669 2343 5741 Editi,
2365 5669 2505 5731 adeo
2533 5672 2838 5731 charitatis
2857 5675 3011 5747 vigor
3036 5676 3215 5733 vixit.
