4034 6166
367 275 469 330 583

1567 270 1814 329 SANCTI
1854 267 2198 327 GREGORII
2243 270 2479 330 MAGNI

3556 274 3655 331 5M

363 397 436 456 ad
463 397 712 456 eamdem
741 398 1053 457 charitatem
1085 416 1144 458 se
1162 400 1589 469 convertebant,
1614 400 1684 455 ita
1705 397 1958 455 utdimit—
1988 393 2047 458 A
2075 405 2162 456 cto
2180 395 2497 470 instigavit?
2525 395 2734 468 Quibus
2754 398 2948 457 eodem
2965 398 3194 473 Spiritus
3209 398 3380 472 quoin
3400 399 3659 471 quaestio-

366 496 537 544 terent
566 488 828 559 quidquid
856 490 909 544 in
945 491 1148 547 mundo
1203 490 1579 563 possidebant,
1645 498 1699 545 et
1752 488 1960 559 seipsos

370 578 527 632 morti
557 579 773 648 darent,
807 595 971 652 quam
1003 582 1150 651 prius
1179 579 1507 652 patientibus
1531 579 1821 637 crudeliter
1875 576 1963 632 in—

372 665 637 721 ferebant.
672 669 825 724 Unde
853 677 906 724 et
929 670 1199 725 subditur:

445 755 618 824 (Vers.
652 757 732 828 7.)
762 757 819 814 Si
835 758 1053 814 dederit
1067 760 1228 816 homo
1240 776 1465 817 omnem
1480 759 1863 817 substantiam
1876 756 1965 814 do-

372 858 499 900 mus
519 860 638 900 sua:
664 861 768 917 pro
784 846 1105 912 dilectione,
1125 850 1288 920 quasi
1307 850 1455 906 nihil
1502 849 1774 923 despiciet
1805 864 1958 905 eam.

452 936 542 987 10.
575 933 717 987 Cum
743 942 971 991 terrenae
1004 937 1317 992 substantiae
1345 937 1643 1009 cupiditate
1672 939 1818 994 Deus
1860 953 1968 992 non

378 1019 645 1094 diligitur,
670 1023 799 1092 quia
824 1033 1064 1080 terrenus
1091 1040 1243 1082 amor
1269 1026 1488 1082 oculum
1504 1027 1685 1084 cordis
1704 1026 1966 1094 sordidat,

376 1126 442 1164 ne
472 1110 655 1165 divina
685 1111 902 1169 claritas
933 1114 1198 1170 videatur.
1233 1115 1432 1172 Contra
1461 1117 1606 1186 quod
1635 1116 1690 1171 in
1721 1117 1971 1188 Evange-

382 1198 455 1255 lio
487 1200 683 1256 dicitur
714 1220 728 1257 ε
761 1202 935 1260 Beati
946 1205 1156 1261 mundo
1170 1206 1355 1277 corde,
1373 1206 1640 1279 quoniam
1665 1209 1776 1281 ipsi
1794 1208 1973 1264 Deum

379 1289 645 1347 videbunt
674 1292 890 1362 (Matth.
925 1310 978 1363 v,
1012 1295 1085 1364 8).
1120 1294 1188 1349 Et
1214 1296 1454 1350 Joannes
1482 1296 1762 1367 apostolus
1790 1296 1891 1351 ait:
1914 1296 1973 1352 Si

381 1379 505 1451 quis
524 1379 713 1451 diligit
728 1381 1027 1452 mundum,
1060 1400 1177 1440 non
1203 1389 1290 1441 est
1319 1384 1573 1442 charitas
1603 1386 1791 1442 Patris
1818 1387 1883 1441 in
1912 1401 1973 1443 eo

383 1468 567 1538 (Joan.
602 1486 660 1538 ιι,
694 1471 801 1538 15).
835 1473 951 1528 Nec
979 1472 1195 1543 mirum,
1228 1474 1499 1545 quomodo
1529 1474 1674 1530 enim
1704 1492 1827 1531 eum
1855 1473 1975 1530 dili-

381 1573 511 1628 gere
538 1567 734 1629 potest,
768 1576 936 1631 quem
965 1562 1167 1617 nescit?
1197 1565 1365 1632 458
1397 1567 1501 1620 Aut
1531 1566 1804 1635 quomodo
1851 1582 1975 1622 eum

383 1647 503 1717 scit,
536 1647 609 1704 ad
637 1665 796 1719 quem
826 1649 1128 1719 sciendum,
1159 1652 1373 1708 oculum
1390 1653 1580 1709 cordis
1600 1654 1846 1711 claudit?
1864 1655 1977 1711 Sed

2071 502 2194 543 nem
2225 503 2320 544 eos
2350 486 2583 557 induxit,
2606 489 2901 561 respondet
2946 489 3197 562 protinus
3253 487 3659 556 convenienter,

2073 584 2128 633 et
2154 576 2228 632 ait
2260 594 2271 631 :

2146 685 2317 751 (Vers.
2349 686 2425 755 9.)
2459 684 2527 740 Si
2554 701 2755 741 murus
2792 689 2898 752 est,
2938 685 3279 756 adiﬁcemus
3323 700 3495 758 super
3537 700 3666 741 cum

2071 776 2503 847 propugnacula
2521 780 2812 847 argentea.

2148 884 2234 936 12.
2269 882 2407 938 Dato
2437 881 2639 954 Spiritu
2664 889 2851 940 sancto
2882 899 3069 939 murus
3088 890 3278 940 sancta
3309 879 3555 938 Ecclesia
3583 880 3665 935 ef-

2076 968 2269 1034 ﬁcitur,
2302 971 2432 1040 quia
2460 987 2583 1043 quae
2612 970 2761 1042 prius
2790 971 2982 1028 timida
3036 980 3170 1041 erat,
3229 972 3528 1026 instruente
3571 983 3670 1024 eo-

2078 1058 2202 1114 dem
2231 1059 2429 1130 Spiritu
2451 1060 2839 1131 omnipotente,
2862 1061 2932 1117 ad
2952 1058 3313 1117 resistendum
3351 1057 3673 1114 adversariis

2078 1146 2571 1218 impenetrabiliter
2600 1150 2901 1206 roboratur.
2942 1149 3110 1219 Quod
3164 1148 3476 1204 manifestat
3530 1146 3672 1201 idem

2080 1237 2270 1293 Petrus
2300 1237 2403 1293 sub
2433 1238 2632 1294 ancilla
2663 1238 2898 1307 timidus,
2932 1254 3060 1295 mox
3080 1248 3271 1295 contra
3309 1236 3581 1308 principes
3598 1235 3674 1289 ri-

2080 1325 2465 1397 gidus,quibus
2478 1328 2711 1383 dicebat:
2723 1327 2955 1384 Obedire
2966 1331 3187 1401 oportet
3196 1328 3306 1383 Deo
3321 1324 3501 1396 magis
3513 1338 3678 1394 quam

2083 1414 2403 1472 hominibus
2424 1418 2571 1485 (Act.
2590 1433 2645 1485 v,
2679 1420 2788 1482 29).
2808 1417 2875 1472 Et
2893 1418 3091 1472 iterum
3124 1433 3138 1470 :
3158 1416 3216 1471 Si
3233 1416 3469 1487 justum
3483 1416 3567 1469 est
3589 1427 3678 1467 vos

2082 1505 2270 1575 potius
2283 1504 2485 1561 audire
2496 1521 2664 1578 quam
2679 1507 2855 1562 Deum
2863 1505 2903 1577 ,j
2908 1505 3259 1567 udicatemos
3271 1504 3429 1558 enim
3442 1518 3556 1557 non
3568 1516 3684 1573 pos-

2084 1608 2279 1650 sumus
2295 1610 2417 1667 quae
2429 1595 2669 1651 vidimus
2682 1598 2739 1651 et
2753 1594 3096 1660 audivimus,
3110 1610 3226 1650 non
3241 1593 3403 1663 loqui
3433 1592 3495 1660 (Α
3509 1593 3583 1645 ct.
3610 1604 3683 1655 1v,

2089 1685 2199 1754 19).
2234 1684 2297 1737 Ει
2324 1683 2393 1739 de
2421 1684 2631 1739 caeteris
2658 1682 2942 1754 discipulis
2972 1682 3232 1753 scriptum
3264 1683 3347 1737 est
3381 1698 3396 1734 :
3422 1680 3588 1735 Ibant
3606 1678 3686 1733 di-

384 1738 802 1845 f‘?{“9.°m“f’f‘§
832 1740 1187 1845 δυδδῖἦθίίξὶξη
1210 1740 1411 1841 ,domus
1439 1758 1551 1845 ⁵9³³
1578 1758 1677 1814 pro
1690 1742 1979 1845 (319959119
2008 1764 2064 1825 B
2092 1738 2299 1845 scipuli
2310 1773 2622 1844 gaudentes
2634 1789 2673 1827 a
2685 1738 2988 1844 conipectu
3002 1738 3528 1842 conciliiquoniam
3541 1767 3694 1839 digni

385 1826 593 1894 tribuit,
627 1828 843 1898 quando
892 1828 1153 1900 quidquid
1209 1830 1263 1884 in
1316 1831 1521 1887 mundo
1577 1832 1834 1902 possidet,
1886 1826 1988 1905 pro

389 1915 599 1971 Christo
630 1916 929 1976 distribuit;
965 1925 1023 1973 ut
1050 1917 1315 1989 abjiciens
1345 1921 1490 1990 quod
1512 1919 1755 1993 impedit,
1816 1922 1990 1978 Deum

389 2003 606 2077 diligat,
639 2013 692 2059 et
724 2013 865 2061 terso
888 2006 1111 2076 pulvere
1140 2007 1591 2079 sollicitudinum,
1623 2009 1811 2066 oculos
1852 2027 1990 2082 ape-

389 2093 493 2148 riat
522 2099 583 2148 ut
611 2094 809 2151 videat.
837 2095 905 2150 Et
958 2112 1077 2151 cum
1136 2112 1353 2153 omnem
1406 2097 1768 2154 substantiam
1814 2100 1990 2156 dede-

390 2182 480 2249 rit,
512 2183 668 2253 quasi
699 2184 831 2239 nihil
860 2200 979 2239 eam
1013 2185 1261 2257 despicit,
1294 2187 1422 2258 quia
1454 2195 1739 2259 postquam
1779 2187 1992 2244 oculum

391 2271 557 2339 tersit,
590 2279 643 2326 et
672 2273 842 2328 Deum
873 2275 1171 2345 conspexit,
1204 2276 1260 2330 in
1292 2275 1437 2332 illius
1484 2277 1696 2332 visione
1727 2276 1993 2348 quidquid

394 2361 726 2431 possederat,
756 2362 888 2417 nihil
916 2364 1127 2434 pendit.
1160 2366 1276 2420 Hoc
1314 2365 1540 2435 apostoli
1582 2366 1843 2433 fecerunt,
1902 2363 1994 2434 qui

393 2464 501 2506 non
532 2451 708 2505 solum
739 2468 1009 2521 possessa,
1057 2454 1153 2509 sed
1174 2453 1339 2508 etiam
1370 2454 1571 2523 cupita,
1604 2462 1661 2509 ut
1718 2453 1995 2508 Christum

393 2547 763 2608 sequerentur,
795 2540 1139 2597 dimiserunt.
1174 2541 1383 2609 Quibus
1414 2543 1532 2613 ipse
1576 2542 1837 2610 Christus,
1896 2556 1996 2612 pro

396 2642 503 2695 quo
534 2627 1071 2697 omniadimiserant,
1090 2629 1338 2685 dicebat:
1373 2632 1511 2687 Cum
1535 2632 1790 2702 feceritis
1803 2633 1998 2687 omnia

396 2730 519 2786 quae
530 2719 813 2788 prwcepta
824 2722 962 2773 sunt
978 2718 1143 2788 vobis,
1161 2719 1513 2777 dicite:Servi
1528 2720 1767 2777 inutiles
1778 2736 1997 2787 sumus;

395 2804 539 2875 quod
570 2805 861 2862 debuimus
877 2809 1093 2878 facere,
1119 2809 1366 2879 fecimus
1399 2808 1711 2877 (Luc.svu,
1745 2809 1856 2875 10).
1892 2808 1999 2864 Sed

398 2893 655 2964 quoniam
685 2896 899 2966 abjecta
930 2905 1150 2952 terrena
1180 2898 1487 2953 substantia
1533 2914 1642 2954 non
1700 2898 1879 2954 statim
1930 2896 2000 2952 ad

397 2982 783 3051 perfectionem
805 2985 1130 3051 ascenditur,
1160 2985 1286 3056 quia
1315 2986 1476 3041 rebus
1496 2986 1804 3057 abnegatis,
1833 2992 2003 3041 restat

398 3071 560 3125 etiam
589 3071 762 3138 labor,
812 3081 867 3127 ut
894 3074 1035 3129 idem
1066 3072 1181 3145 ipse
1212 3076 1375 3131 homo
1406 3089 1441 3129 a
1483 3074 1775 3145 semetipso
1829 3073 2002 3128 abne—

399 3168 576 3229 getur,
608 3170 870 3232 quatenus
920 3162 1189 3234 gradatim
1246 3162 1508 3233 proﬁciat,
1567 3171 1620 3219 et
1674 3161 2000 3235 quandoque

400 3248 672 3319 perfectus
699 3265 805 3305 non
838 3251 1013 3305 solum
1043 3267 1121 3319 se,
1152 3250 1246 3306 sed
1278 3260 1330 3306 et
1373 3252 1507 3307 alios
1527 3267 1710 3307 secum
1741 3250 1810 3305 ad
1831 3251 1996 3305 vitam

403 3339 599 3403 trahat,
633 3338 754 3395 ideo
784 3339 854 3394 de
883 3354 1026 3396 nova
1054 3343 1109 3394 et
1138 3348 1320 3395 tenera
1348 3340 1526 3395 adhuc
1569 3338 1851 3415 Ecclesiae,
1910 3338 1995 3393 vel

406 3441 731 3498 unaquaque
758 3428 940 3483 anima
969 3437 1364 3498 consequenter
1385 3428 1585 3483 dicitur
1617 3446 1627 3481 :

478 3516 654 3582 (Vers.
688 3516 767 3586 8.)
797 3516 963 3573 Soror
991 3521 1188 3574 nostra
1208 3519 1449 3590 parvula
1473 3521 1579 3583 est,
1599 3520 1655 3573 et
1698 3518 1866 3575 ubera
1887 3532 2003 3573 non

408 3602 593 3659 habet.

482 3693 568 3746 11.
588 3692 841 3749 Sororem
866 3692 1115 3750 Christus
1135 3694 1440 3751 Ecclesiam
1454 3702 1631 3763 vocat,
1646 3695 1775 3767 quia
1791 3695 1860 3750 de
1871 3692 2007 3765 ipsis

408 3780 668 3848 apostolis
696 3782 907 3838 dicebat
932 3800 943 3835 :
966 3782 1067 3851 Ite,
1099 3784 1272 3840 dicite
1302 3784 1580 3855 fratribus
1607 3785 1751 3840 meis
1779 3782 2001 3853 (Matth.

412 3883 605 3937 xxvru,
642 3870 749 3940 10).
784 3870 958 3927 Soror
974 3880 1152 3928 autem
1182 3872 1431 3944 parvula,
1458 3873 1626 3929 ubera
1674 3887 1783 3929 non
1828 3871 2004 3926 habe-

410 3955 523 4025 bat,
551 3957 770 4028 quando
799 3959 853 4014 in
873 3960 1003 4016 solis
1032 3961 1287 4032 apostolis
1298 3961 1538 4017 Ecclesia
1561 3968 1694 4028 erat,
1721 3959 1776 4015 in
1806 3958 2005 4031 quibus

412 4047 672 4120 seipsam,
705 4048 792 4104 vel
821 4048 960 4104 alios
996 4049 1204 4105 nutrire
1240 4051 1382 4106 lacte
1443 4048 1845 4120 praedicationis
1898 4062 2006 4103 non

413 4140 624 4207 poterat
651 4138 870 4206 (Matth.
900 4137 1079 4210 xxvr).
1113 4137 1256 4207 Quid
1276 4140 1421 4194 enim
1455 4140 1641 4195 Petrus
1682 4136 1805 4193 aliis
1860 4152 2005 4209 prai-

411 4226 637 4294 dicaret,
656 4244 777 4283 cum
800 4229 1036 4300 seipsum
1058 4228 1382 4299 discipulum
1400 4228 1592 4282 Christi
1622 4227 1676 4280 in
1698 4226 1857 4280 unius
1906 4242 2007 4280 an-

414 4315 552 4372 cillae
579 4333 718 4373 voce
738 4317 1065 4387 detestanda
1090 4326 1146 4373 et
1168 4318 1405 4387 jurando
1429 4315 1850 4387 negaret(loan.
1870 4315 2010 4384 xx)?

413 4404 586 4461 Parva
614 4422 745 4478 ergo
777 4407 1020 4462 Ecclesia
1050 4407 1216 4463 ubera
1244 4422 1354 4462 non
1390 4405 1647 4472 habebat,
1715 4403 1842 4476 quia
1883 4410 2007 4473 post

2098 1860 2424 1918 habitisunt
2436 1871 2535 1934 pro
2548 1863 2778 1918 nomine
2788 1863 2920 1917 Jesu
2931 1860 3343 1916 contumeliam
3354 1860 3479 1931 pati
3494 1858 3691 1927 (Λαίδι,

2099 1952 2213 2020 41).
2247 1950 2385 2006 Ecce
2411 1950 2582 2021 qualis
2604 1966 2788 2005 murus
2819 1950 2962 2005 facta
2991 1956 3070 2004 est
3100 1947 3369 2015 Ecclesia,
3395 1962 3516 2018 quae
3537 1944 3695 1999 modo

2102 2039 2411 2105 tenerrima,
2443 2056 2543 2093 nec
2572 2039 2765 2109 pedem
2790 2037 3077 2107 cujuslibet
3103 2036 3411 2109 gradientis
3450 2035 3567 2089 sine
3622 2031 3697 2086 sui

2102 2127 2326 2183 laesione
2347 2128 2505 2200 gerit,
2542 2128 2707 2184 modo
2763 2143 2894 2183 vero
2936 2134 3159 2197 accepto
3216 2122 3453 2179 mirabili
3505 2119 3701 2177 artiﬁce

2103 2216 2305 2286 Spiritu
2334 2224 2545 2285 sancto,
2577 2218 2653 2288 (a)
2683 2215 2920 2272 universi
2952 2214 3219 2270 exercitus
3247 2212 3562 2268 assultantis
3579 2225 3700 2266 con-

2105 2304 2353 2359 tumelias
2367 2306 2537 2360 illaesa
2558 2304 2876 2360 contemnit.
2910 2304 3084 2373 Super
3098 2318 3259 2374 quam
3292 2299 3700 2373 propugnacula

2100 2392 2456 2461 aediﬁcantur,
2488 2394 2616 2465 quia
2642 2395 2825 2463 utnon
2843 2390 3217 2447 tantummodo
3232 2406 3291 2446 se
3308 2389 3586 2456 defendat,
3604 2387 3696 2442 sed

2103 2490 2160 2536 ut
2188 2489 2240 2537 et
2259 2482 2641 2553 impugnantes
2659 2480 2954 2537 resistendo
2976 2487 3301 2552 prosternat,
3336 2477 3595 2533 miracula
3650 2474 3695 2529 ci

2105 2570 2285 2626 facere
2312 2574 2482 2642 459
2506 2571 2842 2638 conceditur,
2863 2586 2985 2642 quae
3002 2585 3125 2624 cum
3146 2568 3337 2623 hostes
3359 2567 3610 2633 viderint,
3632 2563 3698 2620 ab

2106 2662 2226 2731 ejus
2254 2659 2608 2733 aggressione
2662 2660 2845 2731 jacula
2885 2658 3135 2714 timentes
3193 2663 3519 2711 terreantur.
3571 2652 3699 2722 Quae

2107 2749 2520 2822 propugnacula
2565 2748 2704 2803 bene
2731 2756 2994 2820 argentea
3023 2762 3146 2801 esse
3174 2744 3545 2815 perhibentur,
3581 2740 3703 2813 quia

2108 2839 2226 2911 ipsa
2252 2838 2512 2893 miracula
2527 2854 2650 2894 cum
2681 2836 2831 2893 verbi
2873 2834 3256 2907 praedicatione
3298 2834 3587 2888 donantur.
3643 2829 3706 2883 Et

2111 2929 2239 2999 quia
2267 2936 2550 2999 argentum
2580 2926 2739 2982 valde
2757 2940 3021 2981 sonorum
3040 2922 3437 2988 estmetallum,
3457 2925 3708 2991 argentea

2107 3017 2517 3089 prepugnacula
2561 3016 2821 3083 existunt,
2874 3014 3002 3085 quia
3049 3029 3149 3083 per
3205 3009 3472 3066 miracula
3516 3009 3706 3062 factum

2032 3118 2077 3183 ο
2110 3114 2279 3175 est,ut
2307 3121 2496 3162 eorum
2526 3106 2701 3159 verba
2729 3120 2828 3175 per
2856 3104 3172 3158 universum
3207 3100 3472 3154 mundum
3504 3111 3709 3152 conva-

2119 3195 2408 3261 lescerent,
2439 3203 2493 3250 et
2521 3193 2644 3249 ﬁdei
2700 3192 3145 3265 praedicationem
3177 3187 3558 3244 inflexibiliter
3602 3185 3709 3239 cir-

2118 3299 2459 3356 cumquaque
2489 3282 2862 3338 diffunderent
2897 3295 2910 3336 :
2940 3280 3083 3351 quod
3127 3277 3442 3333 manifestat
3499 3271 3709 3328 Psalmi-

2120 3382 2224 3442 sta,
2244 3374 2434 3429 dicens
2456 3388 2468 3427 :
2490 3374 2553 3429 In
2572 3387 2793 3428 omnem
2816 3375 3027 3426 terram
3046 3368 3228 3424 exivit
3241 3382 3420 3422 sonus
3433 3380 3640 3428 eorum,
3658 3363 3710 3416 et

2116 3464 2181 3519 in
2198 3463 2337 3532 ﬁnes
2361 3462 2509 3518 orbis
2524 3465 2692 3517 terrae
2711 3460 2875 3516 verba
2898 3474 3096 3515 eorum
3116 3456 3292 3525 (Psal.
3312 3468 3473 3522 xviii,
3497 3452 3568 3520 5).
3609 3450 3707 3505 Se-

2118 3552 2297 3625 quitur
2320 3570 2331 3605 :

2189 3659 2367 3728 (Vers.
2389 3658 2467 3729 9.)
2482 3657 2763 3716 Siostium
2777 3659 2883 3724 est,
2901 3654 3336 3727 compingamus
3349 3649 3494 3706 illud
3508 3645 3705 3703 tabulis

2119 3748 2387 3807 cedrinis.

2191 3876 2278 3927 13.
2309 3872 2521 3928 Ostium
2547 3870 2707 3927 etiam
2743 3870 2885 3925 bene
2940 3881 3059 3923 esse
3108 3862 3416 3922 Eccleslam
3462 3858 3702 3921 dicimus,

2121 3977 2282 4031 quam
2311 3963 2381 4016 ab
2405 3961 2522 4031 ipso
2553 3959 2766 4015 Christo
2807 3963 3131 4029 potestatem
3180 3950 3469 4025 aperiendi
3497 3958 3550 4005 et
3575 3948 3710 4003 clau-

2122 4052 2287 4108 dendi
2313 4050 2591 4121 accepisse
2619 4050 2837 4104 scimus.
2857 4045 3064 4102 Ostium
3093 4042 3288 4115 procul
3317 4040 3483 4097 dubio
3507 4038 3560 4093 in
3610 4034 3711 4089 suis

2124 4140 2576 4214 praedicatoribus
2602 4137 2801 4204 existit,
2833 4136 2962 4208 quia
2985 4150 3084 4205 per
3108 4147 3206 4189 eos
3234 4131 3414 4187 aditus
3443 4128 3513 4185 ad
3555 4126 3709 4214 vitam

2119 4211 2181 4286 se
2208 4230 2364 4285 nobis
2381 4229 2574 4299 aperit.
2600 4226 2755 4283 Unde
2785 4230 2842 4280 et
2889 4222 2992 4295 ipsi
3019 4222 3200 4293 primo
3230 4219 3435 4291 pastori
3466 4211 3712 4272 Ecclesia

2120 4319 2317 4375 dicitur
2332 4335 2345 4372 :
2367 4316 2738 4388 Quodcunque
2758 4315 2866 4385 liga
2874 4312 3021 4368 veris
3033 4326 3172 4367 suer
3186 4313 3425 4376 terram,
3455 4306 3567 4362 erit
3581 4304 3709 4374 liga-

2124 4411 2249 4464 tum
2260 4407 2389 4463 etin
2406 4405 2560 4461 cwlis
2581 4424 2598 4463 ς
2617 4407 2671 4460 et
2684 4401 3053 4475 quodcunque
3069 4399 3303 4457 solveris
3319 4411 3490 4468 super
3505 4397 3708 4449 terram

415 4496 868 4552 resurrectionem
899 4497 954 4551 in
983 4512 1092 4551 una
1112 4497 1276 4551 domo
1297 4494 1506 4551 inclusa
1554 4494 1702 4563 (Act.
1757 4496 1819 4561 ι),
1874 4492 2014 4547 inter
2041 4508 2094 4569 D
2123 4497 2496 4553 eritsolutum
2512 4496 2568 4549 et
2584 4493 2648 4547 in
2664 4491 2819 4547 caelis
2844 4488 3069 4563 (Matth.
3108 4502 3218 4552 xvr,
3244 4485 3358 4556 i9).
3391 4481 3490 4539 Vel
3517 4478 3702 4569 ostium

416 4592 793 4653 persecutores
821 4602 948 4641 suos
976 4602 1084 4642 non
1114 4586 1239 4642 dico
1262 4583 1583 4656 prmdicare,
1617 4582 1717 4638 sed
1747 4588 1799 4637 et
1838 4580 2010 4638 videri

419 4673 667 4729 timebat.
707 4673 1122 4746 Consequenter
1148 4690 1280 4746 ergo
1310 4672 1507 4729 dicitur
1534 4689 1548 4726 :

492 4770 665 4837 (Vers.
680 4773 759 4841 7.)
781 4767 918 4827 Quid
961 4765 1219 4834 faciemus
1239 4765 1414 4817 sorori
1433 4768 1615 4815 nostra
1638 4763 1694 4814 in
1705 4762 1791 4813 die
1813 4760 2015 4824 quando

415 4866 734 4932 alloquenda
758 4870 855 4916 est.

491 4949 773 5005 Allocutus
825 4955 907 5004 est
962 4944 1201 5001 Christus
1255 4959 1499 5001 sororem
1565 4957 1741 5009 suam,
1801 4937 2015 5013 quando

421 5040 686 5111 Spiritum
715 5046 962 5095 sanctum
975 5051 1141 5107 super
1167 5033 1448 5105 apostolos
1479 5030 1622 5086 misit
1653 5032 1798 5101 (Act.
1838 5028 1920 5097 ιι),
1962 5035 2017 5081 et

419 5130 573 5185 eisin
601 5128 947 5185 interioribus
978 5127 1225 5196 loquens,
1259 5123 1382 5178 illos
1446 5135 1638 5177 omnes
1685 5116 1874 5173 mundi
1922 5117 2012 5170 lo—

420 5219 606 5288 quelas
636 5216 922 5290 multiplici
953 5212 1327 5270 distributione
1358 5209 1558 5266 docuit.
1595 5207 1703 5264 Sed
1733 5223 1763 5260 a
1820 5204 2017 5277 quibus

420 5309 525 5364 hoc
540 5324 784 5380 quaerere
823 5303 1207 5375 intelligendus
1254 5307 1335 5356 est
1362 5298 1455 5370 qui
1483 5296 1666 5353 omnia
1693 5293 1867 5361 novit,
1913 5292 2016 5348 nisi

421 5414 453 5451 a
483 5397 680 5453 sanctis
710 5396 974 5468 patribus,
1008 5408 1147 5466 quos
1174 5392 1244 5448 ad
1276 5386 1626 5460 quaerendum
1658 5383 1865 5457 Spiritu
1886 5397 2018 5438 san-

493 5522 569 5590 (a)
601 5520 680 5574 Ita
708 5534 899 5574 omnes
915 5519 1044 5572 Mss.
1078 5520 1141 5572 In
1174 5523 1289 5590 vet.
1306 5512 1605 5590 _Ed,Pari_s.
1639 5508 1861 5590 legitur,
1886 5508 2017 5590 uni-

420 5588 566 5648 versi
578 5590 867 5646 exercitus
889 5588 1228 5645 assultantis
1247 5588 1430 5642 ill/csa

415 5665 478 5721 In
506 5666 749 5730 recent.,
771 5660 1024 5719 universi
1053 5660 1343 5719 exercitus
1375 5655 1629 5714 assultus
1658 5655 1842 5712 illwsa
1879 5667 2019 5711 con-

1456 5583 1658 5656 pedcm
1679 5580 2037 5656 contemnit.-

2120 4586 2177 4641 in
2206 4585 2327 4656 ipso
2347 4582 2524 4652 capite
2553 4596 2654 4637 suo
2678 4580 2879 4645 existit,
2914 4578 3039 4649 quia
3060 4577 3181 4647 ipse
3236 4574 3307 4630 de
3354 4590 3411 4628 se
3455 4567 3707 4625 veraciter

2121 4675 2251 4731 dicit
2284 4693 2295 4728 :
2328 4674 2439 4743 Ego
2468 4675 2609 4728 sunt
2636 4670 2849 4728 ostium
2876 4665 3061 4738 (Joan.
3096 4681 3150 4734 x,
3168 4666 3246 4734 ‘7).
3266 4661 3481 4719 Ostium
3497 4670 3620 4714 vero
3633 4662 3704 4709 ta-

2122 4764 2265 4822 bulis
2290 4761 2524 4819 cedrinis
2542 4757 2922 4830 compingitur,
2946 4754 3073 4827 quia
3088 4760 3278 4809 sancta
3293 4748 3529 4808 Ecclesia
3551 4744 3705 4800 fidem

2122 4853 2449 4927 praedicans,
2479 4847 2915 4905 multitudinibus
2942 4841 3273 4915 papulorum
3303 4840 3628 4928 decoratus;
3646 4836 3707 4928 .et

2121 4918 2251 4999 dum
2281 4940 2470 5013 pepuli
2501 4938 2661 4996 variis
2678 4934 2969 4993 virtutibus
2997 4936 3384 5003 asperguntur,
3418 4935 3473 4981 ut
3526 4918 3707 4977 videli-

2122 5040 2208 5088 cet
2231 5030 2369 5085 alius
2399 5028 2466 5084 de
2495 5027 2659 5083 rebus
2691 5040 2830 5096 quas
2861 5022 3123 5094 possidet,
3146 5016 3519 5102 indigentibus
3534 5022 3708 5102 neces-

2123 5115 2261 5171 saria
2286 5114 2523 5170 tribuat:
2553 5112 2692 5167 alius
2707 5094 2893 5164 omnia
2909 5105 3193 5177 abjiciens,
3218 5103 3380 5158 etiam
3402 5115 3437 5154 a
3477 5094 3707 5191 legitimo

2123 5203 2396 5260 connubio
2425 5219 2485 5257 se
2514 5200 2783 5256 abstineat
2815 5212 2829 5262 ;
2862 5196 3000 5252 alius
3027 5210 3158 5251 vero
3200 5198 3405 5247 tantum
3460 5182 3706 5258 proficiat.

2125 5302 2182 5349 ut
2209 5292 2439 5349 aliorum
2470 5290 2630 5347 etiam
2660 5287 2986 5359 praedicator
3012 5283 3107 5339 fiat
3134 5300 3146 5343 ;
3201 5289 3456 5350 tanquam
3512 5272 3708 5344 pictura

2126 5380 2310 5437 multis
2338 5379 2630 5445 coloribus,
2661 5377 2741 5432 sic
2766 5374 3016 5432 Ecclesia
3060 5368 3243 5427 multis
3297 5368 3371 5436 (b)
3422 5359 3706 5420 ditionibus

2130 5508 2398 5647 ωἵῖῖιέῖο
2426 5572 2759 5647 restituimus
2783 5587 2851 5628 ex
2874 5567 3137 5647 omnibus
3148 5565 3283 5629 Mss.
3314 5575 3438 5622 cum
3463 5556 3605 5631 prius
3642 5553 3705 5608 le-

2127 5642 2367 5724 geretur,
2392 5645 2591 5705 multis
2623 5642 3112 5704 distinctionibus.
