4034 6166
384 266 487 322 545

1089 272 1313 331 SUPER
1340 269 1638 330 CANTICA
1666 272 2122 338 CANTICORUM
2156 280 2555 346 EXPOSITIO.
2587 323 2655 336 -—
2677 296 2837 355 CAP.
2869 299 3010 358 VIII.

3584 318 3688 379 546

380 390 710 513 Ιιοηθείέιιιῖ,
728 403 1073 513 [311$me
1103 398 1304 469 Spiritu
1334 399 1719 456 convalescent!
1744 402 1990 460 hilariter
2015 406 2070 466 A
2101 411 2625 513 a.l.iisagricolis,qui
2637 422 2940 484 reddantei
2948 432 3204 500 fructum
3217 439 3691 513 temporibussuis

378 483 694 552 respondet,
726 484 914 541 dicens
942 505 954 540 :

2096 498 2315 607 ξηαρξιι.
2355 509 2599 607 irruit).
2630 511 2712 568 De
2731 529 2838 583 qua
2873 498 3164 589 vineajam
3193 498 3354 584 bonis
3373 498 3690 607 locata

450 571 873 646 (Veis.10.)Ego
890 578 1362 645 murus,etubera
1375 594 1503 635 mea
1521 580 1675 635 sicut
1693 582 1897 648 turris,
1913 597 1988 638 ex
2095 589 2353 647 Paciﬁcus
2382 571 2512 651 dicit
2539 614 2552 651 :

374 676 478 728 quo
505 663 667 729 facta
694 678 823 718 sum
848 680 1044 720 corum
1073 681 1135 720 eo
1165 668 1326 737 quasi
1365 682 1561 738 pacem
1604 674 1913 739 reperiens.

451 749 543 801 14.
578 748 765 804 Ubera
794 766 894 805 sua
920 751 1059 806 sicut
1088 754 1279 807 turrim
1313 753 1523 821 habuit,
1557 770 1625 809 ex
1655 772 1762 825 quo
1792 772 1986 828 pacem

384 849 570 891 coram
603 836 814 909 Sponsa
844 839 1046 910 reperit
1072 860 1084 904 ;
1117 840 1244 910 quia
1271 849 1561 915 postquam
1592 843 1692 899 sub
1722 844 1844 914 ipso
1879 847 1989 916 spi-

382 923 551 978 ritum
580 926 731 996 pacis
755 928 982 997 accepit,
1003 928 1384 999 praedicatores
1414 931 1870 1002 contemplatione
1898 934 1984 989 al-

369 1020 476 1080 tas,
514 1020 567 1067 et
596 1012 800 1069 robore
828 1014 1162 1071 inllexibiles
1181 1018 1422 1073 nutrivit.
1446 1018 1555 1073 Sed
1576 1019 1703 1090 quid
1730 1030 1813 1075 est
1840 1022 1985 1092 quod

365 1115 479 1155 non
506 1102 582 1155 ait
617 1105 946 1174 pacem,sed
967 1105 1118 1178 quasi
1145 1121 1339 1175 pacem
1378 1109 1660 1176 reperiens
1682 1128 1698 1171 ,·
1725 1110 1825 1164 nisi
1857 1111 1985 1181 quia

361 1189 494 1244 dum
511 1191 567 1244 in
589 1192 693 1247 hoc
715 1208 807 1247 mu
816 1195 926 1249 ndo
942 1197 1276 1265 sumus,(a)a
1295 1204 1519 1266 peccato
1532 1198 1861 1255 omnimodis
1873 1216 1983 1257 non

358 1279 701 1349 desistimus,
733 1290 786 1336 et
815 1283 1053 1354 quandiu
1100 1300 1223 1339 cum
1254 1293 1477 1355 peccato
1508 1286 1759 1356 vivimus,
1789 1305 1979 1361 pacem
2088 1308 2141 1355 ει
2187 1279 2420 1375 ἀυοέῖιιί,
2472 1309 2576 1363 nisi
2624 1311 2702 1366 ίῃί
2730 1279 2796 1368 '3"

357 1369 668 1438 perfectam
698 1386 820 1425 cum
849 1371 948 1427 illo
979 1373 1072 1442 qui
1099 1374 1217 1429 sine
1248 1382 1475 1444 peccato
1522 1375 1575 1429 in
1621 1392 1782 1433 carne
1824 1379 1975 1444 vixit,

2165 680 2350 746 (Vers.
2390 685 2497 754 12).
2546 686 2721 745 Vinea
2749 708 2877 748 mea
2917 710 3109 754 coram
3138 719 3228 759 me
3253 711 3361 761 est.

2167 768 2360 863 Coram
2394 772 2511 844 ipso
2543 774 2703 832 vinea
2744 796 2837 835 sua
2881 784 3081 857 existit,
3113 792 3242 860 quia
3272 796 3503 863 perditis
3530 802 3689 857 malis

2094 855 2369 927 agricolis,
2394 872 2635 919 sanctam
2667 866 2961 925 Ecclesiam
2990 855 3147 932 bonis
3172 855 3486 942 doc-toribus
3512 855 3691 962 respe.

2091 949 2179 1000 ctu
2208 946 2446 1021 benigna
2488 954 2684 1009 erudit.
2718 956 2813 1011 Cui
2844 959 3011 1017 dicit:

2160 1033 2473 1138 (itera-li.)
2502 1042 2651 1138 btilte
2666 1047 2752 1138 tui
2782 1050 3029 1121 paciﬁci,
3052 1059 3108 1110 et
3126 1057 3360 1123 ducenti
3380 1065 3451 1120 iis
3470 1069 3565 1138 qui
3585 1085 3689 1125 cu-

2089 1124 2349 1181 stodiunt
2386 1132 2613 1199 fructus
2660 1136 2802 1205 eius.

2162 1216 2247 1268 16.
2294 1214 2398 1284 Qui
2447 1227 2569 1275 sunt
2596 1220 2685 1277 isti
2730 1225 2941 1295 paciﬁci
2972 1231 3067 1303 qui
3113 1234 3261 1292 mille
3291 1239 3543 1297 dicuntur
3568 1261 3691 1303 esse

2799 1318 3051 1384 periores
3080 1329 3343 1395 argentei,
3396 1348 3532 1403 quos
3559 1334 3688 1390 dum

2083 1393 2328 1461 perfecte
2369 1396 2708 1465 dimittimus,
2751 1418 2939 1473 pacem
2988 1425 3088 1480 per
3113 1393 3303 1469 eorum
3332 1393 3689 1480 distributio-

359 1472 475 1568 ξος
504 1457 771 1513 habemus
799 1462 838 1561 ί,
856 1459 962 1514 sed
992 1461 1251 1568 quﬂniﬁm
1295 1462 1559 1568 “mulli”?
1590 1479 1784 1568 Ρδοξέω
1814 1482 1977 1567 (illam
2085 1496 2210 1537 nem
2241 1497 2365 1539 cum
2393 1486 2595 1541 sanctis
2609 1457 2767 1544 nobis
2794 1491 2923 1564 ipsis
2952 1457 3285 1568 aiiquirimus
3306 1506 3334 1558 ‘l
3365 1457 3686 1568 lihdeueiuin

355 1545 647 1615 habemus,
692 1564 792 1617 per
824 1548 1001 1619 ipsum
1051 1550 1404 1606 Mediatorem
1449 1550 1544 1606 Dei
1598 1561 1652 1608 et
1696 1555 1976 1611 hominum

357 1650 615 1704 enemus,
659 1635 785 1692 ideo
814 1636 1061 1692 subditur
1094 1657 1105 1691 :

2084 1570 2388 1645 Evangelia
2432 1576 2697 1633 Dominus
2742 1581 2875 1637 dicit
2927 1586 3120 1645 Facite
3164 1594 3312 1649 vobis
3370 1600 3580 1656 amicos
3620 1602 3687 1658 de

2080 1676 2367 1716 mammona
2391 1667 2730 1735 iniquitatis;
2761 1680 2822 1724 ut
2843 1689 2963 1725 cum
3002 1679 3567 1751 defeceritis,reciptant
3592 1707 3686 1744 vos

431 1744 449 1804 (
462 1742 615 1796 Vers.
649 1744 761 1811 11.)
801 1745 966 1800 Vinea
980 1746 1097 1815 fuit
1120 1748 1372 1817 paci/ica,
1390 1748 1454 1803 in
1474 1763 1541 1804 ea
1560 1764 1683 1821 qua:
1700 1750 1867 1806 habet
1881 1768 1979 1823 po-
2005 1755 2063 1818 B
2091 1747 2152 1801 in
2167 1755 2383 1841 (eterna
2402 1754 2772 1841 tabernacula
2785 1760 2937 1827 (Luc.
2955 1742 3075 1829 xvr,
3091 1768 3163 1833 9).
3187 1742 3439 1840 Sed—quiti
3467 1742 3683 1841 perdu;

354 1828 558 1901 pulos,-
586 1830 825 1887 tradidit
841 1848 965 1889 eam
980 1834 1332 1901 custodibus;
1368 1837 1453 1891 vir
1472 1835 1641 1907 affert
1651 1854 1755 1909 pro
1770 1839 1970 1909 [metu

356 1918 487 1989 ejus
514 1919 677 1975 mille
722 1925 1040 1993 argenteos.

428 2027 523 2081 15.
555 2027 680 2097 Ipse
726 2043 856 2083 vero
884 2029 1143 2099 paciﬁcus
1185 2037 1371 2087 noster
1417 2046 1541 2088 esse
1594 2033 1809 2102 dicitur,
1842 2035 1967 2107 quia

352 2131 460 2185 per
508 2115 685 2186 ipsum
731 2117 849 2173 Deo
879 2133 1039 2174 omne
1087 2134 1259 2190 genus
1304 2121 1598 2176 humanum
1646 2124 1966 2180 reconcilia-

353 2213 464 2258 tur.
497 2205 636 2261 Huic
678 2205 907 2277 paciﬁco
937 2207 1101 2262 vinea
1139 2207 1257 2277 fuit,
1288 2210 1418 2278 quia
1444 2209 1500 2264 in
1530 2209 1717 2266 labore
1755 2228 1968 2284 praece-

347 2301 575 2362 ptorum
606 2293 900 2348 carnalium
933 2295 1285 2368 Synagogam
1314 2297 1596 2367 plantavit,
1640 2299 1709 2356 de
1737 2317 1844 2370 qua
1871 2302 1962 2356 di-

344 2382 495 2437 citur
516 2399 529 2443 ;
564 2383 729 2438 Vinea
752 2384 978 2439 Domini
995 2384 1227 2442 sabaotls
1244 2385 1441 2442 domus
1464 2386 1644 2443 Israel
1661 2392 1744 2444 est
1758 2390 1959 2460 (lsaiv,

345 2472 424 2536 Ἴ).
463 2468 603 2539 Quae
632 2470 790 2526 vinea
803 2471 860 2525 in
890 2487 953 2526 ea
974 2489 1095 2544 qum
1125 2472 1291 2529 habet
1310 2475 1542 2544 populos
1567 2477 1770 2532 exstitit
1792 2495 1805 2541 ;
1826 2477 1955 2548 quia

344 2559 400 2613 in
437 2560 593 2631 Lege
618 2558 789 2630 posita
818 2568 921 2629 est,
954 2578 1072 2631 quae
1094 2562 1295 2618 multos
1324 2563 1427 2618 sub
1456 2579 1516 2618 se
1547 2565 1774 2636 populos
1793 2566 1958 2622 colle-

344 2648 453 2719 git.
489 2648 569 2702 De
592 2649 787 2717 quibus
799 2650 1030 2720 populus
1048 2649 1245 2706 dicitur
1270 2668 1283 2714 ;
1316 2653 1516 2723 Populi
1543 2653 1811 2709 meditati
1824 2660 1960 2710 sunt

347 2737 565 2792 inania
588 2738 761 2806 (Psal.
785 2754 845 2806 η,
869 2738 949 2808 1).
977 2738 1128 2794 Hanc
1139 2740 1353 2795 vineam
1377 2741 1692 2797 custodibus
1706 2743 1954 2807 tradidit;

349 2825 491 2897 quia
523 2824 874 2899 Synagogam
895 2828 1063 2898 Moysi
1087 2836 1137 2882 et
1157 2828 1368 2883 steteris
1397 2829 1639 2900 patribus
1657 2832 1963 2887 custodien-

351 2913 489 2967 dam
519 2912 767 2982 subjecit.
801 2916 879 2970 De
910 2931 1016 2985 qua
1038 2916 1177 2970 bene
1195 2916 1487 2988 subpitur:
1534 2918 1633 2975 Vir
1660 2920 1964 2993 aﬂertpro—

351 3004 562 3072 fructu
584 3005 708 3074 ejus
729 3005 889 3059 mille
917 3010 1231 3075 argenteos.
1264 3006 1395 3060 Haec
1416 3006 1575 3063 vinea
1603 3006 1831 3063 fructum
1846 3007 1967 3079 pro:

2085 1845 2271 1893 centos
2286 1839 2661 1914 intelligimus,
2679 1846 2776 1900 nisi
2799 1849 3073 1919 duplicem
3091 1839 3500 1914 retributionem
3516 1877 3685 1931 quam

2080 1925 2430 2020 acquirimus,
2464 1930 2590 1986 dum
2631 1933 2710 2002 (b)
2741 1951 2833 1991 eos
2863 1936 2917 1991 in
2949 1939 3051 1994 hoc
3096 1944 3298 1999 munda
3324 1925 3561 2016 perfecte
3584 1965 3683 2020 pro

2079 2013 2295 2070 Christo
2337 2021 2733 2076 contemnimus
2754 2025 2782 2076 ‘?
2823 2026 2969 2081 Mille
2996 2044 3129 2100 ergo
3160 2038 3214 2085 et
3241 2013 3457 2090 ducenti
3486 2013 3681 2093 Eccle-

2077 2102 2174 2157 sim
2196 2106 2438 2176 argentei
2460 2108 2857 2183 existunt,quia
2878 2115 3011 2168 dum
3036 2116 3224 2174 ﬁdeles
3241 2122 3443 2193 quique
3464 2128 3685 2183 amunia

2075 2208 2195 2261 qua;
2223 2194 2523 2263 possident,
2556 2212 2622 2252 ex
2646 2207 2756 2255 toto
2779 2202 3114 2275 relinquunt,
3138 2216 3193 2262 et
3216 2224 3408 2278 pacem
3438 2212 3541 2267 sibi
3561 2231 3681 2270 cum

2072 2283 2277 2337 sanctis
2296 2283 2576 2351 faciunt,et
2596 2290 2881 2358 przesentis
2895 2292 3021 2348 vita:
3048 2299 3535 2355 remuneratiorem
3557 2318 3677 2359 cum

2072 2370 2281 2426 caelesti
2328 2375 2653 2444 percipiunt.
2713 2378 2782 2432 Et
2838 2380 2943 2434 hoc
2989 2389 3071 2436 est
3116 2386 3262 2456 quod
3304 2388 3575 2445 Dominus
3624 2392 3677 2446 in

2068 2459 2372 2534 Evangelia
2403 2462 2476 2517 ait
2501 2480 2512 2516 :
2547 2464 2733 2521 Amen
2762 2483 2926 2524 amen
2954 2471 3074 2527 dico
3094 2473 3265 2543 vobis,
3288 2492 3452 2534 nemo
3478 2483 3563 2535 est
3583 2481 3679 2552 qui

2068 2553 2365 2623 reliquerit
2376 2557 2739 2621 domum,aut
2749 2558 3093 2627 βαίνει,αυί
3103 2571 3445 2633 sorores,aut
3456 2572 3679 2639 patrem

2068 2645 2172 2697 aut
2187 2646 2450 2711 matrem,
2471 2649 2572 2699 aut
2591 2644 2760 2712 ﬁlios,
2780 2651 2889 2701 aut
2912 2664 3093 2719 agros,
3113 2658 3342 2724 propter
3356 2671 3447 2711 me
3467 2661 3523 2712 et
3543 2673 3677 2729 pro-

2062 2740 2186 2797 pter
2207 2735 2568 2800 Eaangelium,
2598 2737 2687 2801 qui
2708 2751 2813 2787 non
2830 2739 3064 2805 accipiat
3090 2744 3285 2794 centies
3314 2748 3526 2810 tantum,
3541 2762 3678 2802 nunc

2067 2817 2132 2871 in
2146 2820 2394 2887 tempore
2411 2817 2811 2887 hoc,domos,et
2820 2823 3117 2891 fratres,et
3126 2836 3423 2896 sorores,et
3440 2839 3675 2897 matres,

2069 2908 2125 2962 et
2146 2903 2317 2975 ﬁlios,
2342 2909 2396 2961 et
2429 2921 2610 2977 agros,
2630 2923 2762 2963 cum
2784 2912 3288 2980 persecutionibus,
3309 2920 3369 2971 et
3393 2920 3457 2973 in
3474 2923 3676 2978 saeculo

2070 2996 2269 3064 futuro
2296 2994 2471 3050 vitam
2487 2998 2765 3052 (sternam
2794 2998 2996 3067 (Marc.
3026 3016 3082 3068 x,
3102 3003 3189 3070 29,
3208 3004 3324 3074 30).
3346 3003 3455 3061 Sed
3477 3008 3677 3077 quibus

352 3091 498 3157 tulit,
529 3092 658 3161 quia
701 3108 769 3147 ex
798 3093 1090 3166 Synagoga
1137 3092 1325 3149 botrus
1372 3095 1464 3150 ille
1512 3112 1741 3169 magnus
1770 3098 1864 3168 qui
1895 3099 1964 3154 de
1993 3113 2043 3177 ρ
2072 3082 2174 3177 lim
2212 3083 2577 3177 Γεξωυοθταξίο
2607 3084 2697 3177 ξίίξ
2724 3086 3057 3177 duplicatur:
3108 3090 3213 3145 ηίεί
3260 3092 3343 3147 his
3368 3095 3458 3166 (ιυί
3487 3106 3673 3154 ευδῑο-

349 3188 503 3234 terra
546 3180 921 3252 promissionis
987 3181 1183 3237 allatus
1231 3191 1332 3249 est,
1398 3183 1642 3239 Christus
1711 3185 1964 3244 videlicet

343 3269 529 3334 Iesus,
580 3284 679 3338 per
725 3270 1116 3325 humanitatem
1165 3272 1452 3340 processit.
1504 3273 1584 3328 De
1635 3290 1742 3344 quo
1784 3275 1963 3332 fructu

346 3357 515 3412 Pater
525 3357 598 3411 ad
610 3357 785 3412 David
802 3358 903 3413 ait:
927 3358 1008 3414 De
1022 3362 1225 3430 fructu
1242 3377 1343 3416 ven
1351 3361 1458 3417 tris
1473 3364 1561 3419 tui
1571 3378 1781 3433 ponam
1794 3380 1965 3436 super

342 3447 541 3501 sedem
578 3449 739 3501 tuam
761 3448 937 3515 (Psal.
964 3464 1161 3514 cxxxt,
1195 3452 1310 3519 11).
1344 3452 1517 3519 460
1549 3452 1703 3507 Unde
1731 3460 1785 3507 et
1809 3455 1962 3523 Apa-

341 3535 521 3589 stolus
548 3534 739 3590 scribit
762 3535 1009 3604 Quorum
1034 3541 1252 3610 patres,
1284 3543 1341 3595 et
1366 3555 1441 3594 ea:
1460 3539 1658 3611 quibus
1698 3541 1961 3599 Christus

345 3623 545 3693 (Rom.
576 3639 650 3694 ιχ,
674 3625 750 3695 5).
786 3625 887 3680 Per
914 3633 1203 3698 argenteos
1233 3642 1362 3683 vero
1390 3626 1445 3681 in
1471 3627 1574 3684 hoc
1594 3628 1714 3685 loco
1743 3645 1963 3686 omnem

347 3720 623 3767 terrenam
672 3713 1028 3769 substantiam
1080 3715 1462 3788 intelligimus,
1516 3716 1584 3772 de
1632 3733 1740 3790 qua
1778 3720 1964 3775 Petrus

346 3802 755 3873 eleemosynam
792 3804 994 3872 petenti
1040 3803 1238 3860 claudo
1266 3804 1521 3860 dicebat:
1566 3806 1875 3878 Argentum
1907 3812 1965 3864 et

348 3906 564 3946 aurum
596 3908 712 3945 non
733 3898 820 3947 est
844 3891 987 3947 mihi
1008 3893 1155 3963 (Act.
1187 3908 1269 3962 ιη,
1302 3894 1378 3963 6).
1406 3894 1508 3949 Pro
1530 3892 1705 3949 fructu
1734 3910 1865 3967 ergo
1886 3895 1963 3950 vi-

347 3992 473 4034 neae
505 3978 591 4032 vir
618 3978 768 4034 mille
792 3987 1085 4050 argenteos
1102 3979 1259 4036 affert
1287 3998 1300 4044 ;
1326 3980 1453 4053 quia
1470 3981 1712 4052 quisquis
1738 3983 1968 4039 viriliter

362 4068 416 4120 in
482 4065 592 4120 ﬁde
621 4083 780 4136 quam
838 4067 1090 4137 suscepit,
1140 4084 1200 4123 se
1252 4069 1436 4139 habet,
1496 4070 1680 4125 libenti
1707 4080 1885 4127 mente
1914 4082 1970 4131 et

348 4154 602 4224 perfecte
632 4154 816 4208 omnia
847 4162 1062 4211 terrena
1090 4156 1327 4227 dimittit,
1359 4161 1419 4212 ut
1449 4157 1720 4214 Christum
1749 4160 1967 4217 veraci-

355 4250 440 4297 ter
474 4241 697 4297 habeat.
747 4242 1075 4298 Millenarius
1104 4244 1247 4300 enim
1276 4245 1546 4316 perfectus
1576 4255 1657 4302 est
1683 4263 1963 4319 numerus,

347 4329 480 4387 ideo
509 4346 612 4402 per
657 4347 781 4385 eum
826 4332 1090 4401 perfectio
1119 4333 1199 4387 rei
1228 4333 1521 4402 cujuslibet
1547 4334 1963 4392 demonstratur.

349 4419 462 4475 Hos
494 4434 627 4490 ergo
656 4428 943 4491 argenteos
989 4421 1045 4475 in
1072 4420 1349 4492 primitiva
1389 4422 1634 4479 Ecclesia
1665 4424 1741 4479 illi
1771 4424 1961 4481 aﬁere-

2073 3170 2226 3225 diunt
2246 3171 2451 3228 fructus
2470 3173 2631 3242 ejus?
2662 3172 2766 3243 Qui
2797 3183 2921 3230 sunt
2943 3185 3122 3232 autem
3155 3179 3245 3249 qui
3268 3180 3477 3239 fructus
3505 3186 3677 3253 vineae

2072 3259 2398 3329 custodiunt,
2431 3261 2535 3316 nisi
2563 3261 2640 3316 illi
2672 3263 2763 3333 qui
2788 3263 2844 3319 in
2871 3274 3059 3322 sancto
3091 3282 3256 3338 opere
3285 3272 3430 3340 quod
3461 3273 3676 3346 incepe-

2071 3355 2211 3418 runt,
2235 3359 2642 3419 perseverantes
2662 3352 2902 3409 existunt
2920 3354 2948 3406 ‘l
2965 3353 3118 3424 Opus
3140 3357 3287 3411 enim
3312 3359 3455 3430 quod
3486 3371 3673 3418 sancto

2072 3436 2338 3495 desiderio
2386 3438 2668 3510 incipitur,
2717 3441 2762 3495 si
2810 3444 3115 3498 constantia
3144 3446 3341 3500 mentis
3384 3464 3561 3519 usque
3604 3451 3673 3505 ad

2069 3524 2235 3582 ﬁnem
2265 3544 2372 3583 non
2405 3537 2633 3597 tenetur,
2666 3530 2780 3585 sine
2811 3531 2983 3585 fructu
3014 3532 3246 3588 habetur
3272 3549 3285 3605 ;
3332 3536 3458 3606 quia
3488 3537 3675 3594 imma-

2072 3623 2188 3671 ture
2217 3617 2287 3673 ab
2315 3618 2418 3673 hoc
2448 3619 2593 3674 unde
2622 3627 2955 3690 processerat
2982 3630 3259 3678 vacuatur.
3287 3625 3527 3698 Ideoque
3556 3627 3673 3683 Do-

2073 3704 2249 3759 minus
2276 3705 2331 3759 in
2362 3706 2663 3778 Evangelia
2683 3708 2758 3761 ait
2780 3724 2793 3762 :
2831 3708 2943 3772 Qui
2951 3717 3399 3780 perseveraverit
3416 3731 3589 3788 usque
3609 3719 3673 3773 in

2069 3794 2363 3864 ﬁnemJtic
2381 3796 2573 3851 salvus
2584 3795 2920 3864 erit(Matth.
2939 3814 2995 3865 x,
3021 3800 3389 3871 22).Sequitur
3404 3802 3670 3876 Sponsus,

2071 3889 2126 3937 et
2153 3881 2283 3937 dicit
2306 3900 2318 3936 :

2144 3970 2441 4045 (Vers.t3.)
2451 3972 2583 4041 Qua:
2598 3970 2820 4028 habitas
2834 3973 2898 4028 in
2920 3972 3297 4044 hortis,amici
3310 3982 3665 4051 auscultant,

2072 4062 2165 4131 [ac
2193 4075 2281 4115 me
2309 4060 2508 4116 audire
2530 4075 2716 4118 vocem
2746 4063 2926 4117 tuam.

2144 4151 2230 4205 17.
2265 4149 2478 4219 Sponsa
2523 4149 2582 4204 in
2610 4149 2781 4204 hortis
2822 4148 3049 4219 habitat,
3100 4153 3223 4222 quia
3252 4162 3437 4211 sancta
3465 4157 3669 4213 Eccle-

2072 4238 2169 4304 sia,
2199 4238 2282 4293 vel
2330 4237 2581 4308 quaelibet
2632 4245 2819 4294 sancta
2861 4238 3045 4295 anima
3101 4241 3155 4296 in
3198 4241 3668 4303 iructiticationem

2074 4328 2184 4396 46
2200 4331 2237 4396 1
2265 4326 2519 4385 virtutum
2537 4334 2772 4383 mentem
2795 4335 3001 4383 versat.
3032 4329 3202 4402 Cujus
3224 4346 3412 4388 vorem
3436 4350 3669 4404 sponsus

2074 4417 2262 4472 audire
2304 4416 2591 4484 desiderat,
2619 4417 2748 4487 quia
2795 4415 2901 4472 hoc
2930 4433 3275 4491 summopere
3305 4420 3515 4478 Christo
3541 4425 3666 4495 pla-

351 4508 508 4577 bant,
528 4476 597 4563 de
619 4476 816 4580 quibus
844 4509 901 4563 in
923 4476 1143 4565 Actith
1160 4511 1541 4580 Apostolorum
1563 4512 1820 4583 scriptum
1840 4521 1954 4568 est:
1988 4476 2042 4537 D
2071 4513 2173 4571 cet,
2207 4512 2264 4559 ut
2289 4503 2561 4576 perfectus
2590 4503 2817 4576 quilibet
2845 4504 2928 4560 vir
2952 4505 3196 4563 inﬁrmos
3225 4524 3470 4582 quosque
3499 4512 3667 4568 verba

357 4598 639 4669 Quotquot
668 4602 872 4654 autem
890 4614 1231 4669 possessores
1246 4616 1514 4671 agrorum
1533 4606 1636 4658 aut
1664 4602 1960 4659 domorum

349 4686 950 4755 erant,vendcbant,et
961 4688 1266 4759 afferentes
1273 4691 1559 4760 ponebant
1572 4691 1645 4746 ad
1655 4690 1825 4763 pedes
1834 4709 1867 4747 a
1872 4709 1960 4764 po-

348 4777 631 4832 stolarum
648 4776 840 4847 pretia
862 4792 1054 4832 eorum
1083 4793 1205 4848 qua:
1223 4778 1537 4836 vendebant
1560 4780 1699 4847 (Act.
1725 4795 1801 4847 tv,
1835 4780 1950 4851 34).

352 4864 444 4919 Isti
478 4864 798 4937 congregati
828 4865 994 4920 aliam
1023 4864 1262 4935 vineam,
1296 4865 1550 4923 videlicet
1576 4876 1815 4924 sanctam
1848 4868 1957 4924 Ec-

350 4951 598 5018 clesium,
632 4968 707 5008 ex
730 4952 923 5024 seipsis
948 4959 1379 5023 construxerunt,
1425 4962 1474 5011 et
1505 4963 1563 5011 ut
1592 4955 1720 5011 boni
1750 4957 1959 5029 agrico-

349 5040 438 5109 la,
473 5040 744 5111 sanguine
772 5056 872 5095 suo
904 5049 1372 5113 propagaverunt,
1404 5051 1456 5098 et
1484 5043 1959 5115 praedicationibus

351 5145 527 5201 usque
571 5128 642 5184 ad
668 5126 805 5183 ﬁnes
834 5136 990 5184 terra:
1021 5128 1418 5195 dilataverunt;
1462 5139 1520 5187 ut
1543 5132 1657 5203 jam
1688 5134 1953 5189 mundum

345 5233 489 5289 pene
535 5217 848 5275 universum
877 5217 1123 5288 impleat,
1174 5226 1228 5275 et
1274 5218 1504 5275 fructum
1534 5230 1745 5293 gratum
1771 5223 1951 5279 locata

345 5306 632 5379 agricolis,
658 5307 767 5362 suis
795 5307 1132 5377 temporibus
1148 5308 1364 5364 reddat.
1388 5309 1545 5367 Unde
1572 5309 1627 5365 in
1647 5311 1950 5384 Evangelia

347 5396 551 5453 dicitur
575 5412 588 5449 :
620 5396 789 5455 Italos
805 5398 957 5453 male
983 5396 1204 5470 perdet,
1227 5401 1286 5454 et
1306 5398 1531 5456 vineam
1551 5415 1715 5457 suam
1744 5401 1950 5458 locabit

422 5543 488 5616 (a
542 5544 685 5600 Edit.
719 5543 1042 5617 maluerunt,
1074 5564 1112 5605 a
1131 5548 1384 5621 peccatis
1412 5550 1771 5609 omnimodis.

429 5547 512 5689 (bi
541 5616 623 5673 lta
646 5616 839 5689 legere
862 5628 1072 5689 cogunt
1108 5634 1303 5678 omnes
1326 5620 1497 5687 lea;
1527 5624 1675 5689 quod
1717 5622 1803 5682 edi

429 5614 512 5689 (ὁ)
541 5616 623 5673 lta
646 5616 839 5693 legere
862 5614 1072 5695 cogunt
1108 5614 1303 5678 omnes
1326 5620 1497 5687 lea;
1527 5624 1675 5695 quod
1717 5622 1954 5682 editam

2067 4601 2263 4649 sanctae
2290 4592 2699 4664 praedicationis
2726 4593 3035 4652 admoneat.
3066 4597 3241 4654 Amici
3270 4599 3416 4654 enim
3448 4601 3666 4658 auscul-

2063 4690 2200 4749 tant,
2241 4682 2367 4755 quia
2392 4683 2581 4739 ﬁdeles
2620 4682 2676 4737 in
2707 4683 2971 4752 Ecclesia,
3022 4693 3081 4740 ut
3106 4687 3315 4743 amicus
3360 4690 3549 4760 sponsi
3581 4690 3665 4747 lo-

2066 4779 2277 4843 quatur,
2306 4772 2400 4844 pio
2428 4771 2699 4829 desiderio
2727 4780 3063 4843 exspectant.
3102 4775 3172 4830 Et
3201 4777 3494 4833 notandum
3518 4779 3664 4850 quod

2066 4861 2269 4917 amicus
2295 4869 2375 4917 est
2402 4862 2495 4934 qui
2535 4860 2830 4925 auscultat;
2868 4862 2992 4934 quia
3023 4862 3113 4932 qui
3160 4864 3333 4918 Deum
3363 4873 3542 4920 mente
3571 4866 3662 4919 in-

2070 4959 2219 5022 tegra
2245 4949 2443 5022 diligit,
2475 4951 2867 5020 praedicantem
2898 4951 3044 5023 quod
3074 4950 3274 5023 diligit,
3307 4951 3539 5008 libenter
3562 4969 3663 5008 au-

2067 5038 2165 5094 dit.
2183 5038 2336 5095 Unde
2357 5039 2413 5093 in
2433 5038 2733 5110 Evangelia
2750 5040 2979 5096 dicitur:
3014 5038 3119 5106 Qui
3136 5054 3213 5094 ea:
3232 5041 3341 5095 Deo
3361 5045 3469 5105 est,
3497 5042 3659 5098 verba

2068 5127 2166 5183 Dei
2180 5128 2346 5184 audit
2362 5128 2548 5197 (Joan.
2579 5141 2696 5193 vm,
2722 5127 2836 5197 47).
2861 5126 2969 5183 Sed
2997 5126 3124 5196 quia
3154 5127 3283 5181 dum
3312 5127 3555 5184 Ecclesia
3572 5145 3666 5189 ve-

2059 5215 2267 5270 ritatem
2314 5214 2595 5285 praedicat,
2642 5213 2797 5269 multi
2824 5228 2933 5269 non
2976 5214 3306 5286 intelligunt,
3333 5216 3486 5272 multi
3514 5218 3659 5290 quod

2060 5304 2385 5377 percipiunt,
2417 5318 2587 5374 pravo
2616 5302 2900 5359 intellectu
2938 5302 3287 5371 subvertunt;
3316 5302 3444 5360 ideo
3475 5305 3661 5364 admo-

2061 5394 2209 5451 nenti
2236 5402 2294 5449 ut
2319 5392 2600 5464 praedicet,
2642 5390 2935 5462 respondet
2976 5405 3196 5461 sponsa,
3228 5400 3282 5447 et
3309 5392 3479 5448 dicit:

2064 5548 2141 5603 ita
2171 5545 2512 5621 mutandum
2534 5549 2818 5621 putarunt:
2864 5544 3011 5621 ADum
3054 5544 3121 5600 in
3149 5543 3252 5621 hoc
3291 5546 3505 5621 munda
3530 5562 3660 5621 ριν.

2061 5621 2221 5695 [ecta
2246 5632 2350 5690 pro
2381 5614 2601 5674 Christo
2626 5614 2823 5674 omnia
2848 5619 3082 5675 terrena
3106 5614 3549 5679 contemnimus;
