  <div class='ocr_page' id='page_1' title='image "/cluster/home/n/w/nwhite01/storage/ocr_20150623/79/hvd.32044054758834/281.png"; bbox 0 0 4034 6166; ppageno 0'>
   <div class='ocr_carea' id='block_1_1' title="bbox 449 347 545 402">
    <p class='ocr_par' dir='ltr' id='par_1_1' title="bbox 449 347 545 402">
     <span class='ocr_line' id='line_1_1' title="bbox 449 347 545 402; baseline 0 -1"><span class='ocrx_word' id='word_1_1' title='bbox 449 347 545 402; x_wconf 76' lang='lat'>551</span> 
     </span>
    </p>
   </div>
   <div class='ocr_carea' id='block_1_2' title="bbox 1620 324 2509 394">
    <p class='ocr_par' dir='ltr' id='par_1_2' title="bbox 1620 324 2509 394">
     <span class='ocr_line' id='line_1_2' title="bbox 1620 324 2509 394; baseline -0.002 -1"><span class='ocrx_word' id='word_1_2' title='bbox 1620 333 1867 394; x_wconf 85' lang='lat' dir='ltr'>SANCTI</span> <span class='ocrx_word' id='word_1_3' title='bbox 1907 324 2247 393; x_wconf 79' lang='lat' dir='ltr'>GREGORII</span> <span class='ocrx_word' id='word_1_4' title='bbox 2284 324 2509 391; x_wconf 79' lang='lat' dir='ltr'>MAGNI</span> 
     </span>
    </p>
   </div>
   <div class='ocr_carea' id='block_1_3' title="bbox 3623 346 3718 407">
    <p class='ocr_par' dir='ltr' id='par_1_3' title="bbox 3623 346 3718 407">
     <span class='ocr_line' id='line_1_3' title="bbox 3623 346 3718 407; baseline 0.053 -5"><span class='ocrx_word' id='word_1_5' title='bbox 3623 346 3718 407; x_wconf 73' lang='lat'>552</span> 
     </span>
    </p>
   </div>
   <div class='ocr_carea' id='block_1_4' title="bbox 453 456 3722 542">
    <p class='ocr_par' dir='ltr' id='par_1_4' title="bbox 453 456 3722 542">
     <span class='ocr_line' id='line_1_4' title="bbox 453 456 3722 542; baseline -0.001 -17"><span class='ocrx_word' id='word_1_6' title='bbox 453 468 768 542; x_wconf 81' lang='lat' dir='ltr'>prostravit,</span> <span class='ocrx_word' id='word_1_7' title='bbox 799 472 852 521; x_wconf 91' lang='lat' dir='ltr'>et</span> <span class='ocrx_word' id='word_1_8' title='bbox 882 466 1083 521; x_wconf 89' lang='lat' dir='ltr'>Gentes</span> <span class='ocrx_word' id='word_1_9' title='bbox 1130 458 1444 517; x_wconf 86' lang='lat' dir='ltr'>innumeras</span> <span class='ocrx_word' id='word_1_10' title='bbox 1470 459 1685 531; x_wconf 88' lang='lat' dir='ltr'>imperii</span> <span class='ocrx_word' id='word_1_11' title='bbox 1731 459 1812 516; x_wconf 91' lang='lat' dir='ltr'>sui</span> <span class='ocrx_word' id='word_1_12' title='bbox 1858 458 2051 515; x_wconf 89' lang='lat' dir='ltr'>ditioni</span> <span class='ocrx_word' id='word_1_13' title='bbox 2080 461 2133 522; x_wconf 89' lang='grc' dir='ltr'><strong>Α</strong></span> <span class='ocrx_word' id='word_1_14' title='bbox 2160 474 2381 515; x_wconf 86' lang='lat' dir='ltr'><strong>suavem</strong></span> <span class='ocrx_word' id='word_1_15' title='bbox 2399 459 2471 514; x_wconf 92' lang='lat' dir='ltr'>ad</span> <span class='ocrx_word' id='word_1_16' title='bbox 2491 474 2645 515; x_wconf 84' lang='lat' dir='ltr'>aures</span> <span class='ocrx_word' id='word_1_17' title='bbox 2660 459 3024 517; x_wconf 81' lang='lat' dir='ltr'>misericordis</span> <span class='ocrx_word' id='word_1_18' title='bbox 3042 456 3142 517; x_wconf 89' lang='lat' dir='ltr'>Dei</span> <span class='ocrx_word' id='word_1_19' title='bbox 3164 478 3350 519; x_wconf 89' lang='lat' dir='ltr'>vocem</span> <span class='ocrx_word' id='word_1_20' title='bbox 3378 465 3722 527; x_wconf 85' lang='lat' dir='ltr'>exsultationis</span> 
     </span>
    </p>
   </div>
   <div class='ocr_carea' id='block_1_5' title="bbox 452 549 2051 631">
    <p class='ocr_par' dir='ltr' id='par_1_5' title="bbox 452 549 2051 631">
     <span class='ocr_line' id='line_1_5' title="bbox 452 549 2051 631; baseline -0.008 -15"><span class='ocrx_word' id='word_1_21' title='bbox 452 559 671 631; x_wconf 80' lang='lat' dir='ltr'>subegit</span> <span class='ocrx_word' id='word_1_22' title='bbox 703 558 749 626; x_wconf 89' lang='grc'>(1</span> <span class='ocrx_word' id='word_1_23' title='bbox 778 559 903 628; x_wconf 82' lang='lat' dir='ltr'>Reg.</span> <span class='ocrx_word' id='word_1_24' title='bbox 936 556 1105 624; x_wconf 86' lang='lat' dir='ltr'>xvn);</span> <span class='ocrx_word' id='word_1_25' title='bbox 1139 567 1251 609; x_wconf 93' lang='lat' dir='ltr'>non</span> <span class='ocrx_word' id='word_1_26' title='bbox 1278 551 1579 622; x_wconf 80' lang='lat' dir='ltr'>incongrue</span> <span class='ocrx_word' id='word_1_27' title='bbox 1609 549 1798 605; x_wconf 91' lang='lat' dir='ltr'>eodem</span> <span class='ocrx_word' id='word_1_28' title='bbox 1830 549 2051 605; x_wconf 87' lang='lat' dir='ltr'>nomine</span> 
     </span>
    </p>
   </div>
   <div class='ocr_carea' id='block_1_6' title="bbox 454 637 2051 712">
    <p class='ocr_par' dir='ltr' id='par_1_6' title="bbox 454 637 2051 712">
     <span class='ocr_line' id='line_1_6' title="bbox 454 637 2051 712; baseline -0.009 -7"><span class='ocrx_word' id='word_1_29' title='bbox 454 656 696 705; x_wconf 89' lang='lat' dir='ltr'>sanctam</span> <span class='ocrx_word' id='word_1_30' title='bbox 725 644 964 701; x_wconf 91' lang='lat' dir='ltr'>animam</span> <span class='ocrx_word' id='word_1_31' title='bbox 993 641 1305 712; x_wconf 84' lang='lat' dir='ltr'>accipimus,</span> <span class='ocrx_word' id='word_1_32' title='bbox 1330 656 1450 711; x_wconf 75' lang='lat' dir='ltr'>quae</span> <span class='ocrx_word' id='word_1_33' title='bbox 1468 638 1643 705; x_wconf 90' lang='lat' dir='ltr'>illum,</span> <span class='ocrx_word' id='word_1_34' title='bbox 1669 637 1761 709; x_wconf 85' lang='lat' dir='ltr'>qui</span> <span class='ocrx_word' id='word_1_35' title='bbox 1782 638 1935 707; x_wconf 91' lang='lat' dir='ltr'>quasi</span> <span class='ocrx_word' id='word_1_36' title='bbox 1964 637 2051 692; x_wconf 92' lang='lat' dir='ltr'>leo</span> 
     </span>
    </p>
   </div>
   <div class='ocr_carea' id='block_1_7' title="bbox 454 725 2053 810">
    <p class='ocr_par' dir='ltr' id='par_1_7' title="bbox 454 725 2053 810">
     <span class='ocr_line' id='line_1_7' title="bbox 454 725 2053 810; baseline -0.009 -17"><span class='ocrx_word' id='word_1_37' title='bbox 454 738 677 810; x_wconf 83' lang='lat' dir='ltr'>rugiens</span> <span class='ocrx_word' id='word_1_38' title='bbox 719 735 904 791; x_wconf 79' lang='lat' dir='ltr'>circuit</span> <span class='ocrx_word' id='word_1_39' title='bbox 953 747 1202 805; x_wconf 68' lang='lat' dir='ltr'>quaerens</span> <span class='ocrx_word' id='word_1_40' title='bbox 1246 745 1409 800; x_wconf 89' lang='lat' dir='ltr'>quem</span> <span class='ocrx_word' id='word_1_41' title='bbox 1456 728 1701 793; x_wconf 80' lang='lat' dir='ltr'>devoret,</span> <span class='ocrx_word' id='word_1_42' title='bbox 1734 727 1786 781; x_wconf 92' lang='lat' dir='ltr'>in</span> <span class='ocrx_word' id='word_1_43' title='bbox 1829 742 1886 780; x_wconf 91' lang='lat' dir='ltr'>se</span> <span class='ocrx_word' id='word_1_44' title='bbox 1933 725 2053 795; x_wconf 90' lang='lat' dir='ltr'>ipsa</span> 
     </span>
    </p>
   </div>
   <div class='ocr_carea' id='block_1_8' title="bbox 452 813 2053 892">
    <p class='ocr_par' dir='ltr' id='par_1_8' title="bbox 452 813 2053 892">
     <span class='ocr_line' id='line_1_8' title="bbox 452 813 2053 892; baseline -0.011 -7"><span class='ocrx_word' id='word_1_45' title='bbox 452 825 723 885; x_wconf 79' lang='lat' dir='ltr'>interfecit</span> <span class='ocrx_word' id='word_1_46' title='bbox 753 824 808 892; x_wconf 88' lang='grc' dir='ltr'>(Ι</span> <span class='ocrx_word' id='word_1_47' title='bbox 832 826 985 878; x_wconf 81' lang='lat' dir='ltr'>Petr.</span> <span class='ocrx_word' id='word_1_48' title='bbox 1018 824 1095 890; x_wconf 90' lang='lat' dir='ltr'>v).</span> <span class='ocrx_word' id='word_1_49' title='bbox 1128 819 1196 874; x_wconf 88' lang='lat' dir='ltr'>Et</span> <span class='ocrx_word' id='word_1_50' title='bbox 1224 819 1268 872; x_wconf 90' lang='lat' dir='ltr'>si</span> <span class='ocrx_word' id='word_1_51' title='bbox 1299 817 1519 889; x_wconf 84' lang='lat' dir='ltr'>quando</span> <span class='ocrx_word' id='word_1_52' title='bbox 1549 832 1669 871; x_wconf 90' lang='lat' dir='ltr'>eam</span> <span class='ocrx_word' id='word_1_53' title='bbox 1717 815 1854 869; x_wconf 90' lang='lat' dir='ltr'>sicut</span> <span class='ocrx_word' id='word_1_54' title='bbox 1896 813 2053 869; x_wconf 85' lang='lat' dir='ltr'>fortis</span> 
     </span>
    </p>
   </div>
   <div class='ocr_carea' id='block_1_9' title="bbox 456 902 2052 983">
    <p class='ocr_par' dir='ltr' id='par_1_9' title="bbox 456 902 2052 983">
     <span class='ocr_line' id='line_1_9' title="bbox 456 902 2052 983; baseline -0.011 -11"><span class='ocrx_word' id='word_1_55' title='bbox 456 924 693 974; x_wconf 89' lang='lat' dir='ltr'>armatus</span> <span class='ocrx_word' id='word_1_56' title='bbox 722 920 910 983; x_wconf 89' lang='lat' dir='ltr'>aperto</span> <span class='ocrx_word' id='word_1_57' title='bbox 939 908 1241 965; x_wconf 88' lang='lat' dir='ltr'>certamine</span> <span class='ocrx_word' id='word_1_58' title='bbox 1266 906 1606 978; x_wconf 80' lang='lat' dir='ltr'>aggreditur,</span> <span class='ocrx_word' id='word_1_59' title='bbox 1641 902 1858 973; x_wconf 85' lang='lat' dir='ltr'>lapidis,</span> <span class='ocrx_word' id='word_1_60' title='bbox 1890 917 2052 974; x_wconf 89' lang='lat' dir='ltr'>quem</span> 
     </span>
    </p>
   </div>
   <div class='ocr_carea' id='block_1_10' title="bbox 454 991 2053 1075">
    <p class='ocr_par' dir='ltr' id='par_1_10' title="bbox 454 991 2053 1075">
     <span class='ocr_line' id='line_1_10' title="bbox 454 991 2053 1075; baseline -0.011 -14"><span class='ocrx_word' id='word_1_61' title='bbox 454 1005 881 1075; x_wconf 84' lang='lat' dir='ltr'>reprobaverunt</span> <span class='ocrx_word' id='word_1_62' title='bbox 904 996 1251 1060; x_wconf 66' lang='lat' dir='ltr'>aediﬁcantes,</span> <span class='ocrx_word' id='word_1_63' title='bbox 1279 995 1430 1049; x_wconf 91' lang='lat' dir='ltr'>illum</span> <span class='ocrx_word' id='word_1_64' title='bbox 1457 993 1565 1048; x_wconf 90' lang='lat' dir='ltr'>ictu</span> <span class='ocrx_word' id='word_1_65' title='bbox 1592 991 1906 1062; x_wconf 88' lang='lat' dir='ltr'>prosternit,</span> <span class='ocrx_word' id='word_1_66' title='bbox 1930 1005 2053 1045; x_wconf 90' lang='lat' dir='ltr'>cor-</span> 
     </span>
    </p>
   </div>
   <div class='ocr_carea' id='block_1_11' title="bbox 455 1080 2050 1168">
    <p class='ocr_par' dir='ltr' id='par_1_11' title="bbox 455 1080 2050 1168">
     <span class='ocr_line' id='line_1_11' title="bbox 455 1080 2050 1168; baseline -0.013 -16"><span class='ocrx_word' id='word_1_67' title='bbox 455 1096 603 1168; x_wconf 87' lang='lat' dir='ltr'>poris</span> <span class='ocrx_word' id='word_1_68' title='bbox 644 1089 993 1147; x_wconf 87' lang='lat' dir='ltr'>nihilominus</span> <span class='ocrx_word' id='word_1_69' title='bbox 1021 1086 1303 1157; x_wconf 81' lang='lat' dir='ltr'>passiones</span> <span class='ocrx_word' id='word_1_70' title='bbox 1332 1083 1554 1153; x_wconf 85' lang='lat' dir='ltr'>subigit,</span> <span class='ocrx_word' id='word_1_71' title='bbox 1586 1089 1747 1151; x_wconf 91' lang='lat' dir='ltr'>alque</span> <span class='ocrx_word' id='word_1_72' title='bbox 1780 1080 1850 1135; x_wconf 90' lang='lat' dir='ltr'>ad</span> <span class='ocrx_word' id='word_1_73' title='bbox 1875 1080 2050 1133; x_wconf 88' lang='lat' dir='ltr'>virtu-</span> 
     </span>
    </p>
   </div>
   <div class='ocr_carea' id='block_1_12' title="bbox 449 1167 2045 1246">
    <p class='ocr_par' dir='ltr' id='par_1_12' title="bbox 449 1167 2045 1246">
     <span class='ocr_line' id='line_1_12' title="bbox 449 1167 2045 1246; baseline -0.013 -5"><span class='ocrx_word' id='word_1_74' title='bbox 449 1167 563 1240; x_wconf 87' lang='lat' dir='ltr'>tum</span> <span class='ocrx_word' id='word_1_75' title='bbox 592 1180 769 1238; x_wconf 77' lang='lat' dir='ltr'>ofﬁcia</span> <span class='ocrx_word' id='word_1_76' title='bbox 798 1177 1058 1235; x_wconf 87' lang='lat' dir='ltr'>convertit</span> <span class='ocrx_word' id='word_1_77' title='bbox 1086 1174 1248 1246; x_wconf 78' lang='lat' dir='ltr'>(Luc.</span> <span class='ocrx_word' id='word_1_78' title='bbox 1269 1190 1356 1238; x_wconf 81' lang='lat' dir='ltr'>XI;</span> <span class='ocrx_word' id='word_1_79' title='bbox 1394 1173 1419 1225; x_wconf 82' lang='lat' dir='ltr'><strong><em>I</em></strong></span> <span class='ocrx_word' id='word_1_80' title='bbox 1446 1173 1596 1226; x_wconf 82' lang='lat' dir='ltr'>Petr.</span> <span class='ocrx_word' id='word_1_81' title='bbox 1621 1171 1703 1235; x_wconf 81' lang='grc' dir='ltr'>ιι).</span> <span class='ocrx_word' id='word_1_82' title='bbox 1727 1167 2045 1224; x_wconf 88' lang='lat' dir='ltr'>Psalterium</span> 
     </span>
    </p>
   </div>
   <div class='ocr_carea' id='block_1_13' title="bbox 451 1256 2049 1345">
    <p class='ocr_par' dir='ltr' id='par_1_13' title="bbox 451 1256 2049 1345">
     <span class='ocr_line' id='line_1_13' title="bbox 451 1256 2049 1345; baseline -0.013 -16"><span class='ocrx_word' id='word_1_83' title='bbox 451 1288 667 1345; x_wconf 90' lang='lat' dir='ltr'>quoque</span> <span class='ocrx_word' id='word_1_84' title='bbox 696 1267 945 1325; x_wconf 89' lang='lat' dir='ltr'>eamdem</span> <span class='ocrx_word' id='word_1_85' title='bbox 976 1262 1214 1319; x_wconf 88' lang='lat' dir='ltr'>animam</span> <span class='ocrx_word' id='word_1_86' title='bbox 1264 1259 1597 1332; x_wconf 84' lang='lat' dir='ltr'>spiritalibus</span> <span class='ocrx_word' id='word_1_87' title='bbox 1640 1256 1909 1313; x_wconf 85' lang='lat' dir='ltr'>exercitiis</span> <span class='ocrx_word' id='word_1_88' title='bbox 1956 1271 2049 1311; x_wconf 92' lang='lat' dir='ltr'>as-</span> 
     </span>
    </p>
   </div>
   <div class='ocr_carea' id='block_1_14' title="bbox 452 1345 2051 1418">
    <p class='ocr_par' dir='ltr' id='par_1_14' title="bbox 452 1345 2051 1418">
     <span class='ocr_line' id='line_1_14' title="bbox 452 1345 2051 1418; baseline -0.011 -3"><span class='ocrx_word' id='word_1_89' title='bbox 452 1370 659 1418; x_wconf 83' lang='lat' dir='ltr'>suetam</span> <span class='ocrx_word' id='word_1_90' title='bbox 688 1373 795 1413; x_wconf 93' lang='lat' dir='ltr'>non</span> <span class='ocrx_word' id='word_1_91' title='bbox 826 1352 1264 1411; x_wconf 88' lang='lat' dir='ltr'>inconvenienter</span> <span class='ocrx_word' id='word_1_92' title='bbox 1309 1348 1670 1404; x_wconf 86' lang='lat' dir='ltr'>nominamus.</span> <span class='ocrx_word' id='word_1_93' title='bbox 1724 1346 1874 1401; x_wconf 92' lang='lat' dir='ltr'>Sicut</span> <span class='ocrx_word' id='word_1_94' title='bbox 1903 1345 2051 1399; x_wconf 88' lang='lat' dir='ltr'>enim</span> 
     </span>
    </p>
   </div>
   <div class='ocr_carea' id='block_1_15' title="bbox 450 1434 2049 1509">
    <p class='ocr_par' dir='ltr' id='par_1_15' title="bbox 450 1434 2049 1509">
     <span class='ocr_line' id='line_1_15' title="bbox 450 1434 2049 1509; baseline -0.013 -2"><span class='ocrx_word' id='word_1_95' title='bbox 450 1450 718 1507; x_wconf 86' lang='lat' dir='ltr'>musicum</span> <span class='ocrx_word' id='word_1_96' title='bbox 739 1445 875 1501; x_wconf 89' lang='lat' dir='ltr'>illud</span> <span class='ocrx_word' id='word_1_97' title='bbox 893 1445 1307 1498; x_wconf 88' lang='lat' dir='ltr'>instrumentum</span> <span class='ocrx_word' id='word_1_98' title='bbox 1331 1437 1658 1509; x_wconf 89' lang='lat' dir='ltr'>triangulum</span> <span class='ocrx_word' id='word_1_99' title='bbox 1681 1436 1872 1491; x_wconf 88' lang='lat' dir='ltr'>decem</span> <span class='ocrx_word' id='word_1_100' title='bbox 1895 1434 2049 1490; x_wconf 90' lang='lat' dir='ltr'>chor-</span> 
     </span>
    </p>
   </div>
   <div class='ocr_carea' id='block_1_16' title="bbox 451 1525 2051 1603">
    <p class='ocr_par' dir='ltr' id='par_1_16' title="bbox 451 1525 2051 1603">
     <span class='ocr_line' id='line_1_16' title="bbox 451 1525 2051 1603; baseline -0.012 -7"><span class='ocrx_word' id='word_1_101' title='bbox 451 1539 642 1596; x_wconf 87' lang='lat' dir='ltr'>darum</span> <span class='ocrx_word' id='word_1_102' title='bbox 673 1534 900 1590; x_wconf 88' lang='lat' dir='ltr'>inferius</span> <span class='ocrx_word' id='word_1_103' title='bbox 930 1530 1149 1603; x_wconf 89' lang='lat' dir='ltr'>quidem</span> <span class='ocrx_word' id='word_1_104' title='bbox 1181 1526 1497 1600; x_wconf 88' lang='lat' dir='ltr'>percutitur,</span> <span class='ocrx_word' id='word_1_105' title='bbox 1530 1525 1780 1595; x_wconf 87' lang='lat' dir='ltr'>superius</span> <span class='ocrx_word' id='word_1_106' title='bbox 1809 1538 1937 1579; x_wconf 89' lang='lat' dir='ltr'>vero</span> <span class='ocrx_word' id='word_1_107' title='bbox 1966 1538 2051 1577; x_wconf 88' lang='lat' dir='ltr'>so-</span> 
     </span>
    </p>
   </div>
   <div class='ocr_carea' id='block_1_17' title="bbox 453 1611 2047 1685">
    <p class='ocr_par' dir='ltr' id='par_1_17' title="bbox 453 1611 2047 1685">
     <span class='ocr_line' id='line_1_17' title="bbox 453 1611 2047 1685; baseline -0.013 -1"><span class='ocrx_word' id='word_1_108' title='bbox 453 1644 583 1684; x_wconf 89' lang='lat' dir='ltr'>nare</span> <span class='ocrx_word' id='word_1_109' title='bbox 603 1625 841 1685; x_wconf 86' lang='lat' dir='ltr'>videtur;</span> <span class='ocrx_word' id='word_1_110' title='bbox 867 1623 939 1677; x_wconf 90' lang='lat' dir='ltr'>ita</span> <span class='ocrx_word' id='word_1_111' title='bbox 960 1618 1138 1675; x_wconf 90' lang='lat' dir='ltr'>anima</span> <span class='ocrx_word' id='word_1_112' title='bbox 1156 1620 1360 1673; x_wconf 67' lang='lat' dir='ltr'>sanctae</span> <span class='ocrx_word' id='word_1_113' title='bbox 1381 1614 1657 1669; x_wconf 85' lang='lat' dir='ltr'>Trinitatis</span> <span class='ocrx_word' id='word_1_114' title='bbox 1675 1612 1782 1668; x_wconf 87' lang='lat' dir='ltr'>ﬁde</span> <span class='ocrx_word' id='word_1_115' title='bbox 1803 1611 2047 1676; x_wconf 81' lang='lat' dir='ltr'>formata,</span> 
     </span>
    </p>
   </div>
   <div class='ocr_carea' id='block_1_18' title="bbox 456 1700 2054 1784">
    <p class='ocr_par' dir='ltr' id='par_1_18' title="bbox 456 1700 2054 1784">
     <span class='ocr_line' id='line_1_18' title="bbox 456 1700 2054 1784; baseline -0.013 -11"><span class='ocrx_word' id='word_1_116' title='bbox 456 1718 645 1772; x_wconf 89' lang='lat' dir='ltr'>decem</span> <span class='ocrx_word' id='word_1_117' title='bbox 678 1713 836 1784; x_wconf 88' lang='lat' dir='ltr'>Legis</span> <span class='ocrx_word' id='word_1_118' title='bbox 863 1708 1153 1782; x_wconf 77' lang='lat' dir='ltr'>praeceptis</span> <span class='ocrx_word' id='word_1_119' title='bbox 1182 1706 1462 1772; x_wconf 89' lang='lat' dir='ltr'>instructa,</span> <span class='ocrx_word' id='word_1_120' title='bbox 1496 1702 1719 1758; x_wconf 85' lang='lat' dir='ltr'>inferius</span> <span class='ocrx_word' id='word_1_121' title='bbox 1761 1700 2054 1773; x_wconf 87' lang='lat' dir='ltr'>percutitur</span> 
     </span>
    </p>
   </div>
   <div class='ocr_carea' id='block_1_19' title="bbox 2154 547 3721 625">
    <p class='ocr_par' dir='ltr' id='par_1_19' title="bbox 2154 547 3721 625">
     <span class='ocr_line' id='line_1_19' title="bbox 2154 547 3721 625; baseline 0.006 -22"><span class='ocrx_word' id='word_1_122' title='bbox 2154 547 2355 603; x_wconf 88' lang='lat' dir='ltr'>reddit.</span> <span class='ocrx_word' id='word_1_123' title='bbox 2387 549 2563 618; x_wconf 83' lang='lat' dir='ltr'>Majus</span> <span class='ocrx_word' id='word_1_124' title='bbox 2586 556 2667 603; x_wconf 91' lang='lat' dir='ltr'>est</span> <span class='ocrx_word' id='word_1_125' title='bbox 2692 549 2839 604; x_wconf 89' lang='lat' dir='ltr'>enim</span> <span class='ocrx_word' id='word_1_126' title='bbox 2871 550 3084 622; x_wconf 88' lang='lat' dir='ltr'>angelis</span> <span class='ocrx_word' id='word_1_127' title='bbox 3114 550 3213 606; x_wconf 92' lang='lat' dir='ltr'>Dei</span> <span class='ocrx_word' id='word_1_128' title='bbox 3244 567 3403 622; x_wconf 90' lang='lat' dir='ltr'>super</span> <span class='ocrx_word' id='word_1_129' title='bbox 3420 570 3522 609; x_wconf 91' lang='lat' dir='ltr'>uno</span> <span class='ocrx_word' id='word_1_130' title='bbox 3541 572 3721 625; x_wconf 89' lang='lat' dir='ltr'>pecca-</span> 
     </span>
    </p>
   </div>
   <div class='ocr_carea' id='block_1_20' title="bbox 2158 638 3729 714">
    <p class='ocr_par' dir='ltr' id='par_1_20' title="bbox 2158 638 3729 714">
     <span class='ocr_line' id='line_1_20' title="bbox 2158 638 3729 714; baseline 0.006 -24"><span class='ocrx_word' id='word_1_131' title='bbox 2158 643 2276 692; x_wconf 90' lang='lat' dir='ltr'>tore</span> <span class='ocrx_word' id='word_1_132' title='bbox 2320 638 2621 706; x_wconf 85' lang='lat' dir='ltr'>poenitente</span> <span class='ocrx_word' id='word_1_133' title='bbox 2654 638 2937 708; x_wconf 77' lang='lat' dir='ltr'>gaudium,</span> <span class='ocrx_word' id='word_1_134' title='bbox 2970 655 3133 709; x_wconf 89' lang='lat' dir='ltr'>quam</span> <span class='ocrx_word' id='word_1_135' title='bbox 3160 639 3230 695; x_wconf 89' lang='lat' dir='ltr'>de</span> <span class='ocrx_word' id='word_1_136' title='bbox 3255 641 3729 714; x_wconf 82' lang='lat' dir='ltr'>nonagintanovem</span> 
     </span>
    </p>
   </div>
   <div class='ocr_carea' id='block_1_21' title="bbox 2158 726 3723 801">
    <p class='ocr_par' dir='ltr' id='par_1_21' title="bbox 2158 726 3723 801">
     <span class='ocr_line' id='line_1_21' title="bbox 2158 726 3723 801; baseline 0.006 -21"><span class='ocrx_word' id='word_1_137' title='bbox 2158 726 2564 795; x_wconf 85' lang='lat' dir='ltr'>perseverantia</span> <span class='ocrx_word' id='word_1_138' title='bbox 2588 726 2853 796; x_wconf 89' lang='lat' dir='ltr'>justorum</span> <span class='ocrx_word' id='word_1_139' title='bbox 2885 728 3038 799; x_wconf 88' lang='lat' dir='ltr'>(Luc.</span> <span class='ocrx_word' id='word_1_140' title='bbox 3072 730 3194 796; x_wconf 83' lang='lat' dir='ltr'>xv).</span> <span class='ocrx_word' id='word_1_141' title='bbox 3226 729 3293 783; x_wconf 83' lang='lat' dir='ltr'>Et</span> <span class='ocrx_word' id='word_1_142' title='bbox 3322 729 3410 799; x_wconf 90' lang='lat' dir='ltr'>qui</span> <span class='ocrx_word' id='word_1_143' title='bbox 3432 746 3528 801; x_wconf 92' lang='lat' dir='ltr'>pro</span> <span class='ocrx_word' id='word_1_144' title='bbox 3556 733 3723 789; x_wconf 86' lang='lat' dir='ltr'>indul-</span> 
     </span>
    </p>
   </div>
   <div class='ocr_carea' id='block_1_22' title="bbox 2159 815 3725 887">
    <p class='ocr_par' dir='ltr' id='par_1_22' title="bbox 2159 815 3725 887">
     <span class='ocr_line' id='line_1_22' title="bbox 2159 815 3725 887; baseline 0.007 -20"><span class='ocrx_word' id='word_1_145' title='bbox 2159 816 2356 885; x_wconf 57' lang='lat' dir='ltr'>gentiae</span> <span class='ocrx_word' id='word_1_146' title='bbox 2387 815 2659 871; x_wconf 86' lang='lat' dir='ltr'>desiderio</span> <span class='ocrx_word' id='word_1_147' title='bbox 2689 816 3000 887; x_wconf 86' lang='lat' dir='ltr'>iniquitates</span> <span class='ocrx_word' id='word_1_148' title='bbox 3019 834 3143 872; x_wconf 89' lang='lat' dir='ltr'>suas</span> <span class='ocrx_word' id='word_1_149' title='bbox 3171 819 3462 885; x_wconf 88' lang='lat' dir='ltr'>annuntiat,</span> <span class='ocrx_word' id='word_1_150' title='bbox 3485 821 3538 875; x_wconf 91' lang='lat' dir='ltr'>in</span> <span class='ocrx_word' id='word_1_151' title='bbox 3564 822 3725 878; x_wconf 89' lang='lat' dir='ltr'>taber-</span> 
     </span>
    </p>
   </div>
   <div class='ocr_carea' id='block_1_23' title="bbox 2159 904 3729 980">
    <p class='ocr_par' dir='ltr' id='par_1_23' title="bbox 2159 904 3729 980">
     <span class='ocr_line' id='line_1_23' title="bbox 2159 904 3729 980; baseline 0.005 -21"><span class='ocrx_word' id='word_1_152' title='bbox 2159 904 2366 959; x_wconf 87' lang='lat' dir='ltr'>naculis</span> <span class='ocrx_word' id='word_1_153' title='bbox 2403 905 2672 974; x_wconf 88' lang='lat' dir='ltr'>justorum</span> <span class='ocrx_word' id='word_1_154' title='bbox 2719 905 2949 961; x_wconf 86' lang='lat' dir='ltr'>dulciter</span> <span class='ocrx_word' id='word_1_155' title='bbox 2974 906 3270 976; x_wconf 84' lang='lat' dir='ltr'>hymnizat.</span> <span class='ocrx_word' id='word_1_156' title='bbox 3300 908 3465 975; x_wconf 84' lang='lat'>468</span> <span class='ocrx_word' id='word_1_157' title='bbox 3495 909 3729 980; x_wconf 87' lang='lat' dir='ltr'>Loquitur</span> 
     </span>
    </p>
   </div>
   <div class='ocr_carea' id='block_1_24' title="bbox 2159 992 3726 1068">
    <p class='ocr_par' dir='ltr' id='par_1_24' title="bbox 2159 992 3726 1068">
     <span class='ocr_line' id='line_1_24' title="bbox 2159 992 3726 1068; baseline 0.004 -21"><span class='ocrx_word' id='word_1_158' title='bbox 2159 1007 2296 1065; x_wconf 88' lang='lat' dir='ltr'>ergo</span> <span class='ocrx_word' id='word_1_159' title='bbox 2325 993 2380 1047; x_wconf 91' lang='lat' dir='ltr'>in</span> <span class='ocrx_word' id='word_1_160' title='bbox 2409 994 2513 1048; x_wconf 94' lang='lat' dir='ltr'>hoc</span> <span class='ocrx_word' id='word_1_161' title='bbox 2540 992 2752 1063; x_wconf 90' lang='lat' dir='ltr'>psalmo</span> <span class='ocrx_word' id='word_1_162' title='bbox 2780 994 2956 1068; x_wconf 87' lang='lat' dir='ltr'>ﬁdelis</span> <span class='ocrx_word' id='word_1_163' title='bbox 2985 994 3185 1062; x_wconf 89' lang='lat' dir='ltr'>anima,</span> <span class='ocrx_word' id='word_1_164' title='bbox 3217 1003 3461 1050; x_wconf 85' lang='lat' dir='ltr'>octavam</span> <span class='ocrx_word' id='word_1_165' title='bbox 3493 996 3647 1068; x_wconf 90' lang='lat' dir='ltr'>illam,</span> <span class='ocrx_word' id='word_1_166' title='bbox 3675 1000 3726 1054; x_wconf 90' lang='lat' dir='ltr'>id</span> 
     </span>
    </p>
   </div>
   <div class='ocr_carea' id='block_1_25' title="bbox 2158 1081 3727 1158">
    <p class='ocr_par' dir='ltr' id='par_1_25' title="bbox 2158 1081 3727 1158">
     <span class='ocr_line' id='line_1_25' title="bbox 2158 1081 3727 1158; baseline 0.004 -22"><span class='ocrx_word' id='word_1_167' title='bbox 2158 1089 2238 1136; x_wconf 89' lang='lat' dir='ltr'>est</span> <span class='ocrx_word' id='word_1_168' title='bbox 2261 1081 2405 1136; x_wconf 91' lang='lat' dir='ltr'>diem</span> <span class='ocrx_word' id='word_1_169' title='bbox 2420 1081 2609 1151; x_wconf 91' lang='lat' dir='ltr'>judicii</span> <span class='ocrx_word' id='word_1_170' title='bbox 2632 1082 2965 1137; x_wconf 86' lang='lat' dir='ltr'>tremendam</span> <span class='ocrx_word' id='word_1_171' title='bbox 2987 1083 3355 1145; x_wconf 88' lang='lat' dir='ltr'>considerans,</span> <span class='ocrx_word' id='word_1_172' title='bbox 3381 1093 3727 1158; x_wconf 85' lang='lat' dir='ltr'>terroremque</span> 
     </span>
    </p>
   </div>
   <div class='ocr_carea' id='block_1_26' title="bbox 2159 1170 3726 1245">
    <p class='ocr_par' dir='ltr' id='par_1_26' title="bbox 2159 1170 3726 1245">
     <span class='ocr_line' id='line_1_26' title="bbox 2159 1170 3726 1245; baseline 0.004 -20"><span class='ocrx_word' id='word_1_173' title='bbox 2159 1170 2508 1226; x_wconf 87' lang='lat' dir='ltr'>districtionis</span> <span class='ocrx_word' id='word_1_174' title='bbox 2530 1171 2732 1226; x_wconf 68' lang='lat' dir='ltr'>divinas</span> <span class='ocrx_word' id='word_1_175' title='bbox 2761 1179 2813 1226; x_wconf 89' lang='lat' dir='ltr'>et</span> <span class='ocrx_word' id='word_1_176' title='bbox 2838 1172 3192 1242; x_wconf 90' lang='lat' dir='ltr'>reproborum</span> <span class='ocrx_word' id='word_1_177' title='bbox 3213 1172 3602 1229; x_wconf 86' lang='lat' dir='ltr'>damnationem</span> <span class='ocrx_word' id='word_1_178' title='bbox 3619 1192 3726 1245; x_wconf 87' lang='lat' dir='ltr'>per-</span> 
     </span>
    </p>
   </div>
   <div class='ocr_carea' id='block_1_27' title="bbox 2157 1259 3727 1335">
    <p class='ocr_par' dir='ltr' id='par_1_27' title="bbox 2157 1259 3727 1335">
     <span class='ocr_line' id='line_1_27' title="bbox 2157 1259 3727 1335; baseline 0.003 -20"><span class='ocrx_word' id='word_1_179' title='bbox 2157 1266 2375 1329; x_wconf 89' lang='lat' dir='ltr'>petuam</span> <span class='ocrx_word' id='word_1_180' title='bbox 2401 1259 2704 1331; x_wconf 81' lang='lat' dir='ltr'>prudentiae</span> <span class='ocrx_word' id='word_1_181' title='bbox 2732 1259 2926 1315; x_wconf 90' lang='lat' dir='ltr'>intuitu</span> <span class='ocrx_word' id='word_1_182' title='bbox 2964 1260 3360 1331; x_wconf 88' lang='lat' dir='ltr'>contemplans.</span> <span class='ocrx_word' id='word_1_183' title='bbox 3412 1263 3477 1316; x_wconf 91' lang='lat' dir='ltr'>Et</span> <span class='ocrx_word' id='word_1_184' title='bbox 3520 1265 3641 1335; x_wconf 89' lang='lat' dir='ltr'>quia</span> <span class='ocrx_word' id='word_1_185' title='bbox 3666 1265 3727 1320; x_wconf 89' lang='lat' dir='ltr'>de</span> 
     </span>
    </p>
   </div>
   <div class='ocr_carea' id='block_1_28' title="bbox 2158 1348 3728 1419">
    <p class='ocr_par' dir='ltr' id='par_1_28' title="bbox 2158 1348 3728 1419">
     <span class='ocr_line' id='line_1_28' title="bbox 2158 1348 3728 1419; baseline 0.004 -16"><span class='ocrx_word' id='word_1_186' title='bbox 2158 1350 2272 1403; x_wconf 82' lang='lat' dir='ltr'>suis</span> <span class='ocrx_word' id='word_1_187' title='bbox 2297 1348 2504 1404; x_wconf 89' lang='lat' dir='ltr'>meritis</span> <span class='ocrx_word' id='word_1_188' title='bbox 2534 1348 2805 1418; x_wconf 85' lang='lat' dir='ltr'>diffidens,</span> <span class='ocrx_word' id='word_1_189' title='bbox 2832 1350 2885 1403; x_wconf 91' lang='lat' dir='ltr'>in</span> <span class='ocrx_word' id='word_1_190' title='bbox 2917 1365 2975 1404; x_wconf 91' lang='lat' dir='ltr'>se</span> <span class='ocrx_word' id='word_1_191' title='bbox 3006 1349 3234 1419; x_wconf 87' lang='lat' dir='ltr'>qualiter</span> <span class='ocrx_word' id='word_1_192' title='bbox 3263 1350 3319 1403; x_wconf 91' lang='lat' dir='ltr'>in</span> <span class='ocrx_word' id='word_1_193' title='bbox 3348 1350 3442 1407; x_wconf 85' lang='lat' dir='ltr'>illo</span> <span class='ocrx_word' id='word_1_194' title='bbox 3470 1353 3728 1409; x_wconf 89' lang='lat' dir='ltr'>tremendo</span> 
     </span>
    </p>
   </div>
   <div class='ocr_carea' id='block_1_29' title="bbox 2156 1437 3730 1511">
    <p class='ocr_par' dir='ltr' id='par_1_29' title="bbox 2156 1437 3730 1511">
     <span class='ocr_line' id='line_1_29' title="bbox 2156 1437 3730 1511; baseline 0.002 -18"><span class='ocrx_word' id='word_1_195' title='bbox 2156 1437 2408 1493; x_wconf 87' lang='lat' dir='ltr'>examine</span> <span class='ocrx_word' id='word_1_196' title='bbox 2454 1437 2591 1492; x_wconf 88' lang='lat' dir='ltr'>iram</span> <span class='ocrx_word' id='word_1_197' title='bbox 2632 1438 2852 1494; x_wconf 90' lang='lat' dir='ltr'>ultionis</span> <span class='ocrx_word' id='word_1_198' title='bbox 2899 1437 3100 1494; x_wconf 83' lang='lat' dir='ltr'>divinae</span> <span class='ocrx_word' id='word_1_199' title='bbox 3139 1437 3381 1511; x_wconf 73' lang='lat' dir='ltr'>effugere</span> <span class='ocrx_word' id='word_1_200' title='bbox 3424 1440 3604 1509; x_wconf 88' lang='lat' dir='ltr'>possit,</span> <span class='ocrx_word' id='word_1_201' title='bbox 3634 1457 3730 1497; x_wconf 91' lang='lat' dir='ltr'>non</span> 
     </span>
    </p>
   </div>
   <div class='ocr_carea' id='block_1_30' title="bbox 2157 1526 3733 1596">
    <p class='ocr_par' dir='ltr' id='par_1_30' title="bbox 2157 1526 3733 1596">
     <span class='ocr_line' id='line_1_30' title="bbox 2157 1526 3733 1596; baseline 0.005 -17"><span class='ocrx_word' id='word_1_202' title='bbox 2157 1526 2395 1587; x_wconf 86' lang='lat' dir='ltr'>invenit;</span> <span class='ocrx_word' id='word_1_203' title='bbox 2429 1526 2688 1582; x_wconf 89' lang='lat' dir='ltr'>audacter</span> <span class='ocrx_word' id='word_1_204' title='bbox 2715 1526 2953 1596; x_wconf 88' lang='lat' dir='ltr'>quidem,</span> <span class='ocrx_word' id='word_1_205' title='bbox 2976 1527 3073 1582; x_wconf 88' lang='lat' dir='ltr'>sed</span> <span class='ocrx_word' id='word_1_206' title='bbox 3101 1526 3437 1583; x_wconf 90' lang='lat' dir='ltr'>conﬁdenter</span> <span class='ocrx_word' id='word_1_207' title='bbox 3455 1528 3522 1583; x_wconf 89' lang='lat' dir='ltr'>ad</span> <span class='ocrx_word' id='word_1_208' title='bbox 3548 1529 3733 1586; x_wconf 86' lang='lat' dir='ltr'>fontem</span> 
     </span>
    </p>
   </div>
   <div class='ocr_carea' id='block_1_31' title="bbox 2157 1614 3737 1686">
    <p class='ocr_par' dir='ltr' id='par_1_31' title="bbox 2157 1614 3737 1686">
     <span class='ocr_line' id='line_1_31' title="bbox 2157 1614 3737 1686; baseline 0.003 -17"><span class='ocrx_word' id='word_1_209' title='bbox 2157 1614 2558 1683; x_wconf 86' lang='lat' dir='ltr'>misericordiae,</span> <span class='ocrx_word' id='word_1_210' title='bbox 2594 1615 2792 1671; x_wconf 89' lang='lat' dir='ltr'>faciem</span> <span class='ocrx_word' id='word_1_211' title='bbox 2825 1616 2947 1684; x_wconf 89' lang='lat' dir='ltr'>ejus</span> <span class='ocrx_word' id='word_1_212' title='bbox 2974 1630 3369 1686; x_wconf 76' lang='lat' dir='ltr'>praeoccupans</span> <span class='ocrx_word' id='word_1_213' title='bbox 3397 1618 3613 1685; x_wconf 88' lang='lat' dir='ltr'>accedit,</span> <span class='ocrx_word' id='word_1_214' title='bbox 3636 1634 3737 1674; x_wconf 87' lang='lat' dir='ltr'>ma-</span> 
     </span>
    </p>
   </div>
   <div class='ocr_carea' id='block_1_32' title="bbox 2156 1698 3735 1773">
    <p class='ocr_par' dir='ltr' id='par_1_32' title="bbox 2156 1698 3735 1773">
     <span class='ocr_line' id='line_1_32' title="bbox 2156 1698 3735 1773; baseline 0.002 -18"><span class='ocrx_word' id='word_1_215' title='bbox 2156 1698 2274 1755; x_wconf 90' lang='lat' dir='ltr'>lens</span> <span class='ocrx_word' id='word_1_216' title='bbox 2304 1700 2359 1754; x_wconf 94' lang='lat' dir='ltr'>in</span> <span class='ocrx_word' id='word_1_217' title='bbox 2387 1700 2489 1755; x_wconf 91' lang='lat' dir='ltr'>hac</span> <span class='ocrx_word' id='word_1_218' title='bbox 2519 1700 2630 1756; x_wconf 92' lang='lat' dir='ltr'>vita</span> <span class='ocrx_word' id='word_1_219' title='bbox 2656 1715 2759 1771; x_wconf 89' lang='lat' dir='ltr'>per</span> <span class='ocrx_word' id='word_1_220' title='bbox 2786 1700 3159 1771; x_wconf 78' lang='lat' dir='ltr'>paenitentiam</span> <span class='ocrx_word' id='word_1_221' title='bbox 3188 1709 3242 1756; x_wconf 86' lang='lat' dir='ltr'>et</span> <span class='ocrx_word' id='word_1_222' title='bbox 3271 1700 3487 1773; x_wconf 84' lang='lat' dir='ltr'>ﬂagella</span> <span class='ocrx_word' id='word_1_223' title='bbox 3526 1704 3735 1771; x_wconf 88' lang='lat' dir='ltr'>conteri,</span> 
     </span>
    </p>
   </div>
   <div class='ocr_carea' id='block_1_33' title="bbox 455 1787 3741 1874">
    <p class='ocr_par' dir='ltr' id='par_1_33' title="bbox 455 1787 3741 1874">
     <span class='ocr_line' id='line_1_33' title="bbox 455 1787 3741 1874; baseline -0.004 -14"><span class='ocrx_word' id='word_1_224' title='bbox 455 1815 510 1861; x_wconf 90' lang='lat' dir='ltr'>et</span> <span class='ocrx_word' id='word_1_225' title='bbox 537 1801 781 1874; x_wconf 88' lang='lat' dir='ltr'>superius</span> <span class='ocrx_word' id='word_1_226' title='bbox 810 1798 1058 1859; x_wconf 85' lang='lat' dir='ltr'>auditur;</span> <span class='ocrx_word' id='word_1_227' title='bbox 1105 1794 1229 1865; x_wconf 90' lang='lat' dir='ltr'>quia</span> <span class='ocrx_word' id='word_1_228' title='bbox 1270 1810 1395 1849; x_wconf 91' lang='lat' dir='ltr'>cum</span> <span class='ocrx_word' id='word_1_229' title='bbox 1442 1807 1665 1848; x_wconf 89' lang='lat' dir='ltr'>carnem</span> <span class='ocrx_word' id='word_1_230' title='bbox 1697 1790 1893 1862; x_wconf 89' lang='lat' dir='ltr'>aliquis</span> <span class='ocrx_word' id='word_1_231' title='bbox 1921 1804 2051 1860; x_wconf 89' lang='lat' dir='ltr'>per-</span> <span class='ocrx_word' id='word_1_232' title='bbox 2081 1813 2135 1873; x_wconf 81' lang='grc' dir='ltr'>Β</span> <span class='ocrx_word' id='word_1_233' title='bbox 2165 1804 2328 1859; x_wconf 90' lang='lat' dir='ltr'>quam</span> <span class='ocrx_word' id='word_1_234' title='bbox 2358 1788 2411 1842; x_wconf 89' lang='lat' dir='ltr'>in</span> <span class='ocrx_word' id='word_1_235' title='bbox 2441 1787 2628 1844; x_wconf 83' lang='lat' dir='ltr'>futuro</span> <span class='ocrx_word' id='word_1_236' title='bbox 2658 1789 2942 1844; x_wconf 90' lang='lat' dir='ltr'>horrendis</span> <span class='ocrx_word' id='word_1_237' title='bbox 2995 1789 3385 1861; x_wconf 88' lang='lat' dir='ltr'>suppliciorum</span> <span class='ocrx_word' id='word_1_238' title='bbox 3433 1791 3741 1846; x_wconf 85' lang='lat' dir='ltr'>cruciatibus</span> 
     </span>
    </p>
   </div>
   <div class='ocr_carea' id='block_1_34' title="bbox 457 1877 2055 1956">
    <p class='ocr_par' dir='ltr' id='par_1_34' title="bbox 457 1877 2055 1956">
     <span class='ocr_line' id='line_1_34' title="bbox 457 1877 2055 1956; baseline -0.012 -6"><span class='ocrx_word' id='word_1_239' title='bbox 457 1895 600 1949; x_wconf 83' lang='lat' dir='ltr'>fecte</span> <span class='ocrx_word' id='word_1_240' title='bbox 630 1888 897 1956; x_wconf 84' lang='lat' dir='ltr'>aﬁlixerit,</span> <span class='ocrx_word' id='word_1_241' title='bbox 930 1894 1056 1941; x_wconf 91' lang='lat' dir='ltr'>tunc</span> <span class='ocrx_word' id='word_1_242' title='bbox 1104 1883 1483 1940; x_wconf 87' lang='lat' dir='ltr'>suavissimum</span> <span class='ocrx_word' id='word_1_243' title='bbox 1534 1882 1651 1936; x_wconf 89' lang='lat' dir='ltr'>Deo</span> <span class='ocrx_word' id='word_1_244' title='bbox 1684 1880 1738 1934; x_wconf 92' lang='lat' dir='ltr'>in</span> <span class='ocrx_word' id='word_1_245' title='bbox 1768 1877 2055 1933; x_wconf 88' lang='lat' dir='ltr'>dulcedine</span> 
     </span>
    </p>
   </div>
   <div class='ocr_carea' id='block_1_35' title="bbox 456 1968 2058 2045">
    <p class='ocr_par' dir='ltr' id='par_1_35' title="bbox 456 1968 2058 2045">
     <span class='ocr_line' id='line_1_35' title="bbox 456 1968 2058 2045; baseline -0.011 -8"><span class='ocrx_word' id='word_1_246' title='bbox 456 1982 629 2037; x_wconf 91' lang='lat' dir='ltr'>melos</span> <span class='ocrx_word' id='word_1_247' title='bbox 670 1977 876 2034; x_wconf 90' lang='lat' dir='ltr'>reddit.</span> <span class='ocrx_word' id='word_1_248' title='bbox 923 1977 1026 2030; x_wconf 90' lang='lat' dir='ltr'>Per</span> <span class='ocrx_word' id='word_1_249' title='bbox 1062 1973 1330 2045; x_wconf 86' lang='lat' dir='ltr'>psalmum</span> <span class='ocrx_word' id='word_1_250' title='bbox 1359 1987 1493 2043; x_wconf 91' lang='lat' dir='ltr'>ergo</span> <span class='ocrx_word' id='word_1_251' title='bbox 1516 2011 1529 2038; x_wconf 93' lang='lat'>,</span> <span class='ocrx_word' id='word_1_252' title='bbox 1576 1968 1966 2024; x_wconf 87' lang='lat' dir='ltr'>meditationes</span> <span class='ocrx_word' id='word_1_253' title='bbox 2003 1975 2058 2021; x_wconf 90' lang='lat' dir='ltr'>et</span> 
     </span>
    </p>
   </div>
   <div class='ocr_carea' id='block_1_36' title="bbox 458 2055 2056 2138">
    <p class='ocr_par' dir='ltr' id='par_1_36' title="bbox 458 2055 2056 2138">
     <span class='ocr_line' id='line_1_36' title="bbox 458 2055 2056 2138; baseline -0.011 -11"><span class='ocrx_word' id='word_1_254' title='bbox 458 2071 648 2127; x_wconf 89' lang='lat' dir='ltr'>laudes</span> <span class='ocrx_word' id='word_1_255' title='bbox 677 2076 729 2123; x_wconf 90' lang='lat' dir='ltr'>et</span> <span class='ocrx_word' id='word_1_256' title='bbox 756 2063 963 2138; x_wconf 89' lang='lat' dir='ltr'>gaudia</span> <span class='ocrx_word' id='word_1_257' title='bbox 994 2063 1060 2117; x_wconf 92' lang='lat' dir='ltr'>de</span> <span class='ocrx_word' id='word_1_258' title='bbox 1090 2064 1205 2117; x_wconf 93' lang='lat' dir='ltr'>Deo</span> <span class='ocrx_word' id='word_1_259' title='bbox 1237 2061 1293 2115; x_wconf 93' lang='lat' dir='ltr'>in</span> <span class='ocrx_word' id='word_1_260' title='bbox 1324 2060 1507 2115; x_wconf 90' lang='lat' dir='ltr'>animo</span> <span class='ocrx_word' id='word_1_261' title='bbox 1537 2064 1800 2128; x_wconf 90' lang='lat' dir='ltr'>concepta</span> <span class='ocrx_word' id='word_1_262' title='bbox 1847 2055 2056 2127; x_wconf 90' lang='lat' dir='ltr'>accipi-</span> 
     </span>
    </p>
   </div>
   <div class='ocr_carea' id='block_1_37' title="bbox 458 2145 2059 2227">
    <p class='ocr_par' dir='ltr' id='par_1_37' title="bbox 458 2145 2059 2227">
     <span class='ocr_line' id='line_1_37' title="bbox 458 2145 2059 2227; baseline -0.011 -12"><span class='ocrx_word' id='word_1_263' title='bbox 458 2176 599 2227; x_wconf 88' lang='lat' dir='ltr'>mus,</span> <span class='ocrx_word' id='word_1_264' title='bbox 624 2157 759 2213; x_wconf 88' lang='lat' dir='ltr'>sicut</span> <span class='ocrx_word' id='word_1_265' title='bbox 788 2161 1003 2209; x_wconf 87' lang='lat' dir='ltr'>cantum</span> <span class='ocrx_word' id='word_1_266' title='bbox 1034 2151 1177 2206; x_wconf 90' lang='lat' dir='ltr'>illius</span> <span class='ocrx_word' id='word_1_267' title='bbox 1207 2149 1395 2204; x_wconf 90' lang='lat' dir='ltr'>musici</span> <span class='ocrx_word' id='word_1_268' title='bbox 1416 2146 1754 2203; x_wconf 88' lang='lat' dir='ltr'>instrumenti</span> <span class='ocrx_word' id='word_1_269' title='bbox 1783 2145 2059 2215; x_wconf 90' lang='lat' dir='ltr'>psalmum</span> 
     </span>
    </p>
   </div>
   <div class='ocr_carea' id='block_1_38' title="bbox 465 2233 2058 2311">
    <p class='ocr_par' dir='ltr' id='par_1_38' title="bbox 465 2233 2058 2311">
     <span class='ocr_line' id='line_1_38' title="bbox 465 2233 2058 2311; baseline -0.011 -7"><span class='ocrx_word' id='word_1_270' title='bbox 465 2261 745 2304; x_wconf 89' lang='lat' dir='ltr'>vocamus.</span> <span class='ocrx_word' id='word_1_271' title='bbox 799 2242 1041 2298; x_wconf 89' lang='lat' dir='ltr'>Psalmus</span> <span class='ocrx_word' id='word_1_272' title='bbox 1070 2255 1202 2311; x_wconf 90' lang='lat' dir='ltr'>ergo</span> <span class='ocrx_word' id='word_1_273' title='bbox 1232 2239 1355 2309; x_wconf 80' lang='lat' dir='ltr'>iste,</span> <span class='ocrx_word' id='word_1_274' title='bbox 1388 2237 1444 2290; x_wconf 89' lang='lat' dir='ltr'>id</span> <span class='ocrx_word' id='word_1_275' title='bbox 1472 2245 1554 2292; x_wconf 91' lang='lat' dir='ltr'>est</span> <span class='ocrx_word' id='word_1_276' title='bbox 1591 2237 1709 2291; x_wconf 88' lang='lat' dir='ltr'>haec</span> <span class='ocrx_word' id='word_1_277' title='bbox 1752 2233 2058 2300; x_wconf 89' lang='lat' dir='ltr'>meditatio,</span> 
     </span>
    </p>
   </div>
   <div class='ocr_carea' id='block_1_39' title="bbox 458 2322 2063 2403">
    <p class='ocr_par' dir='ltr' id='par_1_39' title="bbox 458 2322 2063 2403">
     <span class='ocr_line' id='line_1_39' title="bbox 458 2322 2063 2403; baseline -0.011 -11"><span class='ocrx_word' id='word_1_278' title='bbox 458 2336 652 2403; x_wconf 92' lang='lat' dir='ltr'>David,</span> <span class='ocrx_word' id='word_1_279' title='bbox 684 2332 740 2388; x_wconf 91' lang='lat' dir='ltr'>id</span> <span class='ocrx_word' id='word_1_280' title='bbox 770 2339 852 2388; x_wconf 91' lang='lat' dir='ltr'>est</span> <span class='ocrx_word' id='word_1_281' title='bbox 878 2329 1026 2385; x_wconf 89' lang='lat' dir='ltr'>ﬁdeli</span> <span class='ocrx_word' id='word_1_282' title='bbox 1066 2329 1262 2383; x_wconf 75' lang='lat' dir='ltr'>animae</span> <span class='ocrx_word' id='word_1_283' title='bbox 1309 2325 1596 2382; x_wconf 88' lang='lat' dir='ltr'>virtutibus</span> <span class='ocrx_word' id='word_1_284' title='bbox 1646 2323 1725 2393; x_wconf 83' lang='lat' dir='ltr'>(a)</span> <span class='ocrx_word' id='word_1_285' title='bbox 1756 2322 2063 2377; x_wconf 79' lang='lat' dir='ltr'>exercitatae</span> 
     </span>
    </p>
   </div>
   <div class='ocr_carea' id='block_1_40' title="bbox 461 2409 2065 2484">
    <p class='ocr_par' dir='ltr' id='par_1_40' title="bbox 461 2409 2065 2484">
     <span class='ocr_line' id='line_1_40' title="bbox 461 2409 2065 2484; baseline -0.012 -3"><span class='ocrx_word' id='word_1_286' title='bbox 461 2423 802 2484; x_wconf 87' lang='lat' dir='ltr'>attribuitur;</span> <span class='ocrx_word' id='word_1_287' title='bbox 835 2419 1031 2473; x_wconf 78' lang='lat' dir='ltr'>animae</span> <span class='ocrx_word' id='word_1_288' title='bbox 1064 2416 1269 2471; x_wconf 82' lang='lat' dir='ltr'>scilicet</span> <span class='ocrx_word' id='word_1_289' title='bbox 1298 2412 1535 2468; x_wconf 89' lang='lat' dir='ltr'>tendenti</span> <span class='ocrx_word' id='word_1_290' title='bbox 1578 2412 1634 2466; x_wconf 92' lang='lat' dir='ltr'>in</span> <span class='ocrx_word' id='word_1_291' title='bbox 1682 2409 1867 2477; x_wconf 88' lang='lat' dir='ltr'>ﬁnem,</span> <span class='ocrx_word' id='word_1_292' title='bbox 1898 2410 1955 2463; x_wconf 91' lang='lat' dir='ltr'>id</span> <span class='ocrx_word' id='word_1_293' title='bbox 1986 2416 2065 2464; x_wconf 90' lang='lat' dir='ltr'>est</span> 
     </span>
    </p>
   </div>
   <div class='ocr_carea' id='block_1_41' title="bbox 462 2499 2055 2578">
    <p class='ocr_par' dir='ltr' id='par_1_41' title="bbox 462 2499 2055 2578">
     <span class='ocr_line' id='line_1_41' title="bbox 462 2499 2055 2578; baseline -0.011 -9"><span class='ocrx_word' id='word_1_294' title='bbox 462 2515 519 2569; x_wconf 93' lang='lat' dir='ltr'>in</span> <span class='ocrx_word' id='word_1_295' title='bbox 547 2512 836 2578; x_wconf 86' lang='lat' dir='ltr'>Christum,</span> <span class='ocrx_word' id='word_1_296' title='bbox 888 2506 978 2576; x_wconf 92' lang='lat' dir='ltr'>qui</span> <span class='ocrx_word' id='word_1_297' title='bbox 1021 2513 1103 2560; x_wconf 90' lang='lat' dir='ltr'>est</span> <span class='ocrx_word' id='word_1_298' title='bbox 1149 2503 1363 2558; x_wconf 90' lang='lat' dir='ltr'>initium</span> <span class='ocrx_word' id='word_1_299' title='bbox 1406 2509 1459 2556; x_wconf 90' lang='lat' dir='ltr'>et</span> <span class='ocrx_word' id='word_1_300' title='bbox 1505 2499 1627 2554; x_wconf 90' lang='lat' dir='ltr'>ﬁnis</span> <span class='ocrx_word' id='word_1_301' title='bbox 1671 2500 1862 2571; x_wconf 79' lang='lat' dir='ltr'>(Apoc.</span> <span class='ocrx_word' id='word_1_302' title='bbox 1918 2503 2055 2565; x_wconf 71' lang='lat' dir='ltr'>xm).</span> 
     </span>
    </p>
   </div>
   <div class='ocr_carea' id='block_1_42' title="bbox 464 2586 2065 2663">
    <p class='ocr_par' dir='ltr' id='par_1_42' title="bbox 464 2586 2065 2663">
     <span class='ocr_line' id='line_1_42' title="bbox 464 2586 2065 2663; baseline -0.011 -5"><span class='ocrx_word' id='word_1_303' title='bbox 464 2602 710 2658; x_wconf 88' lang='lat' dir='ltr'>Christus</span> <span class='ocrx_word' id='word_1_304' title='bbox 740 2597 862 2651; x_wconf 88' lang='lat' dir='ltr'>ﬁnis</span> <span class='ocrx_word' id='word_1_305' title='bbox 902 2594 1121 2660; x_wconf 91' lang='lat' dir='ltr'>dicitur,</span> <span class='ocrx_word' id='word_1_306' title='bbox 1154 2592 1239 2649; x_wconf 87' lang='lat' dir='ltr'>vel</span> <span class='ocrx_word' id='word_1_307' title='bbox 1270 2591 1403 2663; x_wconf 89' lang='lat' dir='ltr'>quia</span> <span class='ocrx_word' id='word_1_308' title='bbox 1432 2597 1512 2646; x_wconf 91' lang='lat' dir='ltr'>est</span> <span class='ocrx_word' id='word_1_309' title='bbox 1538 2586 1931 2646; x_wconf 86' lang='lat' dir='ltr'>consummatio</span> <span class='ocrx_word' id='word_1_310' title='bbox 1959 2587 2065 2641; x_wconf 90' lang='lat' dir='ltr'>Le-</span> 
     </span>
    </p>
   </div>
   <div class='ocr_carea' id='block_1_43' title="bbox 463 2678 2070 2764">
    <p class='ocr_par' dir='ltr' id='par_1_43' title="bbox 463 2678 2070 2764">
     <span class='ocr_line' id='line_1_43' title="bbox 463 2678 2070 2764; baseline -0.01 -19"><span class='ocrx_word' id='word_1_311' title='bbox 463 2691 548 2764; x_wconf 85' lang='lat' dir='ltr'>gis</span> <span class='ocrx_word' id='word_1_312' title='bbox 578 2696 630 2744; x_wconf 89' lang='lat' dir='ltr'>et</span> <span class='ocrx_word' id='word_1_313' title='bbox 650 2687 1055 2758; x_wconf 88' lang='lat' dir='ltr'>Prophetarum,</span> <span class='ocrx_word' id='word_1_314' title='bbox 1078 2683 1219 2737; x_wconf 92' lang='lat' dir='ltr'>sicut</span> <span class='ocrx_word' id='word_1_315' title='bbox 1236 2680 1353 2752; x_wconf 87' lang='lat' dir='ltr'>ipse</span> <span class='ocrx_word' id='word_1_316' title='bbox 1373 2678 1619 2749; x_wconf 89' lang='lat' dir='ltr'>pendens</span> <span class='ocrx_word' id='word_1_317' title='bbox 1648 2678 1701 2732; x_wconf 91' lang='lat' dir='ltr'>in</span> <span class='ocrx_word' id='word_1_318' title='bbox 1728 2691 1889 2732; x_wconf 89' lang='lat' dir='ltr'>cruce</span> <span class='ocrx_word' id='word_1_319' title='bbox 1911 2682 2070 2730; x_wconf 86' lang='lat' dir='ltr'>testa-</span> 
     </span>
    </p>
   </div>
   <div class='ocr_carea' id='block_1_44' title="bbox 466 2765 2067 2843">
    <p class='ocr_par' dir='ltr' id='par_1_44' title="bbox 466 2765 2067 2843">
     <span class='ocr_line' id='line_1_44' title="bbox 466 2765 2067 2843; baseline -0.01 -8"><span class='ocrx_word' id='word_1_320' title='bbox 466 2790 549 2835; x_wconf 87' lang='lat' dir='ltr'>tus</span> <span class='ocrx_word' id='word_1_321' title='bbox 576 2785 676 2843; x_wconf 89' lang='lat' dir='ltr'>est,</span> <span class='ocrx_word' id='word_1_322' title='bbox 710 2791 834 2831; x_wconf 91' lang='lat' dir='ltr'>cum</span> <span class='ocrx_word' id='word_1_323' title='bbox 865 2778 1016 2828; x_wconf 86' lang='lat' dir='ltr'>aceto</span> <span class='ocrx_word' id='word_1_324' title='bbox 1045 2779 1099 2826; x_wconf 90' lang='lat' dir='ltr'>et</span> <span class='ocrx_word' id='word_1_325' title='bbox 1126 2770 1254 2824; x_wconf 82' lang='lat' dir='ltr'>felle</span> <span class='ocrx_word' id='word_1_326' title='bbox 1286 2772 1504 2839; x_wconf 86' lang='lat' dir='ltr'>potatus</span> <span class='ocrx_word' id='word_1_327' title='bbox 1533 2766 1703 2822; x_wconf 85' lang='lat' dir='ltr'>dixit:</span> <span class='ocrx_word' id='word_1_328' title='bbox 1734 2765 1900 2834; x_wconf 82' lang='lat'>467</span> <span class='ocrx_word' id='word_1_329' title='bbox 1931 2765 2067 2821; x_wconf 83' lang='lat' dir='ltr'>Con-</span> 
     </span>
    </p>
   </div>
   <div class='ocr_carea' id='block_1_45' title="bbox 465 2851 2068 2925">
    <p class='ocr_par' dir='ltr' id='par_1_45' title="bbox 465 2851 2068 2925">
     <span class='ocr_line' id='line_1_45' title="bbox 465 2851 2068 2925; baseline -0.007 -5"><span class='ocrx_word' id='word_1_330' title='bbox 465 2864 819 2920; x_wconf 77' lang='lat' dir='ltr'>summatum</span> <span class='ocrx_word' id='word_1_331' title='bbox 848 2862 933 2915; x_wconf 78' lang='lat' dir='ltr'>est</span> <span class='ocrx_word' id='word_1_332' title='bbox 962 2858 1144 2925; x_wconf 83' lang='lat' dir='ltr'>(Joan.</span> <span class='ocrx_word' id='word_1_333' title='bbox 1178 2869 1295 2921; x_wconf 78' lang='lat' dir='ltr'>xxx,</span> <span class='ocrx_word' id='word_1_334' title='bbox 1329 2855 1440 2925; x_wconf 90' lang='lat'>30).</span> <span class='ocrx_word' id='word_1_335' title='bbox 1502 2851 1609 2908; x_wconf 91' lang='lat' dir='ltr'>Vel</span> <span class='ocrx_word' id='word_1_336' title='bbox 1639 2852 1763 2921; x_wconf 89' lang='lat' dir='ltr'>quia</span> <span class='ocrx_word' id='word_1_337' title='bbox 1801 2853 2068 2909; x_wconf 89' lang='lat' dir='ltr'>bonorum</span> 
     </span>
    </p>
   </div>
   <div class='ocr_carea' id='block_1_46' title="bbox 466 2940 2065 3018">
    <p class='ocr_par' dir='ltr' id='par_1_46' title="bbox 466 2940 2065 3018">
     <span class='ocr_line' id='line_1_46' title="bbox 466 2940 2065 3018; baseline -0.009 -10"><span class='ocrx_word' id='word_1_338' title='bbox 466 2952 710 3008; x_wconf 90' lang='lat' dir='ltr'>omnium</span> <span class='ocrx_word' id='word_1_339' title='bbox 772 2944 1040 3018; x_wconf 80' lang='lat' dir='ltr'>perfectio</span> <span class='ocrx_word' id='word_1_340' title='bbox 1071 2952 1171 3012; x_wconf 87' lang='lat' dir='ltr'>est,</span> <span class='ocrx_word' id='word_1_341' title='bbox 1204 2942 1327 3013; x_wconf 91' lang='lat' dir='ltr'>quia</span> <span class='ocrx_word' id='word_1_342' title='bbox 1368 2940 1577 2997; x_wconf 89' lang='lat' dir='ltr'>nullum</span> <span class='ocrx_word' id='word_1_343' title='bbox 1634 2941 1842 2996; x_wconf 88' lang='lat' dir='ltr'>bonum</span> <span class='ocrx_word' id='word_1_344' title='bbox 1897 2940 2065 3012; x_wconf 87' lang='lat' dir='ltr'>perﬁ-</span> 
     </span>
    </p>
   </div>
   <div class='ocr_carea' id='block_1_47' title="bbox 466 3030 2071 3108">
    <p class='ocr_par' dir='ltr' id='par_1_47' title="bbox 466 3030 2071 3108">
     <span class='ocr_line' id='line_1_47' title="bbox 466 3030 2071 3108; baseline -0.008 -11"><span class='ocrx_word' id='word_1_345' title='bbox 466 3042 623 3108; x_wconf 88' lang='lat' dir='ltr'>citur,</span> <span class='ocrx_word' id='word_1_346' title='bbox 674 3038 778 3092; x_wconf 89' lang='lat' dir='ltr'>nisi</span> <span class='ocrx_word' id='word_1_347' title='bbox 829 3035 973 3105; x_wconf 89' lang='lat' dir='ltr'>quod</span> <span class='ocrx_word' id='word_1_348' title='bbox 1021 3034 1077 3088; x_wconf 91' lang='lat' dir='ltr'>in</span> <span class='ocrx_word' id='word_1_349' title='bbox 1124 3047 1339 3088; x_wconf 88' lang='lat' dir='ltr'>summo</span> <span class='ocrx_word' id='word_1_350' title='bbox 1387 3030 1534 3086; x_wconf 91' lang='lat' dir='ltr'>bono</span> <span class='ocrx_word' id='word_1_351' title='bbox 1584 3030 1872 3085; x_wconf 90' lang='lat' dir='ltr'>solidatur.</span> <span class='ocrx_word' id='word_1_352' title='bbox 1922 3031 2071 3086; x_wconf 88' lang='lat' dir='ltr'>Sicut</span> 
     </span>
    </p>
   </div>
   <div class='ocr_carea' id='block_1_48' title="bbox 466 3118 2066 3189">
    <p class='ocr_par' dir='ltr' id='par_1_48' title="bbox 466 3118 2066 3189">
     <span class='ocr_line' id='line_1_48' title="bbox 466 3118 2066 3189; baseline -0.008 -4"><span class='ocrx_word' id='word_1_353' title='bbox 466 3131 609 3185; x_wconf 91' lang='lat' dir='ltr'>enim</span> <span class='ocrx_word' id='word_1_354' title='bbox 639 3126 797 3182; x_wconf 90' lang='lat' dir='ltr'>nobis</span> <span class='ocrx_word' id='word_1_355' title='bbox 827 3139 938 3179; x_wconf 91' lang='lat' dir='ltr'>non</span> <span class='ocrx_word' id='word_1_356' title='bbox 969 3120 1163 3177; x_wconf 85' lang='lat' dir='ltr'>sufﬁcit</span> <span class='ocrx_word' id='word_1_357' title='bbox 1190 3121 1327 3176; x_wconf 91' lang='lat' dir='ltr'>alios</span> <span class='ocrx_word' id='word_1_358' title='bbox 1357 3119 1530 3174; x_wconf 87' lang='lat' dir='ltr'>bonos</span> <span class='ocrx_word' id='word_1_359' title='bbox 1559 3134 1827 3189; x_wconf 68' lang='lat' dir='ltr'>quaerere,</span> <span class='ocrx_word' id='word_1_360' title='bbox 1861 3118 1967 3172; x_wconf 90' lang='lat' dir='ltr'>nisi</span> <span class='ocrx_word' id='word_1_361' title='bbox 1998 3119 2066 3173; x_wconf 91' lang='lat' dir='ltr'>ad</span> 
     </span>
    </p>
   </div>
   <div class='ocr_carea' id='block_1_49' title="bbox 468 3207 2067 3288">
    <p class='ocr_par' dir='ltr' id='par_1_49' title="bbox 468 3207 2067 3288">
     <span class='ocr_line' id='line_1_49' title="bbox 468 3207 2067 3288; baseline -0.007 -15"><span class='ocrx_word' id='word_1_362' title='bbox 468 3218 590 3288; x_wconf 89' lang='lat' dir='ltr'>ejus</span> <span class='ocrx_word' id='word_1_363' title='bbox 616 3215 926 3271; x_wconf 88' lang='lat' dir='ltr'>studeamus</span> <span class='ocrx_word' id='word_1_364' title='bbox 946 3209 1279 3282; x_wconf 89' lang='lat' dir='ltr'>agnitionem</span> <span class='ocrx_word' id='word_1_365' title='bbox 1300 3207 1584 3279; x_wconf 86' lang='lat' dir='ltr'>pervenire</span> <span class='ocrx_word' id='word_1_366' title='bbox 1614 3225 1625 3260; x_wconf 88' lang='lat'><strong>:</strong></span> <span class='ocrx_word' id='word_1_367' title='bbox 1649 3209 1727 3263; x_wconf 91' lang='lat' dir='ltr'>ita</span> <span class='ocrx_word' id='word_1_368' title='bbox 1747 3222 1809 3262; x_wconf 88' lang='lat' dir='ltr'>eo</span> <span class='ocrx_word' id='word_1_369' title='bbox 1840 3207 2067 3262; x_wconf 89' lang='lat' dir='ltr'>invento</span> 
     </span>
    </p>
   </div>
   <div class='ocr_carea' id='block_1_50' title="bbox 465 3296 2068 3375">
    <p class='ocr_par' dir='ltr' id='par_1_50' title="bbox 465 3296 2068 3375">
     <span class='ocr_line' id='line_1_50' title="bbox 465 3296 2068 3375; baseline -0.007 -12"><span class='ocrx_word' id='word_1_370' title='bbox 465 3306 644 3363; x_wconf 91' lang='lat' dir='ltr'>nullus</span> <span class='ocrx_word' id='word_1_371' title='bbox 666 3305 781 3375; x_wconf 89' lang='lat' dir='ltr'>jam</span> <span class='ocrx_word' id='word_1_372' title='bbox 810 3300 1004 3357; x_wconf 89' lang='lat' dir='ltr'>melior</span> <span class='ocrx_word' id='word_1_373' title='bbox 1031 3298 1307 3369; x_wconf 85' lang='lat' dir='ltr'>quaeritur,</span> <span class='ocrx_word' id='word_1_374' title='bbox 1341 3296 1467 3369; x_wconf 89' lang='lat' dir='ltr'>quia</span> <span class='ocrx_word' id='word_1_375' title='bbox 1497 3296 1676 3351; x_wconf 90' lang='lat' dir='ltr'>omnis</span> <span class='ocrx_word' id='word_1_376' title='bbox 1704 3303 1949 3351; x_wconf 89' lang='lat' dir='ltr'>creatura</span> <span class='ocrx_word' id='word_1_377' title='bbox 1981 3311 2068 3364; x_wconf 85' lang='lat' dir='ltr'>eo,</span> 
     </span>
    </p>
   </div>
   <div class='ocr_carea' id='block_1_51' title="bbox 465 3383 2072 3463">
    <p class='ocr_par' dir='ltr' id='par_1_51' title="bbox 465 3383 2072 3463">
     <span class='ocr_line' id='line_1_51' title="bbox 465 3383 2072 3463; baseline -0.008 -12"><span class='ocrx_word' id='word_1_378' title='bbox 465 3396 565 3450; x_wconf 87' lang='lat' dir='ltr'>sub</span> <span class='ocrx_word' id='word_1_379' title='bbox 597 3394 753 3463; x_wconf 89' lang='lat' dir='ltr'>cujus</span> <span class='ocrx_word' id='word_1_380' title='bbox 781 3388 1012 3461; x_wconf 88' lang='lat' dir='ltr'>pedibus</span> <span class='ocrx_word' id='word_1_381' title='bbox 1036 3403 1067 3441; x_wconf 90' lang='lat' dir='ltr'>a</span> <span class='ocrx_word' id='word_1_382' title='bbox 1088 3388 1246 3441; x_wconf 87' lang='lat' dir='ltr'>Patre</span> <span class='ocrx_word' id='word_1_383' title='bbox 1276 3384 1462 3440; x_wconf 90' lang='lat' dir='ltr'>omnia</span> <span class='ocrx_word' id='word_1_384' title='bbox 1491 3388 1617 3438; x_wconf 91' lang='lat' dir='ltr'>sunt</span> <span class='ocrx_word' id='word_1_385' title='bbox 1636 3383 1901 3452; x_wconf 89' lang='lat' dir='ltr'>subjecta,</span> <span class='ocrx_word' id='word_1_386' title='bbox 1929 3383 2072 3439; x_wconf 84' lang='lat' dir='ltr'>infe-</span> 
     </span>
    </p>
   </div>
   <div class='ocr_carea' id='block_1_52' title="bbox 466 3472 2072 3545">
    <p class='ocr_par' dir='ltr' id='par_1_52' title="bbox 466 3472 2072 3545">
     <span class='ocr_line' id='line_1_52' title="bbox 466 3472 2072 3545; baseline -0.009 -6"><span class='ocrx_word' id='word_1_387' title='bbox 466 3483 577 3539; x_wconf 90' lang='lat' dir='ltr'>rior</span> <span class='ocrx_word' id='word_1_388' title='bbox 607 3479 903 3536; x_wconf 90' lang='lat' dir='ltr'>invenitur.</span> <span class='ocrx_word' id='word_1_389' title='bbox 931 3478 1030 3531; x_wconf 90' lang='lat' dir='ltr'>Pro</span> <span class='ocrx_word' id='word_1_390' title='bbox 1052 3476 1127 3545; x_wconf 75' lang='grc' dir='ltr'>(ὁ)</span> <span class='ocrx_word' id='word_1_391' title='bbox 1149 3482 1341 3529; x_wconf 90' lang='lat' dir='ltr'>octava</span> <span class='ocrx_word' id='word_1_392' title='bbox 1359 3488 1489 3529; x_wconf 89' lang='lat' dir='ltr'>vero</span> <span class='ocrx_word' id='word_1_393' title='bbox 1505 3473 1751 3543; x_wconf 90' lang='lat' dir='ltr'>psalmus</span> <span class='ocrx_word' id='word_1_394' title='bbox 1772 3473 1872 3527; x_wconf 91' lang='lat' dir='ltr'>iste</span> <span class='ocrx_word' id='word_1_395' title='bbox 1894 3472 2072 3527; x_wconf 87' lang='lat' dir='ltr'>factus</span> 
     </span>
    </p>
   </div>
   <div class='ocr_carea' id='block_1_53' title="bbox 464 3558 2073 3637">
    <p class='ocr_par' dir='ltr' id='par_1_53' title="bbox 464 3558 2073 3637">
     <span class='ocr_line' id='line_1_53' title="bbox 464 3558 2073 3637; baseline -0.007 -10"><span class='ocrx_word' id='word_1_396' title='bbox 464 3572 743 3636; x_wconf 89' lang='lat' dir='ltr'>asseritur,</span> <span class='ocrx_word' id='word_1_397' title='bbox 769 3566 894 3637; x_wconf 89' lang='lat' dir='ltr'>quia</span> <span class='ocrx_word' id='word_1_398' title='bbox 922 3578 1026 3634; x_wconf 90' lang='lat' dir='ltr'>pro</span> <span class='ocrx_word' id='word_1_399' title='bbox 1051 3560 1490 3618; x_wconf 88' lang='lat' dir='ltr'>consideratione</span> <span class='ocrx_word' id='word_1_400' title='bbox 1522 3560 1714 3617; x_wconf 65' lang='lat' dir='ltr'>futurae</span> <span class='ocrx_word' id='word_1_401' title='bbox 1732 3558 2073 3616; x_wconf 88' lang='lat' dir='ltr'>resurrectio-</span> 
     </span>
    </p>
   </div>
   <div class='ocr_carea' id='block_1_54' title="bbox 466 3649 2074 3721">
    <p class='ocr_par' dir='ltr' id='par_1_54' title="bbox 466 3649 2074 3721">
     <span class='ocr_line' id='line_1_54' title="bbox 466 3649 2074 3721; baseline -0.007 -6"><span class='ocrx_word' id='word_1_402' title='bbox 466 3660 552 3715; x_wconf 89' lang='lat' dir='ltr'>nis</span> <span class='ocrx_word' id='word_1_403' title='bbox 582 3656 816 3714; x_wconf 90' lang='lat' dir='ltr'>Domino</span> <span class='ocrx_word' id='word_1_404' title='bbox 839 3654 1177 3709; x_wconf 88' lang='lat' dir='ltr'>decantatur.</span> <span class='ocrx_word' id='word_1_405' title='bbox 1203 3649 1379 3706; x_wconf 91' lang='lat' dir='ltr'>Omne</span> <span class='ocrx_word' id='word_1_406' title='bbox 1405 3649 1694 3719; x_wconf 68' lang='lat' dir='ltr'>praesentis</span> <span class='ocrx_word' id='word_1_407' title='bbox 1716 3650 1839 3705; x_wconf 68' lang='lat' dir='ltr'>vitae</span> <span class='ocrx_word' id='word_1_408' title='bbox 1862 3657 2074 3721; x_wconf 89' lang='lat' dir='ltr'>tempus</span> 
     </span>
    </p>
   </div>
   <div class='ocr_carea' id='block_1_55' title="bbox 466 3738 2071 3820">
    <p class='ocr_par' dir='ltr' id='par_1_55' title="bbox 466 3738 2071 3820">
     <span class='ocr_line' id='line_1_55' title="bbox 466 3738 2071 3820; baseline -0.008 -15"><span class='ocrx_word' id='word_1_409' title='bbox 466 3756 675 3820; x_wconf 87' lang='lat' dir='ltr'>septem</span> <span class='ocrx_word' id='word_1_410' title='bbox 707 3743 900 3799; x_wconf 90' lang='lat' dir='ltr'>diebus</span> <span class='ocrx_word' id='word_1_411' title='bbox 929 3739 1196 3798; x_wconf 87' lang='lat' dir='ltr'>evolvitur</span> <span class='ocrx_word' id='word_1_412' title='bbox 1223 3758 1235 3803; x_wconf 92' lang='lat'>;</span> <span class='ocrx_word' id='word_1_413' title='bbox 1269 3748 1321 3793; x_wconf 93' lang='lat' dir='ltr'>et</span> <span class='ocrx_word' id='word_1_414' title='bbox 1352 3738 1475 3793; x_wconf 92' lang='lat' dir='ltr'>ideo</span> <span class='ocrx_word' id='word_1_415' title='bbox 1505 3746 1712 3794; x_wconf 63' lang='lat' dir='ltr'>eterna</span> <span class='ocrx_word' id='word_1_416' title='bbox 1759 3738 1896 3805; x_wconf 90' lang='lat' dir='ltr'>dies,</span> <span class='ocrx_word' id='word_1_417' title='bbox 1948 3754 2071 3809; x_wconf 77' lang='lat' dir='ltr'>quae</span> 
     </span>
    </p>
   </div>
   <div class='ocr_carea' id='block_1_56' title="bbox 467 3827 2076 3907">
    <p class='ocr_par' dir='ltr' id='par_1_56' title="bbox 467 3827 2076 3907">
     <span class='ocr_line' id='line_1_56' title="bbox 467 3827 2076 3907; baseline -0.007 -15"><span class='ocrx_word' id='word_1_418' title='bbox 467 3836 680 3907; x_wconf 84' lang='lat' dir='ltr'>expleta</span> <span class='ocrx_word' id='word_1_419' title='bbox 709 3835 909 3889; x_wconf 87' lang='lat' dir='ltr'>horum</span> <span class='ocrx_word' id='word_1_420' title='bbox 929 3831 1135 3885; x_wconf 90' lang='lat' dir='ltr'>dierum</span> <span class='ocrx_word' id='word_1_421' title='bbox 1158 3827 1538 3884; x_wconf 89' lang='lat' dir='ltr'>vicissitudine</span> <span class='ocrx_word' id='word_1_422' title='bbox 1561 3828 1733 3883; x_wconf 89' lang='lat' dir='ltr'>futura</span> <span class='ocrx_word' id='word_1_423' title='bbox 1753 3830 1855 3894; x_wconf 86' lang='lat' dir='ltr'>est,</span> <span class='ocrx_word' id='word_1_424' title='bbox 1883 3834 2076 3882; x_wconf 88' lang='lat' dir='ltr'>octava</span> 
     </span>
    </p>
   </div>
   <div class='ocr_carea' id='block_1_57' title="bbox 468 3914 2074 3991">
    <p class='ocr_par' dir='ltr' id='par_1_57' title="bbox 468 3914 2074 3991">
     <span class='ocr_line' id='line_1_57' title="bbox 468 3914 2074 3991; baseline -0.009 -9"><span class='ocrx_word' id='word_1_425' title='bbox 468 3932 713 3983; x_wconf 87' lang='lat' dir='ltr'>vocatur.</span> <span class='ocrx_word' id='word_1_426' title='bbox 770 3922 837 3976; x_wconf 88' lang='lat' dir='ltr'>Et</span> <span class='ocrx_word' id='word_1_427' title='bbox 867 3919 992 3991; x_wconf 87' lang='lat' dir='ltr'>quia</span> <span class='ocrx_word' id='word_1_428' title='bbox 1021 3933 1118 3990; x_wconf 90' lang='lat' dir='ltr'>pro</span> <span class='ocrx_word' id='word_1_429' title='bbox 1147 3916 1581 3973; x_wconf 89' lang='lat' dir='ltr'>consideratione</span> <span class='ocrx_word' id='word_1_430' title='bbox 1607 3914 1832 3971; x_wconf 83' lang='lat' dir='ltr'>extremi</span> <span class='ocrx_word' id='word_1_431' title='bbox 1858 3914 2074 3985; x_wconf 64' lang='lat' dir='ltr'>judicii;</span> 
     </span>
    </p>
   </div>
   <div class='ocr_carea' id='block_1_58' title="bbox 471 4003 2071 4088">
    <p class='ocr_par' dir='ltr' id='par_1_58' title="bbox 471 4003 2071 4088">
     <span class='ocr_line' id='line_1_58' title="bbox 471 4003 2071 4088; baseline -0.008 -18"><span class='ocrx_word' id='word_1_432' title='bbox 471 4016 718 4088; x_wconf 89' lang='lat' dir='ltr'>psalmus</span> <span class='ocrx_word' id='word_1_433' title='bbox 744 4011 843 4067; x_wconf 90' lang='lat' dir='ltr'>iste</span> <span class='ocrx_word' id='word_1_434' title='bbox 871 4007 1192 4075; x_wconf 88' lang='lat' dir='ltr'>concinitur,</span> <span class='ocrx_word' id='word_1_435' title='bbox 1224 4013 1372 4062; x_wconf 90' lang='lat' dir='ltr'>recte</span> <span class='ocrx_word' id='word_1_436' title='bbox 1400 4020 1499 4077; x_wconf 91' lang='lat' dir='ltr'>pro</span> <span class='ocrx_word' id='word_1_437' title='bbox 1531 4012 1727 4060; x_wconf 90' lang='lat' dir='ltr'>octava</span> <span class='ocrx_word' id='word_1_438' title='bbox 1749 4003 2071 4059; x_wconf 90' lang='lat' dir='ltr'>intitulatur.</span> 
     </span>
    </p>
   </div>
   <div class='ocr_carea' id='block_1_59' title="bbox 467 4092 2075 4175">
    <p class='ocr_par' dir='ltr' id='par_1_59' title="bbox 467 4092 2075 4175">
     <span class='ocr_line' id='line_1_59' title="bbox 467 4092 2075 4175; baseline -0.009 -16"><span class='ocrx_word' id='word_1_439' title='bbox 467 4103 565 4159; x_wconf 89' lang='lat' dir='ltr'>Vel</span> <span class='ocrx_word' id='word_1_440' title='bbox 595 4101 724 4175; x_wconf 89' lang='lat' dir='ltr'>quia</span> <span class='ocrx_word' id='word_1_441' title='bbox 753 4098 993 4170; x_wconf 89' lang='lat' dir='ltr'>sequitur</span> <span class='ocrx_word' id='word_1_442' title='bbox 1025 4095 1188 4151; x_wconf 90' lang='lat' dir='ltr'>ﬁnem</span> <span class='ocrx_word' id='word_1_443' title='bbox 1219 4094 1451 4150; x_wconf 88' lang='lat' dir='ltr'>carnalis</span> <span class='ocrx_word' id='word_1_444' title='bbox 1480 4102 1531 4148; x_wconf 92' lang='lat' dir='ltr'>et</span> <span class='ocrx_word' id='word_1_445' title='bbox 1557 4092 1821 4163; x_wconf 90' lang='lat' dir='ltr'>spiritalis</span> <span class='ocrx_word' id='word_1_446' title='bbox 1848 4107 2075 4165; x_wconf 84' lang='lat' dir='ltr'>genera-</span> 
     </span>
    </p>
   </div>
   <div class='ocr_carea' id='block_1_60' title="bbox 468 4179 2073 4259">
    <p class='ocr_par' dir='ltr' id='par_1_60' title="bbox 468 4179 2073 4259">
     <span class='ocr_line' id='line_1_60' title="bbox 468 4179 2073 4259; baseline -0.01 -11"><span class='ocrx_word' id='word_1_447' title='bbox 468 4191 650 4259; x_wconf 89' lang='lat' dir='ltr'>tionis,</span> <span class='ocrx_word' id='word_1_448' title='bbox 682 4188 805 4243; x_wconf 87' lang='lat' dir='ltr'>ideo</span> <span class='ocrx_word' id='word_1_449' title='bbox 836 4194 1034 4242; x_wconf 89' lang='lat' dir='ltr'>octava</span> <span class='ocrx_word' id='word_1_450' title='bbox 1062 4183 1262 4237; x_wconf 89' lang='lat' dir='ltr'>dicitur</span> <span class='ocrx_word' id='word_1_451' title='bbox 1290 4181 1717 4237; x_wconf 88' lang='lat' dir='ltr'>resurrectionis.</span> <span class='ocrx_word' id='word_1_452' title='bbox 1756 4180 1894 4236; x_wconf 91' lang='lat' dir='ltr'>Caro</span> <span class='ocrx_word' id='word_1_453' title='bbox 1926 4179 2073 4235; x_wconf 91' lang='lat' dir='ltr'>enim</span> 
     </span>
    </p>
   </div>
   <div class='ocr_carea' id='block_1_61' title="bbox 467 4269 2076 4350">
    <p class='ocr_par' dir='ltr' id='par_1_61' title="bbox 467 4269 2076 4350">
     <span class='ocr_line' id='line_1_61' title="bbox 467 4269 2076 4350; baseline -0.01 -13"><span class='ocrx_word' id='word_1_454' title='bbox 467 4297 532 4337; x_wconf 88' lang='lat' dir='ltr'>ex</span> <span class='ocrx_word' id='word_1_455' title='bbox 563 4285 793 4350; x_wconf 89' lang='lat' dir='ltr'>quatuor</span> <span class='ocrx_word' id='word_1_456' title='bbox 822 4280 1031 4331; x_wconf 88' lang='lat' dir='ltr'>constat</span> <span class='ocrx_word' id='word_1_457' title='bbox 1060 4270 1373 4338; x_wconf 89' lang='lat' dir='ltr'>elementis,</span> <span class='ocrx_word' id='word_1_458' title='bbox 1396 4269 1573 4324; x_wconf 87' lang='lat' dir='ltr'>anima</span> <span class='ocrx_word' id='word_1_459' title='bbox 1605 4269 1774 4323; x_wconf 89' lang='lat' dir='ltr'>tribus</span> <span class='ocrx_word' id='word_1_460' title='bbox 1794 4274 2076 4339; x_wconf 87' lang='lat' dir='ltr'>vegetatur</span> 
     </span>
    </p>
   </div>
   <div class='ocr_carea' id='block_1_62' title="bbox 468 4357 2073 4425">
    <p class='ocr_par' dir='ltr' id='par_1_62' title="bbox 468 4357 2073 4425">
     <span class='ocr_line' id='line_1_62' title="bbox 468 4357 2073 4425; baseline -0.009 -1"><span class='ocrx_word' id='word_1_461' title='bbox 468 4367 698 4424; x_wconf 88' lang='lat' dir='ltr'>naturis.</span> <span class='ocrx_word' id='word_1_462' title='bbox 734 4365 827 4418; x_wconf 89' lang='lat' dir='ltr'>Est</span> <span class='ocrx_word' id='word_1_463' title='bbox 854 4362 998 4416; x_wconf 92' lang='lat' dir='ltr'>enim</span> <span class='ocrx_word' id='word_1_464' title='bbox 1023 4359 1307 4415; x_wconf 88' lang='lat' dir='ltr'>rationalis</span> <span class='ocrx_word' id='word_1_465' title='bbox 1327 4358 1395 4411; x_wconf 90' lang='lat' dir='ltr'>ad</span> <span class='ocrx_word' id='word_1_466' title='bbox 1419 4357 1852 4425; x_wconf 88' lang='lat' dir='ltr'>discernendum,</span> <span class='ocrx_word' id='word_1_467' title='bbox 1877 4371 2073 4411; x_wconf 87' lang='lat' dir='ltr'>concu-</span> 
     </span>
    </p>
   </div>
   <div class='ocr_carea' id='block_1_63' title="bbox 468 4443 2075 4527">
    <p class='ocr_par' dir='ltr' id='par_1_63' title="bbox 468 4443 2075 4527">
     <span class='ocr_line' id='line_1_63' title="bbox 468 4443 2075 4527; baseline -0.007 -17"><span class='ocrx_word' id='word_1_468' title='bbox 468 4453 733 4527; x_wconf 90' lang='lat' dir='ltr'>piscibilis</span> <span class='ocrx_word' id='word_1_469' title='bbox 761 4451 831 4506; x_wconf 92' lang='lat' dir='ltr'>ad</span> <span class='ocrx_word' id='word_1_470' title='bbox 860 4450 1086 4504; x_wconf 88' lang='lat' dir='ltr'>virtutes</span> <span class='ocrx_word' id='word_1_471' title='bbox 1107 4447 1505 4517; x_wconf 90' lang='lat' dir='ltr'>appetendum,</span> <span class='ocrx_word' id='word_1_472' title='bbox 1528 4445 1815 4501; x_wconf 84' lang='lat' dir='ltr'>irascibilis</span> <span class='ocrx_word' id='word_1_473' title='bbox 1843 4443 1913 4498; x_wconf 89' lang='lat' dir='ltr'>ad</span> <span class='ocrx_word' id='word_1_474' title='bbox 1943 4445 2075 4498; x_wconf 89' lang='lat' dir='ltr'>vitia</span> 
     </span>
    </p>
   </div>
   <div class='ocr_carea' id='block_1_64' title="bbox 2166 1872 3740 1947">
    <p class='ocr_par' dir='ltr' id='par_1_64' title="bbox 2166 1872 3740 1947">
     <span class='ocr_line' id='line_1_64' title="bbox 2166 1872 3740 1947; baseline 0.001 -18"><span class='ocrx_word' id='word_1_475' title='bbox 2166 1873 2357 1945; x_wconf 80' lang='lat' dir='ltr'>aﬂligi.</span> <span class='ocrx_word' id='word_1_476' title='bbox 2398 1872 2542 1942; x_wconf 87' lang='lat' dir='ltr'>Quid</span> <span class='ocrx_word' id='word_1_477' title='bbox 2572 1890 2704 1945; x_wconf 89' lang='lat' dir='ltr'>ergo</span> <span class='ocrx_word' id='word_1_478' title='bbox 2733 1875 2879 1930; x_wconf 89' lang='lat' dir='ltr'>dicat</span> <span class='ocrx_word' id='word_1_479' title='bbox 2904 1875 3209 1943; x_wconf 88' lang='lat' dir='ltr'>audiamus,</span> <span class='ocrx_word' id='word_1_480' title='bbox 3238 1883 3293 1931; x_wconf 92' lang='lat' dir='ltr'>et</span> <span class='ocrx_word' id='word_1_481' title='bbox 3320 1876 3467 1930; x_wconf 90' lang='lat' dir='ltr'>illius</span> <span class='ocrx_word' id='word_1_482' title='bbox 3509 1876 3740 1947; x_wconf 84' lang='lat' dir='ltr'>exemplo</span> 
     </span>
    </p>
   </div>
   <div class='ocr_carea' id='block_1_65' title="bbox 2164 1961 3563 2035">
    <p class='ocr_par' dir='ltr' id='par_1_65' title="bbox 2164 1961 3563 2035">
     <span class='ocr_line' id='line_1_65' title="bbox 2164 1961 3563 2035; baseline 0 -15"><span class='ocrx_word' id='word_1_483' title='bbox 2164 1980 2284 2020; x_wconf 90' lang='lat' dir='ltr'>cum</span> <span class='ocrx_word' id='word_1_484' title='bbox 2317 1961 2520 2018; x_wconf 90' lang='lat' dir='ltr'>ﬁducia</span> <span class='ocrx_word' id='word_1_485' title='bbox 2549 1964 2619 2019; x_wconf 89' lang='lat' dir='ltr'>ad</span> <span class='ocrx_word' id='word_1_486' title='bbox 2649 1966 2903 2019; x_wconf 90' lang='lat' dir='ltr'>thronum</span> <span class='ocrx_word' id='word_1_487' title='bbox 2932 1964 3128 2035; x_wconf 57' lang='lat' dir='ltr'>glorise</span> <span class='ocrx_word' id='word_1_488' title='bbox 3160 1965 3255 2020; x_wconf 88' lang='lat' dir='ltr'>Dei</span> <span class='ocrx_word' id='word_1_489' title='bbox 3288 1965 3563 2021; x_wconf 87' lang='lat' dir='ltr'>adeamus.</span> 
     </span>
    </p>
   </div>
   <div class='ocr_carea' id='block_1_66' title="bbox 2746 2053 3188 2110">
    <p class='ocr_par' dir='ltr' id='par_1_66' title="bbox 2746 2053 3188 2110">
     <span class='ocr_line' id='line_1_66' title="bbox 2746 2053 3188 2110; baseline 0.005 -3"><span class='ocrx_word' id='word_1_490' title='bbox 2746 2054 2839 2107; x_wconf 87' lang='lat' dir='ltr'><strong>EX</strong></span> <span class='ocrx_word' id='word_1_491' title='bbox 2848 2053 3188 2110; x_wconf 78' lang='lat' dir='ltr'>PLANATIO</span> 
     </span>
    </p>
   </div>
   <div class='ocr_carea' id='block_1_67' title="bbox 2514 2156 3414 2199">
    <p class='ocr_par' dir='ltr' id='par_1_67' title="bbox 2514 2156 3414 2199">
     <span class='ocr_line' id='line_1_67' title="bbox 2514 2156 3414 2199; baseline 0 -3"><span class='ocrx_word' id='word_1_492' title='bbox 2514 2156 2709 2198; x_wconf 74' lang='grc' dir='ltr'>ΡεΛιω</span> <span class='ocrx_word' id='word_1_493' title='bbox 2747 2157 2902 2197; x_wconf 72' lang='lat' dir='ltr'>PRM&quot;</span> <span class='ocrx_word' id='word_1_494' title='bbox 2940 2157 3414 2199; x_wconf 73' lang='lat' dir='ltr'>PCENITENTIALIS.</span> 
     </span>
    </p>
   </div>
   <div class='ocr_carea' id='block_1_68' title="bbox 2243 2231 3749 2304">
    <p class='ocr_par' dir='ltr' id='par_1_68' title="bbox 2243 2231 3749 2304">
     <span class='ocr_line' id='line_1_68' title="bbox 2243 2231 3749 2304; baseline 0 -18"><span class='ocrx_word' id='word_1_495' title='bbox 2243 2231 2404 2301; x_wconf 89' lang='lat' dir='ltr'>(Psal.</span> <span class='ocrx_word' id='word_1_496' title='bbox 2438 2246 2515 2286; x_wconf 77' lang='grc' dir='ltr'>γι.</span> <span class='ocrx_word' id='word_1_497' title='bbox 2546 2258 2612 2271; x_wconf 95' lang='grc'><strong>-</strong></span> <span class='ocrx_word' id='word_1_498' title='bbox 2641 2231 2798 2286; x_wconf 89' lang='lat' dir='ltr'>Vers.</span> <span class='ocrx_word' id='word_1_499' title='bbox 2834 2235 2911 2302; x_wconf 87' lang='grc'>1.)</span> <span class='ocrx_word' id='word_1_500' title='bbox 2938 2234 3193 2300; x_wconf 80' lang='lat' dir='ltr'>Domine,</span> <span class='ocrx_word' id='word_1_501' title='bbox 3229 2249 3298 2289; x_wconf 85' lang='lat' dir='ltr'>ne</span> <span class='ocrx_word' id='word_1_502' title='bbox 3346 2234 3408 2287; x_wconf 84' lang='lat' dir='ltr'>in</span> <span class='ocrx_word' id='word_1_503' title='bbox 3448 2235 3634 2304; x_wconf 81' lang='lat' dir='ltr'>furore</span> <span class='ocrx_word' id='word_1_504' title='bbox 3663 2236 3749 2287; x_wconf 80' lang='lat' dir='ltr'>tuo</span> 
     </span>
    </p>
   </div>
   <div class='ocr_carea' id='block_1_69' title="bbox 2172 2321 3514 2393">
    <p class='ocr_par' dir='ltr' id='par_1_69' title="bbox 2172 2321 3514 2393">
     <span class='ocr_line' id='line_1_69' title="bbox 2172 2321 3514 2393; baseline 0.001 -17"><span class='ocrx_word' id='word_1_505' title='bbox 2172 2336 2380 2392; x_wconf 80' lang='lat' dir='ltr'>arguas</span> <span class='ocrx_word' id='word_1_506' title='bbox 2408 2336 2518 2386; x_wconf 89' lang='lat' dir='ltr'>me,</span> <span class='ocrx_word' id='word_1_507' title='bbox 2550 2336 2730 2390; x_wconf 85' lang='lat' dir='ltr'>neque</span> <span class='ocrx_word' id='word_1_508' title='bbox 2760 2322 2822 2376; x_wconf 85' lang='lat' dir='ltr'>in</span> <span class='ocrx_word' id='word_1_509' title='bbox 2851 2321 2941 2375; x_wconf 89' lang='lat' dir='ltr'>ira</span> <span class='ocrx_word' id='word_1_510' title='bbox 2971 2324 3073 2376; x_wconf 84' lang='lat' dir='ltr'>tua</span> <span class='ocrx_word' id='word_1_511' title='bbox 3101 2322 3381 2393; x_wconf 75' lang='lat' dir='ltr'>corripias</span> <span class='ocrx_word' id='word_1_512' title='bbox 3406 2338 3514 2377; x_wconf 88' lang='lat' dir='ltr'>me.</span> 
     </span>
    </p>
   </div>
   <div class='ocr_carea' id='block_1_70' title="bbox 2246 2407 3756 2480">
    <p class='ocr_par' dir='ltr' id='par_1_70' title="bbox 2246 2407 3756 2480">
     <span class='ocr_line' id='line_1_70' title="bbox 2246 2407 3756 2480; baseline 0.001 -18"><span class='ocrx_word' id='word_1_513' title='bbox 2246 2413 2296 2462; x_wconf 84' lang='grc'><strong>1.</strong></span> <span class='ocrx_word' id='word_1_514' title='bbox 2324 2407 2486 2463; x_wconf 87' lang='lat' dir='ltr'>Vides</span> <span class='ocrx_word' id='word_1_515' title='bbox 2517 2424 2683 2478; x_wconf 89' lang='lat' dir='ltr'>quam</span> <span class='ocrx_word' id='word_1_516' title='bbox 2714 2408 2917 2465; x_wconf 92' lang='lat' dir='ltr'>bonum</span> <span class='ocrx_word' id='word_1_517' title='bbox 2947 2409 3300 2480; x_wconf 89' lang='lat' dir='ltr'>principium,</span> <span class='ocrx_word' id='word_1_518' title='bbox 3325 2426 3488 2480; x_wconf 90' lang='lat' dir='ltr'>quam</span> <span class='ocrx_word' id='word_1_519' title='bbox 3519 2408 3756 2465; x_wconf 81' lang='lat' dir='ltr'>affectuo-</span> 
     </span>
    </p>
   </div>
   <div class='ocr_carea' id='block_1_71' title="bbox 2175 2497 3758 2571">
    <p class='ocr_par' dir='ltr' id='par_1_71' title="bbox 2175 2497 3758 2571">
     <span class='ocr_line' id='line_1_71' title="bbox 2175 2497 3758 2571; baseline -0.002 -18"><span class='ocrx_word' id='word_1_520' title='bbox 2175 2513 2313 2565; x_wconf 90' lang='lat' dir='ltr'>sum,</span> <span class='ocrx_word' id='word_1_521' title='bbox 2334 2514 2496 2569; x_wconf 90' lang='lat' dir='ltr'>quam</span> <span class='ocrx_word' id='word_1_522' title='bbox 2516 2497 2705 2569; x_wconf 67' lang='lat' dir='ltr'>gratim</span> <span class='ocrx_word' id='word_1_523' title='bbox 2725 2499 2971 2568; x_wconf 90' lang='lat' dir='ltr'>plenum.</span> <span class='ocrx_word' id='word_1_524' title='bbox 2993 2499 3053 2552; x_wconf 89' lang='lat' dir='ltr'>In</span> <span class='ocrx_word' id='word_1_525' title='bbox 3073 2514 3136 2553; x_wconf 91' lang='lat' dir='ltr'>eo</span> <span class='ocrx_word' id='word_1_526' title='bbox 3158 2499 3300 2553; x_wconf 89' lang='lat' dir='ltr'>enim</span> <span class='ocrx_word' id='word_1_527' title='bbox 3326 2499 3473 2571; x_wconf 90' lang='lat' dir='ltr'>quod</span> <span class='ocrx_word' id='word_1_528' title='bbox 3486 2499 3758 2554; x_wconf 90' lang='lat' dir='ltr'>Dominum</span> 
     </span>
    </p>
   </div>
   <div class='ocr_carea' id='block_1_72' title="bbox 2176 2586 3761 2657">
    <p class='ocr_par' dir='ltr' id='par_1_72' title="bbox 2176 2586 3761 2657">
     <span class='ocr_line' id='line_1_72' title="bbox 2176 2586 3761 2657; baseline -0.002 -15"><span class='ocrx_word' id='word_1_529' title='bbox 2176 2602 2297 2642; x_wconf 90' lang='lat' dir='ltr'>eum</span> <span class='ocrx_word' id='word_1_530' title='bbox 2328 2586 2560 2655; x_wconf 84' lang='lat' dir='ltr'>vocavit,</span> <span class='ocrx_word' id='word_1_531' title='bbox 2594 2587 2741 2657; x_wconf 90' lang='lat' dir='ltr'>quod</span> <span class='ocrx_word' id='word_1_532' title='bbox 2770 2587 2852 2641; x_wconf 91' lang='lat' dir='ltr'>sui</span> <span class='ocrx_word' id='word_1_533' title='bbox 2876 2589 2995 2656; x_wconf 89' lang='lat' dir='ltr'>jure</span> <span class='ocrx_word' id='word_1_534' title='bbox 3028 2587 3273 2643; x_wconf 78' lang='lat' dir='ltr'>misereri</span> <span class='ocrx_word' id='word_1_535' title='bbox 3321 2588 3544 2644; x_wconf 89' lang='lat' dir='ltr'>deberet</span> <span class='ocrx_word' id='word_1_536' title='bbox 3589 2592 3761 2642; x_wconf 83' lang='lat' dir='ltr'>osten-</span> 
     </span>
    </p>
   </div>
   <div class='ocr_carea' id='block_1_73' title="bbox 2178 2674 3760 2747">
    <p class='ocr_par' dir='ltr' id='par_1_73' title="bbox 2178 2674 3760 2747">
     <span class='ocr_line' id='line_1_73' title="bbox 2178 2674 3760 2747; baseline -0.001 -18"><span class='ocrx_word' id='word_1_537' title='bbox 2178 2675 2277 2730; x_wconf 91' lang='lat' dir='ltr'>dit.</span> <span class='ocrx_word' id='word_1_538' title='bbox 2312 2676 2667 2731; x_wconf 90' lang='lat' dir='ltr'>Dominorum</span> <span class='ocrx_word' id='word_1_539' title='bbox 2696 2676 2842 2731; x_wconf 91' lang='lat' dir='ltr'>enim</span> <span class='ocrx_word' id='word_1_540' title='bbox 2873 2684 2970 2745; x_wconf 87' lang='lat' dir='ltr'>est,</span> <span class='ocrx_word' id='word_1_541' title='bbox 3004 2692 3192 2732; x_wconf 87' lang='lat' dir='ltr'>servos</span> <span class='ocrx_word' id='word_1_542' title='bbox 3220 2678 3389 2745; x_wconf 90' lang='lat' dir='ltr'>alere,</span> <span class='ocrx_word' id='word_1_543' title='bbox 3439 2692 3542 2732; x_wconf 91' lang='lat' dir='ltr'>non</span> <span class='ocrx_word' id='word_1_544' title='bbox 3593 2674 3760 2747; x_wconf 89' lang='lat' dir='ltr'>negli-</span> 
     </span>
    </p>
   </div>
   <div class='ocr_carea' id='block_1_74' title="bbox 2177 2764 3764 2838">
    <p class='ocr_par' dir='ltr' id='par_1_74' title="bbox 2177 2764 3764 2838">
     <span class='ocr_line' id='line_1_74' title="bbox 2177 2764 3764 2838; baseline -0.002 -18"><span class='ocrx_word' id='word_1_545' title='bbox 2177 2780 2306 2838; x_wconf 86' lang='lat' dir='ltr'>gere</span> <span class='ocrx_word' id='word_1_546' title='bbox 2332 2782 2344 2826; x_wconf 93' lang='lat'>;</span> <span class='ocrx_word' id='word_1_547' title='bbox 2378 2764 2754 2834; x_wconf 87' lang='lat' dir='ltr'>delinquentes</span> <span class='ocrx_word' id='word_1_548' title='bbox 2783 2765 3074 2837; x_wconf 88' lang='lat' dir='ltr'>corrigere,</span> <span class='ocrx_word' id='word_1_549' title='bbox 3106 2781 3216 2821; x_wconf 91' lang='lat' dir='ltr'>non</span> <span class='ocrx_word' id='word_1_550' title='bbox 3243 2781 3474 2827; x_wconf 89' lang='lat' dir='ltr'>necare;</span> <span class='ocrx_word' id='word_1_551' title='bbox 3508 2764 3764 2837; x_wconf 84' lang='lat' dir='ltr'>fugientes</span> 
     </span>
    </p>
   </div>
   <div class='ocr_carea' id='block_1_75' title="bbox 2176 2854 3755 2926">
    <p class='ocr_par' dir='ltr' id='par_1_75' title="bbox 2176 2854 3755 2926">
     <span class='ocr_line' id='line_1_75' title="bbox 2176 2854 3755 2926; baseline -0.003 -17"><span class='ocrx_word' id='word_1_552' title='bbox 2176 2854 2470 2925; x_wconf 88' lang='lat' dir='ltr'>requirere,</span> <span class='ocrx_word' id='word_1_553' title='bbox 2502 2870 2610 2908; x_wconf 91' lang='lat' dir='ltr'>non</span> <span class='ocrx_word' id='word_1_554' title='bbox 2643 2854 2918 2910; x_wconf 87' lang='lat' dir='ltr'>abdicare.</span> <span class='ocrx_word' id='word_1_555' title='bbox 2946 2856 3196 2924; x_wconf 82' lang='lat' dir='ltr'>Domine,</span> <span class='ocrx_word' id='word_1_556' title='bbox 3225 2871 3298 2911; x_wconf 85' lang='lat' dir='ltr'>ne</span> <span class='ocrx_word' id='word_1_557' title='bbox 3328 2856 3395 2910; x_wconf 90' lang='lat' dir='ltr'>in</span> <span class='ocrx_word' id='word_1_558' title='bbox 3421 2858 3611 2926; x_wconf 83' lang='lat' dir='ltr'>furore</span> <span class='ocrx_word' id='word_1_559' title='bbox 3642 2858 3755 2907; x_wconf 81' lang='lat' dir='ltr'>tuo.</span> 
     </span>
    </p>
   </div>
   <div class='ocr_carea' id='block_1_76' title="bbox 2177 2940 3766 3015">
    <p class='ocr_par' dir='ltr' id='par_1_76' title="bbox 2177 2940 3766 3015">
     <span class='ocr_line' id='line_1_76' title="bbox 2177 2940 3766 3015; baseline -0.003 -17"><span class='ocrx_word' id='word_1_560' title='bbox 2177 2943 2329 2998; x_wconf 85' lang='lat' dir='ltr'>Solet</span> <span class='ocrx_word' id='word_1_561' title='bbox 2357 2942 2493 3010; x_wconf 86' lang='lat' dir='ltr'>ﬁeri,</span> <span class='ocrx_word' id='word_1_562' title='bbox 2526 2951 2585 2998; x_wconf 91' lang='lat' dir='ltr'>ut</span> <span class='ocrx_word' id='word_1_563' title='bbox 2615 2942 2709 3015; x_wconf 90' lang='lat' dir='ltr'>qui</span> <span class='ocrx_word' id='word_1_564' title='bbox 2739 2943 3087 2998; x_wconf 86' lang='lat' dir='ltr'>dominorum</span> <span class='ocrx_word' id='word_1_565' title='bbox 3112 2943 3250 2998; x_wconf 92' lang='lat' dir='ltr'>iram</span> <span class='ocrx_word' id='word_1_566' title='bbox 3298 2944 3592 3009; x_wconf 84' lang='lat' dir='ltr'>incurrunt,</span> <span class='ocrx_word' id='word_1_567' title='bbox 3625 2941 3668 2994; x_wconf 88' lang='lat' dir='ltr'>si</span> <span class='ocrx_word' id='word_1_568' title='bbox 3692 2940 3766 2994; x_wconf 89' lang='lat' dir='ltr'>eis</span> 
     </span>
    </p>
   </div>
   <div class='ocr_carea' id='block_1_77' title="bbox 2180 3031 3765 3104">
    <p class='ocr_par' dir='ltr' id='par_1_77' title="bbox 2180 3031 3765 3104">
     <span class='ocr_line' id='line_1_77' title="bbox 2180 3031 3765 3104; baseline -0.001 -19"><span class='ocrx_word' id='word_1_569' title='bbox 2180 3031 2523 3088; x_wconf 88' lang='lat' dir='ltr'>reconciliari</span> <span class='ocrx_word' id='word_1_570' title='bbox 2555 3039 2834 3102; x_wconf 88' lang='lat' dir='ltr'>appetunt,</span> <span class='ocrx_word' id='word_1_571' title='bbox 2877 3040 3139 3102; x_wconf 89' lang='lat' dir='ltr'>patronos</span> <span class='ocrx_word' id='word_1_572' title='bbox 3182 3041 3451 3104; x_wconf 78' lang='lat' dir='ltr'>quaerant,</span> <span class='ocrx_word' id='word_1_573' title='bbox 3502 3031 3765 3086; x_wconf 88' lang='lat' dir='ltr'>interven-</span> 
     </span>
    </p>
   </div>
   <div class='ocr_carea' id='block_1_78' title="bbox 2183 3119 3769 3185">
    <p class='ocr_par' dir='ltr' id='par_1_78' title="bbox 2183 3119 3769 3185">
     <span class='ocr_line' id='line_1_78' title="bbox 2183 3119 3769 3185; baseline -0.004 -8"><span class='ocrx_word' id='word_1_574' title='bbox 2183 3129 2327 3177; x_wconf 89' lang='lat' dir='ltr'>tores</span> <span class='ocrx_word' id='word_1_575' title='bbox 2342 3120 2658 3185; x_wconf 88' lang='lat' dir='ltr'>adhibeant,</span> <span class='ocrx_word' id='word_1_576' title='bbox 2686 3122 2979 3177; x_wconf 88' lang='lat' dir='ltr'>advocatos</span> <span class='ocrx_word' id='word_1_577' title='bbox 2999 3121 3317 3178; x_wconf 80' lang='lat' dir='ltr'>adsciscunt.</span> <span class='ocrx_word' id='word_1_578' title='bbox 3344 3122 3453 3177; x_wconf 91' lang='lat' dir='ltr'>Sed</span> <span class='ocrx_word' id='word_1_579' title='bbox 3469 3121 3585 3176; x_wconf 77' lang='lat' dir='ltr'>haec</span> <span class='ocrx_word' id='word_1_580' title='bbox 3601 3119 3769 3174; x_wconf 88' lang='lat' dir='ltr'>anima</span> 
     </span>
    </p>
   </div>
   <div class='ocr_carea' id='block_1_79' title="bbox 2179 3205 3768 3281">
    <p class='ocr_par' dir='ltr' id='par_1_79' title="bbox 2179 3205 3768 3281">
     <span class='ocr_line' id='line_1_79' title="bbox 2179 3205 3768 3281; baseline -0.003 -18"><span class='ocrx_word' id='word_1_581' title='bbox 2179 3209 2328 3265; x_wconf 91' lang='lat' dir='ltr'>illius</span> <span class='ocrx_word' id='word_1_582' title='bbox 2359 3210 2615 3265; x_wconf 89' lang='lat' dir='ltr'>terribilis</span> <span class='ocrx_word' id='word_1_583' title='bbox 2648 3210 2842 3281; x_wconf 91' lang='lat' dir='ltr'>judicii</span> <span class='ocrx_word' id='word_1_584' title='bbox 2890 3219 3090 3267; x_wconf 90' lang='lat' dir='ltr'>terrore</span> <span class='ocrx_word' id='word_1_585' title='bbox 3137 3210 3410 3281; x_wconf 86' lang='lat' dir='ltr'>perculsa,</span> <span class='ocrx_word' id='word_1_586' title='bbox 3439 3209 3635 3265; x_wconf 89' lang='lat' dir='ltr'>amoris</span> <span class='ocrx_word' id='word_1_587' title='bbox 3678 3205 3768 3261; x_wconf 90' lang='lat' dir='ltr'>Dei</span> 
     </span>
    </p>
   </div>
   <div class='ocr_carea' id='block_1_80' title="bbox 2181 3297 3769 3370">
    <p class='ocr_par' dir='ltr' id='par_1_80' title="bbox 2181 3297 3769 3370">
     <span class='ocr_line' id='line_1_80' title="bbox 2181 3297 3769 3370; baseline -0.002 -17"><span class='ocrx_word' id='word_1_588' title='bbox 2181 3299 2461 3355; x_wconf 88' lang='lat' dir='ltr'>desiderio</span> <span class='ocrx_word' id='word_1_589' title='bbox 2514 3314 2761 3368; x_wconf 87' lang='lat' dir='ltr'>accensa,</span> <span class='ocrx_word' id='word_1_590' title='bbox 2804 3314 2984 3354; x_wconf 89' lang='lat' dir='ltr'>moras</span> <span class='ocrx_word' id='word_1_591' title='bbox 3030 3315 3140 3355; x_wconf 91' lang='lat' dir='ltr'>non</span> <span class='ocrx_word' id='word_1_592' title='bbox 3186 3299 3407 3370; x_wconf 90' lang='lat' dir='ltr'>patitur,</span> <span class='ocrx_word' id='word_1_593' title='bbox 3468 3297 3769 3352; x_wconf 88' lang='lat' dir='ltr'>dilationem</span> 
     </span>
    </p>
   </div>
   <div class='ocr_carea' id='block_1_81' title="bbox 2182 3383 3768 3449">
    <p class='ocr_par' dir='ltr' id='par_1_81' title="bbox 2182 3383 3768 3449">
     <span class='ocr_line' id='line_1_81' title="bbox 2182 3383 3768 3449; baseline -0.003 -7"><span class='ocrx_word' id='word_1_594' title='bbox 2182 3395 2487 3449; x_wconf 88' lang='lat' dir='ltr'>aversatur;</span> <span class='ocrx_word' id='word_1_595' title='bbox 2523 3396 2575 3443; x_wconf 89' lang='lat' dir='ltr'>et</span> <span class='ocrx_word' id='word_1_596' title='bbox 2605 3389 2647 3442; x_wconf 91' lang='lat' dir='ltr'>si</span> <span class='ocrx_word' id='word_1_597' title='bbox 2670 3388 2739 3442; x_wconf 91' lang='lat' dir='ltr'>ad</span> <span class='ocrx_word' id='word_1_598' title='bbox 2764 3388 2959 3443; x_wconf 89' lang='lat' dir='ltr'>horam</span> <span class='ocrx_word' id='word_1_599' title='bbox 2981 3389 3155 3443; x_wconf 90' lang='lat' dir='ltr'>Deum</span> <span class='ocrx_word' id='word_1_600' title='bbox 3179 3388 3476 3444; x_wconf 88' lang='lat' dir='ltr'>convenire</span> <span class='ocrx_word' id='word_1_601' title='bbox 3498 3383 3768 3449; x_wconf 88' lang='lat' dir='ltr'>distulerit,</span> 
     </span>
    </p>
   </div>
   <div class='ocr_carea' id='block_1_82' title="bbox 2183 3474 3769 3547">
    <p class='ocr_par' dir='ltr' id='par_1_82' title="bbox 2183 3474 3769 3547">
     <span class='ocr_line' id='line_1_82' title="bbox 2183 3474 3769 3547; baseline -0.002 -18"><span class='ocrx_word' id='word_1_602' title='bbox 2183 3475 2585 3531; x_wconf 84' lang='lat' dir='ltr'>damnationem</span> <span class='ocrx_word' id='word_1_603' title='bbox 2616 3492 2673 3531; x_wconf 89' lang='lat' dir='ltr'>se</span> <span class='ocrx_word' id='word_1_604' title='bbox 2702 3476 2933 3533; x_wconf 86' lang='lat' dir='ltr'>evadere</span> <span class='ocrx_word' id='word_1_605' title='bbox 2962 3492 3072 3531; x_wconf 92' lang='lat' dir='ltr'>non</span> <span class='ocrx_word' id='word_1_606' title='bbox 3100 3492 3266 3547; x_wconf 87' lang='lat' dir='ltr'>posse</span> <span class='ocrx_word' id='word_1_607' title='bbox 3312 3475 3629 3532; x_wconf 85' lang='lat' dir='ltr'>arbitratur.</span> <span class='ocrx_word' id='word_1_608' title='bbox 3665 3474 3769 3527; x_wconf 88' lang='lat' dir='ltr'>De-</span> 
     </span>
    </p>
   </div>
   <div class='ocr_carea' id='block_1_83' title="bbox 2185 3563 3773 3636">
    <p class='ocr_par' dir='ltr' id='par_1_83' title="bbox 2185 3563 3773 3636">
     <span class='ocr_line' id='line_1_83' title="bbox 2185 3563 3773 3636; baseline -0.003 -17"><span class='ocrx_word' id='word_1_609' title='bbox 2185 3564 2448 3620; x_wconf 88' lang='lat' dir='ltr'>siderium</span> <span class='ocrx_word' id='word_1_610' title='bbox 2479 3565 2627 3620; x_wconf 89' lang='lat' dir='ltr'>enim</span> <span class='ocrx_word' id='word_1_611' title='bbox 2674 3580 2784 3620; x_wconf 90' lang='lat' dir='ltr'>non</span> <span class='ocrx_word' id='word_1_612' title='bbox 2827 3565 3076 3633; x_wconf 89' lang='lat' dir='ltr'>sustinet,</span> <span class='ocrx_word' id='word_1_613' title='bbox 3104 3566 3159 3620; x_wconf 89' lang='lat' dir='ltr'>et</span> <span class='ocrx_word' id='word_1_614' title='bbox 3188 3566 3245 3619; x_wconf 89' lang='lat' dir='ltr'>in</span> <span class='ocrx_word' id='word_1_615' title='bbox 3273 3564 3538 3636; x_wconf 83' lang='lat' dir='ltr'>patientia</span> <span class='ocrx_word' id='word_1_616' title='bbox 3568 3563 3773 3618; x_wconf 86' lang='lat' dir='ltr'>modum</span> 
     </span>
    </p>
   </div>
   <div class='ocr_carea' id='block_1_84' title="bbox 2183 3650 3772 3726">
    <p class='ocr_par' dir='ltr' id='par_1_84' title="bbox 2183 3650 3772 3726">
     <span class='ocr_line' id='line_1_84' title="bbox 2183 3650 3772 3726; baseline -0.004 -18"><span class='ocrx_word' id='word_1_617' title='bbox 2183 3669 2291 3709; x_wconf 92' lang='lat' dir='ltr'>non</span> <span class='ocrx_word' id='word_1_618' title='bbox 2316 3652 2504 3709; x_wconf 88' lang='lat' dir='ltr'>habet.</span> <span class='ocrx_word' id='word_1_619' title='bbox 2538 3652 2695 3709; x_wconf 87' lang='lat' dir='ltr'>Vires</span> <span class='ocrx_word' id='word_1_620' title='bbox 2724 3669 2856 3726; x_wconf 83' lang='lat' dir='ltr'>ergo</span> <span class='ocrx_word' id='word_1_621' title='bbox 2885 3654 3116 3726; x_wconf 80' lang='lat' dir='ltr'>colligit,</span> <span class='ocrx_word' id='word_1_622' title='bbox 3149 3653 3219 3709; x_wconf 92' lang='lat' dir='ltr'>de</span> <span class='ocrx_word' id='word_1_623' title='bbox 3248 3652 3620 3709; x_wconf 88' lang='lat' dir='ltr'>misericordia</span> <span class='ocrx_word' id='word_1_624' title='bbox 3646 3650 3772 3704; x_wconf 89' lang='lat' dir='ltr'>Con-</span> 
     </span>
    </p>
   </div>
   <div class='ocr_carea' id='block_1_85' title="bbox 2186 3738 3772 3815">
    <p class='ocr_par' dir='ltr' id='par_1_85' title="bbox 2186 3738 3772 3815">
     <span class='ocr_line' id='line_1_85' title="bbox 2186 3738 3772 3815; baseline -0.003 -19"><span class='ocrx_word' id='word_1_625' title='bbox 2186 3742 2380 3799; x_wconf 88' lang='lat' dir='ltr'>ditoris</span> <span class='ocrx_word' id='word_1_626' title='bbox 2408 3741 2650 3811; x_wconf 88' lang='lat' dir='ltr'>conﬁdit,</span> <span class='ocrx_word' id='word_1_627' title='bbox 2684 3751 2737 3798; x_wconf 91' lang='lat' dir='ltr'>et</span> <span class='ocrx_word' id='word_1_628' title='bbox 2766 3743 2923 3815; x_wconf 90' lang='lat' dir='ltr'>quasi</span> <span class='ocrx_word' id='word_1_629' title='bbox 2955 3758 3078 3798; x_wconf 90' lang='lat' dir='ltr'>eum</span> <span class='ocrx_word' id='word_1_630' title='bbox 3110 3751 3437 3814; x_wconf 57' lang='lat' dir='ltr'>prementem</span> <span class='ocrx_word' id='word_1_631' title='bbox 3468 3741 3660 3810; x_wconf 88' lang='lat' dir='ltr'>videat,</span> <span class='ocrx_word' id='word_1_632' title='bbox 3693 3738 3772 3792; x_wconf 90' lang='lat' dir='ltr'>lo-</span> 
     </span>
    </p>
   </div>
   <div class='ocr_carea' id='block_1_86' title="bbox 2186 3825 3773 3902">
    <p class='ocr_par' dir='ltr' id='par_1_86' title="bbox 2186 3825 3773 3902">
     <span class='ocr_line' id='line_1_86' title="bbox 2186 3825 3773 3902; baseline -0.004 -17"><span class='ocrx_word' id='word_1_633' title='bbox 2186 3831 2277 3901; x_wconf 91' lang='lat' dir='ltr'>qui</span> <span class='ocrx_word' id='word_1_634' title='bbox 2306 3831 2610 3902; x_wconf 70' lang='lat' dir='ltr'>praasumit.</span> <span class='ocrx_word' id='word_1_635' title='bbox 2658 3832 2743 3887; x_wconf 90' lang='lat' dir='ltr'>Ac</span> <span class='ocrx_word' id='word_1_636' title='bbox 2789 3831 2834 3885; x_wconf 89' lang='lat' dir='ltr'>si</span> <span class='ocrx_word' id='word_1_637' title='bbox 2888 3830 3075 3886; x_wconf 91' lang='lat' dir='ltr'>dicat:</span> <span class='ocrx_word' id='word_1_638' title='bbox 3111 3831 3237 3887; x_wconf 91' lang='lat' dir='ltr'>Scio</span> <span class='ocrx_word' id='word_1_639' title='bbox 3283 3832 3505 3901; x_wconf 90' lang='lat' dir='ltr'>quidem</span> <span class='ocrx_word' id='word_1_640' title='bbox 3550 3829 3670 3900; x_wconf 91' lang='lat' dir='ltr'>quia</span> <span class='ocrx_word' id='word_1_641' title='bbox 3709 3825 3773 3881; x_wconf 91' lang='lat' dir='ltr'>ab</span> 
     </span>
    </p>
   </div>
   <div class='ocr_carea' id='block_1_87' title="bbox 2185 3916 3777 3990">
    <p class='ocr_par' dir='ltr' id='par_1_87' title="bbox 2185 3916 3777 3990">
     <span class='ocr_line' id='line_1_87' title="bbox 2185 3916 3777 3990; baseline -0.006 -14"><span class='ocrx_word' id='word_1_642' title='bbox 2185 3920 2357 3976; x_wconf 90' lang='lat' dir='ltr'>oculis</span> <span class='ocrx_word' id='word_1_643' title='bbox 2385 3920 2505 3990; x_wconf 92' lang='lat' dir='ltr'>tuis,</span> <span class='ocrx_word' id='word_1_644' title='bbox 2536 3919 2672 3975; x_wconf 89' lang='lat' dir='ltr'>meis</span> <span class='ocrx_word' id='word_1_645' title='bbox 2701 3918 2962 3976; x_wconf 83' lang='lat' dir='ltr'>excludor</span> <span class='ocrx_word' id='word_1_646' title='bbox 2988 3918 3227 3982; x_wconf 88' lang='lat' dir='ltr'>meritis;</span> <span class='ocrx_word' id='word_1_647' title='bbox 3275 3920 3378 3975; x_wconf 89' lang='lat' dir='ltr'>sed</span> <span class='ocrx_word' id='word_1_648' title='bbox 3408 3928 3585 3975; x_wconf 90' lang='lat' dir='ltr'>tamen</span> <span class='ocrx_word' id='word_1_649' title='bbox 3613 3916 3777 3970; x_wconf 90' lang='lat' dir='ltr'>minor</span> 
     </span>
    </p>
   </div>
   <div class='ocr_carea' id='block_1_88' title="bbox 2184 4004 3771 4081">
    <p class='ocr_par' dir='ltr' id='par_1_88' title="bbox 2184 4004 3771 4081">
     <span class='ocr_line' id='line_1_88' title="bbox 2184 4004 3771 4081; baseline -0.005 -17"><span class='ocrx_word' id='word_1_650' title='bbox 2184 4026 2304 4065; x_wconf 90' lang='lat' dir='ltr'>sum</span> <span class='ocrx_word' id='word_1_651' title='bbox 2337 4009 2541 4064; x_wconf 90' lang='lat' dir='ltr'>cunctis</span> <span class='ocrx_word' id='word_1_652' title='bbox 2567 4008 3004 4065; x_wconf 90' lang='lat' dir='ltr'>miserationibus</span> <span class='ocrx_word' id='word_1_653' title='bbox 3033 4008 3160 4064; x_wconf 91' lang='lat' dir='ltr'>tuis.</span> <span class='ocrx_word' id='word_1_654' title='bbox 3207 4009 3286 4063; x_wconf 91' lang='lat' dir='ltr'>Tu</span> <span class='ocrx_word' id='word_1_655' title='bbox 3317 4008 3502 4081; x_wconf 84' lang='lat' dir='ltr'>igitur,</span> <span class='ocrx_word' id='word_1_656' title='bbox 3534 4004 3771 4069; x_wconf 79' lang='lat' dir='ltr'>Domine,</span> 
     </span>
    </p>
   </div>
   <div class='ocr_carea' id='block_1_89' title="bbox 2185 4090 3776 4170">
    <p class='ocr_par' dir='ltr' id='par_1_89' title="bbox 2185 4090 3776 4170">
     <span class='ocr_line' id='line_1_89' title="bbox 2185 4090 3776 4170; baseline -0.004 -18"><span class='ocrx_word' id='word_1_657' title='bbox 2185 4098 2339 4166; x_wconf 91' lang='lat' dir='ltr'>cujus</span> <span class='ocrx_word' id='word_1_658' title='bbox 2368 4114 2456 4153; x_wconf 91' lang='lat' dir='ltr'>me</span> <span class='ocrx_word' id='word_1_659' title='bbox 2484 4113 2698 4153; x_wconf 91' lang='lat' dir='ltr'>servum</span> <span class='ocrx_word' id='word_1_660' title='bbox 2743 4113 2872 4152; x_wconf 87' lang='lat' dir='ltr'>esse</span> <span class='ocrx_word' id='word_1_661' title='bbox 2915 4113 3025 4153; x_wconf 91' lang='lat' dir='ltr'>non</span> <span class='ocrx_word' id='word_1_662' title='bbox 3072 4096 3312 4170; x_wconf 81' lang='lat' dir='ltr'>abnego,</span> <span class='ocrx_word' id='word_1_663' title='bbox 3343 4098 3499 4167; x_wconf 89' lang='lat' dir='ltr'>cujus</span> <span class='ocrx_word' id='word_1_664' title='bbox 3547 4090 3776 4164; x_wconf 88' lang='lat' dir='ltr'>imperiis</span> 
     </span>
    </p>
   </div>
   <div class='ocr_carea' id='block_1_90' title="bbox 2186 4183 3774 4259">
    <p class='ocr_par' dir='ltr' id='par_1_90' title="bbox 2186 4183 3774 4259">
     <span class='ocr_line' id='line_1_90' title="bbox 2186 4183 3774 4259; baseline -0.003 -21"><span class='ocrx_word' id='word_1_665' title='bbox 2186 4184 2560 4256; x_wconf 89' lang='lat' dir='ltr'>obtemperare</span> <span class='ocrx_word' id='word_1_666' title='bbox 2615 4184 2887 4255; x_wconf 89' lang='lat' dir='ltr'>desidero,</span> <span class='ocrx_word' id='word_1_667' title='bbox 2920 4187 3076 4256; x_wconf 89' lang='lat' dir='ltr'>cujus</span> <span class='ocrx_word' id='word_1_668' title='bbox 3100 4202 3261 4241; x_wconf 91' lang='lat' dir='ltr'>suave</span> <span class='ocrx_word' id='word_1_669' title='bbox 3285 4188 3481 4259; x_wconf 88' lang='lat' dir='ltr'>jugum</span> <span class='ocrx_word' id='word_1_670' title='bbox 3512 4183 3653 4240; x_wconf 88' lang='lat' dir='ltr'>ferre</span> <span class='ocrx_word' id='word_1_671' title='bbox 3680 4197 3774 4235; x_wconf 90' lang='lat' dir='ltr'>ne-</span> 
     </span>
    </p>
   </div>
   <div class='ocr_carea' id='block_1_91' title="bbox 2185 4273 3775 4346">
    <p class='ocr_par' dir='ltr' id='par_1_91' title="bbox 2185 4273 3775 4346">
     <span class='ocr_line' id='line_1_91' title="bbox 2185 4273 3775 4346; baseline -0.003 -19"><span class='ocrx_word' id='word_1_672' title='bbox 2185 4289 2457 4345; x_wconf 87' lang='lat' dir='ltr'>quaquam</span> <span class='ocrx_word' id='word_1_673' title='bbox 2471 4290 2682 4342; x_wconf 89' lang='lat' dir='ltr'>recuso,</span> <span class='ocrx_word' id='word_1_674' title='bbox 2704 4290 2776 4330; x_wconf 85' lang='lat' dir='ltr'>ne</span> <span class='ocrx_word' id='word_1_675' title='bbox 2796 4291 3004 4345; x_wconf 73' lang='lat' dir='ltr'>arguas</span> <span class='ocrx_word' id='word_1_676' title='bbox 3023 4291 3110 4331; x_wconf 84' lang='lat' dir='ltr'>me</span> <span class='ocrx_word' id='word_1_677' title='bbox 3129 4276 3193 4330; x_wconf 88' lang='lat' dir='ltr'>in</span> <span class='ocrx_word' id='word_1_678' title='bbox 3216 4278 3417 4346; x_wconf 81' lang='lat' dir='ltr'>furore</span> <span class='ocrx_word' id='word_1_679' title='bbox 3438 4278 3557 4330; x_wconf 82' lang='lat' dir='ltr'>tuo.</span> <span class='ocrx_word' id='word_1_680' title='bbox 3576 4273 3674 4328; x_wconf 82' lang='lat' dir='ltr'>Hic</span> <span class='ocrx_word' id='word_1_681' title='bbox 3695 4283 3775 4324; x_wconf 89' lang='lat' dir='ltr'>me</span> 
     </span>
    </p>
   </div>
   <div class='ocr_carea' id='block_1_92' title="bbox 2183 4362 3773 4434">
    <p class='ocr_par' dir='ltr' id='par_1_92' title="bbox 2183 4362 3773 4434">
     <span class='ocr_line' id='line_1_92' title="bbox 2183 4362 3773 4434; baseline -0.002 -18"><span class='ocrx_word' id='word_1_682' title='bbox 2183 4362 2365 4434; x_wconf 90' lang='lat' dir='ltr'>potius</span> <span class='ocrx_word' id='word_1_683' title='bbox 2395 4379 2599 4434; x_wconf 86' lang='lat' dir='ltr'>argue;</span> <span class='ocrx_word' id='word_1_684' title='bbox 2650 4363 2780 4418; x_wconf 91' lang='lat' dir='ltr'>dum</span> <span class='ocrx_word' id='word_1_685' title='bbox 2828 4372 3042 4433; x_wconf 88' lang='lat' dir='ltr'>tempus</span> <span class='ocrx_word' id='word_1_686' title='bbox 3091 4371 3170 4419; x_wconf 86' lang='lat' dir='ltr'>est</span> <span class='ocrx_word' id='word_1_687' title='bbox 3216 4363 3629 4429; x_wconf 67' lang='lat' dir='ltr'>misericordiae,</span> <span class='ocrx_word' id='word_1_688' title='bbox 3656 4374 3773 4416; x_wconf 89' lang='lat' dir='ltr'>cor-</span> 
     </span>
    </p>
   </div>
   <div class='ocr_carea' id='block_1_93' title="bbox 2185 4449 3775 4523">
    <p class='ocr_par' dir='ltr' id='par_1_93' title="bbox 2185 4449 3775 4523">
     <span class='ocr_line' id='line_1_93' title="bbox 2185 4449 3775 4523; baseline -0.002 -17"><span class='ocrx_word' id='word_1_689' title='bbox 2185 4453 2334 4523; x_wconf 91' lang='lat' dir='ltr'>ripe;</span> <span class='ocrx_word' id='word_1_690' title='bbox 2367 4451 2492 4506; x_wconf 90' lang='lat' dir='ltr'>dum</span> <span class='ocrx_word' id='word_1_691' title='bbox 2522 4452 2638 4507; x_wconf 92' lang='lat' dir='ltr'>dies</span> <span class='ocrx_word' id='word_1_692' title='bbox 2665 4451 2852 4507; x_wconf 89' lang='lat' dir='ltr'>salutis</span> <span class='ocrx_word' id='word_1_693' title='bbox 2877 4460 2973 4523; x_wconf 88' lang='lat' dir='ltr'>est,</span> <span class='ocrx_word' id='word_1_694' title='bbox 3006 4468 3221 4508; x_wconf 83' lang='lat' dir='ltr'>exerce.</span> <span class='ocrx_word' id='word_1_695' title='bbox 3281 4452 3543 4523; x_wconf 87' lang='lat' dir='ltr'>Quisquis</span> <span class='ocrx_word' id='word_1_696' title='bbox 3582 4450 3636 4505; x_wconf 89' lang='lat' dir='ltr'>in</span> <span class='ocrx_word' id='word_1_697' title='bbox 3680 4449 3775 4504; x_wconf 85' lang='lat' dir='ltr'>hac</span> 
     </span>
    </p>
   </div>
   <div class='ocr_carea' id='block_1_94' title="bbox 468 4523 3769 4613">
    <p class='ocr_par' dir='ltr' id='par_1_94' title="bbox 468 4523 3769 4613">
     <span class='ocr_line' id='line_1_94' title="bbox 468 4523 3769 4613; baseline -0.003 -7"><span class='ocrx_word' id='word_1_698' title='bbox 468 4523 849 4595; x_wconf 51' lang='grc' dir='ltr'>ἀνθΐεαῑιάυηιο</span> <span class='ocrx_word' id='word_1_699' title='bbox 898 4536 978 4589; x_wconf 71' lang='lat' dir='ltr'>De</span> <span class='ocrx_word' id='word_1_700' title='bbox 1003 4536 1106 4588; x_wconf 67' lang='lat' dir='ltr'>hac</span> <span class='ocrx_word' id='word_1_701' title='bbox 1131 4532 1273 4587; x_wconf 66' lang='lat' dir='ltr'>enim</span> <span class='ocrx_word' id='word_1_702' title='bbox 1304 4531 1383 4585; x_wconf 67' lang='lat' dir='ltr'>ira</span> <span class='ocrx_word' id='word_1_703' title='bbox 1412 4546 1509 4600; x_wconf 65' lang='lat' dir='ltr'>Per</span> <span class='ocrx_word' id='word_1_704' title='bbox 1537 4530 1785 4584; x_wconf 69' lang='lat' dir='ltr'>eumdem</span> <span class='ocrx_word' id='word_1_705' title='bbox 1815 4530 2063 4599; x_wconf 62' lang='lat' dir='ltr'>Prophe&#39;</span> <span class='ocrx_word' id='word_1_706' title='bbox 2093 4523 2152 4586; x_wconf 86' lang='lat' dir='ltr'>D</span> <span class='ocrx_word' id='word_1_707' title='bbox 2181 4541 2293 4597; x_wconf 88' lang='lat' dir='ltr'>vita</span> <span class='ocrx_word' id='word_1_708' title='bbox 2340 4540 2574 4613; x_wconf 82' lang='lat' dir='ltr'>ﬂagellis</span> <span class='ocrx_word' id='word_1_709' title='bbox 2622 4541 2883 4609; x_wconf 89' lang='lat' dir='ltr'>atteritur,</span> <span class='ocrx_word' id='word_1_710' title='bbox 2913 4540 2967 4594; x_wconf 91' lang='lat' dir='ltr'>in</span> <span class='ocrx_word' id='word_1_711' title='bbox 2997 4541 3410 4596; x_wconf 90' lang='lat' dir='ltr'>mansuetudine</span> <span class='ocrx_word' id='word_1_712' title='bbox 3452 4538 3769 4609; x_wconf 83' lang='lat' dir='ltr'>corripitur;</span> 
     </span>
    </p>
   </div>
   <div class='ocr_carea' id='block_1_95' title="bbox 471 4618 2066 4690">
    <p class='ocr_par' dir='ltr' id='par_1_95' title="bbox 471 4618 2066 4690">
     <span class='ocr_line' id='line_1_95' title="bbox 471 4618 2066 4690; baseline -0.006 -8"><span class='ocrx_word' id='word_1_713' title='bbox 471 4632 580 4682; x_wconf 89' lang='lat' dir='ltr'>tam</span> <span class='ocrx_word' id='word_1_714' title='bbox 612 4625 807 4680; x_wconf 89' lang='lat' dir='ltr'>dicitur</span> <span class='ocrx_word' id='word_1_715' title='bbox 832 4642 843 4676; x_wconf 90' lang='lat'>:</span> <span class='ocrx_word' id='word_1_716' title='bbox 869 4623 1211 4684; x_wconf 78' lang='lat' dir='ltr'>Irascimini,</span> <span class='ocrx_word' id='word_1_717' title='bbox 1241 4624 1297 4675; x_wconf 77' lang='lat' dir='ltr'>et</span> <span class='ocrx_word' id='word_1_718' title='bbox 1324 4620 1503 4676; x_wconf 78' lang='lat' dir='ltr'>nolite</span> <span class='ocrx_word' id='word_1_719' title='bbox 1524 4634 1756 4690; x_wconf 82' lang='lat' dir='ltr'>peccare</span> <span class='ocrx_word' id='word_1_720' title='bbox 1782 4618 1956 4689; x_wconf 79' lang='lat' dir='ltr'>(Psal.</span> <span class='ocrx_word' id='word_1_721' title='bbox 1991 4633 2066 4685; x_wconf 84' lang='grc' dir='ltr'>ιν,</span> 
     </span>
    </p>
   </div>
   <div class='ocr_carea' id='block_1_96' title="bbox 470 4692 2069 4787">
    <p class='ocr_par' dir='ltr' id='par_1_96' title="bbox 470 4692 2069 4787">
     <span class='ocr_line' id='line_1_96' title="bbox 470 4692 2069 4787; baseline -0.007 -15"><span class='ocrx_word' id='word_1_722' title='bbox 470 4721 546 4787; x_wconf 79' lang='grc'>5).</span> <span class='ocrx_word' id='word_1_723' title='bbox 580 4714 738 4784; x_wconf 89' lang='lat' dir='ltr'>Quod</span> <span class='ocrx_word' id='word_1_724' title='bbox 781 4692 923 4767; x_wconf 71' lang='lat' dir='ltr'>edim</span> <span class='ocrx_word' id='word_1_725' title='bbox 969 4726 1029 4766; x_wconf 88' lang='lat' dir='ltr'>se</span> <span class='ocrx_word' id='word_1_726' title='bbox 1071 4716 1260 4764; x_wconf 89' lang='lat' dir='ltr'>contra</span> <span class='ocrx_word' id='word_1_727' title='bbox 1300 4707 1539 4779; x_wconf 89' lang='lat' dir='ltr'>seipsum</span> <span class='ocrx_word' id='word_1_728' title='bbox 1590 4706 1840 4775; x_wconf 84' lang='lat' dir='ltr'>erexerit,</span> <span class='ocrx_word' id='word_1_729' title='bbox 1871 4714 1925 4761; x_wconf 86' lang='lat' dir='ltr'>et</span> <span class='ocrx_word' id='word_1_730' title='bbox 1953 4706 2069 4761; x_wconf 88' lang='lat' dir='ltr'>zelo</span> 
     </span>
    </p>
   </div>
   <div class='ocr_carea' id='block_1_97' title="bbox 470 4790 2068 4861">
    <p class='ocr_par' dir='ltr' id='par_1_97' title="bbox 470 4790 2068 4861">
     <span class='ocr_line' id='line_1_97' title="bbox 470 4790 2068 4861; baseline -0.007 -6"><span class='ocrx_word' id='word_1_731' title='bbox 470 4797 804 4857; x_wconf 89' lang='lat' dir='ltr'>rectitudinis</span> <span class='ocrx_word' id='word_1_732' title='bbox 833 4794 1219 4861; x_wconf 81' lang='lat' dir='ltr'>inflammatus,</span> <span class='ocrx_word' id='word_1_733' title='bbox 1242 4800 1430 4848; x_wconf 89' lang='lat' dir='ltr'>contra</span> <span class='ocrx_word' id='word_1_734' title='bbox 1451 4790 1699 4847; x_wconf 87' lang='lat' dir='ltr'>vitiorum</span> <span class='ocrx_word' id='word_1_735' title='bbox 1725 4806 1784 4846; x_wconf 89' lang='lat' dir='ltr'>se</span> <span class='ocrx_word' id='word_1_736' title='bbox 1806 4791 2068 4860; x_wconf 89' lang='lat' dir='ltr'>importu-</span> 
     </span>
    </p>
   </div>
   <div class='ocr_carea' id='block_1_98' title="bbox 466 4878 2069 4950">
    <p class='ocr_par' dir='ltr' id='par_1_98' title="bbox 466 4878 2069 4950">
     <span class='ocr_line' id='line_1_98' title="bbox 466 4878 2069 4950; baseline -0.009 -4"><span class='ocrx_word' id='word_1_737' title='bbox 466 4890 663 4946; x_wconf 89' lang='lat' dir='ltr'>nitates</span> <span class='ocrx_word' id='word_1_738' title='bbox 696 4886 924 4943; x_wconf 85' lang='lat' dir='ltr'>viriliter</span> <span class='ocrx_word' id='word_1_739' title='bbox 952 4881 1325 4947; x_wconf 89' lang='lat' dir='ltr'>commoverit,</span> <span class='ocrx_word' id='word_1_740' title='bbox 1358 4880 1415 4936; x_wconf 91' lang='lat' dir='ltr'>in</span> <span class='ocrx_word' id='word_1_741' title='bbox 1447 4887 1738 4950; x_wconf 89' lang='lat' dir='ltr'>conspectu</span> <span class='ocrx_word' id='word_1_742' title='bbox 1767 4879 1961 4933; x_wconf 85' lang='lat' dir='ltr'>interni</span> <span class='ocrx_word' id='word_1_743' title='bbox 1985 4878 2069 4947; x_wconf 84' lang='lat' dir='ltr'>ju-</span> 
     </span>
    </p>
   </div>
   <div class='ocr_carea' id='block_1_99' title="bbox 467 4968 2067 5047">
    <p class='ocr_par' dir='ltr' id='par_1_99' title="bbox 467 4968 2067 5047">
     <span class='ocr_line' id='line_1_99' title="bbox 467 4968 2067 5047; baseline -0.009 -12"><span class='ocrx_word' id='word_1_744' title='bbox 467 4978 603 5035; x_wconf 87' lang='lat' dir='ltr'>dicis</span> <span class='ocrx_word' id='word_1_745' title='bbox 630 4988 971 5047; x_wconf 87' lang='lat' dir='ltr'>nequaquam</span> <span class='ocrx_word' id='word_1_746' title='bbox 1002 4970 1253 5044; x_wconf 89' lang='lat' dir='ltr'>deliquit.</span> <span class='ocrx_word' id='word_1_747' title='bbox 1306 4970 1401 5025; x_wconf 87' lang='lat' dir='ltr'>Vel</span> <span class='ocrx_word' id='word_1_748' title='bbox 1445 4969 1746 5025; x_wconf 90' lang='lat' dir='ltr'>secundum</span> <span class='ocrx_word' id='word_1_749' title='bbox 1801 4968 2067 5039; x_wconf 90' lang='lat' dir='ltr'>quosdam</span> 
     </span>
    </p>
   </div>
   <div class='ocr_carea' id='block_1_100' title="bbox 466 5057 2066 5133">
    <p class='ocr_par' dir='ltr' id='par_1_100' title="bbox 466 5057 2066 5133">
     <span class='ocr_line' id='line_1_100' title="bbox 466 5057 2066 5133; baseline -0.009 -9"><span class='ocrx_word' id='word_1_750' title='bbox 466 5076 660 5124; x_wconf 84' lang='lat' dir='ltr'>octava</span> <span class='ocrx_word' id='word_1_751' title='bbox 688 5064 899 5128; x_wconf 88' lang='lat' dir='ltr'>dicitur,</span> <span class='ocrx_word' id='word_1_752' title='bbox 933 5061 1062 5133; x_wconf 86' lang='lat' dir='ltr'>quia</span> <span class='ocrx_word' id='word_1_753' title='bbox 1091 5059 1334 5130; x_wconf 90' lang='lat' dir='ltr'>sequitur</span> <span class='ocrx_word' id='word_1_754' title='bbox 1363 5075 1455 5114; x_wconf 89' lang='lat' dir='ltr'>sex</span> <span class='ocrx_word' id='word_1_755' title='bbox 1484 5065 1671 5114; x_wconf 84' lang='lat' dir='ltr'>aetates</span> <span class='ocrx_word' id='word_1_756' title='bbox 1719 5057 1775 5111; x_wconf 91' lang='lat' dir='ltr'>in</span> <span class='ocrx_word' id='word_1_757' title='bbox 1816 5058 1920 5111; x_wconf 89' lang='lat' dir='ltr'>hoc</span> <span class='ocrx_word' id='word_1_758' title='bbox 1952 5071 2066 5111; x_wconf 82' lang='lat' dir='ltr'>soc-</span> 
     </span>
    </p>
   </div>
   <div class='ocr_carea' id='block_1_101' title="bbox 469 5145 2063 5221">
    <p class='ocr_par' dir='ltr' id='par_1_101' title="bbox 469 5145 2063 5221">
     <span class='ocr_line' id='line_1_101' title="bbox 469 5145 2063 5221; baseline -0.01 -7"><span class='ocrx_word' id='word_1_759' title='bbox 469 5156 591 5214; x_wconf 91' lang='lat' dir='ltr'>culo</span> <span class='ocrx_word' id='word_1_760' title='bbox 621 5154 940 5221; x_wconf 88' lang='lat' dir='ltr'>viventium,</span> <span class='ocrx_word' id='word_1_761' title='bbox 964 5160 1017 5206; x_wconf 88' lang='lat' dir='ltr'>et</span> <span class='ocrx_word' id='word_1_762' title='bbox 1046 5150 1331 5219; x_wconf 88' lang='lat' dir='ltr'>septimam</span> <span class='ocrx_word' id='word_1_763' title='bbox 1363 5146 1750 5201; x_wconf 91' lang='lat' dir='ltr'>dormientium</span> <span class='ocrx_word' id='word_1_764' title='bbox 1775 5145 2063 5215; x_wconf 90' lang='lat' dir='ltr'>justorum.</span> 
     </span>
    </p>
   </div>
   <div class='ocr_carea' id='block_1_102' title="bbox 467 5232 2069 5309">
    <p class='ocr_par' dir='ltr' id='par_1_102' title="bbox 467 5232 2069 5309">
     <span class='ocr_line' id='line_1_102' title="bbox 467 5232 2069 5309; baseline -0.008 -9"><span class='ocrx_word' id='word_1_765' title='bbox 467 5246 620 5300; x_wconf 86' lang='lat' dir='ltr'>Hunc</span> <span class='ocrx_word' id='word_1_766' title='bbox 649 5251 827 5298; x_wconf 89' lang='lat' dir='ltr'>autem</span> <span class='ocrx_word' id='word_1_767' title='bbox 866 5238 1135 5309; x_wconf 90' lang='lat' dir='ltr'>psalmum</span> <span class='ocrx_word' id='word_1_768' title='bbox 1165 5236 1219 5291; x_wconf 93' lang='lat' dir='ltr'>in</span> <span class='ocrx_word' id='word_1_769' title='bbox 1250 5235 1469 5307; x_wconf 88' lang='lat' dir='ltr'>hymnis</span> <span class='ocrx_word' id='word_1_770' title='bbox 1516 5233 1829 5288; x_wconf 88' lang='lat' dir='ltr'>habendum</span> <span class='ocrx_word' id='word_1_771' title='bbox 1879 5232 2069 5287; x_wconf 87' lang='lat' dir='ltr'>titulus</span> 
     </span>
    </p>
   </div>
   <div class='ocr_carea' id='block_1_103' title="bbox 467 5320 2069 5401">
    <p class='ocr_par' dir='ltr' id='par_1_103' title="bbox 467 5320 2069 5401">
     <span class='ocr_line' id='line_1_103' title="bbox 467 5320 2069 5401; baseline -0.008 -13"><span class='ocrx_word' id='word_1_772' title='bbox 467 5332 728 5398; x_wconf 88' lang='lat' dir='ltr'>adstruit;</span> <span class='ocrx_word' id='word_1_773' title='bbox 762 5329 887 5401; x_wconf 89' lang='lat' dir='ltr'>quia</span> <span class='ocrx_word' id='word_1_774' title='bbox 926 5327 1015 5398; x_wconf 89' lang='lat' dir='ltr'>qui</span> <span class='ocrx_word' id='word_1_775' title='bbox 1062 5333 1236 5381; x_wconf 86' lang='lat' dir='ltr'>tactus</span> <span class='ocrx_word' id='word_1_776' title='bbox 1282 5324 1471 5379; x_wconf 90' lang='lat' dir='ltr'>dolore</span> <span class='ocrx_word' id='word_1_777' title='bbox 1515 5322 1703 5378; x_wconf 91' lang='lat' dir='ltr'>cordis</span> <span class='ocrx_word' id='word_1_778' title='bbox 1748 5320 2069 5376; x_wconf 91' lang='lat' dir='ltr'>intrinsecus</span> 
     </span>
    </p>
   </div>
   <div class='ocr_carea' id='block_1_104' title="bbox 465 5409 2063 5491">
    <p class='ocr_par' dir='ltr' id='par_1_104' title="bbox 465 5409 2063 5491">
     <span class='ocr_line' id='line_1_104' title="bbox 465 5409 2063 5491; baseline -0.008 -16"><span class='ocrx_word' id='word_1_779' title='bbox 465 5426 692 5491; x_wconf 89' lang='lat' dir='ltr'>peccata</span> <span class='ocrx_word' id='word_1_780' title='bbox 745 5432 843 5473; x_wconf 86' lang='lat' dir='ltr'>sua</span> <span class='ocrx_word' id='word_1_781' title='bbox 903 5414 1163 5472; x_wconf 88' lang='lat' dir='ltr'>conﬁtens</span> <span class='ocrx_word' id='word_1_782' title='bbox 1207 5429 1305 5470; x_wconf 92' lang='lat' dir='ltr'>cor</span> <span class='ocrx_word' id='word_1_783' title='bbox 1350 5412 1405 5467; x_wconf 92' lang='lat' dir='ltr'>in</span> <span class='ocrx_word' id='word_1_784' title='bbox 1452 5410 1768 5483; x_wconf 89' lang='lat' dir='ltr'>poenitentia</span> <span class='ocrx_word' id='word_1_785' title='bbox 1814 5409 2063 5477; x_wconf 88' lang='lat' dir='ltr'>conterit,</span> 
     </span>
    </p>
   </div>
   <div class='ocr_carea' id='block_1_105' title="bbox 539 5584 2062 5666">
    <p class='ocr_par' dir='ltr' id='par_1_105' title="bbox 539 5584 2062 5666">
     <span class='ocr_line' id='line_1_105' title="bbox 539 5584 2062 5666; baseline -0.005 -16"><span class='ocrx_word' id='word_1_786' title='bbox 539 5595 619 5666; x_wconf 89' lang='lat' dir='ltr'>(a)</span> <span class='ocrx_word' id='word_1_787' title='bbox 646 5592 857 5666; x_wconf 74' lang='lat' dir='ltr'>Alludit</span> <span class='ocrx_word' id='word_1_788' title='bbox 888 5591 956 5666; x_wconf 83' lang='lat' dir='ltr'>ad</span> <span class='ocrx_word' id='word_1_789' title='bbox 988 5590 1195 5666; x_wconf 69' lang='lat' dir='ltr'>psalmi</span> <span class='ocrx_word' id='word_1_790' title='bbox 1219 5589 1474 5666; x_wconf 89' lang='lat' dir='ltr'>tit_ulum,_</span> <span class='ocrx_word' id='word_1_791' title='bbox 1496 5588 1699 5666; x_wconf 70' lang='lat' dir='ltr'>inquo</span> <span class='ocrx_word' id='word_1_792' title='bbox 1721 5586 1920 5666; x_wconf 80' lang='lat' dir='ltr'>legitur</span> <span class='ocrx_word' id='word_1_793' title='bbox 1951 5603 1964 5640; x_wconf 89' lang='lat'><strong>:</strong></span> <span class='ocrx_word' id='word_1_794' title='bbox 1998 5584 2062 5643; x_wconf 85' lang='lat' dir='ltr'>In</span> 
     </span>
    </p>
   </div>
   <div class='ocr_carea' id='block_1_106' title="bbox 460 5661 1989 5747">
    <p class='ocr_par' dir='ltr' id='par_1_106' title="bbox 460 5661 1989 5747">
     <span class='ocr_line' id='line_1_106' title="bbox 460 5661 1989 5747; baseline -0.007 -21"><span class='ocrx_word' id='word_1_795' title='bbox 460 5661 641 5747; x_wconf 73' lang='lat' dir='ltr'>ﬁnem</span> <span class='ocrx_word' id='word_1_796' title='bbox 658 5666 725 5725; x_wconf 81' lang='lat' dir='ltr'>in</span> <span class='ocrx_word' id='word_1_797' title='bbox 749 5661 1137 5734; x_wconf 70' lang='lat' dir='ltr'>Carminibus,</span> <span class='ocrx_word' id='word_1_798' title='bbox 1159 5663 1418 5721; x_wconf 74' lang='lat' dir='ltr'>Psalmus</span> <span class='ocrx_word' id='word_1_799' title='bbox 1434 5661 1632 5731; x_wconf 76' lang='lat' dir='ltr'>David,</span> <span class='ocrx_word' id='word_1_800' title='bbox 1647 5674 1751 5735; x_wconf 80' lang='lat' dir='ltr'>pro</span> <span class='ocrx_word' id='word_1_801' title='bbox 1769 5662 1989 5719; x_wconf 75' lang='lat' dir='ltr'>octava.</span> 
     </span>
    </p>
   </div>
   <div class='ocr_carea' id='block_1_107' title="bbox 2179 4628 3771 4700">
    <p class='ocr_par' dir='ltr' id='par_1_107' title="bbox 2179 4628 3771 4700">
     <span class='ocr_line' id='line_1_107' title="bbox 2179 4628 3771 4700; baseline -0.004 -15"><span class='ocrx_word' id='word_1_802' title='bbox 2179 4631 2307 4700; x_wconf 87' lang='lat' dir='ltr'>quia</span> <span class='ocrx_word' id='word_1_803' title='bbox 2349 4628 2783 4700; x_wconf 89' lang='lat' dir='ltr'>correptionibus</span> <span class='ocrx_word' id='word_1_804' title='bbox 2818 4629 3153 4685; x_wconf 89' lang='lat' dir='ltr'>emendatur.</span> <span class='ocrx_word' id='word_1_805' title='bbox 3196 4631 3256 4684; x_wconf 89' lang='lat' dir='ltr'>In</span> <span class='ocrx_word' id='word_1_806' title='bbox 3302 4629 3398 4684; x_wconf 88' lang='lat' dir='ltr'>illo</span> <span class='ocrx_word' id='word_1_807' title='bbox 3436 4633 3619 4683; x_wconf 89' lang='lat' dir='ltr'>autem</span> <span class='ocrx_word' id='word_1_808' title='bbox 3668 4632 3771 4679; x_wconf 87' lang='lat' dir='ltr'>tre—</span> 
     </span>
    </p>
   </div>
   <div class='ocr_carea' id='block_1_108' title="bbox 2178 4714 3766 4789">
    <p class='ocr_par' dir='ltr' id='par_1_108' title="bbox 2178 4714 3766 4789">
     <span class='ocr_line' id='line_1_108' title="bbox 2178 4714 3766 4789; baseline -0.003 -15"><span class='ocrx_word' id='word_1_809' title='bbox 2178 4718 2376 4775; x_wconf 90' lang='lat' dir='ltr'>mendo</span> <span class='ocrx_word' id='word_1_810' title='bbox 2407 4719 2661 4773; x_wconf 84' lang='lat' dir='ltr'>examine</span> <span class='ocrx_word' id='word_1_811' title='bbox 2688 4718 2907 4789; x_wconf 87' lang='lat' dir='ltr'>iniquus</span> <span class='ocrx_word' id='word_1_812' title='bbox 2936 4716 3115 4773; x_wconf 88' lang='lat' dir='ltr'>omnis</span> <span class='ocrx_word' id='word_1_813' title='bbox 3162 4718 3218 4771; x_wconf 90' lang='lat' dir='ltr'>in</span> <span class='ocrx_word' id='word_1_814' title='bbox 3265 4717 3453 4773; x_wconf 79' lang='lat' dir='ltr'>furore</span> <span class='ocrx_word' id='word_1_815' title='bbox 3496 4714 3766 4788; x_wconf 84' lang='lat' dir='ltr'>arguitur:</span> 
     </span>
    </p>
   </div>
   <div class='ocr_carea' id='block_1_109' title="bbox 2177 4804 3766 4881">
    <p class='ocr_par' dir='ltr' id='par_1_109' title="bbox 2177 4804 3766 4881">
     <span class='ocr_line' id='line_1_109' title="bbox 2177 4804 3766 4881; baseline -0.008 -17"><span class='ocrx_word' id='word_1_816' title='bbox 2177 4808 2306 4881; x_wconf 90' lang='lat' dir='ltr'>quia</span> <span class='ocrx_word' id='word_1_817' title='bbox 2338 4823 2555 4879; x_wconf 85' lang='lat' dir='ltr'>poenam</span> <span class='ocrx_word' id='word_1_818' title='bbox 2590 4806 3043 4863; x_wconf 90' lang='lat' dir='ltr'>interminabilem</span> <span class='ocrx_word' id='word_1_819' title='bbox 3073 4806 3232 4863; x_wconf 88' lang='lat' dir='ltr'>venia</span> <span class='ocrx_word' id='word_1_820' title='bbox 3279 4807 3428 4862; x_wconf 89' lang='lat' dir='ltr'>nulla</span> <span class='ocrx_word' id='word_1_821' title='bbox 3469 4804 3766 4860; x_wconf 84' lang='lat' dir='ltr'>comitatur.</span> 
     </span>
    </p>
   </div>
   <div class='ocr_carea' id='block_1_110' title="bbox 2176 4894 3771 4952">
    <p class='ocr_par' dir='ltr' id='par_1_110' title="bbox 2176 4894 3771 4952">
     <span class='ocr_line' id='line_1_110' title="bbox 2176 4894 3771 4952; baseline -0.005 -1"><span class='ocrx_word' id='word_1_822' title='bbox 2176 4897 2329 4952; x_wconf 79' lang='lat' dir='ltr'>Absit</span> <span class='ocrx_word' id='word_1_823' title='bbox 2357 4904 2414 4951; x_wconf 92' lang='lat' dir='ltr'>ut</span> <span class='ocrx_word' id='word_1_824' title='bbox 2442 4896 2498 4950; x_wconf 90' lang='lat' dir='ltr'>in</span> <span class='ocrx_word' id='word_1_825' title='bbox 2526 4896 2642 4951; x_wconf 92' lang='lat' dir='ltr'>Deo</span> <span class='ocrx_word' id='word_1_826' title='bbox 2674 4896 2910 4951; x_wconf 86' lang='lat' dir='ltr'>furorem</span> <span class='ocrx_word' id='word_1_827' title='bbox 2938 4894 3243 4951; x_wconf 89' lang='lat' dir='ltr'>credamus.</span> <span class='ocrx_word' id='word_1_828' title='bbox 3284 4896 3409 4951; x_wconf 90' lang='lat' dir='ltr'>Non</span> <span class='ocrx_word' id='word_1_829' title='bbox 3454 4895 3596 4951; x_wconf 89' lang='lat' dir='ltr'>enim</span> <span class='ocrx_word' id='word_1_830' title='bbox 3638 4896 3771 4947; x_wconf 86' lang='lat' dir='ltr'>esset</span> 
     </span>
    </p>
   </div>
   <div class='ocr_carea' id='block_1_111' title="bbox 2175 4979 3768 5055">
    <p class='ocr_par' dir='ltr' id='par_1_111' title="bbox 2175 4979 3768 5055">
     <span class='ocr_line' id='line_1_111' title="bbox 2175 4979 3768 5055; baseline -0.006 -15"><span class='ocrx_word' id='word_1_831' title='bbox 2175 4984 2654 5050; x_wconf 90' lang='lat' dir='ltr'>incommutabilis,</span> <span class='ocrx_word' id='word_1_832' title='bbox 2694 4983 2737 5038; x_wconf 90' lang='lat' dir='ltr'>si</span> <span class='ocrx_word' id='word_1_833' title='bbox 2776 5000 2897 5039; x_wconf 90' lang='lat' dir='ltr'>eum</span> <span class='ocrx_word' id='word_1_834' title='bbox 2929 4998 3274 5039; x_wconf 86' lang='lat' dir='ltr'>commovere</span> <span class='ocrx_word' id='word_1_835' title='bbox 3318 4991 3504 5055; x_wconf 88' lang='lat' dir='ltr'>posset</span> <span class='ocrx_word' id='word_1_836' title='bbox 3553 4979 3768 5047; x_wconf 89' lang='lat' dir='ltr'>alicujus</span> 
     </span>
    </p>
   </div>
   <div class='ocr_carea' id='block_1_112' title="bbox 2176 5065 3765 5145">
    <p class='ocr_par' dir='ltr' id='par_1_112' title="bbox 2176 5065 3765 5145">
     <span class='ocr_line' id='line_1_112' title="bbox 2176 5065 3765 5145; baseline -0.006 -16"><span class='ocrx_word' id='word_1_837' title='bbox 2176 5076 2470 5131; x_wconf 88' lang='lat' dir='ltr'>necessitas</span> <span class='ocrx_word' id='word_1_838' title='bbox 2513 5072 2805 5145; x_wconf 87' lang='lat' dir='ltr'>passionis.</span> <span class='ocrx_word' id='word_1_839' title='bbox 2853 5072 2963 5127; x_wconf 89' lang='lat' dir='ltr'>Sed</span> <span class='ocrx_word' id='word_1_840' title='bbox 3011 5074 3137 5144; x_wconf 89' lang='lat' dir='ltr'>quia</span> <span class='ocrx_word' id='word_1_841' title='bbox 3184 5072 3349 5127; x_wconf 87' lang='lat' dir='ltr'>aliter</span> <span class='ocrx_word' id='word_1_842' title='bbox 3397 5071 3467 5126; x_wconf 90' lang='lat' dir='ltr'>de</span> <span class='ocrx_word' id='word_1_843' title='bbox 3508 5071 3641 5137; x_wconf 91' lang='lat' dir='ltr'>Deo,</span> <span class='ocrx_word' id='word_1_844' title='bbox 3671 5065 3765 5122; x_wconf 86' lang='lat' dir='ltr'>nisi</span> 
     </span>
    </p>
   </div>
   <div class='ocr_carea' id='block_1_113' title="bbox 2176 5160 3763 5231">
    <p class='ocr_par' dir='ltr' id='par_1_113' title="bbox 2176 5160 3763 5231">
     <span class='ocr_line' id='line_1_113' title="bbox 2176 5160 3763 5231; baseline -0.007 -12"><span class='ocrx_word' id='word_1_845' title='bbox 2176 5163 2473 5220; x_wconf 89' lang='lat' dir='ltr'>secundum</span> <span class='ocrx_word' id='word_1_846' title='bbox 2517 5163 2814 5216; x_wconf 89' lang='lat' dir='ltr'>humanum</span> <span class='ocrx_word' id='word_1_847' title='bbox 2860 5175 3069 5216; x_wconf 91' lang='lat' dir='ltr'>morem</span> <span class='ocrx_word' id='word_1_848' title='bbox 3117 5160 3263 5231; x_wconf 91' lang='lat' dir='ltr'>loqui</span> <span class='ocrx_word' id='word_1_849' title='bbox 3312 5176 3423 5215; x_wconf 91' lang='lat' dir='ltr'>non</span> <span class='ocrx_word' id='word_1_850' title='bbox 3470 5171 3763 5231; x_wconf 88' lang='lat' dir='ltr'>possumus,</span> 
     </span>
    </p>
   </div>
   <div class='ocr_carea' id='block_1_114' title="bbox 2178 5249 3757 5318">
    <p class='ocr_par' dir='ltr' id='par_1_114' title="bbox 2178 5249 3757 5318">
     <span class='ocr_line' id='line_1_114' title="bbox 2178 5249 3757 5318; baseline -0.006 -12"><span class='ocrx_word' id='word_1_851' title='bbox 2178 5250 2403 5307; x_wconf 68' lang='lat' dir='ltr'>inﬁnitae</span> <span class='ocrx_word' id='word_1_852' title='bbox 2449 5249 2811 5306; x_wconf 87' lang='lat' dir='ltr'>damnationis</span> <span class='ocrx_word' id='word_1_853' title='bbox 2836 5249 3175 5318; x_wconf 86' lang='lat' dir='ltr'>sententiam,</span> <span class='ocrx_word' id='word_1_854' title='bbox 3209 5249 3453 5305; x_wconf 80' lang='lat' dir='ltr'>furorem</span> <span class='ocrx_word' id='word_1_855' title='bbox 3484 5260 3757 5303; x_wconf 88' lang='lat' dir='ltr'>vocamus.</span> 
     </span>
    </p>
   </div>
   <div class='ocr_carea' id='block_1_115' title="bbox 2175 5334 3763 5409">
    <p class='ocr_par' dir='ltr' id='par_1_115' title="bbox 2175 5334 3763 5409">
     <span class='ocr_line' id='line_1_115' title="bbox 2175 5334 3763 5409; baseline -0.008 -13"><span class='ocrx_word' id='word_1_856' title='bbox 2175 5341 2297 5397; x_wconf 89' lang='lat' dir='ltr'>Non</span> <span class='ocrx_word' id='word_1_857' title='bbox 2340 5347 2399 5394; x_wconf 91' lang='lat' dir='ltr'>ut</span> <span class='ocrx_word' id='word_1_858' title='bbox 2440 5339 2496 5394; x_wconf 91' lang='lat' dir='ltr'>in</span> <span class='ocrx_word' id='word_1_859' title='bbox 2538 5339 2631 5394; x_wconf 92' lang='lat' dir='ltr'>illa</span> <span class='ocrx_word' id='word_1_860' title='bbox 2667 5338 2890 5408; x_wconf 67' lang='lat' dir='ltr'>justitia:</span> <span class='ocrx_word' id='word_1_861' title='bbox 2943 5337 3252 5407; x_wconf 90' lang='lat' dir='ltr'>severitate,</span> <span class='ocrx_word' id='word_1_862' title='bbox 3311 5336 3501 5409; x_wconf 84' lang='lat' dir='ltr'>aliqua</span> <span class='ocrx_word' id='word_1_863' title='bbox 3546 5334 3763 5389; x_wconf 89' lang='lat' dir='ltr'>omnino</span> 
     </span>
    </p>
   </div>
   <div class='ocr_carea' id='block_1_116' title="bbox 2174 5418 3761 5499">
    <p class='ocr_par' dir='ltr' id='par_1_116' title="bbox 2174 5418 3761 5499">
     <span class='ocr_line' id='line_1_116' title="bbox 2174 5418 3761 5499; baseline -0.006 -14"><span class='ocrx_word' id='word_1_864' title='bbox 2174 5429 2582 5499; x_wconf 88' lang='lat' dir='ltr'>perturbatione</span> <span class='ocrx_word' id='word_1_865' title='bbox 2609 5428 2756 5483; x_wconf 89' lang='lat' dir='ltr'>Deus</span> <span class='ocrx_word' id='word_1_866' title='bbox 2781 5435 3085 5496; x_wconf 89' lang='lat' dir='ltr'>moveatur,</span> <span class='ocrx_word' id='word_1_867' title='bbox 3136 5425 3231 5482; x_wconf 89' lang='lat' dir='ltr'>sed</span> <span class='ocrx_word' id='word_1_868' title='bbox 3279 5425 3408 5499; x_wconf 89' lang='lat' dir='ltr'>quia</span> <span class='ocrx_word' id='word_1_869' title='bbox 3450 5425 3506 5480; x_wconf 92' lang='lat' dir='ltr'>in</span> <span class='ocrx_word' id='word_1_870' title='bbox 3547 5438 3638 5481; x_wconf 88' lang='lat' dir='ltr'>eos</span> <span class='ocrx_word' id='word_1_871' title='bbox 3676 5418 3761 5493; x_wconf 87' lang='lat' dir='ltr'>qui</span> 
     </span>
    </p>
   </div>
   <div class='ocr_carea' id='block_1_117' title="bbox 2243 5604 3072 5681">
    <p class='ocr_par' dir='ltr' id='par_1_117' title="bbox 2243 5604 3072 5681">
     <span class='ocr_line' id='line_1_117' title="bbox 2243 5604 3072 5681; baseline -0.005 -18"><span class='ocrx_word' id='word_1_872' title='bbox 2243 5607 2317 5681; x_wconf 86' lang='lat' dir='ltr'>(b)</span> <span class='ocrx_word' id='word_1_873' title='bbox 2350 5607 2486 5666; x_wconf 85' lang='lat' dir='ltr'>Vide</span> <span class='ocrx_word' id='word_1_874' title='bbox 2514 5604 2847 5678; x_wconf 75' lang='lat' dir='ltr'>superiorem</span> <span class='ocrx_word' id='word_1_875' title='bbox 2870 5613 3072 5664; x_wconf 87' lang='lat' dir='ltr'>notam.</span> 
     </span>
    </p>
   </div>
  </div>
