4034 6166
271 358 376 421 553

993 355 1067 409 IN
1105 355 1376 412 SEPTEM
1415 349 1665 414 PSALM.
1708 350 1973 416 ΡωΝῙΤ.
2021 354 2417 418 EXPOSITIO.
2478 396 2525 406 -
2566 368 2759 423 PSAL.
2811 367 2855 422 l.

3477 379 3577 433 554

274 485 481 557 duplici
499 491 631 540 sunt
662 481 984 539 contritione
1025 481 1358 548 canterendi,
1401 480 1879 540 irremediabiliter
1904 485 1960 546 A
1996 501 2112 540 mas
2144 488 2432 543 verborum
2465 491 2568 544 Dei
2593 493 2800 561 epulas,
2822 494 3014 565 quibus
3038 496 3258 553 inferius
3298 501 3580 559 reﬁcieba-

273 574 721 631 vindicantur.Ne
738 587 945 643 arguas
960 587 1046 626 me
1059 572 1122 625 in
1137 573 1338 641 furore
1354 574 1450 626 tuo
1470 592 1486 625 :
1500 588 1609 626 non
1626 573 1884 642 humano,

278 680 391 719 non
419 662 761 717 transitoria.
798 661 966 714 Furor
998 661 1265 713 humanus
1295 659 1433 713 sicut
1475 661 1580 714 cito
1626 662 1886 731 praeterit,

282 753 364 807 ita
386 768 503 806 suae
536 751 779 822 vigorem
811 747 1097 817 potestatis
1119 746 1336 802 nonnisi
1366 747 1420 800 in
1449 749 1768 817 corporibus
1797 766 1887 803 ex-

283 841 488 905 tendit;
515 839 715 894 divinae
735 852 864 892 vero
879 835 1097 890 ultionis
1113 835 1546 904 animadversio,
1581 852 1686 892 non
1716 838 1888 892 solum

284 945 475 1001 pcenas
505 928 562 982 in
593 941 823 995 corpore
851 933 903 979 et
931 924 1111 978 anima
1141 924 1480 992 multiplicat,
1533 927 1889 981 verumetiam

287 1019 342 1072 in
375 1015 655 1071 damnatis
685 1013 1039 1068 immobiliter
1067 1021 1396 1084 perseverat.
1417 1013 1599 1085 Neque
1616 1017 1777 1070 inira
1792 1021 1892 1072 tua

290 1105 574 1174 corripias
596 1120 706 1158 me.
729 1102 878 1157 Sicut
905 1102 1083 1170 major
1110 1108 1192 1154 est
1240 1101 1389 1156 furor
1443 1118 1608 1170 quam
1666 1101 1765 1169 ira,
1819 1103 1893 1158 ita

286 1209 528 1265 arguere
560 1192 736 1261 majus
767 1197 1040 1260 estquam
1071 1189 1372 1258 corripere.
1412 1189 1522 1245 Eos
1551 1191 1890 1259 corripimus,

290 1297 425 1352 quos
481 1288 733 1334 amantes
761 1277 1139 1333 emendamns.
1200 1277 1265 1330 Et
1327 1278 1453 1348 quia
1506 1286 1891 1347 postmortem

297 1369 481 1424 carnis
511 1368 605 1422 alii
633 1366 853 1422 :eternis
881 1365 1206 1435 deputantur
1235 1366 1534 1436 suppliciis,
1594 1371 1648 1421 et
1705 1368 1795 1422 alii
1825 1368 1893 1422 ad

286 1461 455 1515 vitam
487 1473 590 1527 per
613 1457 796 1528 ignem
829 1461 1101 1509 transeunt
1147 1455 1521 1525 purgationis;
1581 1457 1748 1525 469
1783 1456 1892 1512 tida

286 1547 355 1602 lis
384 1546 574 1600 anima
603 1560 712 1599 non
740 1543 913 1598 solum
949 1543 1182 1597 furorem
1214 1543 1390 1608 timet,
1423 1542 1524 1598 sed
1557 1543 1716 1598 etiam
1757 1546 1892 1600 iram

291 1635 572 1700 abhorret,
609 1641 739 1688 teste
770 1631 932 1686 beato
962 1630 1261 1702 Augustino
1294 1646 1305 1684 :
1341 1631 1404 1685 Hi
1436 1647 1626 1687 omnes
1660 1633 1750 1702 qui
1782 1651 1893 1690 non

286 1731 594 1794 posuerunt
651 1721 757 1775 sibi
814 1720 1223 1774 fundamentum
1284 1719 1570 1788 Christum,
1603 1723 1658 1776 in
1715 1723 1898 1779 furare

1996 581 2099 642 tur,
2132 575 2309 630 amisit
2335 595 2346 639 ;
2381 578 2567 634 oculos
2592 581 2765 634 carnis
2791 580 2859 635 ad
2887 584 3124 640 obscena
3153 591 3208 642 et
3264 591 3442 660 turpia
3499 593 3615 648 vi-'

1997 661 2178 716 denda
2217 665 2449 733 aperuit,
2491 666 2581 736 qui
2619 669 2772 737 prius
2810 671 2983 726 aciem
3022 675 3236 742 mentis,
3280 693 3386 746 qua
3451 678 3587 735 lucis

1995 766 2221 806 summa:
2253 751 2435 824 fulgor
2465 754 2789 825 intuebatur,
2822 758 3156 815 obscuravit.

2069 839 2245 905 (Vers.
2281 842 2356 910 3.)
2389 842 2455 896 Et
2482 845 2678 900 anima
2710 862 2835 902 mea
2869 847 3098 905 turbata
3123 855 3209 906 est
3241 853 3398 909 valde
3422 873 3439 908 :
3494 856 3589 912 sed

2000 931 2087 994 tu,
2113 929 2363 995 Domine,
2397 947 2679 1003 usquequo
2703 938 2726 988 ἵ

2069 1019 2120 1069 3.
2163 1017 2232 1070 Et
2271 1019 2393 1087 quia
2432 1035 2518 1073 me
2557 1020 2825 1078 infirmum
2863 1026 3054 1095 sentio,
3115 1029 3243 1099 quia
3271 1045 3396 1086 ossa
3472 1049 3595 1090 mea

1997 1103 2314 1159 conturbata
2354 1123 2614 1179 agnosco,
2656 1114 2854 1167 anima
2920 1130 3061 1180 mea,
3103 1117 3308 1173 scilicet
3346 1134 3410 1175 eo
3449 1123 3595 1193 quod

2000 1207 2122 1246 mea
2160 1201 2258 1261 est,
2299 1195 2446 1264 quod
2483 1213 2580 1267 per
2618 1216 2704 1254 me
2743 1210 2995 1272 corrupta
3033 1213 3131 1272 est,
3164 1206 3311 1276 quod
3353 1224 3453 1277 per
3508 1226 3594 1266 me

1999 1279 2196 1334 debilis
2235 1290 2286 1335 et
2323 1299 2470 1354 aegra
2538 1286 2682 1340 facta
2733 1296 2832 1352 est,
2867 1291 3074 1345 turbata
3103 1300 3182 1347 est
3210 1295 3277 1348 ad
3307 1297 3590 1367 gemitum,

1998 1379 2271 1424 commota
2301 1379 2383 1425 est
2413 1374 2481 1426 ad
2512 1377 2980 1444 compunctionem
3013 1389 3066 1434 et
3121 1382 3382 1453 lamenta,
3433 1386 3594 1443 valde

1999 1469 2198 1526 magna
2248 1455 2457 1513 scilicet
2515 1467 2565 1512 et
2623 1461 2940 1516 multimoda
2970 1466 3290 1520 turbatione.
3325 1469 3596 1525 Turbatur

1999 1543 2163 1609 enim,
2189 1544 2315 1614 quia
2347 1548 2592 1614 peccavit
2622 1549 2746 1618 quia
2778 1549 2975 1605 bonum
3020 1553 3308 1610 Dominum
3349 1555 3590 1628 offendit,

1999 1630 2072 1700 (ο)
2097 1632 2221 1702 quia
2251 1633 2416 1688 vitam
2448 1635 2702 1705 perdidit,
2725 1647 2953 1693 mortem
2972 1641 3212 1697 incurrit.
3241 1646 3353 1700 Sed
3376 1651 3457 1715 tu,
3483 1649 3592 1705 Do-

1999 1721 2175 1788 mine,
2209 1738 2487 1795 usquequo
2554 1727 2788 1781 turbaris
2817 1738 3000 1783 contra
3039 1747 3144 1798 me,
3188 1736 3312 1804 quia
3351 1739 3591 1807 peccavi,

289 1820 614 1884 arguuntur,
641 1809 767 1879 quia
803 1816 1013 1863 aeterno
1052 1808 1178 1880 igne
1216 1809 1538 1864 cruciantur.
1573 1810 1676 1880 Qui
1707 1823 1890 1869 autem
1920 1833 1974 1893 Β
2003 1810 2127 1880 quia
2165 1816 2215 1863 te
2245 1811 2314 1864 ad
2346 1811 2681 1868 iracundiam
2714 1815 3076 1886 delinquenda
3105 1824 3450 1890 provocavi‘?
3473 1827 3592 1896 Vel,

292 1900 476 1956 eidem
519 1897 875 1953 fundamento
911 1905 1385 1967 superposuerunt
1423 1897 1652 1970 lignum,
1690 1903 1894 1976 fenum,

292 1988 574 2058 stipulam,
609 1988 663 2040 in
695 1986 770 2040 ira
801 1985 1197 2054 corripiuntur;
1231 1986 1361 2058 quia
1381 1987 1514 2058 igne
1559 1994 1794 2062 purgati,
1827 1996 1901 2051 ad

296 2075 654 2130 beatitudinis
681 2073 918 2145 requiem
944 2074 1444 2143 (a)deducuntur(1
1467 2077 1586 2132 Cor.
1621 2087 1721 2150 nl).
1744 2083 1904 2140 Dicat

295 2180 433 2235 ergo
464 2163 645 2218 ﬁdelis
674 2163 874 2229 anima,
909 2163 1039 2233 quid
1097 2162 1228 2216 fecit
1284 2165 1656 2236 considerans,
1689 2174 1743 2224 et
1773 2173 1904 2241 quid

292 2251 371 2306 sit
398 2259 678 2321 receptura
708 2249 1087 2320 contemplans
1110 2268 1120 2302 :
1148 2252 1399 2317 Domine,
1420 2269 1490 2308 ne
1511 2255 1571 2309 in
1601 2258 1794 2326 furore
1810 2264 1904 2316 tuo

295 2356 510 2409 arguas
527 2355 638 2406 me,
655 2354 834 2410 neque
851 2339 911 2392 in
926 2340 1011 2392 ira
1036 2343 1136 2393 tua
1151 2341 1424 2409 corripias
1438 2358 1543 2397 me.
1566 2345 1648 2399 Ac
1663 2346 1706 2398 si
1721 2355 1905 2418 aperte

296 2427 444 2483 dicat
479 2448 490 2482 :
551 2428 668 2482 Hoc
725 2427 896 2481 solum
938 2433 1049 2480 tota
1087 2427 1265 2481 cordis
1311 2428 1604 2486 intentione
1643 2433 1902 2506 efﬂagito,

295 2518 410 2572 hoc
449 2516 822 2570 indesinenter
851 2515 990 2569 vatis
1046 2516 1298 2570 omnibus
1340 2521 1684 2589 concupisco,
1717 2539 1786 2577 ne
1817 2539 1906 2579 me

299 2605 360 2660 in
393 2605 487 2660 illa
520 2604 804 2659 tremendo
835 2602 1087 2658 examine
1118 2604 1202 2658 vel
1235 2620 1357 2660 cum
1413 2609 1663 2678 reprobis
1721 2612 1902 2678 ferias,

289 2693 378 2748 vel
412 2709 541 2748 cum
571 2691 887 2763 purgandis,
904 2690 1139 2746 ﬂammis
1167 2692 1458 2750 ultricibus
1489 2695 1720 2768 aﬁligas.
1756 2700 1820 2753 Et
1851 2708 1906 2753 ut

295 2783 405 2838 hoc
429 2780 522 2834 ﬁat
556 2799 568 2834 :

366 2872 386 2926 (
397 2869 634 2938 Vers.2.)
661 2869 917 2924 Miserere
937 2871 1069 2936 mei,
1087 2871 1341 2938 Domine,
1356 2875 1620 2942 quoniam
1638 2875 1741 2943 inﬁ
1749 2891 1830 2930 rm
1840 2892 1906 2930 us

296 2977 430 3015 sum
456 2979 474 3010 :
495 2975 640 3014 rana
661 2975 768 3028 me,
795 2958 1052 3027 Domine,
1099 2959 1364 3031 quoniam
1397 2963 1735 3018 conturbata
1766 2969 1906 3019 sunt

293 3064 425 3104 0830
441 3065 587 3103 mea.

367 3142 422 3193 2.
460 3137 523 3189 In
553 3151 618 3190 eo
666 3135 812 3206 quod
853 3150 1053 3190 nomen
1103 3136 1467 3192 venerandum
1522 3141 1735 3209 repetit,
1797 3142 1904 3211 pia

286 3226 474 3297 precis
503 3223 756 3280 aﬂ‘ectum
797 3241 856 3279 se
884 3225 1086 3280 habere
1115 3225 1374 3280 ostendit.
1409 3225 1575 3295 Quasi
1607 3229 1747 3283 dicat
1773 3247 1783 3282 ε
1818 3231 1894 3284 Tu

289 3317 555 3381 Domine,
571 3329 733 3384 quem
749 3329 915 3367 suave
929 3313 1145 3368 videtur
1158 3314 1291 3366 mihi
1308 3314 1510 3384 saepius
1525 3317 1601 3387 (ὁ)
1617 3317 1874 3373 invocare
1885 3361 1898 3387 ,

291 3405 558 3458 miserere
575 3402 681 3456 mei
703 3401 829 3456 dum
855 3409 1060 3472 tempus
1082 3410 1161 3456 est
1203 3403 1609 3458 misericordiae.
1655 3406 1756 3461 Hic
1814 3422 1901 3460 me

290 3489 720 3547 misericorditer
747 3490 988 3558 corripe;
1014 3489 1099 3543 hic
1119 3505 1215 3560 per
1235 3489 1456 3561 ﬂagella
1497 3500 1714 3546 contere
1740 3512 1750 3556 ;
1812 3493 1897 3548 hic

293 3582 429 3652 igne
459 3577 821 3634 tribulationis
851 3593 1037 3632 exure.
1065 3578 1132 3631 Et
1159 3594 1226 3631 ne
1249 3578 1378 3647 quid
1397 3579 1451 3632 in
1479 3595 1565 3633 me
1591 3588 1713 3649 post
1740 3581 1902 3652 hujus

293 3669 425 3724 vitae
464 3667 756 3722 terminum
797 3665 1179 3721 vindicandum
1237 3667 1508 3737 invenias,
1549 3683 1644 3722 oro
1703 3677 1759 3723 ut
1804 3685 1902 3739 per

299 3758 488 3828 ignem
522 3755 596 3810 tui
626 3753 829 3808 amoris
860 3770 1073 3809 omnem
1112 3754 1164 3808 in
1197 3770 1284 3809 me
1315 3755 1566 3809 vitiorum
1598 3756 1902 3828 rubiginem

291 3860 603 3900 consumas.
639 3843 701 3896 Et
731 3843 833 3897 hac
861 3858 996 3912 opus
1025 3850 1107 3897 est
1139 3849 1197 3896 ut
1228 3842 1416 3910 facias,
1450 3845 1899 3915 quoniaminﬁr-

292 3950 427 3990 mus
457 3950 606 3988 sum.
630 3931 709 3985 Ex
723 3938 946 4001 peccato
968 3931 1125 4000 primi
1157 3931 1393 4000 parentis
1422 3947 1640 4001 pmnam
1656 3934 1898 3988 contraxi

289 4040 514 4096 magna:
535 4020 1052 4087 inﬁrmitatismom.
1079 4023 1207 4088 vn):
1234 4037 1341 4074 non
1372 4020 1518 4075 enim
1578 4022 1724 4092 quod
1753 4023 1895 4090 vola,

289 4130 400 4187 ago
427 4131 439 4172 ;
458 4111 559 4166 sed
576 4109 722 4181 quod
743 4107 833 4163 odi
857 4108 1077 4174 malum,
1102 4107 1234 4161 illud
1257 4106 1416 4163 facio.
1438 4109 1704 4178 Inﬁrmus
1747 4127 1894 4177 sum,

290 4204 425 4274 quia
457 4201 526 4255 ad
555 4198 764 4253 malum
789 4211 993 4268 pronus
1013 4212 1150 4250 sum.
1172 4196 1278 4251 Sed
1299 4205 1374 4264 tu,
1401 4197 1650 4263 Domine,
1675 4199 1894 4254 anima-

286 4306 414 4346 rum
445 4288 702 4344 debilium
723 4285 880 4340 velox
896 4284 1124 4352 medice,
1143 4301 1287 4341 sana
1299 4302 1408 4353 me,
1443 4286 1896 4342 scilicetinterius

287 4378 443 4434 omni
459 4377 708 4434 vitiorum
723 4373 843 4429 labe
857 4373 1109 4428 emunda:
1125 4375 1389 4445 quoniam
1403 4375 1745 4430 conturbata
1757 4379 1894 4432 sunt

286 4467 630 4524 omnicana
647 4479 793 4528 mea,
842 4462 894 4516 id
953 4471 1054 4528 est,
1089 4462 1310 4518 virtutes
1339 4463 1535 4519 animae
1589 4463 1887 4519 obscuratae

2010 1903 2074 1951 tu
2106 1899 2336 1954 Domine
2368 1901 2654 1957 Daemones
2684 1905 3218 1977 quideminvasores,
3239 1928 3346 1967 non
3369 1913 3592 1984 domini,

2006 1987 2319 2041 naturaliter
2348 1989 2553 2043 malunt
2584 2005 2756 2045 meam
2777 1992 3135 2060 perditionem
3149 2014 3314 2068 quam
3334 2000 3591 2064 salutem;

2009 2072 2105 2127 sed
2126 2075 2685 2147 tu,Domine,quinon
2701 2080 2781 2134 vi:
2801 2087 3033 2136 mortem
3050 2089 3363 2153 peccatoris
3377 2091 3594 2157 (Ezech.

2011 2164 2210 2231 χχχιιι)
2233 2180 2244 2215 :
2265 2163 2607 2234 singulariter
2628 2168 2879 2226 Domine.
2905 2185 3010 2223 non
3032 2171 3276 2240 abusive,
3310 2177 3410 2231 sed
3460 2195 3597 2248 pro-

2009 2251 2125 2320 prie
2155 2270 2166 2304 :
2200 2267 2504 2324 usquequo,
2530 2253 2584 2306 id
2607 2263 2684 2308 est
2706 2257 2938 2323 quandiu
2960 2257 3140 2313 differs
3186 2266 3419 2319 sanare?
3457 2267 3598 2324 Ecce

2011 2338 2064 2392 in
2097 2348 2388 2408 conspectu
2418 2341 2546 2396 boni
2578 2343 2778 2399 modici
2828 2354 2876 2400 et
2907 2363 3092 2402 curare
3141 2351 3370 2406 valentis
3427 2357 3595 2424 470

2013 2427 2231 2492 assisto,
2265 2428 2488 2482 vulnera
2526 2431 2741 2502 detego,
2783 2449 2975 2503 preces
3015 2437 3220 2504 emitto,
3250 2439 3469 2496 dolores
3496 2459 3596 2497 au-

2013 2529 2136 2584 geo,
2197 2515 2460 2586 lacrymas
2517 2517 2758 2574 eﬂ‘undo.
2792 2521 2900 2576 Cur
2929 2539 3062 2594 ergo
3093 2524 3426 2596 dissimulas,
3473 2547 3600 2585 cum

2012 2618 2121 2656 non
2153 2603 2222 2657 sit
2254 2604 2350 2658 tibi
2381 2605 2558 2660 minor
2587 2610 2841 2677 potentia,
2877 2628 3044 2682 quam
3104 2615 3357 2671 voluntas
3386 2619 3413 2671 ‘?
3461 2618 3607 2674 Licet

2012 2690 2116 2745 hoc
2169 2691 2310 2746 celes
2337 2692 2390 2746 in
2420 2696 2582 2750 corde
2615 2705 2704 2751 tua
2735 2718 2754 2764 ;
2789 2706 2964 2754 tamen
2994 2701 3124 2769 scio,
3151 2704 3275 2772 quia
3319 2703 3606 2762 universo—

2011 2795 2134 2833 rum
2165 2780 2496 2836 memineris.
2531 2783 2724 2839 Omnis
2756 2789 2960 2842 curatio
2991 2799 3190 2859 quanto
3221 2791 3488 2848 difﬁcilius
3518 2811 3604 2851 ac-

2013 2868 2261 2937 quiritur,
2283 2877 2430 2924 tanta
2453 2873 2715 2942 acquisita
2732 2877 2935 2928 cautius
2965 2879 3280 2933 custoditur.

2085 2957 2264 3025 (Vers.
2299 2961 2377 3028 4.)
2409 2959 2770 3029 Convertere,
2807 2965 3055 3029 Domine,
3084 2972 3137 3021 et
3168 2970 3321 3040 eripe
3351 2971 3606 3029 animam

2011 3063 2194 3103 meam
2220 3048 2466 3103 :salvum
2489 3065 2577 3104 me
2598 3052 2691 3119 fac
2705 3056 2937 3123 propter
2951 3055 3398 3113 misericordiam
3424 3063 3602 3116 tuam.

2083 3136 2138 3189 4.
2167 3136 2248 3190 Ne
2278 3137 2452 3208 magis
2482 3138 2733 3207 turberis,
2756 3140 3033 3210 supplico;
3069 3159 3134 3197 ne
3169 3144 3305 3200 ultra
3363 3149 3608 3206 misereri

2014 3224 2228 3280 differas
2247 3233 2375 3293 peto
2398 3243 2410 3286 ;
2446 3225 2610 3281 immo
2631 3234 2974 3295 convertere,
2998 3231 3243 3288 Domine.
3264 3234 3413 3291 Sicut
3430 3238 3610 3292 anima

2016 3328 2140 3368 mea
2161 3322 2510 3368 conversaest
2545 3315 2611 3369 ad
2636 3323 2688 3370 te
2739 3317 3199 3386 perturbationem
3238 3322 3605 3395 paenitudinis,

2013 3401 2087 3456 ita
2118 3409 2173 3455 tu
2204 3410 2512 3456 convertere
2544 3402 2611 3456 ad
2637 3418 2754 3458 eam
2804 3420 2901 3474 per
2928 3407 3268 3462 serenitatem
3298 3410 3605 3469 miseratio-

2017 3490 2130 3544 nis.
2169 3491 2239 3544 Et
2267 3493 2747 3564 conversus,eripe
2765 3495 3027 3549 animam
3062 3513 3267 3552 meam.
3301 3499 3608 3569 Impediunt

2014 3593 2138 3633 eam
2172 3595 2368 3648 vepres
2391 3579 2686 3634 carnalium
2717 3581 3160 3650 delcctationum,
3190 3585 3430 3643 detinent
3460 3589 3607 3645 illam

2014 3667 2358 3723 saecularium
2413 3668 2688 3723 illecebrae
2718 3671 3110 3742 cupiditatum;
3145 3674 3240 3730 sed
3272 3683 3348 3745 tu,
3382 3678 3471 3747 qui
3501 3695 3607 3749 po-

2012 3763 2127 3810 tens
2157 3772 2214 3811 es
2243 3761 2422 3810 omnia
2453 3757 2628 3812 facere
2658 3759 3167 3827 superabundanter
3193 3779 3355 3832 quam
3373 3767 3605 3836 petimus

2010 3852 2100 3898 aut
2130 3843 2479 3913 intelligimus
2508 3846 2730 3916 (Ephec.
2772 3847 2872 3913 ιιι),
2921 3862 3041 3902 eam
3100 3851 3280 3921 eripe;
3342 3854 3470 3926 igne
3527 3856 3602 3913 tui

2008 3934 2229 3994 amaris,
2263 3940 2602 3986 terrenarum
2635 3932 2856 3987 dumeta
2887 3935 3597 4011 voluptatum,quibusirre.

2009 4020 2154 4086 titur,
2180 4019 2383 4074 adure:
2418 4028 2572 4073 extra
2593 4035 2808 4074 omnem
2840 4023 3048 4092 peccati
3096 4027 3394 4094 appetitum
3452 4034 3601 4092 illam

2009 4116 2111 4162 tua;
2138 4123 2298 4161 manu
2330 4105 2845 4162 fortitudinistrahe.
2876 4110 3104 4166 Salvum
3129 4130 3218 4168 me
3232 4117 3326 4184 fac
3369 4127 3601 4192 propter

2003 4195 2452 4251 misericordiam
2477 4198 2653 4249 tuam.
2692 4196 2884 4250 Parum
2913 4205 2991 4252 est
3018 4207 3072 4253 ut
3103 4200 3339 4256 animam
3370 4223 3492 4263 mea
3507 4227 3598 4268 ma

2003 4282 2189 4337 mundi
2220 4281 2583 4353 voluptatibus
2611 4282 2824 4351 liberes,
2858 4285 2959 4340 nisi
2987 4303 3075 4343 me
3102 4287 3172 4342 ab
3200 4290 3437 4350 hostium
3473 4304 3596 4354 ten-

2003 4371 2294 4428 tatianibus
2326 4371 2538 4427 virtutis
2568 4379 2674 4428 tuae
2703 4375 3036 4444 protectione
3079 4394 3398 4441 conserves.
3464 4387 3596 4444 Boni

2000 4461 2197 4516 medici
2225 4460 2457 4516 ofﬁcium
2492 4469 2592 4528 est,
2653 4477 2760 4517 non
2791 4463 2964 4518 solum
3011 4465 3241 4523 salutem
3297 4473 3592 4546 restituere,

282 4565 434 4620 sunt,
466 4562 522 4609 et
558 4557 866 4608 extenuata
897 4551 1121 4605 virtutes
1178 4551 1337 4606 simul
1365 4553 1692 4607 conturbata:
1722 4533 1940 4608 sunt.D
1999 4549 2094 4604 sed
2115 4550 2276 4603 etiam
2307 4549 2605 4605 restitutam
2628 4552 2885 4608 custodiae
2913 4554 3198 4612 sedulitate
3225 4575 3468 4619 servare.
3501 4533 3596 4624 Sic

283 4644 534 4699 Charitas
588 4641 732 4697 enim
789 4639 1154 4707 confunditur,
1202 4640 1476 4694 humilitas
1549 4641 1889 4712 impingitur,

277 4732 546 4789 fortitudo
602 4727 880 4798 dejicitur,
958 4728 1173 4783 castitas
1216 4728 1582 4799 impugnatur.
1629 4730 1727 4784 Per
1771 4745 1894 4785 ossa

284 4823 520 4875 virtutes
549 4817 862 4887 accipimus,
895 4831 990 4886 per
1020 4832 1154 4885 quas
1180 4815 1432 4870 nimirum
1491 4816 1727 4871 animam
1768 4834 1890 4872 sus-

279 4917 577 4964 tentamus.
614 4905 770 4960 Sicut
801 4903 945 4959 enim
975 4904 1027 4958 in
1059 4904 1269 4958 assibus
1297 4913 1378 4959 est
1409 4905 1671 4960 fortitudo
1697 4921 1891 4976 corpo-

277 5013 430 5066 rum,
464 4997 536 5050 ita
571 4995 624 5048 in
655 4992 944 5048 virtutibus
977 4991 1141 5046 robur
1167 4993 1441 5048 invenitur
1461 4993 1784 5047 animarum.
1825 4994 1894 5048 Et

276 5085 450 5156 plane
481 5081 681 5138 debilis
697 5080 878 5135 omnis
898 5081 1374 5150 comprehenditur
1401 5081 1604 5148 anima,
1636 5082 1742 5135 nisi
1769 5097 1890 5152 quae

275 5174 450 5228 fuerit
477 5172 734 5227 virtutum
764 5168 1082 5223 fortitudine
1111 5167 1266 5223 fulta.
1301 5170 1590 5240 Postquam
1632 5169 1775 5224 enim
1831 5169 1885 5224 in

279 5262 478 5316 ordine
506 5260 734 5328 culpam
763 5256 983 5312 incurrit
1013 5256 1213 5327 primus
1267 5257 1485 5312 humani
1519 5257 1737 5329 generis
1791 5273 1884 5327 pa-

273 5348 687 5414 rens,abillaiu
730 5361 836 5418 qua
879 5343 1091 5414 positus
1133 5345 1303 5400 fuerat
1340 5347 1535 5402 mentis
1562 5344 1883 5402 celsitudine

268 5435 812 5502 dedicit,claritatcm
837 5432 1060 5490 visionis
1088 5433 1287 5491 divinae
1314 5435 1574 5506 perdidit,
1612 5434 1876 5491 suavissi-

347 5536 429 5616 ιιι)
460 5532 630 5616 9M.-
662 5539 722 5616 ςε
745 5530 945 5616 Veisa
970 5530 1335 5616 νθᾷιέςεηιενι
1558 5604 1570 5616 ,

344 5599 426 5679 (ὁ)
457 5601 771 5670 Rembald.,
799 5599 970 5655 Gilot.
1001 5609 1060 5657 et
1088 5603 1284 5673 Vatic.,
1314 5603 1586 5660 invocari.

561 5703 802 5760 Panos.
833 5696 1080 5754 LXXIX.

1999 4652 2130 4708 ergo
2161 4646 2214 4692 et
2242 4647 2297 4692 tu
2327 4654 2448 4692 cum
2470 4638 2705 4693 animam
2737 4656 2911 4695 meam
2938 4645 3290 4702 acarnalibus
3309 4649 3595 4711 desideriis

1999 4727 2282 4797 eripueris,
2303 4727 2372 4780 da
2390 4727 2518 4780 mihi
2550 4727 2603 4780 in
2635 4728 2780 4783 bona
2803 4735 3285 4802 perseverantiam,
3336 4756 3405 4795 ne
3457 4743 3592 4798 mihi

1997 4815 2261 4870 demissos
2289 4814 2510 4884 laqueos
2538 4815 2727 4870 iterum
2786 4822 3137 4876 tentationum
3184 4824 3470 4882 incurram.
3529 4831 3594 4885 Et

1998 4904 2098 4958 hoc
2118 4910 2346 4976 propter
2360 4905 2807 4961 misericordiam
2827 4911 3018 4964 tuam:
3037 4927 3142 4965 non
3159 4912 3226 4967 de
3240 4914 3374 4967 meis
3383 4917 3588 4972 meritis

1997 4991 2399 5060 conﬁdens,me
2415 5000 2473 5046 ut
2494 4993 2704 5049 salvum
2750 4994 2918 5051 facias
2963 4997 3231 5068 supplico,
3256 5001 3352 5054 sed
3377 5001 3444 5056 de
3472 5003 3587 5057 sola

1994 5079 2369 5136 misericordia
2398 5088 2488 5135 tua
2515 5097 2853 5151 praesumens
2880 5083 3193 5154 impetrare,
3223 5087 3366 5154 quod
3391 5103 3496 5144 non
3518 5091 3586 5147 de

1993 5169 2129 5223 meis
2147 5169 2352 5224 meritis
2382 5185 2568 5238 spero.

2063 5259 2236 5327 (Vers.
2261 5261 2336 5326 5.)
2365 5255 2644 5320 Quoniam
2661 5274 2776 5314 non
2795 5263 2880 5315 est
2894 5260 2954 5313 in
2971 5265 3149 5317 morte
3164 5265 3258 5335 qui
3274 5280 3490 5322 memor
3531 5271 3582 5326 si

1994 5347 2078 5403 tui
2096 5366 2115 5402 :
2138 5347 2194 5401 in
2211 5347 2438 5419 inferno
2459 5350 2654 5402 autem
2666 5348 2792 5418 quis
2820 5348 3178 5412 conﬁtebitur
3210 5350 3314 5407 tibi
3345 5356 3368 5408 .9

2057 5439 2110 5490 ὅ.
2146 5434 2375 5491 Peccata
2403 5443 2783 5490 consummata
2801 5445 3064 5508 generant
3080 5446 3309 5496 mortem
3339 5442 3482 5516 (Jac.
3532 5449 3573 5518 ι)

2051 5532 2128 5605 (ε)
2161 5531 2436 5590 Omittitur
2461 5531 2518 5588 in
2548 5531 2733 5602 Guss.,
2763 5533 2896 5606 quia
2923 5535 3101 5594 vitam
3126 5538 3400 5613 perdidit.

3373 5710 3459 5770 ιε.
