4034 6166
428 386 533 446 $56

1657 373 1914 433 SANCTI
1951 368 2298 432 GREGORII
2333 365 2560 431 MAGNI
3593 376 3686 438 556

426 512 540 569 Nisi
571 508 714 567 enim
745 519 1040 565 conversus
1059 495 1245 572 fueris,
1273 502 1372 559 nisi
1403 501 1640 559 animam
1695 515 1876 556 meam
1901 499 2015 556 eri-
2045 500 2104 563 Α
2132 500 2391 554 scendum
2423 500 2654 566 aestimo,
2689 498 2816 570 quia
2843 515 2958 570 prae
3012 494 3263 558 omnibus
3317 519 3402 558 me
3453 520 3686 573 peccasse

423 599 624 672 pueris,
649 597 755 654 nisi
784 612 871 652 me
901 594 1112 650 salvum
1144 593 1354 660 feceris,
1373 592 1428 646 in
1449 597 1790 662 peccatorum
1820 605 1907 644 me
1927 604 2015 645 ca-

423 689 613 761 ligine,
646 686 701 742 id
733 694 808 742 est
839 685 892 739 in
919 691 1095 739 morte
1124 681 1375 742 dimittis;
1436 680 1580 750 quod
1633 679 1682 734 si
1736 679 1789 732 in
1844 685 2016 733 morte

426 778 598 841 fuero,
633 775 707 829 tui
732 773 922 844 procul
953 771 1118 826 dubio
1133 769 1450 826 memoriam
1472 767 1660 836 perdo.
1684 768 1748 822 Et
1767 767 1892 821 inde
1912 768 2016 822 hoc

419 861 702 933 scio,quod
733 861 787 916 in
817 868 998 915 morte
1025 859 1239 929 penitus
1270 858 1343 913 tui
1373 871 1578 912 memor
1605 871 1725 910 esse
1743 853 2010 926 nequibo:

418 953 684 1025 quoniam
697 966 813 1007 non
827 951 986 1004 estin
1002 951 1181 1003 morte
1194 947 1601 1018 quimemorsit
1616 941 2016 1012 tui.Quomodo

415 1055 648 1110 namque
677 1037 809 1092 mihi
836 1035 1169 1102 conceditur,
1222 1034 1368 1104 quod
1393 1033 1642 1088 omnibus
1672 1032 1970 1102 denegatur
1988 1030 2016 1082 ‘I

426 1130 491 1183 In
503 1131 736 1198 in/erno
753 1128 942 1182 autem
960 1124 1082 1195 quis
1095 1123 1456 1191 conﬁtebitur
1469 1121 1573 1176 tibi
1590 1125 1611 1175 ?
1628 1121 1785 1176 Sicut
1801 1120 1868 1174 de
1884 1135 2021 1175 mor-

417 1225 470 1271 te
495 1216 565 1270 ad
595 1215 871 1269 infernum
900 1218 1161 1282 peccator
1191 1209 1455 1278 pervenit,
1478 1209 1552 1262 ita
1575 1209 1643 1262 de
1673 1215 2018 1278 peccatorum

423 1301 769 1358 multitudine
795 1301 850 1355 in
889 1298 1282 1368 desperationis
1313 1297 1527 1352 foveam
1557 1296 1726 1350 cadit.
1788 1295 1940 1351 Unde
1969 1300 2022 1350 et

421 1392 677 1461 scriptum
691 1397 770 1444 est
790 1405 801 1442 :
821 1389 988 1444 Pecca
996 1391 1084 1442 tor
1095 1402 1224 1442 cum
1237 1385 1452 1440 venerit
1469 1386 1531 1440 in
1544 1385 1885 1455 profundum
1901 1400 2018 1439 ma-

421 1482 630 1546 lorum,
651 1477 972 1535 contemnit
999 1476 1178 1543 (Prov.
1203 1488 1363 1538 xvm,
1389 1473 1460 1541 3).
1484 1472 1688 1527 Fidelis
1709 1473 1893 1528 anima
1914 1488 2022 1528 non

421 1567 665 1626 exaudiri
697 1573 962 1627 metuens,
997 1563 1241 1618 miserias
1258 1577 1397 1632 quas
1425 1561 1696 1631 perlatura
1726 1569 1811 1616 est
1837 1563 1884 1616 si
1913 1576 2018 1616 non

421 1656 726 1723 exauditur,
761 1660 1134 1715 enumera;ut
1165 1667 1223 1706 se
1271 1651 1509 1704 maximo
1561 1651 1756 1705 timore
1811 1665 2015 1706 concu-

420 1747 537 1811 tiat,
569 1753 622 1798 et
653 1745 825 1798 Deum
857 1741 1017 1796 citius
1073 1740 1142 1794 ad
1191 1737 1618 1794 misericordiam
1677 1737 1873 1793 ﬂectat.
1931 1741 2020 1794 Ait

2121 589 2424 658 perpendo.
2465 589 2531 642 Et
2560 587 2686 658 quia
2741 604 2849 644 non
2906 588 3104 647 sufﬁcit
3151 590 3292 648 bene
3319 591 3564 663 incipere,
3594 595 3684 650 nisi

2121 676 2334 730 studeat
2362 676 2481 745 quis
2509 677 2566 729 in
2595 676 2740 732 bono
2769 693 2934 747 opere
2990 693 3355 748 perseverare,
3411 680 3640 754 adjungit
3669 701 3681 736 :

2121 763 2258 819 Lavi
2284 780 2386 836 per
2405 765 2662 835 singulas
2673 775 2887 833 noctes,
2903 765 2957 820 id
2977 775 3060 821 est
3080 783 3177 837 per
3199 767 3432 838 singulas
3462 770 3687 825 tenebro-

2122 870 2206 906 sas
2217 852 2587 924 cogitationes,
2613 854 2821 910 lectum
2847 870 3051 911 meum.
3079 856 3184 910 Per
3203 855 3418 923 lectum,
3435 857 3687 912 conscien-

2125 940 2249 994 tiam
2282 940 2610 1009 accipimus;
2645 941 2770 1012 quia
2799 943 2934 998 sicut
2962 943 3017 996 in
3047 943 3185 999 lecto
3224 943 3462 1012 jacentes
3513 946 3690 1015 quies-

2122 1027 2312 1096 cimus,
2334 1028 2408 1082 ita
2437 1029 2492 1082 in
2521 1044 2588 1084 ea
2614 1030 2700 1085 vel
2731 1031 2837 1102 legi
2870 1031 2990 1097 Dei,
3022 1032 3110 1086 vel
3139 1031 3249 1103 legi
3267 1032 3471 1101 peccati
3487 1048 3693 1088 consen-

2126 1116 2306 1170 timus.
2340 1117 2407 1170 Et
2433 1116 2569 1171 sicut
2598 1117 2878 1172 laboribus
2903 1119 3070 1189 pressi
3099 1120 3153 1173 in
3185 1120 3321 1175 lecto
3379 1121 3695 1190 quiescentes

2122 1203 2412 1270 reﬁcimur,
2445 1205 2524 1259 ita
2551 1205 2680 1260 dum
2710 1207 2897 1261 mundi
2928 1207 3088 1276 hujus
3118 1207 3529 1264 adversitatibus
3572 1227 3696 1280 pre-

2124 1293 2342 1360 mimur,
2374 1294 2431 1347 in
2497 1293 2643 1349 bona
2699 1295 3026 1350 conscientia
3080 1296 3309 1350 interius
3367 1297 3695 1367 delectamur,

2127 1380 2289 1435 Paulo
2307 1388 2594 1436 attestante
2615 1385 2706 1453 qui
2727 1383 2832 1438 ait:
2864 1385 3052 1442 Gloria
3068 1389 3263 1441 nostra
3284 1385 3399 1442 haec
3419 1391 3518 1452 est,
3541 1390 3695 1444 testi-

2124 1471 2378 1526 monium
2409 1471 2776 1527 conscientia:
2791 1474 3097 1542 nostram
3125 1474 3253 1530 Car.
3279 1490 3316 1539 ι,
3344 1475 3452 1540 12).
3494 1476 3700 1532 Lectum

2125 1574 2257 1630 ergo
2290 1574 2385 1627 per
2412 1559 2652 1632 singulas
2682 1569 2866 1616 noctes
2895 1561 3056 1629 lavat,
3103 1563 3192 1633 qui
3247 1564 3620 1620 conscientiam
3671 1581 3700 1621 a

2125 1647 2546 1719 cogitationibus
2601 1649 2924 1717 tenebrosis,
2989 1651 3243 1721 lacrymis
3289 1655 3702 1723 compunctionis

2125 1737 2402 1790 emundat.
2437 1736 2505 1792 Et
2533 1753 2640 1793 non
2672 1738 2850 1794 solum
2871 1740 3263 1796 conscientiam
3285 1741 3594 1810 purificabo,
3613 1741 3702 1796 sed

421 1847 554 1904 ergo
575 1850 588 1885 :
615 1832 677 1887 In
697 1833 926 1900 infer-no
942 1834 1134 1884 autem
1151 1829 1275 1899 quis
1291 1826 1660 1896 conﬁtebitur
1684 1827 1829 1882 tibi?
1844 1827 2009 1896 Quasi
2042 1847 2094 1908 Β
2126 1825 2286 1879 etiam
2307 1825 2574 1897 lacrymis
2593 1829 2736 1882 mei:
2748 1832 2998 1884 stratum
3019 1845 3200 1885 meum
3218 1829 3426 1901 rigabo.
3451 1827 3583 1898 Quia
3595 1830 3704 1883 vilis

422 1923 600 1980 dicat;
621 1919 776 1986 Dico,
802 1919 846 1972 si
865 1933 971 1972 non
993 1916 1261 1986 eripueris
1283 1931 1390 1983 me,
1410 1918 1488 1983 (α)
1513 1915 1567 1969 in
1588 1924 1758 1971 morte
1780 1916 2019 1974 futuram

426 2027 512 2064 me
527 2007 824 2078 praevideo.
854 2007 919 2060 Et
937 2021 1047 2060 non
1069 2005 1244 2060 solum
1262 2004 1317 2056 in
1332 2011 1510 2058 morte
1531 2004 1764 2058 futuram
1785 2021 1871 2058 me
1884 2023 2022 2076 prae-

426 2098 607 2164 video,
641 2095 736 2151 sed
795 2094 957 2149 etiam
1009 2094 1065 2146 in
1096 2092 1332 2156 inferno,
1366 2092 1418 2144 id
1450 2100 1532 2147 est
1560 2092 1613 2146 in
1647 2093 1714 2148 de
1738 2095 2023 2162 paratione

422 2202 513 2241 me
542 2183 909 2255 sepeliendam
941 2195 1234 2251 cognosco.
1259 2179 1416 2248 Quod
1446 2179 1493 2233 si
1524 2180 1581 2234 in
1608 2181 1824 2236 inferno
1847 2183 2018 2252 fuero,

418 2274 517 2332 tibi
548 2288 635 2328 me
665 2268 904 2326 conﬁteri
932 2284 1039 2324 non
1071 2283 1232 2338 pos.~e
1263 2267 1564 2338 perpendo.
1589 2268 1783 2322 Nullus
1805 2269 1950 2324 enim
1969 2273 2021 2324 in

425 2364 637 2419 inferno
659 2357 1003 2415 conﬁtebitur
1022 2355 1137 2410 tibi.
1161 2357 1225 2410 Et
1243 2357 1345 2410 hoc
1367 2364 1446 2409 est
1477 2357 1623 2424 quod
1644 2356 1718 2410 ait
1761 2356 1863 2410 sub
1890 2374 2017 2427 spe-

421 2453 504 2507 cie
529 2445 913 2517 interrogantis
930 2445 1022 2498 :In
1040 2445 1268 2512 inferno
1286 2447 1479 2497 autem
1500 2445 1623 2514 quis
1655 2445 2020 2512 conﬁtebitur

425 2539 527 2595 tibi
547 2534 809 2591 ?Scilicet
830 2532 1030 2586 nullus.
1061 2530 1339 2586 Nonenim
1361 2535 1446 2585 est
1475 2531 1721 2602 speciosa
1779 2532 1903 2587 laus
1956 2535 2018 2588 in

419 2643 514 2684 ore
526 2622 842 2696 peccatoris
864 2620 1065 2688 (Eccle.
1081 2633 1179 2688 xv,
1205 2621 1280 2686 9).
1297 2619 1490 2674 Aliter:
1519 2621 1792 2687 Quoniam
1805 2637 1918 2676 non
1932 2625 2018 2677 est

419 2720 484 2773 in
499 2715 679 2769 morte
701 2709 796 2782 qui
811 2723 1026 2765 memor
1046 2709 1121 2762 sit
1137 2709 1244 2773 tui,
1267 2722 1462 2777 precor
1486 2716 1543 2762 ut
1573 2708 1808 2762 animam
1839 2724 2016 2764 meam

419 2805 617 2860 liberes
645 2813 677 2854 a
705 2796 1013 2853 carnalibus
1045 2795 1344 2864 desideriis,
1364 2813 1486 2864 quae
1503 2797 1736 2852 militant
1756 2797 2018 2852 adversus

419 2909 540 2950 eam
567 2892 628 2956 (Ι.
648 2891 798 2944 Petr.
823 2889 905 2956 Il).
931 2885 986 2941 Si
1005 2885 1148 2940 enim
1167 2886 1268 2939 hoc
1295 2899 1404 2939 non
1425 2885 1635 2952 feceris,
1694 2884 2018 2941 interﬁcient

421 2997 541 3042 me;
576 2957 701 3049 quia
729 2991 762 3030 a
789 2983 856 3042 te,
882 2974 971 3043 qui
1004 2989 1060 3028 es
1089 2974 1197 3028 vita
1227 2987 1369 3042 mea,
1393 2973 1721 3042 separabunt
1748 2990 1854 3029 me.
1882 2975 2014 3027 Cum

419 3070 565 3125 enim
596 3074 651 3119 tu
679 3063 753 3117 sis
783 3063 914 3116 illud
949 3063 1091 3116 idem
1126 3062 1343 3126 animae,
1378 3061 1522 3130 quod
1552 3070 1631 3116 est
1662 3062 1845 3116 anima
1888 3077 2014 3117 cor—

423 3156 576 3229 pori;
603 3154 646 3206 si
669 3151 764 3206 tibi
800 3149 1236 3220 inseparabiliter
1259 3164 1364 3203 non
1395 3149 1680 3217 inhaesero,
1715 3153 1820 3218 47
1841 3153 1877 3217 1
1913 3166 2015 3205 ne-

422 3241 660 3302 cessario
691 3247 922 3294 mortem
954 3237 1186 3292 incurro.
1219 3237 1288 3291 Et
1317 3235 1364 3290 si
1393 3236 1447 3290 in
1497 3246 1667 3291 morte
1715 3237 1889 3304 fuero,
1940 3240 2020 3294 tui

418 3345 628 3388 memor
637 3343 744 3383 non
757 3341 876 3381 ero:
902 3327 1170 3398 quoniam
1183 3340 1297 3380 non
1315 3328 1398 3378 est
1424 3323 1485 3378 in
1501 3329 1683 3380 morte
1699 3327 2018 3395 quimemor

421 3423 498 3478 sit
521 3419 628 3475 tui.
661 3416 809 3471 Sicut
833 3413 1030 3469 nullius
1059 3412 1134 3467 rei
1175 3411 1420 3467 meminit
1475 3427 1600 3467 caro
1657 3421 1884 3482 mortua,
1944 3414 2018 3469 ita

421 3524 524 3566 nec
553 3516 603 3561 te
633 3504 831 3559 sentire
858 3500 1118 3571 praavalet
1146 3516 1178 3554 a
1207 3507 1258 3554 te
1290 3499 1404 3554 Deo
1434 3500 1614 3554 anima
1645 3500 1836 3556 divisa.
1858 3502 2022 3556 Nulla

421 3596 653 3653 societas
681 3591 790 3646 luci
819 3590 887 3643 ad
919 3588 1190 3643 tenebras.
1223 3588 1330 3643 Ubi
1359 3595 1537 3642 autem
1588 3590 1666 3643 tui
1723 3589 2022 3660 ingreditur

420 3680 708 3748 memoria,
740 3677 814 3732 ibi
845 3684 926 3732 est
954 3676 1047 3730 lux
1078 3675 1318 3731 veritatis
1341 3676 1622 3731 immensa.
1653 3676 1808 3746 Quod
1843 3685 2022 3732 tamen

426 3769 657 3842 intelligi
689 3775 742 3824 et
763 3766 920 3822 aliter
947 3771 1145 3835 potest,
1179 3763 1335 3834 quasi
1377 3763 1555 3818 dicat:
1617 3765 2021 3823 lmmedicabile

426 3871 624 3928 corpus
654 3859 734 3908 est
760 3848 1114 3906 recidendum
1144 3864 1290 3915 ense,
1324 3856 1376 3902 et
1406 3848 1634 3902 membri
1684 3851 1737 3902 in
1795 3866 2020 3921 corpore

425 3943 622 4004 mortui
635 3937 897 3996 abscissio
925 3935 1106 4006 potius
1125 3935 1534 4004 estnecessaria,
1548 3952 1709 4008 quam
1727 3938 2014 3995 medicina.

430 4034 541 4092 Sed
576 4045 680 4103 ego
707 4043 816 4084 non
845 4041 961 4080 sum
991 4029 1051 4079 ut
1079 4023 1382 4079 membrum
1415 4031 1706 4095 mortuum,
1730 4026 1814 4080 cui
1836 4026 2017 4082 medi-

427 4126 549 4182 cina
578 4135 686 4176 non
716 4113 1258 4188 proﬁciat,sedulitas
1287 4111 1417 4166 nihil
1440 4121 1705 4169 conterat.
1740 4115 1881 4169 Nam
1902 4132 2020 4170 sum

427 4225 636 4269 memor
665 4205 762 4273 tui,
785 4203 986 4258 scilicet
1016 4200 1432 4256 misericordiae.
1470 4202 1545 4256 Te
1573 4202 1716 4257 enim
1749 4203 2019 4259 medicum

429 4301 567 4368 scio,
599 4291 1000 4353 misericordem
1030 4306 1140 4346 non
1169 4288 1411 4361 ambigo,
1444 4289 1814 4362 longanimem
1841 4306 2018 4363 agno-

430 4406 547 4458 sco,
580 4384 728 4459 quod
766 4397 876 4437 non
916 4378 1146 4434 facerem
1184 4378 1229 4433 si
1259 4379 1313 4432 in
1343 4385 1516 4434 morte
1546 4394 1738 4434 essem.
1791 4379 1859 4435 Et
1913 4381 2020 4437 hoc

428 4481 654 4550 apparet
682 4487 714 4526 a
745 4477 876 4537 toto,
909 4467 1164 4539 quoniam
1193 4482 1304 4522 non
1331 4474 1414 4522 est
1443 4466 1497 4522 in
1524 4476 1716 4523 morte.

2127 1913 2300 1968 lectus
2327 1923 2402 1968 est
2431 1921 2674 1982 stratum,
2707 1931 2804 1984 per
2831 1916 3009 1985 ipsum
3039 1932 3255 1972 carnem
3303 1918 3613 1988 accipimus.
3643 1919 3706 1973 Et

2129 2003 2386 2072 quoniam
2416 2001 2550 2056 sicut
2577 2011 2798 2058 stratum
2826 2004 2984 2061 facile
3010 2006 3332 2074 concutitur,
3368 2007 3437 2061 ila
3491 2021 3615 2062 caro
3642 2007 3704 2061 ab

2129 2089 2344 2145 infirmo
2402 2090 2584 2145 animo
2642 2093 2790 2147 varie
2846 2101 3107 2160 versatur,
3136 2095 3278 2149 sicut
3332 2110 3430 2164 per
3470 2095 3707 2149 eumdem

2129 2179 2444 2248 prOphetam
2477 2178 2697 2248 dicitur,
2727 2181 3052 2237 Universum
3073 2186 3325 2238 stratum
3346 2185 3466 2249 eius
3486 2181 3709 2238 versasti

2129 2264 2191 2320 in
2221 2265 2561 2334 inﬁrmitate
2591 2269 2712 2338 ejus
2746 2270 2917 2336 (Pcat.
2951 2285 3081 2334 xm,
3115 2272 3191 2338 2).
3224 2271 3386 2343 Rigat
3407 2287 3536 2342 ergo
3553 2271 3708 2340 lacry-

2126 2355 2229 2408 mis
2251 2363 2474 2409 stratum
2506 2372 2683 2420 suum,
2740 2357 2865 2427 quia
2891 2359 3150 2412 continuo
3196 2359 3343 2413 luctu
3401 2368 3453 2414 et
3509 2359 3708 2425 dolore,

2126 2441 2305 2495 carnis
2334 2442 2574 2498 maculas
2603 2443 2772 2508 diluit,
2808 2453 2860 2499 et
2889 2446 3067 2500 cordis
3097 2446 3352 2502 duritiam
3384 2447 3557 2502 imbre
3574 2462 3709 2504 com-

2123 2530 2427 2599 punctionis
2481 2532 2722 2593 emollit;
2759 2540 2815 2586 ut
2868 2533 3004 2589 sicut
3062 2536 3248 2590 hortus
3303 2545 3520 2605 recepta
3566 2538 3711 2590 suavi

2123 2617 2310 2688 pluvia
2361 2618 2640 2674 evidenter
2693 2622 2980 2690 germinat,
3039 2623 3115 2677 ita
3180 2640 3308 2679 caro
3367 2623 3712 2696 lacrymarum

2125 2704 2335 2760 ﬂuentis
2363 2707 2555 2779 rigata,
2590 2708 2859 2764 bonorum
2889 2726 3115 2780 cperum
3147 2721 3198 2767 et
3231 2713 3463 2781 justitiaa
3496 2729 3710 2786 germen

2125 2794 2341 2851 emittit.
2372 2794 2479 2850 Cur
2507 2805 2684 2851 autem
2715 2798 3068 2866 laboraverit,
3102 2816 3322 2856 causam
3354 2802 3553 2869 subdit,
3582 2817 3640 2857 ac
3668 2799 3712 2855 si

2123 2881 2266 2937 dicat
2297 2900 2309 2936 :
2345 2884 2472 2939 Ideo
2503 2885 2784 2950 laboravit,
2817 2886 2940 2943 ideo
2969 2888 3241 2960 ingemui,
3276 2892 3422 2961 quia,

2195 2972 2367 3042 (Vers.
2400 2974 2477 3042 7.)
2511 2974 2785 3030 Turbatus
2813 2980 2898 3031 est
2927 2979 3174 3047 afurore
3188 2981 3394 3036 oculus
3410 2996 3566 3037 meus
3587 2999 3603 3032 :
3625 2978 3714 3033 in-

2123 3061 2371 3116 veteravi
2394 3063 2547 3117 inter
2575 3079 2766 3119 omnes
2782 3065 3042 3122 inimicos
3065 3083 3238 3124 meos.

2196 3150 2247 3201 7.
2282 3149 2528 3205 Humana
2557 3159 2743 3206 natura
2774 3153 2842 3207 ad
2873 3153 3162 3227 imaginem
3194 3157 3451 3227 primitus
3477 3165 3530 3213 et
3561 3157 3711 3212 simi-

2129 3236 2414 3291 litudinem
2444 3238 2544 3292 Dei
2574 3239 2792 3295 condita
2823 3243 2984 3308 (Gen.
3017 3245 3077 3310 1),
3109 3260 3209 3312 per
3271 3247 3719 3317 praevaricationis

2128 3324 2341 3393 culpam
2374 3341 2406 3380 a
2435 3328 2898 3398 contemplationis
2942 3331 3141 3388 divinae
3163 3333 3415 3389 claritate
3473 3336 3714 3406 expulsa,

2124 3412 2259 3467 sicut
2290 3412 2713 3471 immortalitatis
2730 3426 2948 3474 aeternae
2962 3419 3353 3478 beatitudinem
3371 3424 3624 3494 perdidit,
3650 3424 3719 3476 ita

2131 3500 2442 3557 interiorem
2470 3503 2684 3559 oculum
2717 3507 2933 3573 animae,
2966 3508 3175 3565 scilicet
3203 3512 3588 3567 rationabilem
3619 3513 3718 3566 ob-

2129 3589 2377 3647 scuravit.
2415 3591 2478 3645 Et
2508 3593 2631 3662 quia
2659 3602 2850 3664 postea
2878 3595 3081 3651 bonum
3124 3614 3156 3652 a
3213 3600 3363 3656 malo
3421 3601 3718 3656 discernere

2129 3678 2319 3746 noluit,
2377 3680 2566 3736 volens
2620 3684 2970 3751 postmodum
3019 3685 3148 3756 quid
3203 3688 3313 3742 sibi
3368 3690 3718 3760 sequendum,

2130 3767 2328 3835 quidve
2357 3767 2674 3840 fugiendum
2704 3781 2864 3839 esset,
2898 3775 3035 3829 scire
3062 3775 3305 3846 nequivit
3333 3778 3386 3848 (1
3413 3781 3575 3836 Joan.
3623 3777 3720 3847 In),

2129 3855 2198 3910 Et
2227 3856 2353 3926 quia
2383 3857 2531 3912 illum
2557 3859 2648 3929 qui
2678 3860 2770 3915 lux
2796 3869 2896 3924 est,
2927 3869 2980 3918 et
3007 3862 3062 3916 in
3093 3881 3202 3936 quo
3264 3882 3380 3922 non
3434 3871 3558 3923 sunt
3607 3867 3724 3921 ullae

2131 3945 2388 4014 tenebrae,
2422 3950 2586 4016 472
2619 3949 2930 4018 nontenuit,
2960 3951 3164 4006 sicutin
3194 3963 3383 4024 nocte,
3445 3955 3523 4011 sic
3548 3961 3728 4026 postea

2129 4031 2185 4085 in
2207 4034 2432 4090 meridie
2460 4036 2720 4106 palpavit.
2753 4038 2911 4094 Dicat
2938 4055 3072 4111 ergo
3125 4040 3307 4098 ﬁdelis
3328 4043 3514 4099 anima
3547 4063 3560 4098 :
3596 4043 3727 4098 Tur-

2130 4121 2294 4179 batus
2323 4128 2456 4179 esta
2477 4128 2670 4194 furore
2697 4127 2894 4182 oculus
2938 4144 3096 4184 meus
3125 4149 3144 4184 :
3201 4131 3332 4200 quia
3390 4131 3726 4188 discernendi

2129 4218 2271 4266 recte
2290 4213 2622 4268 voluntatem
2653 4229 2760 4269 non
2789 4214 2977 4284 habui,
2996 4232 3095 4287 per
3114 4218 3389 4288 furorem,
3413 4221 3469 4276 id
3485 4229 3570 4277 est
3587 4221 3728 4276 dam-

2127 4299 2361 4355 nationis
2391 4301 2734 4369 sententiam,
2766 4301 2934 4372 ipsam
2967 4304 3200 4376 eligendi
3227 4310 3534 4378 potentiam
3554 4307 3723 4364 amisi.

2128 4387 2226 4444 Vel
2255 4387 2419 4444 etiam
2449 4389 2594 4445 illius
2621 4405 2654 4445 a
2684 4392 2867 4447 furore
2895 4393 3081 4448 oculus
3133 4395 3407 4465 turbatur,
3468 4398 3596 4470 quia
3630 4405 3725 4453 tre-

2127 4477 2311 4533 mendi
2339 4478 2486 4533 diem
2510 4478 2725 4550 judicii,
2749 4480 2998 4540 damnari
3021 4491 3289 4554 metuens,
3314 4486 3577 4542 intuetur.
3601 4486 3727 4541 Cum

499 4583 680 4654 (vers.
721 4576 812 4648 6.)
841 4574 1114 4630 Laboravi
1143 4573 1204 4629 in
1235 4573 1453 4644 gemitu
1469 4589 1588 4630 meo
1611 4592 1630 4626 :
1690 4574 1879 4631 lavabo
1914 4589 2017 4648 per
2044 4560 2098 4622 D
2128 4567 2426 4639 enimquod
2450 4568 2680 4640 quisque
2695 4570 2945 4641 gesserit,
2969 4572 3185 4641 quiaibi
3207 4574 3280 4628 sit
3299 4585 3580 4646 receptus,
3610 4590 3730 4630 con-

427 4671 680 4746 singulas
709 4668 903 4722 nocte:
935 4663 1139 4719 lectum
1171 4677 1382 4730 meum,
1409 4663 1673 4735 tacrymia
1699 4664 1840 4720 meis
1861 4668 2015 4721 stra-

431 4769 555 4821 tum
581 4773 772 4815 meum
800 4751 1012 4824 rigabo.

500 4855 552 4906 6.
582 4847 802 4904 Dixerat
821 4839 1085 4912 superius,
1101 4840 1431 4897 Salvumme
1446 4843 1560 4912 fac,
1599 4847 1654 4896 et
1705 4847 1911 4912 tempus
1939 4847 2020 4898 est

427 4949 488 5000 ut
517 4937 720 4998 facias;
751 4947 876 4988 nam
907 4945 1012 5001 ego
1045 4929 1292 4984 laboravi
1319 4930 1382 4984 in
1410 4932 1628 5000 gemitu
1684 4946 1825 4986 meo.
1858 4931 2023 4985 Adest

429 5032 614 5096 miser,
638 5023 776 5080 adsit
791 5027 843 5076 et
862 5016 1256 5074 misericordia.
1281 5016 1554 5072 Miseriam
1601 5033 1778 5073 meam
1800 5033 1904 5090 ego
1935 5033 2022 5074 co-

427 5133 653 5196 gnosco,
683 5112 880 5169 vulnus
910 5123 1020 5163 non
1049 5105 1353 5173 dissimulo,
1385 5115 1666 5177 peccatum
1721 5122 1830 5162 non
1871 5107 2013 5164 celo.

424 5195 542 5267 Nisi
571 5204 718 5263 enim
746 5199 1006 5254 miserum
1038 5211 1126 5249 me
1156 5210 1527 5265 agnoscerem,
1548 5195 1599 5248 in
1623 5195 1896 5266 gemendo
1915 5211 2024 5251 non

423 5298 686 5355 laborem.
718 5287 828 5345 Sed
857 5300 963 5357 ego
990 5283 1258 5352 laboravi,
1291 5282 1348 5337 id
1378 5291 1457 5338 est
1479 5283 1716 5340 studiose
1771 5283 1902 5357 egit,
1961 5288 2020 5341 ut

420 5399 594 5443 essem
625 5382 682 5436 in
709 5375 936 5450 gemitu,
967 5371 1173 5428 scilicet
1199 5377 1259 5426 ut
1287 5387 1564 5442 quousque
1591 5373 1854 5438 viverem,
1912 5389 2017 5445 ge-

417 5471 676 5531 mendum
699 5465 836 5522 mihi
864 5469 1133 5536 putarem.
1152 5460 1219 5516 Et
1241 5457 1498 5518 laboravi
1522 5462 1584 5516 in
1594 5459 1899 5534 gemitu.id
1910 5469 2014 5531 est,

418 5561 585 5621 modo
605 5556 740 5614 mihi
769 5550 1011 5626 proprio.
1038 5548 1258 5607 Nemini
1275 5549 1419 5606 enim
1433 5549 1573 5608 sicut
1618 5549 1750 5606 mibi
1777 5548 2014 5623 ingemi-

2128 4655 2349 4723 siderat,
2369 4664 2607 4712 mentem
2639 4673 2758 4727 quae
2779 4660 2883 4714 hoc
2901 4659 3184 4729 praevidet,
3202 4661 3482 4719 malorum
3512 4677 3728 4720 suorum

2131 4743 2424 4812 consciam,
2457 4745 2574 4816 ipse
2599 4745 2795 4814 judicii
2825 4755 2994 4803 terror
3022 4749 3325 4820 perturbat.
3361 4752 3433 4807 Et
3489 4753 3611 4823 quia
3665 4749 3732 4807 ad

2129 4833 2263 4888 illud
2287 4833 2553 4903 judicium
2585 4836 2767 4893 venire
2800 4851 2906 4892 non
2934 4837 3191 4907 trepidat,
3214 4839 3326 4895 nisi
3385 4857 3550 4911 quem
3596 4855 3729 4895 con-

2131 4922 2353 4978 scientia
2382 4923 2449 4978 de
2475 4925 2712 4994 peccatis
2733 4933 2979 4992 accusat,
3011 4925 3136 4982 ideo
3163 4927 3425 5002 adiungit
3459 4949 3471 4985 :
3510 4932 3730 4987 lnvete-

2132 5013 2254 5068 ravi
2273 5013 2633 5069 interomnea
2652 5014 2912 5071 inimicos
2931 5030 3100 5072 meos.
3131 5018 3208 5070 Ac
3236 5017 3287 5071 si
3319 5018 3532 5074 diceret
3563 5037 3576 5072 :
3603 5018 3726 5072 Ideo

2132 5100 2201 5154 ad
2229 5099 2361 5156 illud
2378 5102 2618 5158 terribile
2641 5117 2874 5159 examen
2886 5103 3082 5159 deduci
3103 5108 3308 5174 metuo,
3334 5106 3469 5178 quia
3487 5122 3586 5178 per
3603 5121 3728 5162 con-

2132 5189 2473 5246 suetudinem
2513 5197 2566 5246 et
2610 5192 3068 5262 perseverantiam
3121 5207 3423 5264 pravorum
3481 5210 3724 5267 Operum,

2129 5293 2237 5334 non
2265 5293 2486 5348 novum,
2519 5279 2615 5333 sed
2645 5288 2886 5335 veterem
2944 5296 3031 5337 me
3059 5289 3409 5352 peccatorem
3465 5297 3723 5359 agnosco.

2127 5363 2263 5420 Cum
2292 5363 2437 5420 enim
2466 5363 2570 5419 sim
2597 5363 2740 5419 inter
2759 5364 3012 5421 inimicos
3033 5381 3203 5436 meos,
3225 5368 3464 5439 spiritus
3479 5369 3728 5426 videlicet

2125 5452 2427 5528 malignos;
2459 5453 2582 5524 quia
2609 5468 2801 5511 eorum
2827 5469 2858 5509 a
2877 5470 2965 5510 me
2985 5455 3378 5530 suggestiones
3401 5473 3518 5515 non
3531 5456 3721 5530 repuli,

2123 5545 2231 5600 illis
2257 5542 2603 5601 consentiens
2631 5542 2687 5598 in
2719 5543 3060 5602 tenebrarum
3086 5544 3351 5618 operibus
3396 5546 3718 5616 inveteravi,

490 5685 570 5763 (α)
594 5682 699 5744 Hic
725 5677 896 5737 multa
921 5672 1251 5732 restituimus
1278 5689 1346 5732 ex
1374 5673 1501 5733 aliis
1525 5673 1687 5733 editis
1711 5673 1768 5731 in
1800 5673 2082 5736 Gussanv.
2111 5671 2264 5742 Edit,
2293 5670 2530 5735 omissa;
2563 5669 2704 5729 unde
2729 5684 2932 5728 sensus
2954 5669 3324 5732 labefactatus.
