4034 6166
217 380 297 446 sit
909 381 986 440 IN
1014 377 1283 440 SEPTEM
1311 381 1509 466 PSAL.
1540 372 1802 437 PCENIT.
1833 366 2254 437 exrosmo.
2276 354 2349 425 έ-
2373 378 2564 441 PSAL.
2597 378 2664 440 η.
3352 378 3455 447 ss’s

213 514 257 569 id
278 511 410 568 estin
431 508 622 565 veteris
648 508 883 564 hominis
908 507 1327 564 inobedientiam
1366 506 1524 562 redii.
1564 505 1759 561 Factus
1788 504 1844 566 A
1877 509 1929 561 et
1963 506 2221 563 decorem
2257 523 2415 578 quem
2456 509 2712 580 perdidit,
2744 516 2797 567 et
2836 510 3223 571 obscenitatem
3271 529 3377 585 qua
3405 529 3464 569 se

214 617 305 658 sum
328 596 696 670 comparabilis
725 598 898 654 veteri
921 596 1075 653 vesti.
1108 597 1261 654 Sicut
1288 596 1433 653 enim
1462 602 1614 652 vetus
1631 609 1760 650 ves-
1868 593 2012 651 velut
2034 596 2266 667 quodam
2308 597 2580 653 teterrimo
2619 598 2799 655 colore
2837 600 3091 671 perfudit,
3133 601 3202 657 de
3236 618 3462 673 operum

214 692 263 746 tis
283 704 372 745 nec
396 695 630 743 ornatum
648 686 858 756 adjicit,
891 701 989 741 nec
1018 685 1189 757 frigus
1229 684 1445 756 repellit
1492 701 1504 746 ;
1543 682 1617 738 ita
1655 698 1760 755 ego
1869 699 2090 740 suorum
2125 686 2399 756 qualitate,
2439 687 2542 741 nisi
2577 687 2646 741 sit
2700 686 2856 758 lapis,
2915 689 3194 745 erubescit.
3249 690 3464 747 Nobilis

210 794 287 834 nec
305 776 460 848 frigus
488 774 800 830 tentationis
825 774 1100 845 expellere
1127 773 1304 839 valeo,
1338 788 1441 830 nec
1494 771 1765 844 proximo.
1870 773 2050 828 anima
2066 772 2111 828 si
2132 774 2570 846 quasaliquando
2600 776 2808 847 peccati
2828 784 2983 832 notas
3029 778 3329 847 admiserit,
3364 795 3465 836 ve-

207 882 299 920 mm
316 864 508 918 animas
537 879 635 934 per
661 863 921 919 doctrinae
946 862 1179 918 verbum
1198 861 1421 918 adorno.
1456 859 1579 928 Vel,
1612 858 1763 915 inve-
1870 862 2182 917 recundiam
2203 870 2431 918 tamenn
2454 879 2512 919 se
2552 862 2789 919 funditus
2822 880 2930 920 non
2962 865 3193 936 repellit.
3230 866 3372 921 Nam
3416 874 3472 923 et

207 952 347 1008 tenvi
371 952 621 1007 habitans
650 950 790 1006 inter
813 950 1070 1007 inimicos
1088 946 1260 1019 meos,
1281 949 1539 1005 inimicos
1561 947 1765 1004 scilicet
1870 950 2004 1005 illud
2031 967 2222 1007 verum
2256 960 2336 1008 est
2355 960 2557 1023 apertae
2569 953 3252 1024 desperationisindicium,
3291 954 3338 1009 si
3385 972 3478 1013 ve-

206 1040 448 1098 catholicm
469 1038 598 1095 ﬁdei
627 1046 683 1094 et
707 1039 1031 1095 Christianae
1060 1038 1370 1110 religionis.
1871 1040 2129 1096 recundia
2166 1056 2275 1096 non
2310 1041 2550 1113 sequitur
2591 1050 2894 1113 peccatum.
2928 1042 3083 1099 Unde
3128 1042 3228 1099 sub
3273 1043 3476 1099 Iudaeas

260 1131 413 1199 (Vera.
443 1129 534 1197 8.)
566 1128 841 1184 Discedite
872 1144 906 1183 α
935 1143 1026 1184 me
1055 1144 1272 1195 omnes,
1306 1126 1403 1199 qui
1445 1125 1766 1199 aperamini

206 1219 532 1289 iniquitatem
561 1236 580 1272 :
602 1218 869 1289 quoniam
906 1216 1203 1274 exaudivit
1256 1216 1526 1272 Dominus
1578 1230 1768 1272 vocem

205 1307 344 1376 ﬂetus
360 1308 481 1362 mei.

259 1398 303 1448 8.
332 1394 452 1462 Quae
477 1396 723 1452 societas
755 1394 867 1450 luci
889 1393 961 1449 ad
992 1394 1240 1450 terebra:
1270 1392 1301 1445 ?
1330 1391 1766 1460 Quweonventio

208 1482 395 1538 Christi
414 1484 482 1539 ad
503 1483 730 1539 Belial?
745 1485 852 1538 Aut
864 1498 985 1553 quae
1005 1499 1138 1555 pars
1155 1482 1338 1551 ﬁdelis
1352 1495 1481 1536 cum
1504 1479 1723 1548 inﬁdeli
1743 1478 1771 1531 ?

205 1572 262 1640 (11
278 1572 382 1628 Cor.
409 1587 482 1640 v1,
518 1573 632 1641 15).
663 1571 814 1627 Sicut
843 1571 993 1626 enim
1044 1570 1134 1640 qui
1181 1569 1461 1624 diabolum
1510 1567 1767 1644 sequitur,

204 1660 489 1715 Sanctorum
523 1659 818 1731 collegium
844 1657 1037 1714 aﬁ'ectu
1068 1665 1122 1713 et
1163 1674 1333 1728 opere
1384 1663 1705 1726 aspernatur
1754 1672 1767 1716 ;

205 1748 261 1803 ita
284 1750 363 1820 qui
390 1748 505 1804 Deo
539 1747 777 1816 perfecte
796 1747 1099 1816 adhaeserit,
1122 1746 1412 1817 impiorum
1442 1742 1773 1800 consortium

1872 1129 2058 1200 specie
2090 1129 2455 1185 contemnenti
2486 1129 2680 1186 anima)
2718 1130 2956 1185 dicitur:
2993 1131 3172 1186 Frons
3209 1131 3470 1188 mulieris

1873 1218 2194 1273 meretricis
2208 1219 2368 1288 facta
2392 1218 2612 1283 esttibi,
2636 1219 2879 1275 noluisti
2888 1219 3210 1275 erubescere
3245 1220 3476 1289 (Jerem.

1876 1321 1958 1375 ιιι,
1977 1308 2051 1375 3).
2086 1305 2191 1373 Qui
2210 1305 2353 1360 enim
2374 1305 2620 1376 neglecto
2637 1306 2735 1361 Dei
2756 1306 2949 1361 timore
2977 1314 3201 1377 peccata
3239 1307 3484 1377 peccatis

1876 1394 2201 1461 accumulat,
2221 1394 2475 1463 profecto
2491 1401 2704 1449 utmere
2714 1393 2814 1449 trix
2846 1396 3084 1450 frontem
3108 1395 3357 1453 obdurat.

1955 1486 2035 1537 ll.
2056 1482 2163 1537 Sed
2182 1482 2304 1553 quia
2326 1481 2502 1536 minus
2515 1490 2594 1537 est
2607 1482 2676 1537 de
2712 1489 2963 1538 anteacta
2994 1483 3107 1538 vita
3140 1485 3483 1557 erubescere,

1877 1570 1980 1626 nisi
2013 1571 2132 1641 quis
2151 1571 2314 1625 etiam
2362 1571 2572 1625 studeat
2612 1586 2678 1626 ea
2720 1587 2842 1642 quae
2886 1571 3122 1639 admisit,
3169 1575 3487 1644 paenitendo

1877 1659 2171 1731 corrigere,
2194 1659 2503 1731 subjungit:
2537 1659 2619 1714 Et
2641 1659 3065 1716 conturbantur
3096 1661 3485 1721 vehementer.

1881 1748 2136 1818 Quisquis
2156 1747 2366 1817 peccati
2390 1747 2711 1802 suimodum
2758 1747 3130 1816 considerans,
3163 1748 3269 1804 sibi
3301 1749 3487 1823 iratus,

202 1853 511 1908 nequaquam
534 1835 788 1891 admittit.
827 1834 969 1903 Quia
1006 1850 1139 1907 ergo
1192 1832 1489 1889 inveteravi
1532 1847 1772 1888 conver—
1803 1856 1857 1917 B
1887 1844 2076 1892 contra
2091 1835 2331 1906 seipsum
2351 1836 2607 1908 graviter,
2639 1836 2783 1907 quod
2827 1836 2939 1909 egit
2987 1837 3284 1908 puniendo,
3333 1838 3492 1896 inve-

204 1932 324 1979 satus
348 1926 479 1981 inter
505 1924 764 1980 inimicos
790 1939 963 1991 meos,
995 1939 1064 1979 ne
1102 1921 1337 1993 amplius
1383 1920 1588 1993 aliquid
1628 1927 1778 1975 vetuo

203 2013 331 2069 statis
344 2014 394 2070 in
414 2029 498 2069 me
522 2020 804 2085 appareat,
829 2028 896 2067 ne
929 2011 1273 2067 inimicorum
1313 2008 1651 2066 conversatio
1694 2022 1783 2063 uo.

206 2111 295 2156 tam
314 2104 435 2157 mihi
462 2100 935 2173 praevaricationis
965 2099 1156 2172 inﬁgat
1188 2114 1202 2168 ;
1235 2114 1333 2155 vos
1364 2099 1454 2168 qui
1481 2096 1782 2168 operamini

204 2190 532 2261 iniquitatem,
569 2190 659 2260 qui
692 2189 882 2260 culpas
925 2195 1132 2244 vestras
1185 2185 1430 2243 conﬁteri
1484 2184 1780 2257 negligitis,

205 2279 279 2351 qui
309 2280 357 2332 in
386 2280 551 2334 malis
577 2277 1251 2348 operibusimpoeniteutes
1278 2273 1660 2346 perseveretis,
1697 2272 1789 2328 hic

215 2383 240 2421 ει
263 2382 339 2422 me
366 2366 563 2423 affectu
591 2365 874 2433 discedite,
907 2365 996 2421 hic
1021 2380 1119 2420 vos
1148 2379 1182 2420 a
1209 2378 1299 2419 me
1355 2377 1584 2433 Operum
1624 2360 1789 2415 dissi-

215 2455 496 2511 militudine
530 2455 827 2527 elongate;
868 2462 927 2508 ut
970 2453 1096 2523 quia
1150 2468 1183 2506 a
1214 2451 1331 2507 Deo
1387 2448 1650 2506 receditis
1704 2449 1795 2505 hic

211 2544 384 2612 animo,
414 2550 469 2599 et
499 2544 562 2598 in
592 2543 773 2598 futuro
803 2543 965 2597 etiam
994 2555 1222 2613 corpore
1247 2556 1279 2596 a
1333 2556 1422 2595 me
1470 2536 1786 2593 discedatis.

206 2632 469 2700 Discedite,
501 2639 567 2687 ut
591 2631 824 2702 amplius
849 2646 955 2685 non
978 2628 1372 2685 communicem
1395 2626 1649 2698 operibus
1704 2640 1795 2681 ve-

207 2720 311 2773 stris
353 2720 563 2792 iniquis
594 2738 606 2772 :
643 2720 924 2786 Quoniam
965 2716 1262 2774 exaudivit
1306 2716 1582 2772 Dominus
1608 2728 1794 2769 vocem

201 2808 347 2874 ﬂetus
390 2811 527 2865 mei.
565 2808 695 2862 Lavi
743 2807 910 2878 pedes
953 2821 1126 2875 meos,
1179 2804 1453 2876 quomodo
1494 2801 1792 2872 inquinabo

205 2895 307 2951 illos
324 2897 351 2948 ἢ
371 2899 567 2966 (Cant.
591 2895 672 2965 v.)
689 2895 892 2950 Vocem
911 2893 1145 2949 ﬂebilem
1164 2892 1427 2947 Dominus
1465 2890 1745 2947 exaudivit
1776 2908 1789 2952 ;

203 2983 384 3055 quiaab
399 2984 556 3041 omni
574 2983 982 3054 inquinamento
1013 2980 1193 3038 carnis
1208 2988 1261 3035 et
1281 2980 1502 3051 spiritus
1522 2995 1609 3034 me
1627 2994 1790 3032 mun-

207 3072 353 3127 davit.
383 3071 680 3141 Quomodo
694 3078 869 3126 autem
891 3068 1173 3124 exauditus
1202 3068 1290 3138 sit,
1322 3066 1555 3123 ostendit
1584 3083 1595 3119 :

259 3160 422 3231 (Vers.
473 3160 560 3229 9.)
630 3158 941 3216 Exaudivit
993 3156 1266 3211 Dominus
1337 3154 1791 3226 deprecationem

204 3256 365 3303 meam
398 3268 414 3301 :
446 3248 735 3305 Dominus
763 3248 1076 3303 orationem
1106 3260 1293 3300 meam
1318 3244 1583 3315 suscepit.

266 3340 310 3391 9.
340 3337 662 3393 Exaudivit
697 3336 963 3391 Dominus
976 3333 1427 3405 deprecationem
1444 3346 1649 3400 meam,
1667 3344 1796 3400 pec-

206 3432 307 3480 cata
321 3424 672 3481 dimittendo.
696 3424 967 3481 Dominus
988 3422 1304 3477 orationem
1329 3435 1514 3475 meam
1530 3418 1796 3490 suscepit,

208 3515 662 3586 perseverantiam
686 3514 864 3568 dando
889 3530 901 3576 ;
928 3511 1080 3582 quasi
1101 3510 1245 3566 dicat
1280 3528 1291 3563 :
1325 3510 1448 3565 Non
1494 3507 1669 3563 solum
1698 3520 1800 3576 pro

208 3605 425 3673 peccatis
447 3604 593 3659 meis
606 3601 756 3657 ﬂenti
772 3600 1090 3656 delictorum
1108 3598 1245 3654 mihi
1261 3596 1652 3669 indulgentiam
1673 3610 1800 3651 con-

215 3692 333 3761 tulit,
354 3693 451 3747 sed
468 3691 638 3747 etiam
656 3706 724 3745 ne
744 3689 937 3745 eadem
958 3688 1182 3743 ulterius
1226 3686 1643 3754 committerem,
1679 3699 1802 3756 gra-

209 3779 287 3834 tia:
306 3796 414 3836 suae
429 3780 750 3836 ubertatem
774 3776 1061 3833 concessit.
1094 3776 1316 3831 Dixerat
1345 3774 1592 3843 superius
1648 3789 1661 3826 :
1699 3773 1800 3828 Di-

208 3869 396 3925 scedite
426 3886 462 3924 a
492 3883 590 3924 me
618 3882 817 3922 omnes
835 3867 932 3938 qui
949 3864 1267 3937 operamini
1286 3864 1677 3933 iniquitatem.
1698 3859 1805 3916 Sed

208 3957 318 4028 quia
333 3957 579 4015 charitas
594 3971 705 4012 non
736 3954 929 4027 quaerit
951 3969 1073 4026 qua:
1089 3968 1186 4007 sua
1207 3960 1329 4006 sunt
1348 3950 1393 4019 (ι
1415 3950 1536 4007 Cor.
1558 3952 1713 4016 xm);
1752 3960 1809 4008 et

207 4045 318 4101 hinc
336 4062 469 4105 vera
488 4061 617 4100 esse
630 4043 958 4111 ostenditur,
972 4057 1096 4099 cum
1116 4039 1209 4096 ille
1227 4037 1471 4111 diligitur
1489 4039 1585 4109 qui
1605 4037 1804 4094 adver-

202 4141 351 4203 satur,
375 4135 507 4190 ideo
529 4132 845 4205 subjungit:

254 4222 433 4293 (Vers.
484 4222 621 4292 10.)
638 4216 1477 4276 Erubescantetconturbentur
1502 4212 1803 4272 vehemen-

198 4314 281 4367 ter
294 4326 494 4369 omnes
512 4309 743 4367 inimici
760 4308 875 4365 mei
898 4326 916 4365 :
938 4310 1346 4366 convertantur
1359 4309 1415 4362 et
1463 4301 1805 4361 erubescant

194 4398 342 4457 valde
369 4401 676 4458 velociter.

254 4492 337 4544 to.
363 4489 463 4545 Ille
494 4486 768 4546 veraciter
787 4484 1105 4542 charitatem
1118 4482 1300 4552 habet,
1341 4480 1430 4554 qui
1477 4486 1531 4537 et
1562 4480 1798 4537 amicum

191 4576 358 4649 diligit
378 4580 439 4633 in
456 4578 605 4645 Deo,
625 4583 679 4631 et
690 4573 972 4630 inimicum
993 4571 1176 4645 diligit
1202 4577 1425 4642 propter
1442 4570 1635 4624 Deum.
1659 4568 1794 4624 Hinc
1819 4562 1873 4623 D

192 4679 413 4740 namque
425 4682 539 4736 per
568 4664 926 4735 semetipsam
959 4660 1172 4717 Veritas
1211 4658 1376 4714 dicit:
1409 4658 1641 4728 Ditigite
1668 4657 1788 4713 ini-

192 4759 349 4814 micos
366 4759 617 4820 vestros,
640 4753 954 4823 benefacite
969 4749 1062 4807 his
1075 4751 1170 4822 qui
1185 4748 1426 4807 oderunt
1442 4762 1532 4804 vos
1544 4746 1789 4823 (Luclvr,

193 4844 289 4914 27).
318 4845 403 4899 Ne
424 4857 570 4915 ergo
610 4820 787 4896 surda
822 4854 951 4895 aure
983 4820 1259 4909 praecepta
1296 4840 1535 4892 transeat
1620 4820 1789 4888 473

187 4931 487 5000 Dominica,
528 4944 633 5000 pro
663 4927 901 4983 inimicis
932 4934 1048 4983 orat
1073 4926 1256 4981 anima
1302 4923 1562 4979 exaudita
1593 4941 1607 4978 :
1650 4923 1792 4981 Eru—

193 5016 404 5075 bescant
422 5023 485 5075 et
498 5018 939 5075 conturbentur.
980 5016 1127 5086 Ergo
1153 5013 1281 5083 quia
1314 5020 1541 5084 pr0pter
1572 5019 1793 5081 peccata

190 5121 297 5176 quae
321 5114 814 5180 perpetraveram,
838 5102 1028 5159 erubui
1067 5120 1079 5164 ;
1113 5102 1437 5158 erubescens
1477 5114 1606 5155 vero
1637 5108 1694 5154 ut
1727 5114 1791 5155 ea

189 5194 463 5265 diluerem,
489 5195 555 5250 in
594 5192 802 5265 gemitu
832 5206 955 5247 meo
990 5190 1255 5259 laboravi,
1295 5187 1548 5245 exaudita
1579 5187 1789 5242 veniam

189 5280 493 5354 impetravi.
519 5283 591 5338 Et
620 5280 829 5336 utinam
879 5294 1002 5335 meo
1042 5276 1297 5350 exemplo
1342 5276 1630 5333 erubescat
1660 5275 1786 5348 qui-

188 5385 389 5444 cunque
434 5370 598 5445 quod
634 5369 707 5426 ad
737 5367 1033 5440 imaginem
1066 5375 1123 5423 et
1154 5364 1561 5423 similitudinem
1596 5363 1696 5419 Dei
1722 5362 1791 5420 sit

186 5459 347 5518 {suns
373 5462 556 5533 (Gen.
577 5463 619 5531 ι)
664 5456 939 5530 intelligit,
976 5465 1030 5513 et
1057 5456 1290 5528 qualiter
1331 5453 1484 5511 illam
1514 5452 1793 5525 peccando

184 5548 425 5621 findavit,
455 5547 742 5624 agnoscit.
772 5546 834 5603 Si
872 5562 934 5604 se
969 5544 1430 5619 circumspiciens,
1486 5542 1797 5600 consideret

1820 3204 1871 3269 C

1885 1926 2047 1991 hitur,
2088 1940 2188 1995 per
2216 1924 2648 1995 compunctionis
2678 1925 2947 1996 lacrymas
2982 1928 3332 1983 vehementer
3367 1943 3496 1983 conc

1889 2014 2151 2070 turbatur.
2183 2010 2321 2080 Quia
2340 2028 2468 2068 vero
2502 2028 2597 2084 per
2624 2012 2869 2069 dolorem
2916 2014 3251 2084 poenitentiae
3295 2030 3497 2085 perve-

1890 2103 2037 2158 nitur
2080 2100 2149 2155 ad
2211 2101 2621 2157 conversionem
2685 2100 2833 2167 vitae,
2903 2102 3151 2171 protinus
3221 2103 3498 2165 additur:

1898 2191 2332 2248 Convertuntur.
2353 2190 2448 2243 Ille
2466 2189 2719 2243 nimirum
2734 2189 2801 2244 ad
2820 2189 2997 2244 Deum
3017 2191 3369 2260 convertitur,
3408 2186 3500 2263 qui

1898 2287 2007 2334 tam
2029 2278 2296 2348 cOgitatus
2321 2293 2651 2348 suos,quam
2674 2277 2834 2332 etiam
2865 2278 3202 2348 operationes
3232 2280 3303 2333 ad
3326 2280 3498 2334 Deum

1898 2364 2355 2436 semperdirigere
2392 2372 2636 2419 conatur.
2676 2363 2741 2418 Et
2786 2363 3042 2435 quoniam
3091 2371 3301 2436 tempus
3337 2366 3505 2421 breve

1905 2451 2208 2521 est,etﬁnis
2246 2460 2591 2523 peccatorum
2613 2458 2891 2521 morsest;
2934 2468 3003 2508 ne
3061 2453 3180 2523 quis
3217 2460 3428 2524 putaret
3448 2453 3505 2509 in

1906 2540 2138 2596 hominis
2154 2555 2271 2595 esse
2300 2546 2563 2610 potestate
2600 2539 2817 2610 quando
2856 2540 2973 2595 vias
3006 2557 3130 2597 suas
3161 2542 3291 2598 velit
3332 2541 3512 2598 corri-

1907 2628 2274 2700 gere,repetit
2310 2647 2321 2682 :
2368 2628 2737 2697 Erubescant,
2777 2644 2837 2683 se
2867 2643 3140 2699 peccasse,
3180 2631 3512 2686 erubescant

1908 2713 2314 2769 conversionem
2332 2711 2619 2767 distulisse.
2638 2713 2703 2766 Et
2715 2714 2815 2767 hoc
2829 2712 3201 2769 faciantvalde
3218 2715 3507 2772 velociter.

1906 2802 2045 2856 DIES
2073 2802 2226 2857 enim
2242 2801 2470 2855 Domini
2485 2804 2633 2856 sicut
2669 2802 2768 2871 fur
2790 2802 2853 2855 in
2883 2806 3047 2856 nocte
3068 2802 3153 2857 ita
3178 2803 3366 2858 veniet
3415 2803 3496 2873 (II

1903 2892 2062 2945 Petr.
2087 2903 2168 2954 ιιι,
2203 2889 2310 2953 10).
2342 2888 2492 2943 Unde
2527 2896 2578 2942 et
2595 2887 2853 2943 Salomon
2901 2906 2913 2952 ;
2954 2889 3029 2944 Ne
3067 2889 3273 2957 tardes,
3310 2889 3506 2962 inquit,

1900 2978 2154 3033 converti
2170 2975 2241 3031 ad
2262 2976 2399 3034 Dom
2409 2978 2595 3033 inum.
2616 2991 2796 3048 neque
2817 2977 3048 3048 diﬁeras
3077 2978 3143 3033 de
3159 2978 3247 3035 die
3270 2979 3331 3034 in
3351 2979 3514 3036 diem

1902 3066 2094 3136 (Ereti.
2129 3081 2181 3134 v,
2215 3065 2289 3130 8).

2491 3134 2896 3191 PROOEMIUM

2093 3242 2151 3280 1N
2171 3239 2470 3282 SECUNDUM
2512 3238 2770 3280 PSALIUK
2804 3238 3300 3283 [’(ENITBNTMLBM.

2351 3313 2471 3384 Ipsi
2492 3313 2664 3369 David
2690 3314 3051 3370 intellectus.

1975 3402 2120 3458 Sicut
2137 3416 2298 3471 supra
2307 3401 2422 3471 jam
2452 3401 2704 3464 diximus,
2747 3417 2847 3472 per
2875 3400 3063 3467 David,
3115 3400 3294 3459 ﬁdelis
3327 3401 3510 3461 anima

1905 3491 2190 3562 accipitur,
2213 3490 2297 3545 cui
2341 3497 2395 3544 et
2448 3489 2684 3545 nominis
2722 3490 3121 3562 interpretatio,
3165 3498 3222 3547 et
3285 3506 3512 3564 operum

1905 3578 2309 3650 magniﬁcentia
2361 3579 2748 3634 convenienter
2783 3586 3062 3649 aptantua.
3118 3579 3321 3636 Fidelis
3370 3597 3503 3655 ergo

1908 3668 2107 3734 anima,
2140 3682 2205 3722 ea
2221 3682 2342 3737 quae
2368 3666 2429 3721 in
2457 3666 2563 3722 hoc
2582 3667 2800 3722 Psaimo
2816 3667 3083 3737 dicuntur,
3115 3667 3405 3740 intelligat,
3451 3677 3506 3726 et

1908 3758 1979 3814 ab
1995 3757 2098 3811 isto
2114 3771 2388 3825 nunquam
2410 3754 2683 3809 intellectu
2701 3755 2943 3810 recedat.
2968 3758 3013 3811 Α
3039 3756 3351 3814 Intellectus
3379 3775 3509 3815 vero

1908 3843 2156 3902 Davidin
2171 3844 2275 3897 hoc
2303 3841 2518 3911 psalmo
2547 3850 2648 3907 est,
2681 3851 2737 3896 ut
2767 3858 2929 3897 nemo
2964 3858 3026 3898 se
3060 3851 3185 3899 ante
3224 3844 3389 3901 ﬁdem
3437 3847 3508 3902 de

1910 3932 2116 3988 meritis
2142 3929 2271 3999 suis,
2302 3945 2424 4000 quae
2450 3930 2601 3984 nulla
2639 3937 2783 3996 sunt,
2805 3928 2992 3984 eﬁ‘erat
3016 3949 3032 3998 ;
3063 3947 3227 3988 nemo
3249 3931 3354 3990 ﬁde
3408 3949 3511 4004 per

1910 4021 2142 4095 gratiam
2170 4022 2420 4089 accepta,
2450 4017 2518 4072 de
2548 4016 2751 4088 peccati
2800 4016 3118 4087 impunitate
3161 4028 3457 4091 praesumat
3489 4039 3503 4086 ;

1909 4125 2073 4167 nemo
2100 4109 2301 4164 bonum
2332 4105 2477 4178 quod
2506 4104 2654 4172 facit,
2668 4104 2792 4174 sibi,
2823 4105 2919 4161 sed
2948 4106 3142 4178 gratia:
3182 4107 3283 4163 Dei
3340 4109 3503 4165 attri-

1908 4199 2037 4255 buat
2069 4217 2082 4265 ;
2112 4211 2273 4253 nemo
2300 4210 2400 4266 per
2426 4194 2648 4251 desidiae
2694 4201 2966 4269 torporem
3016 4194 3071 4249 in
3121 4194 3267 4252 bona
3312 4211 3503 4270 opera-

1916 4287 2057 4344 tione
2072 4287 2366 4359 pigrescat.
2400 4283 2694 4341 Videamus
2722 4298 2864 4339 nunc
2894 4282 3024 4354 quid
3053 4282 3217 4340 dicat.

2508 4387 2884 4445 EXPOSITIO

2213 4494 2420 4537 PSALMI
2450 4493 2685 4535 SBCUNDI
2715 4491 3190 4537 PGNITENTIALIS.

1971 4567 2137 4639 (Psal.
2167 4567 2378 4623 XXXI.
2409 4598 2482 4609 —
2509 4568 2662 4623 Vers.
2681 4570 2705 4621 1
2724 4567 2770 4638 .)
2804 4568 2985 4636 Beati,
3003 4584 3241 4641 quorum
3253 4571 3506 4634 remisse

1901 4656 2410 4730 suntiniquitates,
2426 4660 2482 4713 et
2510 4672 2743 4729 quorum
2764 4660 2912 4713 tecta
2936 4661 3073 4713 sunt
3095 4664 3354 4731 peccata.

1973 4748 2026 4803 1.
2054 4744 2222 4816 Quasi
2250 4744 2396 4800 dicat
2428 4761 2440 4798 :
2475 4744 2610 4800 Cum
2641 4759 2831 4800 omnes
2858 4745 3029 4802 velint
3057 4762 3178 4805 esse
3206 4748 3374 4820 beati,
3426 4753 3507 4808 di-

1901 4836 2049 4896 versi
2078 4834 2147 4891 de
2175 4832 2508 4890 beatitudine
2539 4831 2751 4888 diversa
2772 4835 3048 4897 sentiunt;
3092 4845 3146 4892 et
3201 4838 3505 4897 desiderio.

1900 4941 2020 4981 rum
2050 4938 2269 4979 suorum
2287 4936 2523 4977 errorem
2543 4927 2831 4990 sectantes,
2846 4923 2917 4977 ad
2932 4922 3275 4981 beatitudinis
3290 4936 3504 4998 portum

1900 5028 1999 5083 per
2013 5011 2175 5069 devia
2205 5010 2389 5068 venire
2416 5018 2744 5081 proponunt.
2781 5010 2887 5064 Sed
2921 5010 3185 5082 quidquid
3224 5013 3302 5067 illi
3348 5017 3501 5072 cesti-

1899 5108 2065 5167 ment,
2099 5096 2245 5155 istud
2276 5107 2358 5156 est
2388 5107 2587 5165 ratum,
2617 5097 2761 5154 islud
2790 5105 2871 5152 est
2913 5098 3259 5166 catholicum,
3327 5090 3499 5159 474

1900 5190 2047 5261 quod
2075 5188 2151 5244 illi
2182 5188 2357 5244 solum
2398 5196 2520 5244 sunt
2574 5187 2740 5255 beati,
2783 5201 3012 5257 quorum
3069 5186 3311 5249 remissae
3376 5202 3502 5253 sunt

1892 5276 2204 5349 iniquitates
2218 5276 2295 5333 ori
2302 5276 2515 5349 ginales
2525 5291 2624 5345 per
2642 5274 3002 5346 baptismum:
3028 5278 3084 5330 et
3095 5291 3330 5346 quorum
3346 5283 3499 5341 tecta

1895 5369 2034 5423 sunt
2069 5370 2306 5439 peccata
2352 5362 2583 5420 actualia
2628 5369 2755 5432 post
2810 5359 3137 5429 baptismum
3182 5367 3493 5428 commissa.

1900 5455 1959 5512 Si
1980 5455 2110 5528 tegit
2149 5452 2393 5510 inﬁrmus
2446 5451 2687 5517 vulnera,
2747 5446 3021 5521 quomodo
3062 5449 3144 5505 illi
3200 5467 3233 5508 α
3282 5443 3499 5519 medico
3564 5454 3567 5457 ’

1898 5543 2184 5601 adhibetur
2209 5540 2483 5601 medicina
2509 5539 2539 5596 ‘t
2554 5539 2746 5597 Nonne
2772 5539 2820 5598 si
2841 5537 3022 5597 celare
3035 5539 3231 5602 vulnus
3248 5547 3501 5627 coeperit,

242 5672 324 5750 (α)
345 5674 495 5735 Hec
526 5673 604 5731 ad
631 5669 844 5732 titulum
870 5668 1074 5729 Psalmi
1100 5667 1408 5730 referuntur
1434 5684 1450 5725 :
1484 5667 1597 5744 ipsi
1613 5665 1791 5726 David
1814 5667 2165 5727 intellectus.
