4034 6166
456 426 559 485 5δ9

1660 405 1904 465 SANCTI
1949 397 2296 465 GREGORII
2326 394 2550 462 MAGNI
3622 413 3710 476 580

451 551 613 606 latius
643 553 928 603 extensum
957 532 1242 596 introrsum
1271 535 1529 609 putrescit
1557 535 1586 586 ‘i
1615 534 1705 590 Sic
1761 540 1813 588 et
1861 547 2052 602 pecca-
2078 532 2134 593 Α
2163 531 2504 600 xv1,32).—
2525 530 2632 585 Nec
2651 531 2806 586 estin
2823 531 3032 603 spiritu
3055 535 3175 606 eius
3199 535 3373 593 dolus.
3397 536 3475 592 Illi
3518 539 3714 610 quidem

449 647 584 704 tum,
654 633 761 690 nisi
809 648 913 704 per
966 628 1364 686 confessionem
1422 623 1728 696 detegatur,
1784 620 2051 676 lethaliter

453 727 510 782 in
543 724 747 782 intimis
777 721 1056 775 dilatatur.
1090 717 1154 772 Et
1183 716 1321 769 sicut
1357 713 1554 768 vulnus
1604 725 1715 766 non
1766 717 2046 766 ostensum

451 815 612 872 etiam
642 827 828 867 sanam
870 822 1086 863 carnem
1109 804 1396 876 putredine
1424 799 1612 866 inficit,
1646 801 1720 854 ita
1765 805 2047 870 peccatum

453 903 556 959 nisi
586 898 892 956 confitendo
923 893 1212 964 reveletur,
1243 893 1409 947 etiam
1440 890 1482 944 si
1511 902 1617 959 qua
1635 887 1708 942 ibi
1739 893 1861 942 sunt
1902 886 2047 941 bona

449 987 763 1058 corrumpit.
792 987 917 1040 Non
949 984 1095 1038 enim
1127 988 1347 1051 accepta
1377 986 1498 1032 sunt
1529 979 1643 1032 Deo
1701 976 1863 1040 bona,
1925 990 2046 1044 quae

451 1079 726 1134 malorum
745 1073 1067 1129 admistione
1082 1070 1438 1125 maculantur.
1457 1065 1562 1122 Sed
1577 1063 1722 1120 aliud
1752 1071 1829 1118 est
1853 1063 1995 1133 quod
2014 1078 2046 1118 a

453 1170 742 1238 peccatore
773 1161 990 1217 homine
1019 1175 1116 1230 per
1163 1156 1585 1213 obstinationem
1641 1153 1855 1226 tegitur,
1899 1150 2044 1205 aliud

451 1255 597 1326 quod
619 1253 907 1308 miserante
946 1250 1060 1303 Deo
1090 1263 1189 1318 per
1207 1245 1584 1301 remissionem
1604 1241 1866 1314 operitur.
1891 1239 2046 1311 Tegit

453 1343 698 1398 medicus
736 1339 933 1394 vulnus
961 1335 1256 1390 sanandum
1287 1331 1667 1398 medicamine,
1717 1329 1849 1400 tegit
1902 1328 2047 1382 Deus

448 1438 733 1503 peccatum
763 1443 846 1494 ea,
881 1441 1001 1497 quae
1031 1421 1426 1478 multitudinem
1474 1428 1817 1491 peccatorum
1875 1415 2048 1486 Operit

454 1515 678 1591 (IPetr.
716 1533 794 1584 ιν,
827 1515 893 1583 8),
928 1513 1208 1568 charitate.
1241 1510 1299 1566 Si
1326 1509 1464 1579 quis
1513 1523 1644 1580 ergo
1687 1511 1910 1577 peccata
1951 1521 2047 1558 sua

449 1616 591 1666 tecta
622 1623 740 1662 esse
771 1603 1064 1668 desiderat,
1088 1601 1202 1654 Deo
1229 1615 1292 1654 ea
1321 1615 1420 1667 per
1446 1612 1632 1653 vocem
1691 1592 2046 1650 confessionis

449 1696 726 1754 ostendat.
768 1693 902 1748 Sunt
933 1699 1106 1745 tamen
1121 1687 1368 1758 quaedam
1387 1692 1626 1757 peccata,
1652 1699 1772 1754 quae
1809 1680 2046 1752 quandiu

449 1787 505 1840 in
533 1787 636 1838 hac
665 1781 777 1837 vita
807 1779 1026 1846 vivitur,
1061 1777 1223 1832 etiam
1253 1793 1284 1830 a
1312 1774 1572 1845 perfectis
1602 1771 1732 1826 viris
1789 1778 1879 1824 aut
1932 1769 2043 1835 vix,

447 1876 544 1929 aut.
571 1871 875 1926 nullatenus
904 1866 1267 1922 declinantur.
1303 1863 1520 1918 Habent
1547 1860 1692 1917 enim
1723 1857 1894 1914 sancti
1946 1855 2044 1911 viri

447 1960 657 2033 aliquid
689 1956 832 2028 quod
862 1957 917 2010 in
947 1957 1048 2009 hac
1077 1953 1186 2008 vita
1215 1952 1429 2022 Operire
1461 1950 1695 2005 debeant
1728 1963 1742 2019 ;
1777 1946 1902 2018 quia
1930 1962 2046 2001 om-

443 2050 671 2105 ninoest
701 2043 1036 2116 impossibile
1065 2049 1121 2096 ut
1176 2041 1229 2094 in
1276 2039 1571 2104 locutione,
1631 2045 1722 2092 aut
1769 2037 1935 2091 etiam
1991 2034 2046 2089 in

451 2132 782 2205 cogitatione
812 2143 1090 2198 nunquam
1122 2125 1457 2196 delinquant.
1502 2121 1730 2179 Student
1759 2121 1927 2192 igitur
1947 2119 2046 2174 viri

451 2221 556 2277 Dei
586 2219 867 2276 oculorum
901 2217 1209 2287 linguaeque
1241 2212 1438 2282 culpas
1455 2220 1637 2282 tegere
1656 2209 1858 2264 meritis
1900 2207 2044 2275 vitae,

445 2309 666 2366 student
693 2305 937 2377 pondere
970 2303 1233 2358 bonorum
1265 2315 1487 2369 operum
1517 2295 2050 2368 premereimmode-

443 2405 564 2454 rata
589 2394 903 2452 verborum.
939 2391 1138 2447 Verum
1169 2388 1447 2462 quomodo
1479 2387 1533 2440 in
1564 2385 1752 2441 electis
1781 2393 1861 2440 est
1882 2383 2050 2454 possi-

446 2485 558 2541 bile
577 2497 762 2539 eorum
787 2478 1247 2552 transgressiones
1263 2475 1501 2546 contegi,
1525 2490 1647 2530 cum
1671 2473 1872 2538 abillo,
1897 2471 2052 2540 cujus

446 2572 618 2630 oculis
649 2569 796 2624 nuda
823 2576 879 2624 et
908 2575 1098 2636 aperta
1123 2572 1246 2620 sunt
1275 2562 1480 2630 omnia,
1512 2578 1619 2615 non
1662 2567 1890 2630 possunt
1944 2561 2047 2614 ab-

451 2659 640 2716 scondi
669 2658 697 2710 ‘?
719 2657 902 2728 (Hebr.
943 2671 1019 2722 1v,
1062 2654 1179 2723 13).
1223 2652 1331 2708 Sed
1361 2651 1486 2722 quia
1516 2652 1619 2705 hoc
1643 2650 1788 2719 quod
1833 2648 2046 2721 tegitur,

459 2746 695 2803 inferius
726 2743 957 2816 ponitur,
992 2751 1045 2798 et
1088 2740 1292 2812 aliquid
1349 2740 1495 2794 aliud
1552 2737 1944 2809 superducitur,
1994 2744 2049 2791 ut

458 2835 607 2907 quod
649 2841 731 2888 est
760 2832 945 2887 subter
975 2831 1230 2902 positum,
1294 2836 1506 2900 tegatur
1537 2845 1548 2889 ;
1585 2834 1770 2898 tegere
1825 2831 2050 2897 peccata

457 2923 710 2990 dicimus,
740 2936 860 2991 qum
881 2920 1036 2991 quasi
1067 2919 1253 2973 subter
1268 2925 1530 2988 ponentes
1552 2915 1891 2971 abdicamus.
1920 2913 2049 2982 Qui-

455 3013 558 3067 bus
580 3011 835 3065 nimirum
855 3008 1003 3079 quasi
1024 3016 1244 3079 tegmen
1264 3005 1694 3076 superducimus,
1716 3005 1840 3058 dum
1870 3003 2048 3057 bono-

462 3115 586 3156 rum
604 3115 834 3170 operum
857 3113 953 3152 nos
976 3097 1290 3150 indumento
1312 3095 1594 3150 vestimus.
1623 3095 1853 3149 Peccata
1869 3091 2050 3160 itaque

451 3188 704 3260 tegimus,
738 3186 784 3240 si
816 3185 957 3240 bona
987 3185 1134 3239 facta
1164 3183 1320 3238 malis
1349 3182 1562 3237 actibus
1591 3195 2044 3250 superponamus.

521 3277 698 3346 (Vers.
723 3273 800 3346 2.)
834 3276 1037 3329 Beatus
1069 3275 1173 3337 vir,
1206 3272 1434 3326 cuinon
1452 3271 1757 3341 imputavit
1779 3270 2050 3327 Dominus

452 3368 777 3437 peccatum,
803 3377 906 3417 nec
937 3365 1020 3430 est
1051 3362 1114 3415 in
1143 3360 1354 3428 spiritu
1383 3359 1505 3428 eius
1538 3357 1716 3412 dotus.

529 3456 581 3507 2.
615 3452 671 3506 Si
702 3467 800 3506 nos
820 3447 1461 3518 netipsosjudicaremus,
1494 3461 1601 3501 non
1618 3446 1804 3516 utique
1844 3444 2056 3514 judica-

461 3555 660 3597 remur.
688 3539 745 3594 Si
765 3537 925 3592 nobis
951 3543 1177 3606 peccata
1219 3541 1403 3590 nostra
1459 3533 1902 3604 imputaverimus
1945 3548 2053 3589 non

461 3643 526 3682 ea
553 3626 710 3682 nobis
740 3625 973 3696 imputat
1000 3626 1150 3679 Deus
1179 3623 1229 3692 (Ι
1252 3625 1374 3679 Cor.
1408 3639 1488 3690 II,
1522 3622 1628 3692 3t).
1665 3621 1720 3678 Si
1750 3638 1815 3677 ea
1845 3622 2054 3676 satisfa-

465 3715 660 3772 ciendo
689 3713 1023 3786 puniremus,
1065 3711 1271 3766 nullum
1295 3710 1383 3781 qui
1414 3727 1515 3766 nos
1543 3710 1596 3765 in
1628 3710 1807 3766 futuro
1845 3711 2052 3780 puniat,

456 3802 842 3860 inveniremus.
883 3803 1150 3872 Imputare
1176 3798 1282 3854 sibi
1332 3798 1507 3854 Adam
1564 3807 1845 3869 peccatum
1901 3816 2054 3854 suum

456 3891 648 3960 noluit,
682 3889 896 3962 quando
927 3889 1140 3959 culpam
1161 3903 1315 3942 suam
1373 3887 1426 3941 in
1474 3887 1784 3942 Creatorem
1832 3887 2054 3957 refudit,

462 3980 651 4037 dicens
685 3997 697 4033 :
747 3977 992 4043 Mulier,
1025 3992 1192 4048 quam
1227 3975 1431 4032 dedisti
1458 3975 1602 4031 mihi
1646 3977 1876 4043 sociam,
1904 3977 2058 4032 dedit

460 4069 605 4124 mihi
633 4068 700 4124 de
723 4068 970 4139 ligno,et
988 4064 1201 4121 comedi
1223 4063 1486 4133 (0672.11),
1518 4065 1626 4132 12).
1647 4063 1800 4120 Unde
1837 4064 1965 4135 quia
2001 4081 2058 4119 se

462 4156 703 4214 conﬁteri
722 4154 1048 4226 culpabilem
1059 4151 1554 4219 renuit,mortifera3
1566 4151 1932 4207 damnationis
1941 4169 2058 4206 sen-

462 4244 688 4300 tentiam
722 4243 790 4298 ad
821 4250 1068 4313 posteros
1098 4240 1259 4294 misit.
1288 4240 1537 4296 Judicare
1577 4249 1753 4295 autem
1818 4240 2058 4312 seipsum

457 4348 619 4389 nemo
646 4329 866 4402 poterit,
896 4327 998 4384 nisi
1027 4329 1116 4400 qui
1143 4326 1352 4387 virifem
1383 4327 1621 4383 animum
1648 4328 1719 4383 ad
1748 4326 1880 4385 vitia
1933 4344 2050 4401 per-

461 4421 799 4493 sequendum
829 4418 1072 4486 assumit,
1104 4418 1243 4472 sicut
1276 4431 1375 4486 per
1429 4416 1680 4471 eumdem
1736 4419 2057 4487 prephetam

462 4509 656 4564 dicitur
678 4526 690 4561 :
718 4510 1025 4579 Persequar
1048 4505 1310 4561 inimicos
1325 4520 1495 4572 meos,
1515 4509 1570 4561 et
1589 4503 2057 4576 comprehendam

2155 628 2439 691 peccatum
2463 635 2572 674 non
2588 619 2958 692 imputabitur,
2982 621 3036 676 in
3052 624 3204 692 cujus
3219 624 3404 694 spiritu
3423 627 3571 683 dolus
3587 645 3716 685 men-

2157 708 2298 763 dacii
2329 723 2435 762 non
2468 708 2771 762 invenitur:
2815 708 2901 778 qui
2932 727 2988 764 se
3006 710 3214 780 justum
3243 729 3359 768 esse
3386 729 3488 770 non
3507 717 3717 788 simulat,

2156 797 2246 866 qui
2278 812 2337 851 ea
2369 796 2534 850 etiam
2568 811 2692 868 quae
2723 798 2934 853 occulte
2963 798 3208 869 deliquit,
3241 816 3347 856 non
3376 803 3531 876 celat.
3554 805 3717 876 [aspi-

2155 885 2261 940 ritu
2288 884 2566 956 publicani
2596 884 2666 938 ad
2696 885 2960 955 templum
2982 889 3341 958 ascendentis,
3374 875 3530 943 475
3583 875 3723 949 dolus

2157 989 2263 1029 non
2300 973 2398 1028 fuit
2425 989 2435 1024 :
2463 973 2590 1044 quia
2613 973 2741 1027 dum
2757 973 2907 1028 illum
2927 992 3086 1045 quem
3104 977 3314 1032 occulta
3333 993 3434 1033 non
3448 987 3719 1049 transeunt,

2155 1062 2370 1133 placare
2399 1062 2570 1118 voluit
2592 1061 2851 1130 judicem,
2885 1063 3128 1120 confiteri
3161 1081 3219 1120 se
3249 1081 3355 1121 non
3384 1066 3585 1122 erubuit
3608 1085 3719 1138 pec-

2153 1158 2385 1204 catorem
2401 1191 2414 1204 .
2456 1150 2540 1204 Ait
2562 1166 2821 1221 namque:
2840 1150 2996 1208 Deus
3016 1156 3302 1226 propitius
3322 1159 3434 1210 esto
3449 1155 3580 1211 mihi
3607 1172 3717 1228 pec-

2153 1239 2335 1294 catori
2367 1239 2526 1305 (Luc.
2565 1255 2717 1305 xvm,
2751 1243 2861 1311 13).
2894 1241 3066 1311 Magis
3094 1258 3225 1314 ergo
3249 1241 3564 1311 justiﬁcatus
3603 1245 3717 1300 des-

2153 1327 2355 1395 cendit,
2388 1343 2548 1396 quam
2581 1327 2669 1396 qui
2699 1344 2757 1382 se
2787 1329 2855 1383 de
2871 1329 3185 1384 meritorum
3206 1331 3599 1387 enumeratione
3619 1332 3724 1401 jac-

2155 1415 2323 1469 tabat.
2345 1415 2594 1486 Denique
2633 1423 2684 1470 et
2708 1416 2886 1486 justus
2915 1416 2970 1470 in
3007 1417 3275 1488 principio
3296 1419 3552 1474 sermonis
3569 1433 3718 1474 accu—

2155 1511 2296 1558 sator
2326 1511 2405 1557 est
2427 1503 2508 1557 sui
2530 1504 2711 1573 (Prov.
2737 1520 2894 1572 xvut,
2930 1507 3037 1574 t7).
3064 1506 3122 1559 In
3147 1506 3408 1562 Pharisaei
3430 1522 3553 1563 vero
3571 1506 3722 1576 spiri-

2155 1599 2211 1646 tu
2241 1591 2398 1647 dolus
2425 1591 2543 1658 fuit,
2577 1592 2670 1662 qui
2699 1592 2875 1665 magis
2904 1593 3095 1660 videri,
3129 1609 3290 1664 quam
3311 1610 3425 1650 esse
3445 1595 3612 1665 justus
3627 1610 3720 1663 op-

2156 1680 2306 1734 tavit.
2335 1680 2474 1733 Dum
2506 1695 2637 1751 ergo
2669 1695 2735 1735 ea
2767 1697 2888 1751 quae
2945 1680 3184 1737 clamare
3224 1681 3500 1750 debuerat,
3553 1681 3720 1749 tacuit,

2155 1768 2322 1822 miser
2351 1767 2496 1838 quod
2528 1768 2631 1821 sibi
2665 1769 2951 1823 tacendum
2981 1777 3146 1834 esset.
3206 1771 3478 1825 clamavit.
3533 1771 3595 1825 Et
3642 1785 3729 1841 per

2075 1885 2127 1945 Β
2156 1855 2488 1926 superbiam,
2521 1856 2688 1928 siqua
2716 1855 2769 1910 in
2791 1873 2857 1913 eo
2907 1857 3143 1925 fuerant,
3178 1859 3371 1914 minuit
3408 1859 3610 1927 merita,
3648 1859 3731 1928 qui

2156 1944 2426 1998 humiliari
2455 1951 2821 2014 contemnens,
2850 1946 3071 2002 adauxit
3099 1956 3344 2017 peccata.
3378 1949 3444 2003 Et
3471 1963 3570 2003 nos
3611 1961 3730 2018 ergo

2155 2033 2406 2102 exemplo
2436 2031 2597 2102 hujus
2622 2033 2919 2102 publicani,
2953 2051 3398 2106 praeoccupemus
3427 2035 3612 2090 faciem
3639 2037 3729 2089 hu-

2150 2122 2240 2191 jus
2249 2121 2450 2190 judicis
2481 2123 2533 2175 in
2578 2122 2942 2190 confessione,
2975 2131 3028 2178 et
3057 2122 3397 2179 effundamus
3426 2139 3598 2180 coram
3651 2122 3733 2176 illo

2157 2209 2320 2264 corda
2349 2218 2550 2277 nostra,
2584 2210 2830 2265 levantes
2859 2227 3024 2281 puras
3052 2228 3244 2267 manus
3275 2212 3392 2268 sine
3433 2213 3507 2266 ira
3562 2219 3611 2266 et
3658 2211 3730 2280 (a)

2160 2298 2567 2367 disceptatione,
2601 2299 2655 2352 in
2689 2299 2872 2354 habitu
2899 2301 3173 2370 ordinato,
3204 2317 3331 2356 cum
3344 2298 3663 2356 verecundia
3691 2306 3737 2352 et

2158 2386 2456 2441 sobrietate
2489 2404 2501 2439 :
2537 2394 2593 2441 ut
2624 2385 2714 2456 qui
2745 2387 2893 2442 omni
2924 2389 3205 2444 tentationi
3229 2397 3505 2459 patentes,
3536 2401 3734 2442 manum

2158 2472 2402 2545 eﬂ‘ugere
2429 2489 2537 2529 non
2592 2490 2880 2544 possumus
2924 2476 3148 2546 judicis,
3208 2493 3312 2548 per
3360 2475 3735 2533 confessionem

2157 2562 2421 2631 mundati,
2492 2563 2833 2619 clementiam
2887 2565 3229 2635 experiamur
3288 2563 3648 2621 misericordis
3698 2562 3738 2629 (Ι

2161 2651 2297 2706 Tim.
2329 2666 2390 2718 ιι,
2423 2655 2474 2719 8,
2509 2655 2589 2722 9).

2232 2740 2405 2808 (Vers.
2433 2741 2511 2810 3.)
2576 2740 2855 2809 Quoniam
2911 2742 3084 2810 tacui,
3121 2742 3583 2800 inveteraverunt
3625 2755 3738 2798 ossa

2157 2843 2302 2894 mea,
2344 2829 2478 2882 dum
2509 2831 2821 2885 clamarem
2853 2834 2972 2885 tota
3002 2831 3112 2886 die.
3377 2893 3386 2900 _

2227 2919 2286 2970 3.
2327 2915 2446 2988 Ille,
2479 2917 2534 2970 in
2563 2917 2712 2985 cujus
2741 2917 2932 2987 spiritu
2966 2918 3128 2974 dolus
3157 2935 3269 2974 non
3299 2927 3402 2984 est,
3437 2919 3618 2973 beatus
3669 2922 3742 2971 est

2157 3021 2186 3059 e
2204 3005 2470 3060 contrario
2502 3004 2618 3073 ille,
2657 3005 2711 3058 in
2736 3006 2892 3076 cujus
2921 3006 3114 3076 spiritu
3132 3007 3295 3063 dolus
3319 3015 3417 3078 est,
3449 3006 3631 3061 infelix
3649 3011 3742 3060 est.

2158 3093 2223 3147 Et
2254 3093 2355 3147 hoc
2386 3092 2516 3147 mihi
2543 3101 2774 3162 experto
2802 3094 3135 3149 credendum
3163 3103 3244 3150 est
3278 3115 3290 3150 :
3326 3111 3452 3149 nam
3465 3096 3741 3149 invetera-

2158 3186 2361 3236 verunt
2391 3197 2515 3236 ossa
2537 3197 2681 3249 mea,
2722 3184 2986 3253 quoniam
3019 3185 3194 3251 tacui,
3249 3183 3386 3240 dum
3427 3185 3741 3239 clamarem.

2165 3270 2265 3324 Per
2292 3284 2420 3324 ossa
2451 3269 2709 3324 nimirum
2740 3270 2965 3325 virtutes
2993 3271 3312 3342 accipimus,
3345 3273 3473 3344 quia
3530 3286 3626 3340 per
3665 3283 3748 3323 eas

2162 3358 2423 3427 animam,
2445 3357 2582 3412 sicut
2611 3374 2806 3429 corpus
2835 3374 2932 3430 per
2972 3374 3120 3426 ossa,
3180 3368 3567 3415 sustentamus.
3625 3356 3746 3424 Qua

2163 3446 2406 3517 profecto
2438 3446 2828 3512 inveterantur,
2863 3447 3079 3518 quando
3109 3463 3142 3502 a
3172 3456 3318 3503 statu
3377 3464 3493 3503 sua
3543 3445 3745 3502 fortitu—

2163 3534 2308 3589 dinis
2339 3533 2693 3590 infirmantur.
2723 3536 2870 3591 Sicut
2889 3536 3035 3590 enim
3053 3536 3372 3592 morborum
3391 3535 3746 3590 infestationes

2162 3623 2401 3692 corporis
2429 3623 2860 3692 ossadebilitant,
2901 3625 3153 3679 vitiorum
3202 3625 3533 3696 importunae
3572 3622 3745 3678 turba-

2164 3711 2335 3766 tiones
2363 3711 2557 3768 animae
2586 3712 2809 3768 virtutes
2836 3711 3132 3766 infirmant.
3163 3713 3253 3767 Ait
3270 3730 3406 3785 ergo
3440 3732 3451 3766 :
3479 3714 3746 3768 Invetera-

2164 3803 2368 3856 verunt
2391 3816 2511 3857 ossa
2538 3815 2681 3856 mea.
2706 3804 2780 3855 Ac
2809 3801 2856 3855 si
2877 3800 3021 3855 dicat
3047 3819 3061 3855 :
3085 3801 3325 3857 Virtutes
3342 3810 3397 3858 et
3415 3801 3638 3872 justitia,
3673 3797 3749 3854 vel

2163 3889 2303 3943 ratio
2335 3896 2388 3942 et
2417 3888 2794 3960 intelligentia,
2825 3888 2901 3943 ita
2929 3888 2984 3943 in
3007 3905 3092 3944 me
3151 3889 3458 3945 debilitata:
3507 3895 3644 3954 sunt,
3697 3893 3750 3938 ut

2165 3991 2266 4032 nec
2293 3992 2392 4046 per
2437 3992 2524 4031 me
2564 3976 2782 4046 quidem
2840 3977 2987 4032 vitiis
3041 3976 3318 4044 resistere,
3371 3994 3474 4032 nec
3531 3976 3750 4032 animam

2164 4080 2392 4135 aegram,
2425 4073 2480 4120 et
2505 4064 2573 4120 ad
2599 4065 2708 4120 ima
2736 4073 3003 4132 ruentem,
3038 4065 3299 4120 virtutum
3337 4066 3551 4122 valeam
3607 4061 3750 4118 forti-

2167 4153 2351 4208 tudine
2367 4160 2685 4208 sustentare.
2705 4153 2770 4207 Et
2784 4152 2908 4224 quia
2925 4169 3021 4223 per
3037 4152 3404 4210 humilitatem
3417 4149 3757 4210 confessionis

2165 4241 2236 4296 ad
2266 4256 2466 4298 novum
2494 4240 2771 4297 hominem
2799 4242 3092 4312 pervenire
3131 4242 3307 4311 nolui,
3363 4259 3467 4314 per
3507 4255 3756 4308 arrogan-

2165 4328 2254 4384 tiae
2277 4329 2596 4400 jactantiam
2627 4328 2681 4382 in
2712 4330 2906 4384 veteris
2925 4327 3234 4386 inﬁrmitate
3263 4330 3544 4402 permansi
3590 4326 3757 4397 Quare

2163 4428 2342 4476 autem
2371 4418 2822 4485 inveteraverunt,
2854 4433 3067 4473 causam
3099 4419 3294 4488 apetit,
3329 4435 3459 4476 cum
3487 4418 3589 4474 ait:
3619 4415 3758 4480 Quo-

2165 4510 2324 4565 niam
2357 4507 2534 4573 tacui,
2564 4505 2698 4562 dum
2727 4505 3038 4563 clamarem
3055 4511 3176 4563 tota
3205 4508 3322 4564 die.
3353 4507 3491 4563 Cum
3537 4507 3757 4563 clamare

455 4597 609 4665 illos,
632 4601 686 4651 et
705 4610 820 4650 non
837 4598 1134 4650 convertar
1149 4594 1321 4650 donec
1334 4593 1601 4658 deﬁciant
1619 4594 2060 4666 (Psat.xvn,38).
2089 4580 2144 4641 D
2175 4606 2228 4653 et
2253 4605 2430 4652 tacere
2454 4594 2594 4650 inter
2611 4611 2670 4650 se
2707 4603 3029 4668 repugnent,
3062 4597 3343 4666 quomodo
3373 4604 3550 4667 potest
3580 4595 3687 4650 ﬁeri
3708 4602 3757 4647 ut

461 4685 568 4754 Qui
609 4684 752 4739 enim
782 4683 962 4737 mollis
991 4690 1088 4749 est,
1122 4690 1175 4736 et
1203 4682 1492 4737 dissolutus
1520 4681 1573 4735 in
1603 4697 1766 4751 opere
1795 4697 1914 4750 suo,
1949 4681 2064 4738 fra-

2172 4685 2369 4756 aliquis
2400 4691 2590 4753 taceat,
2619 4691 2671 4739 et
2700 4683 2895 4740 clamet
2925 4684 2952 4736 εἰ
2979 4683 3086 4740 Sed
3116 4683 3208 4738 ille
3241 4691 3385 4740 tacet
3406 4685 3675 4752 nimirum,
3709 4688 3755 4735 et

456 4779 537 4828 ter
560 4779 642 4828 est
671 4785 840 4842 Opera
869 4786 965 4825 sua
992 4769 1303 4841 dissipantis
1332 4771 1513 4839 (Prov.
1545 4785 1662 4837 xm,
1695 4769 1768 4838 9).
1804 4769 1933 4826 Ideo
1973 4769 2066 4824 di-
2166 4775 2389 4842 clamat,
2415 4773 2506 4845 qui
2524 4780 2746 4842 peccata
2766 4772 2985 4842 quidem
3014 4788 3113 4828 sua
3133 4772 3354 4829 silentio
3385 4772 3758 4844 contegit,me-

454 4860 536 4915 xit
569 4861 812 4916 :Beatus
834 4860 938 4915 vir.
969 4857 1138 4926 Quasi
1167 4857 1313 4913 dicat
1347 4874 1358 4910 :
1406 4856 1495 4912 Ad
1544 4858 1645 4912 hoc
1697 4872 1834 4928 opus
1899 4873 2060 4913 nemo

453 4963 743 5022 assurgere
774 4948 1051 5017 praevalet,
1080 4946 1186 5002 nisi
1218 4946 1306 5018 qui
1336 4953 1539 5002 sanctas
1561 4945 1888 5000 fortitudinis
1916 4947 2058 5002 vires

455 5035 644 5092 habet.
685 5034 823 5104 Quid
858 5035 1001 5090 enim
1031 5033 1244 5100 fortius,
1277 5049 1437 5103 quam
1454 5049 1642 5088 omnes
1669 5032 1832 5088 animi
1852 5033 1931 5088 sui
1949 5050 2058 5090 mo-

455 5133 542 5180 tus
571 5123 766 5180 rationi
796 5123 1072 5195 subigere,
1094 5121 1276 5177 omnia
1303 5121 1484 5198 carnis
1531 5121 1799 5176 desideria
1836 5121 2054 5193 spiritus

457 5213 662 5270 virtute
693 5213 931 5275 frenare.
964 5210 1212 5282 proprias
1231 5209 1540 5266 voluntates
1595 5209 1852 5279 abjicere,
1912 5226 2049 5265 con-

456 5310 560 5356 tem
570 5301 676 5372 ptis
705 5298 1020 5356 visibilibus
1035 5315 1099 5355 ea
1118 5314 1236 5368 quae
1252 5314 1360 5354 non
1375 5299 1625 5354 videntur
1641 5313 1824 5354 amare
1843 5298 1872 5350 ‘?
1895 5299 2049 5355 Unde

455 5397 514 5443 et
537 5387 795 5444 Salomon
809 5389 912 5444 ait:
938 5389 1128 5445 Melior
1147 5391 1231 5443 est
1239 5389 1488 5459 patiens,
1509 5388 1627 5443 viro
1649 5387 1826 5457 forti.-
1865 5391 1921 5444 et
1952 5389 2048 5460 qui

449 5475 979 5535 dominaturanimo
996 5492 1115 5545 suo,
1157 5479 1548 5550 expugnatore
1597 5475 2044 5548 urbium(Prov.

2165 4861 2266 4917 rita
2293 4877 2424 4918 vero
2470 4877 2571 4930 per
2623 4874 2814 4916 vocem
2851 4859 3321 4932 magniﬁcationis
3381 4860 3608 4916 extollit.
3660 4860 3756 4911 Aut

2164 4956 2311 5007 certe
2341 4949 2432 5005 ille
2463 4956 2618 5014 tacet,
2654 4955 2706 5004 et
2731 4948 2945 5017 clamat,
2971 4950 3067 5018 qui
3098 4955 3325 5017 peccata
3358 4949 3582 5019 quidem
3619 4961 3756 5019 pra:-

2163 5039 2319 5093 terita
2347 5053 2446 5107 per
2469 5035 2864 5093 confessionem
2895 5051 3001 5091 non
3051 5036 3358 5104 annuntiat,
3421 5045 3475 5092 et
3529 5051 3626 5106 per
3673 5047 3760 5089 cor

2161 5125 2506 5198 impcenitens
2534 5125 2643 5180 alia
2671 5125 3031 5191 committere,
3065 5132 3288 5195 accepta
3311 5123 3581 5195 peccandi
3597 5121 3757 5178 liber-

2157 5223 2284 5281 tate,
2313 5229 2422 5268 non
2460 5220 2656 5269 cessat.
2689 5213 2826 5267 Nam
2877 5212 3021 5283 quod
3075 5220 3364 5283 peccatum
3423 5212 3631 5268 clamor
3677 5208 3758 5272 sit,

2157 5306 2385 5357 testatur
2418 5301 2707 5371 Scriptura
2736 5317 2860 5372 quae
2888 5300 3015 5356 dicit
3042 5316 3053 5353 :
3088 5301 3316 5357 Clamor
3333 5300 3696 5357 Sodomorum
3711 5299 3762 5352 et

2164 5390 2647 5448 Gomorrlurorum
2669 5389 2926 5446 ascendit
2945 5388 3017 5444 ad
3046 5404 3134 5444 me
3165 5385 3349 5458 (Gen.
3373 5404 3536 5456 xvur,
3571 5387 3680 5455 20).
3699 5383 3764 5438 Et

2156 5478 2352 5536 iterum
2369 5479 2744 5535 :Descendam
2757 5478 2941 5534 videre
2959 5481 3152 5534 utrum
3173 5477 3493 5534 clamorem
3508 5476 3604 5552 qui
3617 5472 3762 5531 venit

448 5589 615 5721 mm
637 5590 828 5652 Bamb.
851 5607 978 5652 cum
1008 5591 1158 5652 Gilot
1186 5601 1242 5651 et
1269 5591 1804 5667 Vatic.,deeepttoue
1822 5614 1844 5650 .-
1871 5593 2017 5670 quod
2043 5609 2146 5668 pro
2163 5609 2356 5652 errore
2392 5592 2464 5651 ab
2489 5604 2596 5652 una
2626 5594 2715 5652 ed.
2742 5594 2798 5651 in
2830 5593 2972 5655 alias
2999 5594 3215 5653 incaute
3246 5594 3538 5667 translato,
3570 5588 3754 5650 haberi
