4034 6166
251 303 344 358 561

954 295 1030 353 IN
1067 295 1338 354 SEPTEM
1378 293 1618 352 PSALM.
1659 286 1927 356 PCENIT.
1968 289 2370 351 EXPOSITIO.
2401 325 2466 337 --
2504 296 2688 355 PSAL.
2733 293 2805 355 Ιῐ.

3443 304 3548 362 562

249 425 320 483 ad
346 439 455 489 me.
501 436 663 496 opere
709 421 1113 494 compteverint
1157 421 1337 493 (Ibid,
1389 419 1497 489 21).
1552 419 1834 474 Peccatum
1860 414 1919 478 A
1948 419 3546 501 meamDomino;etturemisistiimpietatempeccatimet

251 514 454 588 quippe
483 527 606 568 cum
647 526 800 580 voce,
841 511 997 582 culpa
1043 517 1127 566 est
1167 510 1224 565 in
1271 509 1481 565 actione
1517 524 1529 563 :
1563 515 1842 579 peccatum

251 618 373 659 cum
403 601 663 668 clamore,
697 607 776 654 est
806 601 969 670 culpa
997 614 1120 656 cum
1149 600 1422 654 libertate.
1462 600 1606 654 Dum
1633 597 1845 652 clama-

256 708 373 748 rem
405 693 526 746 tota
555 689 670 745 die.
709 689 842 744 Tota
873 689 961 744 die
989 687 1210 755 clamat,
1243 687 1332 759 qui
1376 702 1475 758 pro
1523 684 1669 741 omni
1698 684 1845 738 bono

253 794 416 851 opere
447 778 596 848 quod
627 778 761 849 agit,
789 777 1002 832 laudari
1033 776 1274 838 aﬁ‘ectat‘;
1309 777 1396 833 vel
1429 776 1593 831 etiam
1623 781 1730 834 tota
1759 771 1846 826 die

247 868 464 934 clamat,
502 867 594 938 qui
623 865 841 936 publice
869 881 1097 938 peccare
1127 881 1231 922 non
1266 864 1523 936 trepidat.

309 957 490 1028 (Vers.
546 956 625 1025 4.)
673 955 948 1022 Quoniam
997 955 1087 1011 die
1132 971 1200 1012 ac
1242 958 1408 1011 nocte
1451 955 1689 1024 gravata
1754 952 1841 1007 est

246 1061 417 1117 super
442 1061 533 1102 me
564 1061 768 1101 manus
799 1049 898 1102 tua
927 1064 946 1101 :
977 1061 1272 1102 conversus
1301 1059 1428 1100 sum
1471 1043 1532 1097 in
1580 1055 1841 1097 aerumna

245 1151 386 1200 mea,
422 1134 561 1190 dum
588 1134 893 1206 conﬁgitur
921 1136 1108 1207 spina.

308 1224 359 1278 4.
395 1223 550 1280 Sicut
595 1239 699 1294 per
729 1232 937 1280 uectem
983 1237 1154 1294 opera
1201 1221 1568 1289 tenebrarum,
1620 1221 1696 1275 ita
1742 1235 1840 1288 per

239 1311 402 1381 diem,
417 1311 686 1368 bonorum
703 1312 1058 1386 intelligimus
1075 1312 1250 1367 lucem
1269 1313 1567 1368 actionum.
1585 1309 1688 1378 Qui
1702 1323 1836 1382 ergo

236 1416 467 1472 peccare
513 1417 623 1458 non
673 1402 887 1470 desinit,
938 1410 993 1457 et
1039 1401 1249 1458 caeteris
1295 1417 1354 1456 se
1395 1400 1708 1471 praeferens,
1742 1414 1839 1468 per

231 1491 366 1547 bona
397 1507 569 1562 opera
599 1491 856 1562 superbit,
892 1491 980 1546 die
1027 1507 1089 1546 ac
1136 1497 1292 1546 nocte
1331 1490 1530 1544 divina:
1576 1488 1832 1559 potentiae

230 1581 360 1633 iram
392 1580 642 1634 incurrit.
676 1581 771 1635 Vel
797 1581 887 1636 die
915 1597 981 1637 ac
1011 1584 1193 1648 nocte,
1218 1579 1273 1633 id
1295 1588 1373 1634 est
1393 1579 1446 1633 in
1470 1577 1830 1649 prosperitate

226 1677 274 1723 et
312 1669 672 1724 adversitate.
709 1669 950 1726 Gravata
981 1675 1066 1726 est
1093 1685 1258 1742 super
1302 1685 1390 1724 me
1439 1684 1646 1723 manus
1697 1671 1821 1724 tua.

2026 509 2077 562 6.
2110 506 2270 577 Quod
2311 508 2561 566 delictum
2594 530 2773 569 meum
2801 516 3078 589 cognitum
3111 517 3207 573 tibi
3239 517 3363 587 feci,
3396 518 3545 592 quod

1952 595 2242 666 injustitias
2273 613 2422 654 meas
2449 615 2556 656 non
2585 602 2862 674 abscondi,
2895 621 2999 662 non
3029 606 3126 661 fuit
3153 622 3217 662 ex
3246 608 3544 663 necessita-

1954 691 2022 750 te,
2046 683 2129 739 vel
2153 685 2381 757 alicujus
2400 689 2634 744 levitatis
2655 692 2954 758 occasione,
2973 694 3070 750 sed
3085 711 3149 750 ex
3173 695 3467 766 paenitendi
3488 705 3541 751 et

1952 772 2238 828 conﬁtendi
2257 777 2745 846 praemeditatione.
2767 781 2905 835 Nam
2924 783 3079 849 Dixi,
3103 783 3159 838 id
3187 790 3266 838 est
3294 784 3348 838 in
3379 783 3541 840 corde

1953 876 2073 916 meo
2115 863 2271 918 statui
2312 882 2324 918 :
2363 866 2676 934 Conﬁtebor
2711 869 3010 926 adversum
3046 887 3134 928 me
3183 873 3538 940 iniustitiam
3637 897 3642 903 ·

1950 964 2133 1006 meam
2165 953 2415 1008 Domino.
2445 955 2746 1011 Adversum
2777 974 2832 1012 se
2861 957 3166 1027 conﬁtetur,
3199 961 3289 1029 qui
3317 961 3539 1016 omnino

1948 1037 2238 1096 conﬁtetur
2261 1044 2404 1114 quod
2426 1045 2620 1114 aperit.
2645 1045 2749 1113 Qui
2769 1047 2825 1100 in
2845 1047 3052 1116 peccati
3075 1047 3414 1104 confessione
3435 1049 3540 1104 sibi

1947 1144 2057 1185 non
2080 1131 2286 1201 parcit;
2320 1131 2582 1204 quidquid
2600 1135 2866 1204 peccavit,
2893 1151 3000 1190 non
3023 1137 3134 1192 Deo
3158 1137 3403 1207 imputat,
3429 1153 3537 1193 non

1947 1220 2061 1275 Deo
2091 1228 2329 1287 annotet,
2350 1236 2457 1276 non
2487 1221 2714 1279 fortuna:
2740 1223 3000 1292 attribuit,
3025 1240 3131 1281 non
3163 1225 3404 1294 diabolo,
3429 1243 3536 1282 non

1946 1309 2340 1365 constellationi
2385 1311 2624 1366 ascribit.
2701 1313 2760 1366 In
2807 1329 2872 1368 eo
2919 1321 3099 1370 autem
3145 1329 3430 1371 evasurum
3479 1331 3534 1370 se

1943 1398 2130 1466 credit,
2164 1399 2206 1453 si
2237 1399 2337 1454 sibi
2369 1399 2535 1455 iratus
2564 1417 2622 1457 se
2651 1401 2768 1457 sine
2799 1403 3169 1459 moderatione
3199 1412 3434 1460 accusat.
3467 1405 3538 1460 Et

1943 1491 2008 1542 tu
2020 1489 2303 1544 remisisti
2317 1491 2671 1561 impietatem
2685 1495 2903 1562 peccati
2924 1493 3052 1549 mei.
3070 1494 3302 1548 Attende
3323 1502 3537 1566 quantae

1941 1577 2007 1631 sit
2038 1577 2167 1632 indu
2195 1579 2394 1651 gentiae
2440 1579 2616 1634 vitalis
2662 1581 2938 1652 velocitas,
2991 1592 3190 1652 quanta
3229 1582 3535 1638 misericor-

1940 1665 2041 1721 diae
2065 1667 2162 1722 Dei
2189 1668 2609 1736 commendatio,
2640 1677 2696 1724 ut
2724 1669 3030 1726 conﬁtentis
3065 1671 3395 1728 desiderium
3435 1689 3533 1728 co-

225 1759 384 1826 476
414 1757 560 1826 Quia
589 1759 734 1813 enim
762 1767 815 1813 et
842 1762 898 1812 in
928 1759 1174 1814 adversis
1202 1757 1481 1824 succubui,
1506 1756 1632 1811 etin
1653 1772 1817 1826 pros-
1849 1773 1903 1835 Β
1939 1755 2154 1811 mitetur
2201 1758 2384 1826 venia,
2437 1766 2726 1828 antequam
2777 1761 2846 1814 ad
2895 1762 3197 1816 cruciatum
3253 1762 3539 1832 perveniat

225 1847 357 1916 peris
389 1863 480 1901 me
507 1847 666 1900 nimis
694 1849 862 1914 erexi,
893 1849 1035 1902 iram
1074 1857 1178 1902 tum
1224 1846 1479 1917 potentiae
1523 1861 1686 1914 super
1734 1861 1818 1898 me

225 1935 544 2004 provocavi.
585 1936 897 1992 Conversus
943 1954 1069 1993 sum
1110 1938 1174 1991 in
1219 1952 1478 1991 aerumna
1508 1951 1656 1999 mea,
1689 1934 1824 1988 dum

229 2026 529 2096 conﬁgitur
558 2027 724 2097 spina
748 2045 766 2081 :
790 2027 1051 2096 quoniam
1072 2041 1262 2080 manus
1286 2033 1394 2091 tua,
1421 2039 1541 2094 quae
1563 2023 1826 2092 superbos

231 2114 494 2181 humiliat,
530 2114 768 2170 humiles
798 2115 1020 2182 exaltat,
1053 2122 1275 2188 gravata
1304 2123 1383 2169 est
1412 2129 1574 2184 super
1603 2129 1709 2168 me.
1743 2114 1825 2167 Me

231 2203 369 2257 enim
402 2204 705 2273 superbum
737 2204 1035 2274 depressit;
1071 2205 1195 2276 quia
1215 2219 1322 2258 non
1347 2203 1520 2257 solum
1542 2210 1824 2272 peccatum

233 2291 357 2344 mihi
391 2292 664 2346 dominari
697 2293 960 2362 permisit,
987 2295 1079 2347 sed
1107 2295 1270 2348 etiam
1299 2292 1366 2348 de
1399 2307 1504 2362 qua
1534 2292 1692 2345 nimis
1711 2289 1823 2362 glo-

229 2379 424 2448 riabar,
446 2379 716 2449 justitiam
746 2381 876 2435 mihi
907 2380 1182 2437 difﬁcilem
1205 2382 1352 2436 fecit.
1379 2380 1507 2436 ldeo
1528 2394 1826 2436 conversus

233 2485 347 2522 sum
381 2470 450 2523 in
480 2485 743 2525 (erumna
772 2487 918 2526 mea.
951 2470 1054 2538 Qui
1086 2471 1227 2525 enim
1257 2469 1325 2524 de
1355 2486 1440 2524 me
1470 2485 1826 2549 praesumens,

229 2557 371 2625 quasi
424 2555 650 2612 divitem
682 2573 770 2613 me
793 2559 942 2628 prius
973 2567 1023 2614 et
1053 2558 1252 2613 nullius
1299 2567 1548 2631 egentem
1591 2557 1826 2634 credidi,

223 2653 407 2714 postea
441 2644 510 2700 ad
545 2661 630 2700 me
660 2647 917 2711 rediens,
969 2662 1126 2717 quam
1177 2647 1277 2701 sim
1327 2648 1491 2701 miser
1536 2655 1588 2700 et
1636 2646 1821 2701 infelix

223 2734 438 2805 agnovi.
457 2732 528 2787 Et
545 2733 648 2788 hoc
667 2734 789 2803 feci,
808 2735 942 2791 dum
955 2735 1448 2808 con/igiturspina.
1464 2737 1566 2790 Per
1584 2735 1792 2805 spinam
1805 2777 1819 2804 ,

221 2836 370 2876 omne
425 2832 714 2893 peccatum
767 2823 890 2879 ideo
937 2823 1222 2894 accipitur,
1273 2826 1400 2895 quia
1437 2825 1568 2879 dum
1606 2825 1820 2879 confert

225 2909 660 2978 delectationem,
679 2912 834 2983 quasi
854 2913 1150 2984 pungendo
1171 2914 1375 2968 lacerat
1395 2922 1652 2968 mentem.
1678 2913 1827 2968 Tunc

224 3006 394 3054 autem
427 3000 742 3070 paenitentis
770 3001 948 3055 anima
989 3002 1060 3056 ad
1100 3001 1396 3056 lamentum
1437 3001 1668 3067 ducitur,
1702 3017 1824 3055 cum

1930 1845 2284 1915 poenitentia;
2333 1855 2459 1902 ante
2489 1848 2740 1903 remissio
2790 1849 2858 1903 ad
2904 1865 2998 1904 cor
3043 1850 3341 1919 perveniat,
3373 1866 3537 1922 quam

1931 1935 2201 1989 confessio
2215 1936 2267 1988 in
2286 1952 2476 1991 vocem
2492 1945 2754 2007 erumpat.
2780 1939 2858 1993 Tu
2869 1939 3153 1994 remisisti
3167 1940 3539 2013 impietatem

1929 2024 2158 2094 peccati
2184 2026 2318 2078 m~~i.
2372 2026 2447 2078 Tu
2480 2027 2568 2096 qui
2599 2027 2747 2079 solus
2779 2027 2974 2096 parcis,
3010 2028 3097 2097 qui
3129 2028 3281 2082 solus
3311 2034 3539 2098 peccata

1933 2111 2190 2166 dimittis:
2216 2114 2334 2182 quis
2367 2114 2509 2167 enim
2536 2122 2709 2185 potest
2730 2113 2999 2168 dimittere
3025 2123 3276 2184 peccata,
3304 2117 3401 2170 nisi
3437 2131 3533 2171 so-

1933 2195 2018 2258 lus
2038 2205 2230 2258 Deus?
2260 2204 2412 2271 (Luc.
2440 2219 2514 2271 ιν,
2540 2204 2650 2272 21.)
2676 2203 2966 2258 remisisti
3004 2204 3364 2276 impietatem
3398 2221 3533 2276 pec-

1933 2294 2050 2348 cati
2081 2295 2236 2350 mei;
2275 2292 2554 2363 proiecisti
2599 2300 2721 2362 post
2755 2300 2962 2363 tergum
3010 2300 3158 2346 tuum
3189 2293 3371 2347 omnia
3400 2308 3534 2364 pec-

1933 2386 2056 2433 cata
2073 2394 2193 2432 mea
2224 2378 2323 2447 (Is.
2345 2393 2581 2443 xxxvm,
2603 2382 2714 2449 t7).
2735 2379 2900 2445 477
2917 2377 3038 2430 Non
3058 2378 3235 2432 solum
3252 2387 3538 2450 peccatum

1937 2462 2215 2530 remisisti,
2239 2463 2335 2516 sed
2365 2463 2526 2517 etiam
2550 2463 2719 2533 ipsam
2743 2464 3096 2534 impietatem,
3122 2481 3304 2535 pravae
3335 2467 3542 2523 scilicet

1938 2551 2268 2620 Operationis
2313 2551 2696 2622 intentionem;
2741 2561 2798 2607 ut
2823 2553 2934 2623 jam
2965 2553 3110 2610 nulla
3142 2554 3194 2606 in
3225 2555 3388 2609 corde
3417 2571 3540 2612 meo

1940 2639 2157 2695 malitias
2188 2639 2340 2694 radix
2374 2649 2674 2707 remaneat,
2702 2658 2764 2696 ex
2794 2660 2900 2714 qua
2921 2642 3195 2713 pestiferae
3217 2643 3444 2699 actionis
3471 2645 3542 2702 de

1937 2737 2129 2784 caetero
2161 2745 2389 2800 germen
2419 2739 2744 2786 succrescat.

2007 2817 2182 2886 (Vers.
2217 2819 2292 2886 7.)
2327 2820 2435 2873 Pro
2467 2819 2573 2874 hac
2601 2821 2788 2876 orabit
2811 2817 2884 2875 ad
2915 2825 2969 2876 te
2999 2821 3182 2877 omnis
3212 2824 3447 2877 sanctus
3479 2822 3540 2875 in

1936 2910 2185 2978 tempore
2213 2912 2553 2978 opportuno.

2004 2997 2056 3049 7.
2078 2995 2354 3066 Scriptum
2372 3005 2473 3061 est,
2499 2996 2624 3068 quia
2647 3013 2811 3054 nemo
2833 2998 2954 3054 sine
2975 3002 3224 3067 peccato,
3253 3014 3433 3070 neque
3456 2999 3537 3054 in-

223 3094 531 3157 perpetrata
562 3089 801 3160 nequitia
831 3091 885 3143 in
913 3090 1174 3145 memoria
1205 3090 1307 3144 ﬁxe
1330 3089 1603 3147 retinetur.
1628 3090 1686 3142 In
1715 3088 1823 3144 alia
1849 3117 1898 3182 C
1931 3084 2065 3152 fans
2081 3085 2251 3156 cujus
2264 3088 2350 3141 est
2368 3088 2540 3141 unius
2562 3086 2674 3142 diei
2698 3087 2813 3143 vita
2828 3103 3003 3158 super
3022 3091 3234 3143 terram
3259 3087 3392 3152 (Job.
3419 3103 3534 3156 xw,

225 3177 574 3233 translatione
607 3194 713 3233 non
743 3177 961 3250 conﬁgi,
985 3178 1078 3234 sed
1100 3177 1372 3250 confringi
1404 3178 1559 3248 spina
1580 3177 1810 3232 dicitur:

223 3265 338 3333 quia
370 3265 629 3320 nimirum
680 3282 832 3321 mens
878 3267 946 3320 ad
996 3266 1196 3321 luctum
1236 3267 1483 3332 vertitur,
1516 3275 1573 3321 ut
1599 3265 1813 3338 peccati

223 3355 562 3425 compunctio
589 3354 902 3425 pmnitendo
947 3355 1246 3428 frangatur.
1299 3355 1585 3426 Quomodo
1633 3363 1810 3410 autem

222 3440 283 3495 sit
305 3458 622 3510 conversus,
655 3444 910 3512 ostendit,
944 3445 1070 3499 dum
1101 3443 1283 3499 subdit
1315 3463 1327 3498 :

283 3531 458 3598 (Vera.
493 3532 574 3601 5.)
609 3532 893 3588 Delictum
922 3549 1112 3589 meum
1141 3535 1430 3606 cognitum
1462 3533 1564 3588 tibi
1589 3534 1722 3604 feci,
1755 3537 1810 3588 et

218 3617 562 3686 injustitiam
591 3636 777 3676 meam
807 3637 922 3678 non
951 3622 1237 3678 abscondi.

281 3709 335 3759 5.
373 3705 642 3775 Quamvis
669 3708 851 3764 omnia
879 3709 982 3764 sint
1011 3709 1158 3765 nuda
1186 3718 1240 3765 et
1269 3719 1456 3781 aperta
1484 3709 1657 3766 oculis
1705 3710 1809 3766 tuis

219 3794 387 3858 (Hebr.
411 3812 488 3864 iv,
517 3796 628 3866 13),
656 3804 836 3852 tamen
858 3797 981 3868 quia
1003 3814 1098 3854 ore
1119 3799 1386 3855 confessio
1410 3799 1468 3854 ﬁt
1488 3801 1557 3854 ad
1586 3799 1812 3854 salutem

221 3883 381 3946 (Rom.
412 3899 474 3950 κ,
502 3887 613 3954 10),
636 3885 739 3941 feci
765 3885 857 3940 tibi
879 3887 1154 3958 cognitum
1174 3887 1452 3954 delictum,
1477 3888 1663 3943 dicens
1684 3887 1815 3942 illud

221 3984 330 4054 esse
349 3988 556 4028 meum.
582 3973 711 4028 Mihi
727 3975 893 4042 enim,
913 3975 1038 4046 quia
1059 3976 1260 4048 deliqui
1282 3977 1512 4047 imputo,
1533 3992 1622 4032 me
1641 3978 1815 4032 solum

224 4055 272 4110 in
301 4075 525 4130 operum
558 4077 806 4118 meorum
826 4064 1094 4134 pravitate
1114 4065 1438 4135 culpabilem
1461 4067 1658 4121 clamo.
1690 4065 1820 4120 Plus

229 4155 299 4201 est
312 4148 571 4206 delictum
589 4152 868 4223 cognitum
893 4152 1091 4219 facere,
1116 4170 1277 4225 quam
1299 4155 1555 4211 delictum
1575 4155 1822 4210 manifes-

229 4241 349 4290 tare.
369 4239 472 4294 Ille
494 4240 644 4295 enim
664 4240 921 4296 delictum
942 4242 1216 4313 cognitum
1235 4242 1382 4309 facit,
1409 4243 1499 4314 qui
1521 4259 1629 4298 non
1646 4245 1821 4300 solum

234 4325 368 4393 quod
399 4327 530 4382 fecit
555 4330 860 4399 annuntiat,
892 4329 988 4386 sed
1016 4331 1181 4386 etiam
1211 4347 1426 4386 omnem
1451 4332 1660 4402 peccati
1691 4348 1822 4387 cau-

235 4428 338 4466 sam
369 4423 423 4470 et
452 4415 718 4488 originem
749 4426 945 4473 narrat.
971 4417 1073 4487 Qui
1095 4435 1202 4476 non
1220 4419 1502 4490 superﬁcie
1523 4430 1675 4476 tenus
1695 4438 1824 4491 pec-

233 4509 405 4557 catum
434 4504 692 4574 loquitur,
725 4508 824 4562 sed
853 4514 906 4562 et
935 4509 1173 4578 quando,
1204 4517 1258 4564 et
1287 4509 1398 4576 ubi,
1433 4517 1485 4564 et
1513 4511 1821 4581 quomodo;

233 4597 282 4643 et
322 4592 371 4645 si
419 4593 506 4647 vel
565 4592 891 4665 ignorantia,
951 4596 1036 4652 vel
1087 4612 1236 4664 casu,
1294 4597 1382 4652 vel
1441 4598 1626 4654 studio
1683 4597 1824 4653 deli-

235 4679 418 4748 querit,
452 4680 762 4738 conﬁtetur.
813 4685 884 4739 Et
933 4687 1281 4757 injustitiam
1329 4701 1516 4742 meam
1563 4703 1677 4743 non
1725 4688 1825 4742 ab-

235 4769 440 4825 scondi.
493 4770 714 4825 Nullum
760 4773 816 4825 in
861 4775 1026 4829 corde
1074 4789 1195 4830 meo
1242 4775 1546 4831 dolositatis
1598 4791 1825 4847 scrupu-

238 4857 336 4910 lum
384 4858 584 4914 retinui
618 4876 630 4912 :
665 4859 921 4929 injustum
970 4877 1094 4918 esse
1135 4863 1396 4934 quidquid
1445 4880 1476 4918 a
1523 4880 1610 4920 me
1651 4865 1828 4921 habeo

236 4943 501 5002 iutimavi.
543 4947 720 5003 Omne
746 4949 886 5003 enim
919 4949 1101 5005 datum
1134 4953 1422 5021 optimum,
1455 4959 1507 5008 et
1535 4968 1696 5010 omne
1725 4955 1828 5008 do-

239 5050 353 5088 num
374 5035 674 5105 perfectum
697 5037 980 5092 desursum
1002 5047 1099 5093 est.
1123 5041 1403 5096 Delicium
1431 5058 1620 5097 meum
1641 5043 1830 5108 cognic

242 5126 355 5177 tum
393 5125 498 5180 tibi
533 5125 666 5195 feci,
690 5129 746 5180 et
777 5127 1124 5195 iniustitiam
1165 5144 1349 5184 meam
1397 5146 1512 5185 non
1562 5131 1829 5187 abscondi

242 5208 375 5276 (Jac.
420 5229 463 5281 ι,
501 5216 616 5282 17).
673 5214 794 5268 Non
841 5214 1014 5269 solum
1063 5216 1207 5286 quod
1255 5217 1488 5287 deliqui,
1540 5235 1658 5288 quae
1700 5221 1832 5275 mihi

245 5297 487 5356 facienda
545 5301 762 5356 fuerant
813 5302 958 5358 bona
1014 5304 1388 5374 praetereundo
1453 5307 1676 5376 aperui;
1736 5309 1833 5365 sed

244 5388 500 5460 quidquid
546 5390 818 5460 commisi,
849 5407 973 5462 quae
1011 5393 1390 5461 praetereunda
1438 5395 1646 5451 fuerant
1694 5399 1837 5453 mala

249 5474 490 5534 faciendo
517 5480 754 5536 narravi.

280 5565 374 5628 (Ve
383 5582 456 5623 rs.
476 5570 551 5636 6.)
564 5567 720 5636 Dixi,
739 5568 1366 5638 Conﬁteboradversum
1380 5589 1468 5631 me
1486 5574 1838 5649 injustitiam

1854 4468 1906 4528 D

1929 3175 2018 3240 41,
2044 3189 2160 3228 sec.
2184 3179 2331 3235 Lxx).
2372 3174 2439 3228 Et
2470 3173 2659 3229 iterum
2697 3175 2797 3230 Job
2822 3183 3061 3242 testatur,
3087 3175 3215 3246 quia
3263 3176 3389 3232 ειειὶ
3419 3191 3535 3232 non

1920 3266 2058 3317 sunt
2079 3261 2286 3318 mundi
2302 3263 2366 3316 in
2389 3269 2697 3335 conspectu
2712 3264 2859 3338 ejus,
2882 3270 2935 3320 et
2958 3265 3020 3319 in
3045 3263 3272 3337 angelis
3293 3265 3416 3321 suis
3437 3281 3532 3322 re-

1918 3351 2071 3424 perit
2098 3351 2600 3422 pravitatchob.
2628 3370 2721 3421 xv,
2750 3355 2813 3408 15
2837 3368 2849 3419 ;
2876 3370 2954 3422 tv,
2985 3354 3090 3424 l8).
3133 3353 3346 3421 Quanto
3398 3369 3531 3425 ergo

1920 3439 2124 3493 electus
2156 3440 2385 3512 quisque
2417 3441 2612 3510 majori
2664 3441 2951 3497 sanctitate
2999 3442 3345 3512 praeeminet,
3383 3449 3530 3497 tanto

1921 3528 2098 3599 magis
2118 3527 2187 3583 de
2207 3529 2308 3595 his,
2333 3529 2374 3583 si
2384 3545 2449 3584 ne
2472 3529 2664 3600 quibus
2688 3530 2804 3587 haec
2826 3529 2937 3585 vita
2959 3546 3067 3587 non
3091 3531 3326 3599 ducitur,
3347 3530 3528 3586 venia-

1921 3614 2062 3671 libus
2089 3618 2326 3688 peccatis
2354 3618 2521 3673 dolet.
2568 3617 2703 3688 Quis
2733 3627 2909 3674 autem
2941 3621 3178 3676 sanctior
3206 3620 3397 3687 Paulo,
3433 3619 3522 3690 qui

1922 3722 2044 3760 cum
2075 3706 2436 3762 delectaretur
2464 3708 2611 3779 Lege
2639 3707 2736 3762 Dei
2768 3709 3064 3763 secundum
3095 3709 3400 3764 interiorem
3426 3708 3520 3765 ho-

1922 3794 2144 3862 minem,
2168 3803 2219 3849 et
2243 3796 2406 3849 aliam
2429 3796 2626 3868 Legem
2651 3795 2704 3849 in
2727 3796 2988 3851 membris
3007 3798 3144 3866 suis,
3167 3797 3299 3869 Legi
3321 3799 3518 3853 mentis

1923 3899 2035 3938 suae
2047 3883 2251 3940 videret
2272 3891 2686 3956 repugnantem,
2704 3884 2963 3940 miserum
2979 3901 3036 3940 se
3049 3885 3359 3942 exclamans
3375 3902 3523 3942 com-

1924 3980 2211 4039 memorat,
2237 3979 2289 4025 et
2319 3972 2388 4026 de
2417 3987 2473 4026 se
2503 3971 2768 4037 diﬁidens,
2795 3975 2862 4027 de
2892 3980 3146 4043 corporet
3165 3976 3354 4030 mortis
3374 3974 3520 4028 illius

1925 4076 2022 4132 per
2050 4059 2148 4114 Dei
2177 4059 2409 4132 gratiam
2437 4060 2651 4114 liberari
2682 4063 3002 4130 exspectat?
3024 4062 3200 4129 (Rom.
3226 4062 3348 4132 vri.)
3370 4062 3520 4118 Idem

1929 4149 2062 4204 nihil
2092 4148 2193 4204 sibi
2223 4148 2468 4204 conscius
2495 4148 2685 4216 fuerat,
2716 4149 2809 4203 sed
2839 4165 3176 4221 nequaquam
3222 4150 3278 4204 in
3325 4152 3430 4208 hoc
3465 4168 3522 4206 se

1925 4238 2280 4310 justiﬁcatum
2329 4237 2591 4292 credebat
2633 4236 2682 4308 (Ι
2724 4239 2845 4296 Cor.
2879 4255 2953 4306 1v,
2987 4239 3060 4308 4).
3095 4239 3277 4296 Sancti
3323 4239 3521 4295 etenim

1932 4327 2032 4385 viri
2063 4327 2188 4382 licet
2217 4326 2437 4400 magnis
2460 4327 2574 4396 jam
2607 4326 2884 4382 virtutibus
2913 4325 3174 4398 polleant,
3205 4327 3406 4383 habent
3437 4335 3524 4384 ta-

1937 4433 2058 4472 men
2089 4416 2268 4471 adhuc
2298 4415 2365 4470 de
2394 4416 2568 4486 culpa:
2598 4415 2923 4471 obscuritate
2951 4417 3099 4487 quod
3130 4416 3350 4472 feriant.
3376 4417 3441 4472 Et
3461 4417 3525 4472 li-

1936 4513 2018 4561 cet
2049 4520 2251 4577 magna
2273 4505 2385 4575 jam
2417 4505 2544 4561 vitae
2563 4505 2810 4560 claritate
2839 4505 3073 4574 luceant,
3101 4505 3311 4575 aliquas
3343 4514 3523 4562 tamen

1932 4594 2138 4665 peccati
2181 4593 2426 4660 nebulas,
2452 4593 2599 4648 velut
2623 4594 2886 4664 quasdam
2917 4593 3091 4649 noctis
3117 4594 3392 4666 reliquias,
3425 4611 3528 4652 no-

1933 4685 2108 4738 lentes
2139 4682 2367 4736 trahunt.
2391 4682 2546 4744 Quod
2570 4681 2765 4738 divinae
2792 4683 3036 4754 profecto
3064 4683 3280 4754 pietatis
3309 4684 3526 4756 dispen-

1934 4772 2142 4828 satione
2171 4771 2368 4844 agitur,
2404 4779 2459 4825 ut
2489 4771 2578 4841 qui
2606 4773 2947 4828 escensiones
2973 4771 3028 4827 in
3059 4773 3223 4830 corde
3263 4790 3362 4830 suo
3409 4775 3528 4830 dis-

1934 4861 2131 4933 posuit,
2164 4862 2233 4916 ad
2266 4859 2582 4914 humilitatis
2624 4861 2997 4917 celsitudinem
3027 4879 3125 4918 sua
3155 4864 3344 4918 melius
3373 4863 3529 4918 infir-

1939 4951 2120 5005 mitate
2140 4950 2450 5004 sublevetur
2469 4951 2706 5018 (Psalm.
2732 4966 2966 5018 Lxxxm,
2990 4955 3042 5018 6)
3067 4969 3078 5004 :
3105 4960 3366 5021 quatenus
3387 4953 3531 5006 unde

1940 5055 2108 5111 parva
2137 5037 2582 5109 reprehensibilia
2626 5039 2899 5094 humiliter
2941 5047 3162 5109 patitur,
3194 5039 3318 5093 inde
3349 5039 3530 5094 verius

1939 5129 1993 5183 in
2018 5127 2242 5197 justitize
2265 5127 2459 5182 virtute
2489 5129 2802 5193 roboretur;
2839 5134 2892 5183 et
2921 5143 2984 5182 eo
3015 5143 3074 5182 se
3106 5127 3158 5180 in
3183 5126 3393 5183 virtutis
3421 5128 3534 5182 cul-

1943 5218 2086 5272 mine
2107 5226 2322 5273 erectus
2342 5217 2619 5272 minimum
2652 5216 2862 5283 sentiat,
2894 5232 2999 5286 quo
3019 5216 3128 5270 suis
3151 5215 3352 5271 viribus
3370 5217 3533 5271 etiam

1941 5321 2110 5377 parva
2140 5323 2258 5378 quae
2288 5322 2410 5362 eum
2438 5306 2760 5376 impediunt,
2786 5321 2892 5360 non
2919 5304 3217 5378 expugnat.
3241 5303 3380 5359 Orat
3404 5320 3536 5377 ergo

1943 5412 2040 5466 pro
2089 5395 2405 5451 remissione
2451 5395 2661 5467 peccati
2709 5392 2885 5450 omnis
2922 5397 3138 5449 sanctus
3183 5410 3195 5446 :
3247 5393 3372 5465 quia
3419 5393 3536 5450 sine

1943 5485 2151 5556 peccati
2183 5485 2390 5540 macula
2420 5483 2568 5540 solus
2597 5481 2866 5538 invenitur
2893 5483 3056 5540 homo
3081 5484 3240 5538 Jesus
3269 5482 3533 5540 Christus.

1948 5576 2195 5650 Denique
2240 5573 2308 5630 de
2349 5572 2468 5648 ipso
2497 5572 2614 5628 solo
2662 5571 2928 5646 legimus,
2975 5572 3122 5645 quod
3173 5587 3280 5633 non
3323 5573 3549 5632 haberet
