4034 6166
532 254 634 311 563

1729 250 1989 325 sanari,
2011 247 2349 323 esseom
2391 248 2615 306 MAGNI

3702 259 3793 315 564

530 371 773 448 quotidie
816 372 1228 443 necessitatem,
1280 374 1740 450 quemadmodum
1789 374 2122 444 sacerdotes,
2153 372 2211 437 A
2239 374 2468 433 lecebris
2491 418 2505 445 ,
2578 350 3006 433 circumveniunt
3069 373 3440 449 ignominiosae
3499 376 3795 450 passiones,

530 464 683 537 prius
731 480 832 536 pro
879 464 991 521 suis
1038 463 1256 521 delictis
1299 464 1531 521 hostiam
1580 462 1794 535 oﬁ‘erre,
1826 463 2020 520 deinde
2051 466 2128 534 (α)

528 567 632 627 pro
660 552 847 625 populi
878 553 1042 625 (Heb.
1075 570 1173 623 vn,
1198 555 1311 625 27).

600 643 653 695 8.
687 642 885 697 Verum
912 656 983 696 ne
1008 639 1211 712 aliquid
1238 641 1515 714 intelligas
1545 640 1908 697 transitorium
1940 639 2127 711 appeti

529 727 587 795 in
626 729 869 786 oratione
915 737 1258 795 sanctorum,
1309 730 1644 802 adjungitur,
1693 730 1774 786 Ad
1822 734 1901 786 te.
1958 727 2130 785 Electi

531 816 730 873 etenim
760 817 861 873 Dei
892 821 1110 873 orantes
1139 825 1195 873 ut
1221 818 1291 874 ad
1319 819 1493 875 Deum
1524 818 1863 889 perveniant,
1895 815 2128 871 inﬁrmi-

529 905 654 963 tatis
673 923 786 963 suae
808 906 1142 962 incessanter
1161 922 1415 963 excessus
1436 907 1718 979 deplorant
1741 926 1752 962 :
1779 906 1906 977 quia
1926 909 1981 960 et
2002 904 2129 961 inde

526 994 842 1052 refectionis
886 994 1091 1052 intimae
1137 994 1486 1053 dulcedinem
1532 996 1796 1064 sentiunt,
1844 994 1989 1051 unde
2017 994 2125 1050 vim

529 1082 839 1140 suavissimi
870 1084 1067 1139 amoris
1085 1100 1188 1155 per
1210 1085 1477 1156 lacrymas
1500 1084 1762 1140 emittunt.
1786 1084 1857 1139 In
1879 1089 2126 1157 tempore

530 1175 864 1247 opportuno.
882 1172 1023 1230 Ecce
1038 1190 1194 1230 nunc
1211 1178 1430 1247 tempus
1447 1190 1615 1248 accep
1624 1173 1810 1240 labile,
1831 1188 1955 1230 ecce
1970 1187 2125 1229 nunc

528 1262 644 1318 dies
678 1260 904 1329 salutis,
925 1262 1055 1318 dicit
1092 1262 1476 1335 apostolus(Il
1497 1264 1623 1321 Cor.
1650 1280 1723 1331 vi,
1748 1263 1857 1333 22).
1892 1263 2128 1333 Tempus

530 1359 915 1423 opportunum,
942 1359 1155 1422 tempus
1187 1352 1535 1424 gratiae,dies
1555 1350 1907 1417 remissionis,
1943 1350 2122 1422 pleni-

533 1439 661 1495 tudo
694 1439 950 1511 temporis
972 1440 1192 1514 (Ephes.
1218 1456 1274 1509 ιι,
1303 1442 1357 1511 4)
1382 1457 1395 1495 :
1423 1442 1477 1495 in
1499 1458 1603 1512 quo
1624 1444 1854 1514 propter
1881 1440 2125 1496 nimiam

531 1527 871 1585 charitatem
892 1526 1056 1585 suam
1078 1546 1186 1600 qua
1208 1529 1420 1586 dilexit
1441 1545 1543 1586 nos
1565 1529 1743 1598 Deus,
1760 1529 1918 1585 misit
1937 1528 2126 1598 ﬁlium

529 1633 699 1674 suum
723 1620 1033 1689 factumex
1054 1618 1315 1686 muliere,
1347 1621 1570 1691 factum
1605 1618 1705 1675 sub
1740 1620 2000 1690 Lege:ut
2034 1632 2126 1674 eos

2234 467 2557 536 perturbant
2582 465 2873 521 inordinati
2901 465 3291 522 desideriorum
3321 467 3599 537 tumultus;
3628 470 3717 524 sed
3741 487 3797 528 eo

2235 554 2399 609 tutius
2450 553 2635 610 omnia
2679 553 2955 627 despicio,
3007 569 3111 627 quo
3154 554 3225 610 de
3261 571 3347 610 me
3392 555 3518 611 villa
3563 559 3794 626 sentiens,

2235 642 2291 697 in
2322 643 2440 699 solo
2482 642 2691 698 virtutis
2744 652 2847 700 tuae
2890 643 3188 698 munimine
3234 643 3465 701 conﬁdo.
3522 647 3797 704 Exultatio

2236 746 2382 800 mea,
2414 747 2546 789 erue
2577 748 2692 788 me.
2753 732 2813 787 In
2852 732 3050 789 divinae
3093 733 3557 804 contemplationis
3581 733 3801 792 claritate

2235 820 2530 876 electorum
2559 827 2769 878 mentes
2797 828 2996 894 quanto
3024 822 3301 894 graviores
3341 838 3520 877 rerum
3548 831 3798 894 tempora-

2233 906 2368 964 lium
2453 910 2712 966 tumultus
2786 911 3043 979 tolerant,
3120 915 3271 967 tanto
3345 911 3403 966 in
3475 912 3798 970 meditatione

2236 1004 2502 1053 secuturae
2547 999 2605 1053 in
2647 1007 2966 1071 perpetuum
2995 998 3266 1057 felicitatis
3295 1000 3511 1057 suavius
3536 1002 3795 1059 exsultant.

2234 1087 2300 1143 Et
2346 1104 2470 1142 cum
2508 1081 2781 1160 coeperint
2826 1090 2905 1144 eis
2948 1089 3238 1146 mundana
3283 1090 3641 1163 perversitatis
3672 1092 3797 1148 inte-

2229 1176 2519 1247 qualitates
2574 1192 2938 1245 amarescere,
2988 1186 3112 1235 tunc
3161 1180 3400 1251 primum
3455 1188 3668 1251 possunt
3714 1181 3795 1236 in-

2234 1269 2401 1321 ternae
2455 1266 2651 1338 quietis
2699 1267 3018 1323 suavitatem
3074 1269 3296 1324 sentire.
3390 1268 3458 1323 Et
3511 1269 3631 1340 quia
3683 1269 3803 1325 nihil

2233 1354 2303 1410 de
2350 1354 2572 1421 saeculo,
2621 1355 2728 1411 nisi
2774 1355 3006 1413 tristitiae
3054 1358 3259 1413 fructus
3310 1356 3587 1429 colligunt,
3644 1358 3798 1414 Deum

2230 1441 2573 1499 solummodo
2603 1460 2765 1500 suum
2815 1460 2934 1501 esse
2980 1444 3240 1517 gaudium
3287 1445 3511 1502 ducunt.
3556 1446 3801 1503 Caeterum

2231 1531 2483 1603 quoniam
2502 1533 2796 1589 secundum
2816 1535 3155 1605 Apostolum,
3182 1534 3383 1591 Omnes
3404 1536 3497 1608 qui
3518 1536 3705 1592 volunt
3721 1538 3800 1609 pie

2228 1624 2411 1679 vivere
2426 1624 2491 1678 in
2516 1623 2753 1690 Christo,
2765 1625 3220 1696 persecutionem
3238 1627 3548 1697 patiuntur
3565 1623 3643 1695 (II
3664 1624 3796 1680 Tim.

529 1709 626 1779 qui
656 1706 755 1763 sub
784 1708 924 1779 Lege
944 1711 1138 1774 erant,
1158 1707 1945 1780 redimeret,utadoptionum
1969 1707 2122 1776 ﬁlio-
2150 1732 2207 1795 Β
2234 1727 2313 1781 ιιι,
2335 1713 2447 1783 12);
2464 1713 2589 1768 ideo
2617 1713 2995 1787 subjungitur:
3020 1715 3267 1771 Erueme
3288 1715 3800 1773 acircumdantibus

525 1812 659 1852 rum
706 1796 1090 1868 reciperemus
1130 1796 1277 1861 (Gal.
1319 1812 1391 1861 IV,
1434 1801 1511 1867 5).
1542 1797 1655 1853 Sed
1686 1796 1814 1868 quid
1841 1802 1945 1864 est,
1976 1795 2125 1867 quod

527 1884 660 1942 dicit
693 1904 704 1941 :
737 1885 801 1940 In
835 1889 1084 1958 tempore
1114 1891 1427 1957 opportuno
1450 1886 1480 1938 ?
1506 1885 1761 1957 Nunquid
1790 1892 1843 1940 et
1870 1892 1994 1940 ante
2021 1885 2124 1938 ad-

525 1982 746 2030 ventum
765 1974 960 2030 Christi
985 1990 1091 2029 non
1110 1974 1424 2029 exstiterunt
1446 1974 1645 2041 Sancti,
1668 1974 1759 2045 qui
1791 1980 2011 2030 orarent
2025 1987 2125 2043 pro

525 2064 636 2119 hac
651 2079 748 2119 sua
766 2072 818 2119 et
831 2062 1022 2134 populi
1043 2062 1349 2134 ignorantia
1368 2064 1396 2116 ?
1416 2065 1826 2135 Fueruntplane
1846 2082 1858 2127 ;
1886 2062 1983 2120 sed
2003 2062 2126 2132 quia

525 2148 703 2220 ipsum
761 2148 816 2201 in
874 2163 1040 2203 carne
1090 2155 1373 2202 venturum
1420 2149 1842 2219 exspectabant,
1889 2161 2128 2218 eumque

528 2236 705 2292 solum
736 2235 1071 2292 Salvatorem
1105 2252 1258 2290 suum
1307 2251 1425 2291 esse
1471 2236 1730 2304 sciebant,
1762 2252 1861 2307 per
1889 2237 2005 2306 ejus
2032 2235 2125 2288 ni-

528 2325 725 2381 mirum
754 2324 918 2380 ﬁdem
948 2325 1143 2381 salvati
1174 2333 1316 2379 sunt.
1349 2325 1574 2396 Jamque
1602 2325 1735 2380 illud
1783 2335 1996 2395 tempus
2020 2340 2126 2393 op-

527 2423 816 2486 portunum
848 2412 901 2467 in
936 2413 1099 2470 corde
1130 2423 1513 2482 susceperant;
1554 2415 1677 2485 quia
1708 2414 1776 2468 ad
1806 2414 1986 2483 ipsum
2017 2420 2129 2468 toto

531 2501 708 2559 cordis
739 2502 1011 2557 desiderio
1046 2501 1178 2555 nihil
1208 2501 1522 2557 haesitantes
1551 2502 1913 2572 suspirabant.

602 2591 778 2660 (Vers.
814 2592 892 2661 8.)
918 2592 1115 2646 Verum
1139 2595 1331 2647 tamen
1361 2592 1422 2646 in
1445 2591 1655 2647 diluvio
1674 2607 1952 2665 aquarum
1974 2591 2128 2647 mul-

536 2683 752 2746 tarum,
783 2680 855 2736 ad
886 2695 1015 2735 eum
1045 2696 1160 2736 non
1190 2680 1695 2752 approximabunt.

606 2769 661 2823 9.
684 2770 840 2841 Aqua
858 2770 1174 2842 pro/unda,
1189 2769 1351 2825 verba
1366 2786 1440 2825 ea:
1452 2785 1542 2827 ore
1556 2771 1663 2825 viri
1679 2771 1859 2841 (Prov.
1876 2785 2029 2838 xvm,
2053 2769 2127 2838 4).

528 2857 599 2913 Et
616 2856 682 2912 de
694 2857 1069 2914 haereticorum
1081 2858 1555 2913 adinventionibus
1568 2860 1827 2931 scriptum
1839 2866 1919 2913 est
1935 2878 1946 2913 :
1962 2860 2133 2929 Aqua

533 2949 774 3020 furtiva:
807 2948 1088 3004 dulciores
1115 2950 1253 3003 sunt
1276 2947 1458 3015 (Prov.
1495 2962 1570 3015 Ix,
1605 2950 1714 3019 17).
1746 2949 1847 3002 Per
1873 2962 2133 3018 aquarum

532 3051 664 3106 ergo
696 3035 977 3106 diluvium,
1000 3036 1448 3107 multiplicitatem
1471 3036 1822 3109 intelligimus
1863 3036 2131 3090 doctrina-
2159 3077 2209 3141 Ο

534 3139 679 3179 rum.
700 3126 744 3179 A
767 3124 962 3195 quibus
983 3125 1238 3180 nimirum
1262 3124 1459 3180 Paulus
1477 3141 1582 3181 non
1611 3124 1881 3194 prohibet,
1904 3124 2121 3178 dicens:

530 3213 818 3271 Doetriuis
852 3215 1025 3270 variis
1065 3215 1233 3283 478
1271 3216 1326 3267 et
1367 3215 1682 3284 peregrinis
1723 3214 1899 3269 nolite
1931 3211 2132 3268 abduci

534 3300 732 3373 (Hebr.
765 3318 881 3373 xm,
914 3302 989 3374 9).
1036 3300 1291 3372 Quisquis
1319 3302 1460 3355 enim
1491 3301 1770 3357 haereticas
1798 3311 1849 3357 et
1876 3303 2135 3373 profanas

540 3393 806 3448 novitates
847 3389 1164 3461 susceperit,
1198 3389 1360 3462 longe
1389 3405 1421 3445 a
1449 3389 1676 3447 veritate
1721 3389 2032 3446 abducitur.
2070 3393 2137 3448 Et

540 3496 606 3536 eo
650 3480 724 3536 ad
769 3480 920 3535 littus
949 3476 1331 3533 misericordiae
1355 3476 1460 3533 Dei
1489 3493 1596 3534 non
1632 3479 1998 3549 approximat,
2030 3496 2136 3553 quo

546 3568 789 3624 inanium
809 3566 1184 3641 garrulitatum
1207 3564 1458 3621 ﬂuctibus
1473 3573 1677 3636 raptus,
1701 3566 1755 3620 in
1772 3568 2138 3636 procellosam

539 3673 601 3714 se
630 3657 1053 3728 disputationum
1081 3654 1370 3726 caliginem
1400 3669 1590 3710 omnes
1616 3654 1886 3725 recipiens
1914 3656 2142 3727 ineptias

542 3747 730 3818 jactat.
755 3746 871 3801 Illis
901 3760 1033 3816 ergo
1063 3752 1275 3814 tempus
1303 3750 1664 3814 opportunum
1694 3758 1805 3798 non
1834 3752 1931 3811 est,
1955 3745 2045 3815 qui
2073 3745 2144 3799 de

546 3850 648 3890 sua
678 3834 839 3890 stulta
859 3832 1123 3904 sapientia
1140 3831 1330 3901 inﬂati,
1355 3829 1494 3886 unde
1518 3830 1688 3886 Deum
1710 3832 1927 3903 placare
1945 3833 2147 3889 debue-

548 3932 688 3994 rant,
708 3923 832 3978 inde
866 3938 989 3980 eum
1010 3921 1188 3993 magis
1215 3936 1314 3991 per
1340 3922 1977 3977 vanarumassertionum
2007 3922 2150 3978 blas-

556 4011 827 4085 phemiam
891 4010 1123 4066 irritant.
1204 4010 1269 4064 Et
1316 4007 1624 4065 excusando
1670 4010 1944 4066 excusatio
1992 4026 2050 4065 es
2096 4011 2153 4066 in

560 4099 816 4173 peccatis,
848 4103 908 4153 ut
932 4100 1005 4155 ad
1028 4099 1203 4155 Deum
1232 4097 1458 4152 veniant
1503 4112 1611 4153 non
1656 4097 1938 4154 inveniunt
1973 4115 2152 4155 reme-

553 4189 723 4260 dium,
758 4204 922 4261 quem
962 4203 1063 4258 per
1089 4184 1470 4258 compendium
1528 4185 1882 4243 confessionis
1934 4200 2154 4258 possent

554 4278 757 4335 habere
783 4279 1075 4349 placatam.

630 4368 805 4437 (Vers.
838 4366 916 4436 9.)
972 4365 1056 4421 Tu
1080 4378 1137 4421 es
1160 4364 1449 4435 refugium
1494 4379 1684 4419 meum
1714 4380 1750 4421 α
1779 4366 2153 4423 tribulatione

558 4471 680 4528 qua:
700 4453 1077 4512 circumdedit
1105 4468 1194 4510 me
1228 4452 1559 4509 :exultatio
1605 4467 1751 4522 mea,
1801 4468 1935 4510 erue
1982 4470 2073 4511 me
2119 4473 2151 4513 a

557 4541 1044 4601 circumdantibus
1073 4555 1182 4598 me.

629 4631 717 4687 lo.
751 4629 916 4700 Quasi
942 4629 1088 4684 dicat
1117 4645 1129 4685 :
1155 4629 1238 4684 Illi
1268 4630 1324 4685 in
1353 4627 1557 4687 diluvio
1587 4645 1869 4701 aquarum,
1903 4631 1957 4687 id
1989 4640 2072 4689 est
2098 4633 2154 4687 in

558 4718 953 4791 multiplicitate
980 4717 1349 4774 doctrinarum
1406 4726 1459 4774 et
1513 4719 1941 4787 excusationum,
1981 4720 2052 4775 ad
2103 4729 2155 4777 te

556 4823 668 4865 non
694 4807 1190 4880 approximabunt;
1239 4806 1333 4861 sed
1378 4823 1532 4880 ergo,
1565 4808 1654 4879 qui
1684 4808 1938 4865 delictum
1967 4825 2149 4865 meum

555 4897 833 4972 cegnitum
863 4896 959 4953 tibi
991 4895 1121 4962 feci,
1140 4895 1229 4966 qui
1250 4895 1540 4963 injustitias
1560 4913 1709 4953 meas
1731 4913 1840 4953 non
1861 4897 2146 4967 abscondi,

555 4987 648 5060 qui
678 5003 710 5042 a
737 4985 862 5042 ﬁdei
890 4984 1092 5041 unitate
1112 5000 1222 5040 non
1242 4983 1517 5054 exorbito,
1540 4986 1633 5055 qui
1664 4986 1732 5042 de
1762 5002 1849 5042 me
1881 4986 2146 5055 diﬂidens,

554 5077 623 5132 de
659 5074 1000 5131 multitudine
1041 5073 1447 5130 miserationum
1498 5081 1708 5128 tuarum
1755 5091 2047 5146 praesumo,
2078 5076 2149 5130 ad

551 5172 606 5221 te
633 5180 732 5237 per
760 5162 1117 5220 humilitatem
1148 5162 1504 5218 confessionis
1529 5163 1870 5233 approximo.
1916 5165 2054 5218 Nam
2085 5167 2149 5218 tu

552 5271 611 5312 es
635 5254 920 5326 refugium
941 5268 1151 5307 meum.
1176 5251 1495 5307 Maledictus
1516 5251 1676 5307 homo
1697 5251 1797 5324 qui
1816 5267 1970 5324 spem
1986 5268 2148 5307 suam

554 5324 715 5417 ponit
746 5324 809 5399 in
836 5324 1061 5397 homine
1089 5340 1223 5411 (Jer.
1256 5355 1388 5409 xvn,
1420 5340 1510 5408 5);
1553 5348 1606 5395 et
1629 5339 1945 5396 benedictus
1986 5340 2147 5396 homo

552 5430 645 5502 qui
674 5428 895 5487 conﬁdit
939 5430 996 5486 in
1039 5428 1299 5507 Domino.
1347 5429 1673 5501 Impugnant
1717 5442 1806 5484 me
1850 5427 2032 5486 carnis
2075 5427 2146 5484 il-

632 5608 709 5682 (a)
738 5608 799 5673 In
825 5605 1100 5678 Rembol.,
1130 5606 1305 5666 Vatia.
1333 5615 1388 5666 et
1416 5605 1607 5681 Gilot.,
1636 5621 1740 5683 pro
1757 5606 1979 5681 populo.

2234 1817 2343 1857 me.
2377 1802 2576 1858 Sancta
2604 1802 2802 1858 etenim
2828 1803 3006 1858 anima
3036 1803 3201 1858 divini
3232 1804 3434 1859 amoris
3460 1804 3677 1875 spiculis
3702 1803 3801 1860 vul-

2234 1897 2441 1960 nerata,
2474 1906 2595 1945 cum
2620 1891 2877 1947 anhelare
2907 1891 2960 1946 in
2990 1893 3165 1947 Deum
3207 1892 3453 1964 cmperit,
3485 1909 3602 1949 cum
3627 1893 3690 1948 ad
3715 1909 3799 1947 su-

2232 1994 2457 2049 pernam
2485 1995 2543 2035 se
2568 1980 2799 2051 patriam
2828 1997 2933 2051 per
2958 1981 3293 2037 desiderium
3323 1983 3580 2045 extendit,
3610 1981 3676 2037 ad
3702 1990 3803 2038 ten-

2235 2068 2495 2123 tationem
2524 2068 2572 2123 ei
2603 2069 2826 2127 vertitur
2850 2070 3113 2141 quidquid
3137 2071 3191 2125 in
3220 2071 3324 2127 hoc
3355 2072 3557 2127 saeculo
3593 2072 3802 2127 amicum

2238 2165 2394 2213 antea
2422 2157 2788 2228 blandumque
2818 2159 3139 2230 putabatur;
3192 2160 3322 2230 quia
3372 2161 3464 2231 qui
3514 2168 3803 2231 peccantem

2236 2262 2421 2301 amare
2468 2256 2884 2316 consueverant,
2916 2253 3070 2304 recte
3098 2248 3372 2304 viventem
3404 2249 3687 2305 crudeliter
3711 2250 3806 2304 im-

2235 2343 2499 2406 pugnant.
2530 2336 2845 2407 Voluptates
2874 2336 3226 2392 nihilominus
3252 2338 3496 2407 pristina:
3521 2339 3588 2393 ad
3615 2353 3807 2393 memo-

2238 2424 2370 2478 riam
2404 2424 2653 2490 redeunt,
2688 2434 2740 2479 et
2765 2426 3107 2480 resistentem
3139 2425 3242 2480 sibi
3276 2426 3438 2499 gravi
3465 2427 3629 2497 aperti
3659 2434 3810 2483 certa-

2239 2512 2398 2568 minis
2449 2513 2858 2583 perturbatione
2915 2513 3187 2585 atﬂigunt.
3226 2514 3367 2571 Orat
3403 2532 3552 2588 ergo,
3582 2523 3637 2570 ut
3661 2515 3711 2570 in
3738 2515 3812 2571 his

2240 2602 2492 2657 omnibus
2540 2603 2883 2660 liberationis
2912 2604 3229 2674 praesidium
3261 2620 3295 2659 a
3326 2606 3441 2661 Deo
3469 2605 3673 2673 habeat,
3703 2621 3812 2661 me-

2242 2700 2399 2746 tuens
2454 2707 2526 2747 ne
2566 2692 2688 2762 ipso
2717 2691 3045 2763 fatigationis
3084 2708 3200 2748 suae
3249 2693 3412 2750 taedio
3460 2693 3665 2750 devicta
3701 2709 3813 2749 suc-

2239 2780 2476 2835 cumbat.

2309 2868 2487 2938 (Vers.
2508 2872 2622 2940 40.)
2641 2872 3002 2928 Intellectum
3034 2873 3136 2928 tibi
3163 2872 3328 2941 dabo,
3347 2877 3404 2928 et
3425 2874 3703 2930 instruam
3731 2876 3776 2928 te
3797 2890 3813 2928 :

2240 2958 2303 3011 in
2337 2957 2425 3013 via
2457 2957 2560 3015 hac
2594 2975 2709 3032 qua
2734 2960 3035 3033 gradieris,
3066 2961 3301 3030 ﬁrmabo
3351 2978 3524 3036 super
3565 2970 3614 3020 te
3649 2962 3816 3020 oculos

2239 3060 2392 3102 meos
2405 3086 2418 3100 .

2310 3136 2398 3189 11.
2433 3133 2673 3190 Pendent
2729 3135 2985 3192 inferiora
3039 3153 3106 3192 ex
3159 3137 3552 3208 superioribus.
3608 3139 3816 3195 Dixerat

2239 3223 2385 3278 enim
2416 3225 2678 3296 propheta
2707 3226 2953 3297 superius
2977 3244 2989 3280 :
3018 3227 3314 3283 Remisisti
3333 3229 3813 3301 impiam-tempero

2241 3312 2358 3368 cati
2381 3315 2490 3369 mei
2510 3334 2528 3367 :
2544 3330 2687 3370 nunc
2701 3330 2830 3371 vero
2849 3316 3022 3385 ipsius
3039 3316 3444 3386 propitiationis
3458 3318 3650 3376 divinae
3667 3316 3815 3374 verba

2243 3401 2536 3469 interserit,
2569 3403 2628 3456 in
2659 3403 2851 3473 quibus
2888 3403 3174 3476 signiﬁcat,
3205 3421 3315 3461 non
3345 3407 3521 3463 solum
3551 3407 3616 3463 de
3642 3414 3820 3478 praete-

2243 3488 2362 3543 ritis
2385 3489 2643 3560 adeptum
2674 3491 2910 3561 veniam,
2943 3492 3038 3548 sed
3067 3492 3226 3548 etiam
3264 3494 3337 3551 de
3384 3494 3571 3551 futuris
3606 3494 3823 3567 peccatis

2249 3577 2505 3632 divinitus
2533 3576 2633 3632 sibi
2677 3580 2952 3650 provisam
2998 3597 3115 3636 esse
3158 3583 3452 3652 cautelam,
3485 3584 3664 3640 dicens
3693 3602 3705 3638 :
3733 3582 3820 3638 In-

2252 3666 2560 3723 tellectum
2586 3668 2687 3723 tibi
2714 3668 2875 3737 dabo,
2907 3675 2964 3725 et
2998 3670 3297 3727 instruam
3331 3676 3407 3729 te.
3430 3673 3602 3729 Homo
3624 3688 3744 3729 cum
3768 3673 3822 3728 in

2253 3753 2461 3811 honore
2478 3760 2643 3824 esset,
2661 3773 2775 3814 non
2789 3757 3085 3815 intellexit
3101 3778 3121 3825 ;
3135 3766 3510 3833 comparatus
3525 3767 3607 3819 est
3617 3764 3824 3833 iumen-

2257 3844 2333 3902 tis
2362 3844 2786 3915 insipientibus,
2819 3851 2877 3902 et
2901 3849 3108 3904 similis
3149 3851 3347 3919 factus
3383 3855 3470 3906 est
3503 3851 3618 3907 illis
3654 3849 3822 3920 (Psal.

2258 3948 2449 4001 xavm,
2486 3936 2595 4004 21).
2624 3932 2728 4002 Qui
2760 3939 2970 3992 naturae
2996 3937 3275 3992 rationalis
3304 3938 3619 4012 dignitatem
3664 3945 3829 3995 contra

2260 4021 2493 4077 auctoris
2521 4022 2693 4078 nostri
2708 4032 2985 4094 praecepta
3000 4026 3366 4096 superbiendo
3386 4028 3728 4099 perdidimus,
3745 4039 3830 4095 per

2259 4110 2499 4166 infusam
2512 4110 2765 4167 cordibus
2774 4113 2968 4167 nostris
2981 4113 3212 4184 Spiritus
3226 4117 3405 4171 sancti
3423 4118 3671 4189 gratiam,
3690 4128 3831 4186 quam

2260 4200 2318 4255 in
2349 4200 2504 4256 nobis
2531 4207 2815 4272 peccatum
2845 4201 3248 4271 obscuraverat,
3273 4204 3642 4278 intelligentiae
3670 4204 3827 4258 lucem

2264 4288 2621 4344 confessionis
2664 4289 3033 4347 humiliatione
3074 4308 3415 4350 revocamus.
3456 4294 3584 4349 Cum
3614 4293 3747 4349 enim
3773 4289 3831 4345 ad

2264 4378 2608 4434 secretarium
2638 4377 2817 4433 cordis
2835 4381 3003 4450 479
3024 4380 3357 4450 accedimus,
3386 4392 3439 4438 et
3469 4398 3621 4454 quam
3649 4378 3833 4437 distric-

2266 4474 2350 4522 tus
2375 4467 2543 4537 judex
2577 4466 2785 4523 futurus
2815 4468 2902 4537 sit,
2937 4470 3027 4541 qui
3054 4486 3197 4528 nunc
3226 4479 3311 4527 est
3340 4472 3550 4543 patiens
3577 4478 3632 4527 et
3656 4470 3832 4541 longa-

2261 4555 2442 4624 nimis,
2475 4555 2911 4622 consideramus;
2961 4575 3078 4614 cum
3125 4559 3194 4615 ad
3235 4561 3495 4616 intuenda
3533 4560 3829 4615 Sanctorum

2260 4640 2508 4710 praemia,
2540 4648 2593 4695 et
2624 4640 2929 4712 iniquorum
2976 4644 3385 4701 damnationem
3433 4645 3618 4701 oculos
3660 4638 3831 4697 mentis

2263 4728 2580 4793 attollimus;
2615 4745 2737 4785 cum
2768 4731 2835 4786 de
2861 4731 3059 4787 futuris
3096 4734 3304 4802 incerti,
3350 4750 3421 4790 ne
3456 4733 3697 4791 labamur
3721 4743 3826 4783 me—

2262 4817 2492 4887 tuimus;
2527 4826 2580 4874 et
2608 4834 2674 4875 ea
2711 4836 2831 4891 quae
2878 4822 3023 4877 male
3064 4822 3305 4895 egimus,
3352 4822 3532 4879 ﬂendo
3566 4819 3824 4892 punimusi

2262 4913 2386 4963 tunc
2442 4907 2696 4963 nimirum
2741 4909 2964 4965 salutari
3019 4925 3053 4966 a
3102 4912 3218 4968 Deo
3274 4912 3552 4968 intellectu
3605 4911 3825 4975 accepto,

2261 4995 2332 5051 de
2362 4997 2545 5051 cordis
2581 4997 2755 5053 nostri
2783 4998 3092 5055 habitaculo
3129 5000 3455 5072 ignorantiae
3490 4998 3729 5055 tenebras
3749 4993 3827 5047 et-

2260 5086 2537 5157 fugamus.
2599 5085 2708 5142 Sed
2773 5088 2899 5158 quia
2956 5089 3134 5144 minus
3185 5096 3268 5145 est
3322 5093 3472 5146 recte
3526 5087 3824 5157 intelligere,

2258 5174 2362 5229 nisi
2411 5175 2625 5230 studeat
2662 5177 2783 5247 quis
2825 5189 2971 5235 recte
3014 5179 3285 5234 intellecta
3322 5194 3531 5235 morum
3576 5178 3825 5233 honestate

2258 5264 2550 5334 complere,
2570 5264 2885 5336 adjungitur
2917 5286 2929 5323 :
2959 5268 3028 5323 Et
3055 5269 3352 5324 instruam
3374 5272 3459 5325 te.
3488 5267 3613 5323 Non
3642 5270 3691 5321 te
3716 5275 3826 5334 per-

2255 5351 2464 5407 mittam
2520 5353 2885 5425 perfunctorie
2940 5356 3230 5412 voluntatis
3297 5372 3435 5413 mese
3497 5367 3686 5411 arcana
3734 5363 3821 5406 co-

2256 5456 2549 5513 gnoscere;
2583 5442 2681 5499 sed
2711 5451 2765 5501 et
2793 5444 2896 5501 hoc
2923 5444 3016 5502 tibi
3048 5444 3417 5516 conferam,ut
3445 5444 3609 5503 etiam
3637 5442 3819 5498 bonum
