4034 6166
272 301 378 358 565

975 297 1047 355 IN
1085 297 1358 357 SEPTEM
1397 299 1657 358 PSALM.
1704 301 1967 360 P(ENIT.
2015 302 2414 362 EXPOSITIO.
2456 337 2523 349 --
2561 308 2746 365 PSAL.
2790 308 2858 367 Il.

276 424 426 496 quod
481 422 830 492 intellexeris,
888 439 1121 498 peragas
1153 444 1166 488 ;
1195 435 1247 483 et
1298 425 1526 497 qualiter
1580 427 1636 483 id
1699 444 1871 500 agen—
1899 429 2076 494 Alite
2127 431 2341 488 divitias
2393 431 2645 489 bonitatis
2684 433 2782 492 Dei
2840 441 3203 507 contemnere,
3236 435 3410 495 nolite
3433 434 3574 496 sicut

276 514 409 569 dum
439 513 530 584 sit,
560 523 719 569 cauta
736 515 1166 571 consideratione
1209 515 1504 572 discernes.
1563 517 1696 572 Sunt
1724 533 1873 573 nam-

275 619 383 674 que
439 602 711 668 nonnulli,
781 603 870 674 qai
926 613 1077 659 recte
1146 605 1367 674 quidem
1451 604 1700 674 offerunt,
1779 607 1875 662 sed

269 699 423 748 recte
453 690 698 746 dividere
747 707 857 746 non
909 692 1100 758 sciunt,
1159 693 1289 764 quia
1344 693 1548 748 bonum
1593 695 1874 764 quodlibet

273 787 425 833 recta
470 778 765 834 intentione
820 779 1106 850 incipiunt,
1169 781 1266 836 sed
1316 782 1515 836 habere
1565 782 1621 836 in
1677 783 1871 838 eodem

273 867 423 922 bono
481 882 650 938 opere
699 867 1039 923 discretionis
1099 868 1345 924 virtutem
1404 878 1756 941 postponunt.
1806 871 1872 926 Hi

270 954 532 1010 nimirum
589 955 733 1026 quod
787 957 924 1010 bene
996 957 1268 1026 inchoant,
1320 959 1466 1013 malo
1550 959 1871 1032 plerumque

271 1042 378 1098 ﬁne
437 1053 817 1100 consummant
878 1059 891 1114 ;
941 1047 1068 1115 quia
1122 1045 1249 1101 inde
1306 1053 1518 1101 reatum
1588 1048 1872 1104 incurrunt

267 1130 535 1200 criminis,
606 1133 752 1190 unde
815 1133 1047 1190 fructum
1127 1133 1330 1191 habere
1403 1140 1697 1207 potuerunt
1748 1135 1868 1193 vir-

268 1220 424 1275 tutis.

337 1327 426 1382 12.
452 1325 600 1394 Quia
627 1343 757 1386 vero
774 1329 996 1385 nihilest
1019 1331 1220 1386 bonum
1239 1331 1386 1404 quod
1429 1330 1744 1402 incipimus,
1776 1334 1866 1386 ni-

266 1413 310 1469 si
341 1417 716 1486 perseveranti
757 1417 889 1473 illud
931 1418 1034 1474 fine
1091 1420 1479 1492 compleamus,
1539 1429 1686 1476 recte
1732 1421 1866 1475 sub-

266 1501 446 1558 ditur:
475 1505 643 1561 Invia
661 1505 765 1562 hac
796 1525 902 1579 qua
917 1509 1213 1579 gradieris,
1232 1509 1467 1577 ﬁrmabo
1487 1514 1726 1582 super-te
1738 1526 1867 1567 ocu-

264 1599 343 1648 los
373 1609 554 1650 meos.
579 1594 832 1662 Quandiu
863 1596 951 1651 hic
993 1596 1246 1665 vivimus,
1279 1597 1332 1651 in
1391 1597 1476 1652 via
1507 1614 1713 1667 sumus,
1762 1613 1868 1667 qua

265 1681 330 1734 ad
387 1681 630 1751 patriam
690 1685 976 1739 tendimus.
1028 1685 1253 1758 Maligni
1301 1689 1484 1742 autem
1529 1686 1868 1757 spiritusiter

263 1778 508 1824 nostrum
543 1773 693 1841 quasi
725 1773 943 1844 quidam
966 1774 1243 1829 latrunculi
1276 1775 1605 1840 custodiunt,
1640 1783 1690 1830 et
1722 1790 1860 1845 ope-
1892 1790 1944 1850 Β

261 1859 308 1913 ri
366 1875 560 1914 nosrro
609 1861 951 1930 insidiantes,
1011 1863 1350 1933 deceptionis
1389 1880 1497 1918 suae
1528 1865 1728 1936 ubique
1778 1865 1863 1918 la-

265 1963 437 2018 queos
469 1949 718 2003 tendunt.
753 1951 932 2006 Facile
954 1968 1084 2022 ergo
1111 1952 1250 2006 inter
1277 1952 1500 2022 laqueos
1529 1953 1868 2006 ambulantes

262 2033 520 2101 labimur,
557 2038 664 2092 nisi
697 2039 979 2107 sapientiae
1000 2041 1099 2094 Dei
1130 2041 1328 2095 ducatu
1351 2041 1742 2110 gubernemur.
1810 2043 1870 2094 In

264 2124 364 2179 hac
393 2141 530 2180 vero
553 2128 640 2180 via
664 2126 755 2181 ille
787 2144 896 2182 non
919 2129 1188 2198 graditur,
1222 2129 1317 2198 qui
1353 2129 1732 2199 temporalium
1789 2145 1870 2184 re-

263 2229 380 2267 rum
439 2215 528 2267 vel
589 2215 802 2284 c0piam
859 2217 1101 2285 cupiens,
1136 2219 1218 2272 vel
1278 2218 1514 2287 inepiam
1547 2226 1806 2284 metuens,
1841 2234 1871 2271 a

266 2309 424 2356 rectas
483 2304 825 2372 operationis
875 2306 1056 2359 studio
1112 2316 1417 2360 revocatur.
1481 2307 1589 2361 Sed
1616 2306 1870 2374 quoniam

265 2388 306 2441 is
336 2390 428 2459 qui
461 2390 662 2461 spiritu
693 2392 789 2445 Dei
823 2401 1103 2462 cperatur,
1137 2410 1245 2448 non
1264 2394 1466 2448 desidia
1483 2395 1868 2463 corrumpitur,

265 2493 366 2530 non
401 2479 608 2533 timore
639 2481 936 2550 repellitur,
970 2498 1077 2535 non
1107 2482 1291 2537 labore
1311 2484 1559 2549 lassatur,
1617 2499 1726 2536 non
1783 2482 1871 2535 in-

266 2582 508 2638 congrue
535 2568 914 2639 subjungitur:
942 2572 1058 2638 Qua
1078 2571 1352 2642 gradieris
1385 2591 1403 2636 ;
1435 2571 1562 2639 quia
1614 2570 1871 2624 nimirum

267 2671 481 2726 semper
511 2656 582 2711 de
610 2658 868 2712 virtutein
886 2658 1138 2714 virtutem
1166 2660 1430 2730 graditur,
1464 2660 1555 2730 qui
1587 2676 1618 2713 a
1674 2668 1873 2714 sanctae

269 2745 611 2813 operationis
633 2747 810 2802 studio
833 2747 976 2804 nulla
1007 2748 1211 2818 antiqui
1244 2748 1411 2804 hostis
1439 2747 1735 2804 calliditate
1786 2764 1872 2802 su-

266 2841 518 2904 peratur.
555 2834 736 2905 Super
783 2851 906 2891 eum
959 2852 1092 2906 ergo
1115 2836 1204 2906 qui
1253 2837 1306 2890 in
1360 2837 1461 2891 hac
1489 2837 1579 2891 via
1605 2837 1869 2909 graditur.

271 2923 413 2992 Deus
474 2921 672 2978 oculos
713 2939 841 2979 suos
870 2923 1047 2978 firmat
1075 2945 1094 2991 ;
1127 2925 1251 2993 quia
1297 2925 1599 2996 quicunque
1654 2940 1688 2979 a
1741 2926 1873 2980 boni

266 3010 539 3082 propositi
562 3010 860 3067 intentione
889 3027 998 3068 non
1026 3010 1224 3080 deﬁcit,
1256 3022 1538 3083 respectus
1567 3013 1637 3068 ab
1694 3028 1758 3070 eo
1793 3013 1870 3068 di-

263 3099 399 3156 vinae
433 3100 828 3155 misericordia
857 3116 1129 3171 nunquam
1159 3102 1360 3156 recedit
1393 3121 1406 3167 ;
1439 3110 1703 3174 quatenus
1740 3119 1865 3158 eum

263 3203 480 3260 semper
509 3188 568 3242 in
591 3189 843 3244 omnibus
870 3191 1175 3260 adjutorem
1202 3191 1418 3257 habeat,
1475 3192 1541 3245 ad
1575 3207 1734 3262 quem
1777 3191 1864 3244 in-

264 3275 569 3332 deﬁcientis
600 3278 805 3332 amoris
819 3278 1697 3334 desiderioincessanteranhelat.
1750 3281 1864 3336 Un-

267 3363 327 3420 de
355 3377 409 3420 et
438 3366 576 3420 alibi
622 3381 722 3436 per
747 3367 1005 3421 eumdem
1028 3367 1347 3438 prophetam
1405 3367 1663 3438 scriptum
1720 3375 1800 3424 est
1850 3385 1862 3421 :

269 3453 421 3510 Oculi
437 3455 672 3510 Domini
694 3472 864 3528 super
869 3459 1056 3528 justas
1086 3457 1260 3526 (Psal.
1292 3471 1494 3526 xxxiii,
1529 3457 1638 3526 16).

333 3579 517 3646 (Vers.
555 3580 670 3648 11.)
698 3580 880 3636 Nolite
921 3580 1048 3650 ﬁeri
1075 3577 1232 3635 sicut
1287 3595 1462 3652 equus
1519 3583 1577 3635 et
1623 3579 1865 3655 mulus;

271 3668 466 3737 quibus
487 3683 607 3723 non
628 3673 715 3724 est
731 3669 1083 3725 intellectus.

337 3776 423 3828 13.
488 3775 674 3830 Sancti
705 3775 807 3830 viri
864 3792 986 3831 cum
1016 3777 1162 3831 mala
1217 3791 1315 3831 sua
1336 3783 1611 3847 superant,
1644 3792 1764 3830 cum
1797 3777 1865 3832 ad

271 3880 499 3933 superna
524 3865 782 3918 intuenda
830 3866 1100 3920 bonorum
1156 3881 1387 3936 operum
1443 3865 1866 3936 perfectionibus

266 3953 467 4020 volant,
499 3952 638 4007 nihil
671 3969 789 4008 esse
820 3954 962 4024 quod
993 3953 1194 4008 faciunt
1225 3955 1505 4024 deputant,
1566 3953 1672 4008 nisi
1702 3955 1864 4009 etiam

268 4041 397 4096 alios
420 4043 491 4096 ab
524 4057 706 4097 errore
737 4043 1387 4113 compescant.Scriptum
1419 4042 1558 4097 enim
1583 4050 1696 4097 est:
1726 4042 1864 4099 Cha-

266 4132 405 4185 ritas
422 4148 540 4186 non
563 4133 769 4203 quaerit
799 4147 921 4202 qua:
945 4147 1048 4186 sua
1069 4136 1204 4186 sunt
1233 4132 1282 4201 (1
1311 4131 1432 4187 Cor.
1471 4147 1587 4197 xm,
1607 4132 1683 4198 5).
1705 4131 1863 4186 Solli-

266 4218 378 4274 cita:
397 4235 538 4291 ergo
569 4218 1255 4289 discretionisinspectione
1285 4219 1339 4273 in
1367 4219 1586 4274 secretis
1617 4219 1859 4275 cordium

267 4306 435 4377 ipsam
471 4316 702 4362 matrem
732 4308 988 4363 virtutum
1015 4309 1328 4362 charitatem
1359 4307 1664 4378 exquirunt,
1698 4323 1859 4378 quam

265 4397 511 4464 profecto
562 4412 622 4451 se
652 4411 761 4450 non
805 4395 1009 4451 habere
1049 4397 1405 4466 comperiunt,
1447 4396 1547 4449 nisi
1607 4395 1860 4450 omnibus

262 4485 412 4539 etiam
438 4485 682 4539 inimicis
720 4484 912 4539 eadem
942 4483 1109 4540 velint
1138 4485 1317 4552 tribui,
1375 4501 1496 4556 quae
1545 4483 1648 4538 sibi
1671 4491 1859 4554 optant

266 4572 524 4643 impendi.
567 4573 726 4629 Unde
755 4583 943 4628 sancta
973 4573 1155 4627 anima
1188 4589 1309 4643 quae
1355 4589 1455 4642 per
1510 4571 1864 4627 confessionis

263 4677 450 4717 vocem
506 4670 734 4731 peccata
789 4661 892 4716 sibi
939 4661 1162 4716 dimissa
1189 4677 1296 4717 non
1326 4661 1558 4729 dubitat,
1582 4665 1636 4716 et
1692 4660 1857 4731 ipsius

262 4751 634 4819 promissionis
683 4749 880 4806 divina:
926 4750 1146 4806 oraculo
1175 4749 1444 4817 roborata,
1502 4750 1555 4803 in
1612 4764 1677 4804 eo
1708 4749 1854 4821 quod

263 4847 511 4909 superest
539 4839 643 4894 viae
670 4837 903 4893 hostium
932 4837 1158 4892 insidias
1182 4837 1458 4894 incurrere
1515 4853 1624 4893 non
1670 4835 1856 4892 formi-

267 4925 370 4994 dat,
404 4927 473 4980 ad
505 4928 783 4997 proximos
812 4924 1168 4996 alloquendos
1197 4925 1544 4991 convertitur,
1580 4934 1631 4981 et
1660 4942 1727 4980 ne
1757 4925 1860 4996 ipsi

267 5015 328 5068 ab
347 5018 447 5070 hac
478 5015 846 5071 immensitate
866 5015 1083 5085 pietatis
1130 5015 1226 5069 Dei
1277 5014 1615 5070 inveniantur
1663 5029 1860 5069 exsor-

270 5111 366 5170 tes,
398 5106 668 5172 hortatur,
700 5103 884 5159 dicens
915 5126 932 5157 :
961 5105 1142 5160 Nolite
1153 5105 1281 5172 ﬁeri
1302 5105 1449 5160 sicut
1464 5119 1638 5176 equus
1659 5107 1714 5158 et
1744 5117 1863 5158 mu—

271 5193 371 5248 lus.
403 5197 480 5248 Ac
511 5194 555 5247 si
577 5193 721 5248 dicat
755 5211 768 5247 :
794 5192 1065 5262 Quoniam
1096 5193 1316 5264 quidem
1345 5193 1413 5247 ad
1428 5199 1635 5247 naturae
1664 5198 1862 5246 vestras

269 5289 464 5337 statum
523 5283 699 5353 pietas
731 5282 918 5336 divina
969 5297 1068 5336 vos
1127 5291 1365 5349 revocat,
1412 5288 1462 5334 et
1497 5278 1864 5334 similitudinis

273 5385 378 5425 suae
407 5371 702 5442 imaginem
733 5385 896 5440 quam
926 5367 1299 5425 inobedientia
1327 5369 1680 5434 destruxerat,
1712 5367 1861 5423 beni-

280 5459 456 5529 gnitas
478 5458 772 5515 Selvatoris
805 5458 971 5514 nostri
991 5458 1160 5529 480
1179 5457 1233 5512 in
1261 5456 1420 5513 vobis
1447 5457 1702 5514 reformat
1725 5475 1737 5522 ;
1772 5471 1867 5512 no-

345 5616 425 5685 (a)
457 5615 624 5678 Gilot.
660 5624 715 5674 et
741 5615 942 5688 Vatic.,
970 5633 1080 5691 qua
1106 5618 1171 5676 in
1205 5616 1322 5676 hoc.

1898 3151 1947 3213 C

1981 536 2150 590 equus
2178 521 2413 576 alienum
2442 537 2712 579 sessorem
2740 523 3110 582 indifferenter
3127 535 3359 598 portare.
3389 528 3572 599 Equus

1982 609 2123 664 enim
2177 610 2318 665 sicut
2359 610 2640 666 dominum
2690 629 2846 668 suum
2893 616 2962 670 ad
2991 616 3318 686 portandum
3349 616 3568 687 recipit,

1980 697 2056 752 ita
2084 699 2247 753 etiam
2277 700 2393 754 sine
2409 699 2740 756 discretione
2753 701 2914 765 alios,
2947 703 3039 772 qui
3053 705 3241 758 volunt
3257 705 3570 772 ascendere,

1980 801 2220 840 sessores
2248 786 2500 842 admittit.
2535 786 2639 856 Qui
2671 805 2826 860 ergo,
2859 789 3057 844 timore
3092 790 3191 845 Dei
3241 792 3568 860 postposito,

1980 874 2070 945 qui
2092 875 2354 930 Dominus
2381 877 2627 931 omnium
2644 885 2745 945 est,
2765 877 3047 933 diabolicae
3069 893 3126 933 se
3170 878 3422 949 potestati
3439 879 3571 933 sub-

1974 961 2187 1032 jecerit,
2204 970 2258 1018 et
2285 963 2520 1019 animam
2538 981 2659 1035 quin
2671 965 2831 1020 sedes
2847 966 3129 1037 sapientiae
3146 982 3266 1022 esse
3283 967 3571 1036 debuerat,

1979 1049 2189 1106 fallacis
2215 1051 2422 1106 domini
2450 1053 2640 1108 ditioni
2672 1055 3090 1125 mancipaverit,
3133 1055 3251 1110 sine
3300 1054 3572 1110 intellectu

1977 1139 2167 1210 procul
2222 1139 2387 1196 dubio
2420 1141 2559 1198 sicut
2589 1157 2761 1212 equus
2793 1142 3002 1198 existit.
3039 1143 3216 1199 Mulus
3273 1159 3403 1199 vero
3435 1144 3574 1200 sicut

1977 1242 2116 1283 onus
2144 1228 2351 1283 domini
2380 1231 2624 1298 sustinet,
2648 1231 2723 1286 ita
2751 1247 2809 1287 se
2839 1231 3058 1287 cuilibet
3087 1240 3346 1288 extraneo
3375 1247 3574 1288 onera—

1975 1315 2138 1371 bilem
2195 1317 2418 1388 praebet.
2451 1318 2708 1391 Quisquis
2738 1319 2921 1390 itaque
2954 1320 3172 1376 Domini
3225 1320 3386 1389 illius,
3419 1320 3574 1390 cujus

1969 1404 2165 1476 jugum
2217 1421 2399 1471 suave,
2461 1415 2515 1462 et
2569 1408 2727 1477 cujus
2765 1423 2902 1463 onus
2931 1407 3049 1463 leve
3070 1407 3294 1478 (Matth.
3348 1424 3423 1474 ιιι,
3459 1407 3570 1479 30),

1972 1502 2250 1564 praecepta
2271 1494 2545 1564 rejiciens,
2578 1495 2938 1568 gravissimas
2969 1504 3317 1566 peccatorum
3335 1496 3576 1552 sarcinas

1976 1581 2113 1636 ferre
2144 1598 2252 1637 non
2282 1585 2633 1653 recusaverit,
2658 1583 3085 1641 irrationabilem
3129 1601 3185 1641 se
3215 1585 3464 1657 profecto
3492 1583 3574 1642 si-

1973 1675 2061 1726 cut
2091 1671 2296 1725 mulum
2326 1673 2588 1727 ostendit.

2045 1777 2356 1847 (Vers.12.)
2387 1779 2449 1833 In
2462 1793 2621 1834 σαιηο
2651 1783 2708 1835 et
2727 1779 3180 1850 freno'maxillas
3199 1795 3573 1838 eorumcons-

1978 1864 2303 1936 tringe,qui
2332 1881 2446 1920 non
2475 1868 2883 1938 approximant
2913 1868 2989 1923 ad
3015 1873 3088 1924 te.

2049 1955 2134 2006 14.
2172 1954 2491 2025 Plerumque
2549 1955 2637 2025 qui
2668 1962 2937 2025 praecepta
2965 1955 3065 2010 Dei
3096 1971 3225 2011 aure
3249 1955 3426 2010 cordis
3471 1971 3577 2012 au-

1977 2039 2093 2094 dire
2114 2051 2360 2109 renuunt,
2393 2043 2828 2112 persecutionum
2851 2043 3174 2098 verberibus
3185 2045 3570 2115 admonentur,

1976 2137 2034 2182 ut
2059 2130 2128 2183 ad
2149 2130 2360 2183 virtutis
2391 2145 2630 2184 amorem
2662 2145 2948 2199 poenarum
2981 2131 3200 2186 dolores
3237 2133 3575 2201 pertrahant,

1978 2233 2117 2286 quos
2147 2226 2359 2274 aeternas
2390 2219 2512 2273 vita:
2533 2219 2756 2288 praemia
2806 2234 2914 2274 non
2958 2218 3207 2273 invitant.
3241 2220 3321 2274 De
3380 2221 3574 2290 quibus

1981 2306 2230 2359 nimirum
2249 2307 2510 2376 scriptum
2534 2316 2614 2361 est
2639 2325 2650 2359 :
2674 2307 2803 2362 Sola
2825 2309 3052 2362 vexatio
3075 2307 3436 2362 intellectum
3462 2307 3572 2362 da-

1983 2394 2061 2448 bit
2073 2395 2298 2449 auditui
2315 2396 2468 2461 (lsai.
2484 2411 2688 2462 xxvm,
2709 2397 2816 2462 19).
2835 2395 3204 2464 Saepeetenim
3220 2402 3427 2450 amator
3445 2410 3580 2463 prae-

1982 2483 2148 2536 sentis
2178 2483 2366 2538 saeculi
2397 2483 2469 2538 ita
2525 2484 2593 2538 ab
2651 2482 2866 2555 eodem,
2915 2499 3071 2552 quem
3132 2483 3326 2555 diligit,
3373 2483 3576 2537 mundo

1982 2571 2274 2640 despicitur
2303 2580 2356 2625 et
2385 2572 2736 2643 impugnatur
2761 2591 2772 2634 ;
2807 2581 2861 2626 ut
2880 2587 3000 2626 cum
3018 2586 3084 2626 eo
3101 2587 3440 2642 nequaquam
3459 2588 3579 2625 cur-

1980 2675 2100 2714 rere
2129 2659 2324 2726 valeat,
2355 2662 2451 2714 sed
2484 2660 2683 2716 fractus
2725 2661 3050 2716 adversitate
3082 2667 3369 2730 torpescat.
3421 2659 3577 2729 Quod

1981 2747 2185 2803 divinas
2222 2748 2467 2818 profecto
2501 2748 2912 2818 dispensatione
2940 2748 3298 2802 miserationis
3349 2748 3530 2819 agitur
3561 2765 3572 2800 :

1982 2836 2062 2906 (τι)
2091 2835 2218 2906 quia
2246 2835 2301 2890 in
2321 2837 2426 2892 hoc
2438 2837 2639 2891 mundo
2656 2837 2956 2906 despectus,
2977 2839 3126 2890 tanto
3147 2835 3382 2890 celerius
3397 2834 3576 2888 trabi-

1981 2930 2064 2977 tur
2084 2923 2150 2978 ad
2181 2925 2376 2991 Deum,
2409 2933 2613 2994 quanto
2639 2925 2774 2978 nihil
2803 2924 2966 2978 habet
3011 2924 3066 2977 in
3098 2923 3294 2978 saculo
3347 2922 3438 2977 ubi
3469 2923 3574 2978 de-

1980 3010 2222 3066 lectetur.
2257 3011 2388 3068 Orat
2417 3013 2582 3084 igitur
2612 3011 2788 3066 ﬁdelis
2836 3011 3038 3079 anima,
3061 3019 3120 3065 ut
3150 3011 3382 3066 lubricos
3436 3025 3572 3080 pec-

1980 3100 2219 3155 cantium
2261 3116 2448 3156 cursus
2487 3100 2764 3155 mundana
2805 3099 3134 3162 adversitate
3188 3098 3358 3154 virtus
3391 3097 3576 3154 divina

1977 3196 2230 3243 coerceat
2261 3207 2273 3242 :
2307 3197 2568 3259 quatenus
2590 3188 2790 3243 erroris
2818 3188 2900 3243 sui
2955 3187 3228 3243 desideria
3261 3188 3426 3258 sequi
3466 3200 3574 3241 non

1977 3275 2222 3340 valeant;
2245 3286 2298 3333 et
2336 3279 2440 3334 hoc
2475 3278 2640 3332 modo
2661 3277 2733 3332 ad
2755 3293 2816 3332 se
2847 3276 3071 3343 reversi,
3113 3275 3304 3331 saltem
3325 3291 3393 3330 ex
3425 3273 3574 3329 difﬁ-

1975 3364 2174 3421 cultate
2193 3366 2581 3437 etimpotentia
2597 3365 2859 3436 peccandi
2905 3364 3242 3434 resipiscant.
3287 3364 3574 3430 Possumus

1976 3469 2192 3525 quoque
2243 3471 2344 3524 per
2372 3470 2586 3510 camum
2611 3463 2667 3508 et
2697 3453 2906 3508 frenum
2939 3453 3105 3509 verba
3140 3451 3348 3506 divina
3400 3451 3571 3524 Legis

1977 3543 2227 3613 accipere
2261 3561 2272 3597 :
2307 3559 2434 3615 qum
2460 3543 2588 3614 quia
2617 3542 2970 3613 peccantibus
3002 3540 3298 3612 aliquando
3335 3539 3573 3612 graviter

1975 3631 2254 3687 minantur
2289 3631 2358 3687 de
2392 3646 2576 3701 pcena,
2624 3630 2915 3702 aliquando
2949 3629 3184 3684 suaviter
3216 3627 3570 3684 blandiuntur

1977 3723 2047 3776 de
2076 3722 2254 3789 venia,
2285 3721 2414 3775 dum
2454 3721 2509 3774 in
2531 3735 2626 3774 ora
2641 3718 2881 3774 ﬁdelium
2911 3719 3153 3786 veniunt,
3195 3731 3365 3788 vagos
3380 3730 3568 3771 eorum

1975 3825 2190 3880 gressus
2209 3824 2363 3864 more
2381 3807 2513 3862 freni
2535 3815 2588 3862 et
2609 3807 2748 3861 carni
2791 3807 3104 3862 reﬂectunt.
3134 3805 3384 3860 Maxillas
3419 3818 3570 3860 cons-

1974 3898 2234 3969 tringunt,
2265 3897 2395 3970 quia
2446 3910 2640 3952 vocem
2662 3895 2936 3964 jactantiaa
2992 3893 3356 3963 comprimunt
3386 3909 3399 3953 ;
3435 3893 3567 3946 dum

1975 3987 2064 4055 qui
2091 4002 2154 4040 ex
2185 3984 2316 4040 vitio
2369 3983 2638 4052 superbiae
2694 3983 2944 4037 solebant
2967 3983 3176 4051 jectare
3207 3980 3420 4046 merita,
3465 3995 3567 4048 per

1971 4073 2293 4128 humilitatis
2313 4072 2559 4127 virtutem
2591 4071 2801 4126 discunt
2829 4069 3076 4126 conﬁteri
3105 4077 3348 4138 peccata.
3382 4066 3565 4134 Quare

1971 4171 2149 4219 autem
2181 4169 2460 4231 tantopere
2511 4174 2808 4230 parvorum
2837 4157 3118 4214 hominum
3141 4156 3306 4212 etiam
3337 4155 3560 4208 invitam

1969 4249 2382 4308 conversionem
2413 4254 2657 4317 exoptat,
2684 4247 2921 4302 ostendit
2949 4261 3069 4300 cum
3101 4243 3285 4299 subdit
3316 4261 3328 4297 :

2038 4341 2214 4409 (Vers.
2248 4340 2360 4406 13.)
2395 4338 2570 4392 lltulta
2597 4336 2825 4406 ﬂagella
2843 4334 3158 4406 peccatoris
3185 4353 3203 4399 ;
3226 4334 3556 4404 sperantem

1966 4433 2158 4485 autem
2180 4431 2242 4484 in
2263 4428 2498 4482 Domino
2513 4426 2894 4482 misericordia
2917 4422 3307 4479 circumdabit.

2049 4519 2134 4571 15.
2168 4516 2272 4585 Qui
2301 4516 2445 4570 enim
2476 4530 2573 4584 per
2599 4513 2923 4584 superbiam
2944 4518 3154 4568 erectus
3184 4517 3367 4566 contra
3389 4509 3556 4566 condi

1978 4613 2146 4661 torem
2177 4612 2396 4675 peccata
2433 4619 2640 4676 augere
2673 4617 2782 4657 non
2815 4600 3055 4667 desierit,
3087 4607 3140 4656 et
3169 4598 3256 4654 hic
3310 4613 3559 4654 curarum

1966 4694 2367 4750 adversantium
2399 4692 2629 4765 ﬂagellis
2658 4690 2934 4763 affligitur,
2967 4697 3020 4745 et
3048 4689 3104 4742 in
3134 4687 3312 4743 futuro
3353 4686 3561 4759 duplici

1965 4783 2315 4838 nihilominus
2371 4779 2696 4836 contritione
2737 4786 3048 4836 conteretur
3103 4779 3328 4848 (Jerem.
3389 4781 3552 4841 xv").

1969 4872 2066 4926 Cui
2088 4871 2132 4925 si
2155 4871 2224 4924 ad
2252 4869 2554 4940 iniquitatis
2581 4884 2694 4923 suae
2724 4868 2998 4923 cumulum
3014 4865 3261 4936 peccanti
3277 4861 3561 4934 contigerit

1969 4959 2205 5016 exterius
2243 4957 2528 5029 proficere,
2562 4960 2665 5012 hoc
2688 4957 2867 5027 ipsum
2883 4955 2985 5009 sibi
3007 4961 3087 5008 est
3100 4952 3296 5007 divinae
3316 4949 3560 5003 animad-

1967 5044 2236 5100 versionis
2263 5043 2477 5116 ﬂagella
2511 5041 2740 5097 tolerare
2773 5059 2784 5094 :
2820 5039 2946 5110 quia
2966 5038 3131 5092 modo
3183 5036 3239 5090 in
3269 5041 3561 5103 conspectu

1969 5133 2069 5189 Dei
2116 5148 2181 5188 eo
2233 5133 2352 5203 ipso
2386 5130 2610 5186 interius
2655 5128 2926 5199 dejicitur,
2960 5140 3064 5194 quo
3110 5123 3246 5178 falsa
3301 5121 3476 5192 gloria
3506 5120 3559 5172 in

1971 5229 2257 5292 conspectu
2287 5220 2565 5276 hominum
2591 5217 2824 5273 exterius
2850 5215 3111 5269 elevatur.
3162 5211 3231 5265 Et
3261 5207 3340 5262 illi
3382 5224 3478 5262 sua
3507 5207 3563 5261 in

1971 5326 2186 5383 poenam
2217 5310 2444 5365 vertitur
2467 5307 2630 5378 culpa
2662 5324 2674 5360 :
2709 5301 2800 5376 qui
2826 5305 2927 5356 hoc
2964 5301 3153 5370 ipsum
3195 5296 3294 5352 fuit
3324 5311 3452 5352 vere
3478 5296 3566 5350 in-

1972 5409 2060 5457 tus
2089 5401 2303 5466 cedere,
2338 5398 2484 5468 quod
2541 5395 2685 5452 foras
2731 5389 3033 5448 ostenditur
3054 5386 3368 5460 profecisse.
3430 5387 3561 5442 Haec

1971 5489 2190 5564 quidem
2221 5476 3201 5562 praedictainconﬁdentesinveniunt:
3231 5477 3565 5550 Sperantem
