4034 6166
502 301 604 356 567

1687 293 1765 349 SA
1776 293 1938 349 NCT!
1981 287 2322 350 GREGORII
2362 288 2558 346 liLiGN
2564 291 2584 346 Ι

3660 305 3755 361 568

495 428 692 482 autem
731 425 791 482 in
809 421 1047 482 Domino
1090 421 1478 482 misericordia
1498 419 1874 478 circumdabit
1907 420 2084 491 (Rom.
2116 419 2172 482 A
2209 426 2282 474 tat
2309 417 2656 489 corruptione
2687 417 2840 491 eripi,
2873 426 2926 476 et
2955 419 3025 475 ad
3056 417 3286 476 futuram
3305 417 3761 492 indeficientisbea

500 530 616 582 vni,
641 514 752 587 28).
776 514 1137 587 Diligentibus
1153 512 1298 569 enim
1319 513 1513 579 Deum,
1537 511 1719 566 omnia
1735 517 2096 580 cooperantur

496 602 550 657 in
564 602 788 658 bonum.
814 603 916 672 Qui
937 603 991 657 in
1003 618 1188 658 amore
1204 602 1508 659 caelestium
1521 599 1680 664 ﬁxus,
1702 598 1960 653 saeculum
1973 613 2094 667 per-

497 688 637 746 fecte
685 691 1009 762 despexerit,
1055 691 1185 745 nulli
1235 689 1458 744 omnino
1507 686 1730 743 vanitati
1771 685 2092 752 succumbit,

497 779 646 834 nulla
668 781 808 836 hunc
839 779 1137 834 adversitas
1166 779 1353 848 dejicit
1380 796 1390 840 ;
1418 775 1556 830 nulla
1579 775 1936 846 prosperitate
1966 787 2092 827 cor-

496 868 764 938 rumpitur
798 887 812 936 ;
845 868 1075 938 ﬂagellis
1104 866 1322 938 proﬁcit
1355 881 1368 921 :
1401 864 1607 936 quippe
1636 864 1726 934 qui
1757 879 1821 918 ea
1837 870 1925 916 aut
1972 877 2094 933 quae

496 956 822 1028 perpetravit
841 965 1060 1028 peccata
1081 956 1350 1020 obliterat,
1381 963 1471 1008 aut
1495 969 1616 1025 qua:
1647 959 1956 1023 perpetrare
1984 965 2092 1019 po-

501 1049 657 1112 terat,
685 1046 859 1101 futura
891 1046 1115 1102 devitat.
1137 1046 1204 1100 Et
1233 1043 1337 1098 sibi
1368 1043 1552 1098 omnia
1599 1041 1718 1096 fore
1746 1040 1909 1109 481
1947 1038 2092 1093 exis-

499 1133 652 1189 timat
681 1150 962 1205 prospera,
994 1150 1116 1206 qua:
1146 1149 1178 1188 a
1215 1131 1568 1188 dilectoribus
1607 1129 1795 1184 mundi
1838 1134 2095 1198 putantur

495 1224 742 1280 adversa.

573 1329 755 1400 (Vers.
815 1332 925 1399 14.)
958 1329 1258 1386 Lcelamini
1300 1330 1362 1384 in
1410 1327 1665 1389 Domino,
1713 1330 1766 1381 et
1801 1325 2090 1380 exsatiate

488 1420 639 1490 justi
671 1441 689 1485 ;
717 1425 774 1476 ct
801 1420 1131 1492 gloriamini
1159 1434 1352 1474 omnes
1382 1417 1523 1473 recti
1555 1414 1742 1472 corde.

565 1530 652 1583 16.
672 1526 834 1596 Quasi
853 1527 1092 1582 diceret:
1119 1523 1576 1594 Quandoquidem
1597 1525 1879 1590 sperantes
1900 1519 1953 1571 in
1972 1517 2088 1572 Do-

489 1616 638 1670 mino
669 1615 1050 1670 misericordiae
1071 1613 1274 1667 divinae
1305 1611 1495 1681 clypeo
1529 1608 1863 1674 muniuntur,
1897 1609 2085 1661 Laeta-

486 1705 632 1759 mini
660 1705 723 1758 in
740 1704 992 1769 Domino,
1013 1709 1068 1757 et
1090 1702 1380 1757 exsultate
1417 1701 1570 1768 justi
1599 1698 1733 1766 (Isa.
1769 1709 1960 1760 vam,
1994 1697 2076 1761 2).

486 1793 609 1846 Non
665 1800 742 1844 est
790 1791 973 1861 impiis
997 1789 1257 1861 gaudere,
1301 1787 1434 1842 dicit
1466 1785 1726 1841 Dominus
1760 1801 1772 1836 :
1809 1783 1933 1853 quia
1991 1782 2082 1854 qui

491 1889 825 1934 terrenarum
855 1893 1036 1932 rerum
1066 1892 1254 1930 amore
1286 1875 1536 1940 vincitur,
1567 1873 1619 1926 in
1643 1874 1758 1927 Deo
1774 1871 2078 1925 nullatenus

485 1967 809 2022 delectatur.
852 1967 915 2019 Et
938 1974 1139 2035 quanto
1161 1965 1283 2034 quis
1303 1963 1370 2016 ad
1405 1961 1728 2030 temporalia
1751 1960 1958 2014 acriore
1979 1973 2078 2014 cu-

483 2069 541 2109 ra
563 2054 846 2119 exarserit,
876 2061 1020 2108 tanto
1051 2052 1226 2123 magis
1247 2052 1315 2106 ab
1342 2051 1563 2104 aeternis
1616 2048 1912 2102 damnabili
1963 2055 2077 2101 tor-

482 2158 616 2212 pore
641 2141 899 2213 frigescit.
932 2142 1096 2194 Justis
1127 2156 1258 2210 ergo
1285 2138 1627 2193 solummodo
1650 2145 1708 2191 ut
1739 2137 1791 2190 in
1844 2135 2078 2190 Domino

481 2229 733 2284 lmtentur
760 2230 959 2284 dicitur
991 2247 1001 2281 :
1037 2228 1164 2299 quia
1189 2227 1277 2296 qui
1302 2228 1474 2281 Deum
1508 2233 1618 2279 toto
1659 2226 1826 2280 corde
1858 2241 1964 2277 non
1988 2223 2078 2275 di-

477 2317 673 2389 ligunt,
716 2318 770 2371 in
819 2333 882 2372 eo
939 2317 1128 2382 laetari,
1162 2315 1401 2386 quandiu
1428 2314 1773 2369 smeularibus
1804 2313 2077 2366 delectan-

478 2413 580 2473 tur,
616 2423 723 2462 non
771 2413 1019 2476 possunt.
1071 2405 1338 2472 Scriptum
1399 2411 1478 2456 est
1535 2402 1716 2454 enim:
1753 2401 2078 2470 Quicunque

479 2495 696 2549 amicus
711 2496 878 2564 hujus
892 2494 1088 2549 saeculi
1108 2507 1228 2547 esse
1247 2492 1462 2546 volucri
1469 2490 1654 2557 t,im‘m
1665 2490 1786 2544 icus
1802 2489 1900 2543 Dei
1921 2505 2077 2543 cons-

478 2581 716 2636 tituitur
731 2582 932 2647 (Iacob.
957 2597 1029 2644 tv,
1053 2581 1123 2646 ι).
1143 2581 1331 2648 Neque
1352 2578 1494 2632 enim
1527 2592 1814 2646 possumus
1838 2575 1923 2629 hic
1939 2593 2078 2647 gau-

488 2668 616 2723 dere
645 2683 767 2724 cum
796 2667 1022 2734 smculo,
1056 2676 1109 2722 et
1141 2667 1253 2721 illic
1283 2681 1645 2736 regnarecum
1677 2663 1912 2718 Christo.
1966 2664 2079 2719 Sed

479 2754 612 2823 justi
643 2764 846 2810 tantum
898 2757 950 2810 in
994 2754 1225 2811 Domino
1269 2754 1586 2818 exsultant;
1620 2752 1746 2822 quia
1795 2753 1866 2806 ita
1923 2755 2080 2806 extra

480 2845 743 2899 mundum
765 2853 885 2898 sunt
915 2845 1064 2909 facti,
1098 2851 1154 2897 ut
1183 2858 1283 2897 nec
1312 2841 1623 2912 prosperari
1653 2841 1706 2895 in
1748 2840 1949 2895 mundo
1979 2855 2080 2894 cu-

486 2934 656 3002 piant,
683 2948 782 2988 nec
803 2934 1034 2987 adversa
1059 2931 1170 3001 pati
1202 2930 1351 2986 nullo
1383 2931 1508 2985 tacti
1541 2929 1883 2998 praesentium
1898 2941 2082 2982 amore

482 3021 889 3091 pertimescant.
921 3019 989 3073 Et
1019 3020 1337 3085 notandum,
1370 3018 1498 3088 quia
1518 3033 1623 3072 non
1640 3017 1812 3072 solum
1839 3016 2080 3071 latomi-

2201 507 2446 562 titudinis
2474 509 2738 578 requiem,
2771 517 3143 564 consummato
3173 508 3334 579 hujus
3379 509 3498 566 vitae
3530 515 3756 584 termino,

2199 603 2319 652 orat
2347 596 2464 652 sine
2484 596 2830 653 cunctatione
2856 597 3097 668 perduci.
3115 598 3203 652 Ait
3232 613 3363 668 ergo
3398 615 3408 651 :

2750 721 3220 777 EXPLANATIO.

2533 824 2714 864 ΤΒΤΤΠ
2756 825 2819 864 PS
2828 825 2957 866 Αωιι
2987 826 3431 866 PCENITENTIALIS
3440 854 3450 865 .

2273 913 2434 979 (Psal.
2469 916 2750 971 XXXVII.
2784 947 2851 957 —
2874 917 3025 972 Vers.
3051 921 3125 982 t.)
3150 919 3402 984 Domine,
3427 935 3500 974 ne
3517 922 3574 975 in
3589 923 3762 991 furore

2201 1005 2296 1059 tuo
2326 1020 2533 1074 arguas
2563 1020 2671 1071 me,
2695 1021 2872 1076 neque
2904 1006 2966 1060 in
2990 1008 3078 1061 ira
3111 1011 3212 1062 tua
3242 1009 3512 1078 corripias
3540 1025 3641 1065 mc.

2273 1113 2322 1164 1.
2356 1108 2521 1176 Quasi
2552 1110 2694 1165 dicat
2729 1129 2742 1166 :
2777 1112 2901 1167 Scio
2933 1112 3166 1166 futurum
3197 1128 3338 1180 esse,
3392 1121 3448 1167 ut
3477 1121 3594 1184 post
3622 1115 3763 1184 hujus

2199 1197 2324 1251 vita:
2353 1198 2554 1252 exitum
2611 1197 2700 1251 alii
2733 1198 2966 1253 flammis
2987 1200 3272 1269 expientur
3298 1202 3632 1271 purgatoriis,
3677 1202 3761 1257 alii

2196 1291 2406 1340 sentent
2434 1301 2518 1339 am
2541 1293 2755 1340 aeternae
2810 1287 3038 1341 subeant
3068 1287 3452 1342 damnationis.
3499 1289 3600 1344 Sed
3655 1289 3764 1360 quia

2195 1373 2351 1427 illum
2373 1374 2736 1428 transitorium
2768 1374 2952 1447 ignem
2984 1376 3130 1430 omni
3161 1375 3503 1432 tribulatione
3529 1378 3766 1448 praesenti

2196 1463 2361 1531 482
2391 1463 2599 1517 aestimo
2631 1462 3134 1532 intolerabiliorem,
3167 1482 3276 1520 non
3324 1467 3492 1521 solum
3523 1467 3574 1520 in
3604 1465 3764 1522 furore

2196 1559 2412 1606 aeterna
2441 1551 2803 1605 damnationis
2833 1555 2964 1622 opto
2986 1568 3093 1606 non
3125 1553 3298 1625 argui,
3331 1555 3424 1608 sed
3454 1555 3674 1610 etiamin
3693 1555 3766 1609 ira

2194 1640 2515 1693 transeuntis
2555 1639 2715 1694 timeo
2746 1641 3098 1710 correptionis
3128 1643 3373 1712 purgari.
3410 1643 3485 1696 Tu
3503 1657 3644 1712 ergo,
3662 1643 3765 1696 Do-

2194 1728 2358 1793 mine,
2393 1728 2475 1782 cui
2511 1727 2564 1780 in
2585 1727 2770 1798 spiritu
2803 1743 2925 1782 meo
2954 1729 3151 1798 servio,
3185 1746 3349 1801 quem
3386 1731 3616 1785 omnium
3646 1729 3759 1786 Sal-

2194 1823 2436 1871 vatorem
2493 1832 2615 1870 esse
2661 1832 2956 1887 cognosco,
3013 1833 3080 1872 ne
3133 1833 3334 1889 arguas
3375 1835 3457 1870 me
3502 1819 3553 1872 in
3606 1819 3766 1874 furore

2189 1904 2551 1958 damnationis
2573 1913 2872 1979 perpetuae,
2906 1921 3081 1976 neque
3112 1907 3376 1976 corripias
3399 1923 3480 1962 me
3509 1908 3559 1961 in
3590 1907 3658 1961 ira
3678 1923 3764 1961 ex-

2188 1991 2467 2062 purgantis
2519 1992 2800 2046 vindictae.
2869 1994 2948 2047 De
3005 1993 3184 2048 furore
3241 2003 3293 2049 et
3353 1996 3450 2063 ira,
3481 1996 3601 2066 quia
3629 1994 3765 2049 salii-

2188 2081 2390 2134 cienter
2419 2080 2470 2132 in
2504 2080 2875 2150 superioribus
2907 2083 3260 2151 exposuimus
3305 2084 3391 2150 (In
3416 2085 3566 2138 Psal.
3631 2084 3763 2153 vin),

2188 2169 2378 2221 iterum
2406 2175 2632 2222 tractare
2653 2168 2980 2238 superﬂuum
3039 2178 3309 2240 putamus,
3354 2187 3422 2224 ne
3451 2172 3630 2225 eadem
3686 2186 3766 2224 re-

2188 2264 2451 2327 petentes,
2484 2256 2786 2327 legentibus
2803 2257 3078 2309 fastidium
3102 2273 3462 2329 generemus.
3489 2258 3655 2324 Quare
3674 2273 3765 2310 au-

2189 2352 2294 2397 tem
2326 2360 2432 2398 non
2464 2345 2662 2399 debeat
2683 2343 2735 2397 in
2775 2344 2850 2397 ira
2881 2345 3100 2416 corripi,
3123 2353 3177 2399 et
3208 2345 3260 2398 in
3296 2346 3475 2400 furore
3516 2343 3759 2411 damnari,

2187 2432 2473 2503 subjungit
2501 2448 2620 2487 cum
2663 2433 2736 2486 ait
2771 2451 2782 2486 :

2258 2557 2438 2626 (Vers.
2464 2560 2494 2612 2
2508 2558 2552 2624 .>
2578 2543 2852 2624 Quoniam
2869 2559 3092 2629 sagitta:
3111 2562 3223 2614 luce
3240 2560 3585 2629 inﬁstunt
3601 2555 3761 2622 mihi;

2188 2650 2244 2702 et
2275 2646 2626 2713 conﬁrmasti
2655 2663 2826 2717 super
2847 2663 2934 2702 me
2965 2663 3202 2704 manum
3235 2650 3414 2704 tuam.

2259 2773 2312 2823 2.
2344 2768 2559 2838 Quanto
2589 2769 2818 2842 quisque
2849 2771 2974 2840 plus
3005 2771 3225 2841 coeperit
3255 2773 3405 2843 quod
3435 2770 3767 2826 amisitintet-

2190 2858 2379 2927 ligere,
2416 2864 2564 2912 tanto
2624 2859 2745 2928 plus
2802 2859 2992 2929 incipit
3023 2859 3386 2928 corruptionis
3415 2876 3524 2914 suae
3564 2866 3770 2912 senten-

2191 2945 2344 3009 tiam,
2379 2961 2542 3014 quam
2573 2946 2790 3013 subivit,
2824 2948 3030 3015 lugere.
3068 2949 3269 3002 Fidelis
3299 2964 3432 3020 ergo
3454 2947 3627 3000 anima
3655 2959 3771 3014 per-

2195 3033 2437 3103 pendens
2467 3034 2613 3104 quod
2670 3034 2924 3102 perdidit,
2958 3036 3314 3091 considerans
3362 3036 3503 3105 quod
3561 3033 3768 3097 invenit,

485 3111 550 3163 πῖ
579 3106 736 3172 dim:
770 3107 862 3161 Sed
885 3107 1043 3160 etiam
1063 3111 1119 3161 εί
1141 3107 1432 3162 “smitam
1454 3105 1681 3194 adjecll‘
1705 3103 2077 3194 “l_i1‘l911i8f‘5,
2114 3117 2163 3180 C
2194 3120 2320 3175 vide
2348 3137 2466 3174 sese
2487 3103 2529 3174 7a
2558 3122 2791 3191 paradisi
2822 3123 3034 3194 gaudiis
3063 3123 3278 3179 venisse
3310 3103 3637 3178 rid—miserias
3664 3122 3775 3176 vita;

489 3210 582 3250 eos
611 3210 718 3250 non
748 3210 911 3264 posse
942 3195 1138 3249 tristari
1169 3195 1225 3248 in
1252 3209 1503 3262 corpore,
1537 3193 1730 3261 quibus
1750 3192 1946 3245 divinae
1967 3193 2084 3245 cla-

487 3284 618 3338 ritas
647 3281 1258 3352 miserationisfulgetin
1277 3291 1475 3335 mente.
1518 3281 1581 3334 Et
1615 3280 1944 3351 gloria-mini
1960 3294 2082 3334 om-

487 3387 589 3427 nes
610 3370 758 3426 recti
782 3372 962 3426 corde.
987 3371 1070 3424 Illi
1093 3369 1312 3439 quidem
1346 3369 1435 3440 qui
1456 3368 1659 3422 habent
1686 3382 1780 3423 cor
1794 3368 1863 3420 ad
1879 3376 2089 3422 terrena

491 3459 794 3524 distortum,
855 3473 961 3511 non
1013 3457 1317 3528 gloriantur
1363 3456 1417 3509 in
1448 3455 1680 3510 Domino
1715 3473 1728 3508 :
1762 3455 1887 3526 quia
1935 3470 2087 3524 spem

491 3561 645 3600 suam
671 3553 965 3615 posuerunt
992 3545 1045 3598 in
1075 3545 1300 3599 mundo.
1333 3546 1444 3600 Vos
1487 3547 1670 3597 autem
1701 3543 1795 3614 qui
1853 3559 1946 3598 cor
1966 3558 2092 3597 ves-

492 3642 632 3687 trum
664 3633 961 3688 secundum
989 3633 1087 3687 Dei
1111 3633 1447 3687 voluntatem
1470 3631 1728 3704 dirigitis,
1753 3632 1807 3685 in
1841 3647 1940 3700 spe
1955 3631 2091 3686 bea-

495 3721 971 3775 titudinisaeternaa
987 3721 1210 3792 gloriari
1233 3721 1446 3775 debetis
1471 3739 1482 3774 :
1501 3726 1566 3774 ut
1588 3721 1682 3788 qui
1703 3721 2006 3790 gloriatur,
2030 3720 2092 3774 in

501 3810 729 3864 Domino
753 3809 1118 3880 gloriatura!
1161 3811 1282 3864 Cor.
1317 3810 1504 3876 1,18).
1541 3807 1639 3862 Illa
1693 3824 1923 3879 namque
1976 3807 2092 3862 sine

495 3895 659 3951 dubio
679 3904 757 3950 est
774 3911 904 3951 vera
933 3897 1128 3968 gloria,
1156 3913 1317 3966 quam
1341 3896 1538 3950 nullius
1559 3896 1829 3951 maestitiae
1861 3895 2091 3951 obtene-

497 3984 624 4038 brat
653 3999 832 4055 ptena.
1086 4055 1486 4112 PROCEMIUM

719 4157 778 4197 ΙΝ
806 4159 1048 4198 TERTIUM
1079 4159 1340 4198 PSALIIUM
1367 4159 1873 4198 PCENITENTIALBM.

569 4249 828 4304 Psalmus
854 4249 1025 4304 David
1045 4250 1108 4305 in
1128 4251 1660 4306 rememorationem
1682 4250 1747 4305 de
1766 4248 2022 4307 Sabbato.

571 4354 864 4408 Sabbatum
896 4355 1527 4424 requiesinterpretatur.
1572 4355 1868 4410 Sabbatum
1891 4356 2095 4410 huma-

501 4457 627 4496 num
657 4457 827 4513 genus
857 4442 911 4494 in
939 4441 1114 4513 primo
1145 4452 1366 4512 parente
1410 4444 1617 4512 habuit,
1638 4443 1728 4512 qui
1777 4443 2013 4513 quandiu
2043 4444 2095 4497 in

500 4528 804 4584 Conditoris
831 4529 919 4584 sui
949 4529 1261 4586 obedientia
1279 4532 1526 4602 perstitit,
1548 4532 1602 4584 in
1623 4532 1948 4588 suavissimo
1961 4548 2095 4587 con-

499 4616 867 4685 templationis
924 4617 1122 4673 divinae
1164 4619 1308 4674 lecto
1355 4620 1651 4690 requievit.
1720 4621 1779 4673 In
1838 4620 2097 4690 paradiso

497 4718 729 4774 namque
750 4706 961 4774 primus
990 4708 1150 4762 homo
1169 4707 1383 4764 deliciis
1412 4707 1628 4777 potitus,
1691 4708 1827 4764 sicut
1883 4709 2095 4761 nullam

501 4790 556 4844 in
579 4792 760 4847 anima
779 4800 992 4862 poterat
1021 4795 1217 4850 sentire
1265 4796 1523 4861 esuriem,
1558 4797 1632 4851 ita
1660 4797 1823 4851 etiam
1881 4813 2094 4851 omnem

499 4895 620 4949 qua:
647 4896 716 4935 ex
737 4897 896 4936 carne
927 4883 1191 4951 nascitur,
1215 4882 1501 4956 ignorabat
1517 4885 1847 4955 passionem.
1870 4887 2096 4955 Atpost-

499 4984 661 5040 quam
692 4969 860 5024 divini
886 4971 1142 5042 colloquii
1166 4973 1442 5042 peccando
1464 4971 1883 5026 familiaritatem
1907 4973 2095 5042 perdi-

497 5055 595 5122 dit,
630 5059 815 5112 mortis
843 5059 1059 5130 legibus
1099 5061 1476 5127 succumbens,
1537 5061 1782 5132 requiem
1832 5059 2099 5116 felicitatis

496 5153 710 5200 mternae
741 5147 919 5200 amisit.
951 5165 963 5208 ;
999 5155 1049 5201 et
1079 5147 1134 5200 in
1164 5149 1502 5218 procellosos
1535 5149 1822 5202 mundanae
1863 5148 2095 5202 instabi-

496 5233 659 5287 litatis
686 5235 890 5290 corruit
947 5235 1159 5300 ﬂuctus,
1187 5236 1312 5306 quia
1343 5245 1538 5291 statum
1590 5237 1926 5291 rectitudinis
1972 5252 2095 5291 ser-

496 5338 624 5378 vare
653 5324 1002 5394 contempsit.
1038 5325 1240 5379 Fidelis
1269 5341 1401 5397 ergo
1431 5326 1612 5380 anima
1628 5327 1867 5396 requiem
1902 5326 1954 5378 in
1975 5325 2093 5395 pri-

496 5427 584 5466 mo
613 5412 831 5466 homine
867 5413 1130 5481 perditam
1191 5415 1260 5468 ad
1319 5415 1638 5470 memoriam
1694 5429 1980 5479 revocans,
2042 5423 2097 5468 et

495 5500 736 5555 futurum
767 5502 1119 5558 nihilominus
1139 5503 1265 5560 vitae
1280 5511 1499 5560 aeternae
1532 5504 1831 5560 Sabbatum
1876 5502 2095 5574 spiritus

496 5588 735 5660 agilitate
766 5591 1157 5662 contemplans,
1189 5593 1259 5647 ab
1296 5592 1444 5648 omni
1466 5593 1686 5663 spiritus
1715 5600 1762 5649 et
1778 5591 1958 5651 carnis
1987 5607 2094 5666 op-

2197 3209 2504 3277 praesentis,
2539 3224 2571 3263 a
2600 3211 2854 3265 societate
2875 3211 3188 3282 angelorum
3224 3213 3481 3268 transisse
3527 3214 3594 3266 ad
3635 3224 3778 3266 curas

2201 3296 2580 3350 necessitatum
2614 3311 2626 3362 ;
2661 3305 2848 3367 pensat
2877 3300 3020 3367 quod
3068 3300 3323 3368 subjaeet
3352 3299 3619 3371 periculis,
3669 3311 3777 3368 qua:

2205 3385 2480 3452 peccando
2535 3384 2770 3453 gloriam
2819 3387 3051 3456 perdidit
3104 3397 3323 3444 aeterna:
3354 3386 3773 3458 incorruptionis.

2201 3471 2366 3525 Novit
2387 3472 2548 3526 etiam
2607 3475 2732 3542 quia
2760 3483 2989 3529 mortem
3021 3476 3168 3530 nulla
3198 3479 3370 3548 possit
3409 3477 3614 3532 ratione
3660 3489 3778 3529 eva-

2201 3560 2336 3614 dere
2364 3576 2484 3630 quaz
2513 3570 2718 3630 posset,
2753 3563 2798 3616 si
2829 3579 2936 3618 non
2966 3571 3269 3634 peccasset,
3304 3582 3525 3636 semper
3553 3564 3770 3618 vixisse.

2202 3647 2312 3699 Has
2331 3664 2465 3719 ergo
2487 3648 2588 3702 sibi
2619 3650 2846 3722 sagittas
2875 3651 3077 3707 inﬁxas
3101 3670 3227 3708 esse
3264 3654 3642 3726 conqueritur:
3667 3648 3778 3719 quia

2197 3736 2310 3804 jam
2343 3735 2497 3790 nobis
2524 3745 2606 3791 est
2625 3738 3200 3808 naturaliterinditum,
3225 3744 3371 3812 quod
3402 3743 3573 3812 primo
3591 3733 3781 3794 homini

2207 3822 2304 3876 fuit
2328 3839 2427 3892 pro
2452 3825 2631 3893 eulpae
2647 3825 2890 3882 vindicta
2919 3829 3148 3884 illatum.
3180 3831 3480 3886 Mortalitas
3511 3837 3562 3884 et
3615 3822 3780 3896 passi-

2204 3910 2389 3965 bilitas
2423 3920 2548 3966 sunt
2575 3913 2788 3984 sagitta:
2812 3932 2930 3984 quae
2960 3917 3213 3972 nimirum
3245 3920 3405 3974 nobis
3435 3917 3609 3974 inﬁxae
3636 3917 3777 3970 sunt;

2205 3998 2328 4067 quia
2358 3999 2595 4070 quandiu
2629 4000 2684 4054 in
2725 4004 2980 4071 praesenti
3039 4006 3243 4061 saeculo
3289 4006 3542 4069 vivimus,
3596 4002 3662 4057 ab
3715 3998 3782 4053 eis

2203 4085 2429 4141 liberari
2459 4088 2642 4158 aliqua
2669 4090 2877 4144 ratione
2907 4092 3218 4162 nequimus.
3275 4095 3434 4149 Dicat
3465 4107 3594 4164 ergo
3622 4085 3782 4143 ﬁdelis

2205 4174 2386 4228 anima
2417 4192 2430 4228 :
2465 4175 2915 4246 Quandoquidem
2946 4179 3629 4252 prooriginalicommissio
3645 4189 3780 4230 mor-

2204 4262 2330 4316 talis
2349 4262 2586 4331 effectus,
2621 4279 2877 4337 magnam
2910 4267 3068 4334 huius
3098 4270 3281 4324 saeculi
3308 4269 3580 4325 miseriam
3629 4260 3776 4318 susti-

2204 4365 2328 4414 neo,
2363 4367 2458 4420 pro
2482 4368 2565 4406 me
2587 4357 2766 4426 autem
2785 4356 3163 4423 paenitentiam
3194 4373 3299 4430 ago
3334 4376 3346 4422 ;
3381 4368 3436 4413 tu
3476 4357 3564 4427 qui
3620 4351 3780 4406 visita-

2123 4471 2176 4532 D
2209 4437 2626 4509 bisiniquitates
2654 4441 2707 4494 in
2739 4443 2912 4514 virga,
2946 4461 3013 4499 ne
3057 4445 3287 4516 impleas
3343 4441 3781 4501 amaritudinibus

2209 4527 2460 4583 universa
2492 4546 2504 4589 ;
2539 4531 2637 4584 sed
2695 4547 2816 4585 cum
2849 4533 2901 4585 in
2958 4533 3062 4588 hoc
3111 4536 3315 4590 smculo
3348 4534 3554 4606 peccati
3584 4542 3783 4603 poenam

2205 4615 2442 4686 lugeam,
2474 4618 2663 4672 saltem
2697 4619 2749 4672 in
2783 4619 2960 4674 iuturo
2991 4622 3253 4678 districtus
3315 4615 3780 4677 animadversionis

2204 4710 2460 4758 terrorem
2482 4707 2736 4760 evadam.
2763 4706 2923 4776 Quod
2941 4718 2997 4763 ut
3017 4709 3198 4766 facere
3233 4710 3463 4778 debeas,
3495 4709 3779 4778 conﬁrma-

2204 4793 2280 4846 sti
2309 4809 2479 4864 super
2497 4809 2586 4848 me
2605 4811 2839 4851 manum
2863 4800 3042 4854 tuam.
3072 4799 3221 4856 Sicut
3242 4800 3518 4854 studiosus
3541 4796 3782 4868 magister

2203 4879 2514 4949 frequenter
2542 4882 2765 4938 verbere
2788 4900 3014 4953 puerum
3045 4888 3288 4958 corripit,
3341 4887 3416 4942 ita
3473 4903 3504 4943 a
3547 4901 3632 4941 me
3689 4891 3781 4936 tua:

2203 4969 2453 5025 vindictae
2482 4985 2672 5024 manus
2729 4988 3003 5042 nunquam
3037 4976 3262 5031 recedit.
3298 4978 3400 5031 Per
3426 4989 3636 5030 manum
3681 4971 3780 5024 Do-

2204 5058 2355 5126 mini,
2389 5074 2550 5128 quam
2592 5075 2760 5129 super
2789 5077 2846 5116 se
2875 5062 3071 5117 asserit
3100 5063 3500 5130 cenfirmatam,
3558 5057 3777 5116 miseria-

2205 5163 2324 5201 rum
2384 5148 2739 5217 frequentiam
2781 5158 2833 5203 et
2887 5151 3258 5207 assiduitatem
3292 5151 3557 5221 intellige.
3612 5147 3777 5215 Quam

2204 5235 2327 5310 ideo
2356 5245 2634 5302 memorat,
2671 5245 2724 5290 ut
2759 5245 2898 5292 tanto
2931 5239 3139 5294 facilius
3169 5240 3220 5293 in
3253 5240 3438 5295 futuro
3491 5237 3778 5307 acquiratur

2203 5324 2380 5388 venia,
2413 5330 2617 5394 quanto
2648 5326 2825 5395 major
2846 5325 3291 5400 hicfuitirrogata
3307 5328 3562 5384 vindicta.
3598 5326 3776 5380 Possu-

2203 5429 2322 5467 mus
2349 5412 2508 5468 etiam
2569 5429 2666 5481 per
2705 5414 2930 5484 sagittas
2977 5417 3139 5470 verba
3170 5418 3262 5472 Dei
3295 5417 3618 5489 intelligere,
3667 5424 3774 5483 qua:

2203 5502 2365 5580 corda
2395 5501 2613 5572 quidem
2644 5510 2828 5558 nostra
2856 5503 3247 5570 transfodiunt,
3289 5520 3414 5560 cum
3444 5504 3596 5560 nobis
3624 5500 3770 5556 altius

2200 5588 2386 5658 inﬁxa,
2409 5588 2608 5647 amoris
2623 5590 2723 5648 Dei
2742 5605 2839 5648 nos
2861 5591 3086 5654 vulnere
3103 5601 3490 5666 compungunt.
3506 5587 3771 5662 Quomodo
