4034 6166
307 346 411 401 569

1043 340 1117 397 IN
1145 338 1422 398 serram
1450 337 1703 397 PSALM.
1732 288 1996 398 rmNir.
2026 336 2430 399 axeosmo.
2460 372 2531 383 —
2561 342 2756 400 PSAL.
2787 333 2883 397 ut.

3508 343 3610 398 570

311 476 497 525 autem
530 467 600 525 sit
630 466 891 527 continua
920 467 1035 522 haec
1060 480 1219 539 poena
1251 481 1412 537 quam
1451 464 1667 536 patitur,
1725 474 1911 522 osten-
1942 465 1996 529 A
2024 482 2206 524 sorum
2257 467 2591 524 conscientia
2660 471 2883 527 interius
2926 478 3209 544 gravatur.
3276 469 3341 526 Et
3392 468 3614 541 quidem

308 558 407 628 dit,
439 559 629 616 dicens
655 573 670 611 :

378 648 571 716 (Vers.
601 646 682 716 3.)
706 647 827 703 Non
858 651 945 702 est
972 645 1201 701 sanitas
1226 645 1291 699 in
1320 661 1492 701 carne
1520 660 1648 701 mea
1674 660 1710 700 a
1764 645 1913 716 facie

304 736 409 792 ira
439 740 585 799 tum;
606 752 722 792 non
744 738 830 791 est
858 750 977 806 pax
1008 735 1219 790 ossibus
1248 733 1388 790 meis
1418 749 1453 788 a
1475 735 1626 804 facie
1649 738 1912 806 peccato-

309 840 441 881 rum
462 839 741 881 meorum.

381 915 436 967 3.
470 912 615 967 Caro
644 913 902 978 humana,
934 926 999 967 ex
1026 926 1134 981 quo
1162 908 1559 966 maledictionis
1612 909 1919 982 promeruit

306 1001 658 1067 sententiam,
684 1007 901 1070 portare
937 1014 1048 1055 non
1079 999 1285 1054 destitit
1332 998 1545 1071 peccati
1599 998 1917 1055 continuam

306 1104 553 1160 pmnam.
588 1090 657 1144 Et
685 1089 813 1161 quia
842 1103 943 1144 nos
967 1089 1085 1159 ejus
1112 1087 1449 1143 incessanter
1476 1086 1759 1141 inﬁrmitas
1812 1087 1915 1142 de-

305 1177 508 1242 bilitat,
537 1176 633 1231 irai
654 1175 753 1231 Dei
774 1176 969 1232 faciem
999 1176 1160 1233 nobis
1189 1175 1557 1232 indesinenter
1609 1191 1914 1248 repraesen-

306 1272 399 1320 tat.
457 1265 739 1320 Pertamus
789 1279 1025 1335 namque
1085 1280 1280 1335 corpus
1332 1263 1583 1330 mortale,
1638 1263 1917 1320 doloribus

310 1352 635 1421 obnoxium,
694 1352 1011 1423 indigentiis
1049 1352 1370 1422 impeditum
1406 1371 1418 1406 :
1463 1352 1610 1424 quod
1648 1352 1915 1408 nimirum

307 1441 637 1497 tentationes
658 1439 1387 1507 sollicitant,sollicitudines
1443 1449 1751 1513 angustant,
1812 1456 1913 1495 an-

306 1528 507 1602 gustia;
562 1537 865 1597 conterunt,
908 1529 1261 1584 contritiones
1303 1529 1584 1601 afﬂigunt;
1661 1530 1916 1603 quodque

306 1619 478 1673 etiam
510 1617 561 1672 si
587 1617 876 1687 aliquando
907 1618 1165 1673 videatur
1194 1634 1316 1673 esse
1346 1618 1608 1685 validum,
1640 1619 1763 1689 ipsa
1815 1634 1916 1674 sua

304 1705 626 1762 valetudine
654 1705 832 1777 magis
860 1705 1132 1760 invenitur
1160 1704 1452 1760 inﬁrmum.
1486 1705 1628 1776 Quid
1650 1708 1800 1762 enim
1818 1708 1910 1762 in-

2020 555 2315 613 accendere
2344 556 2415 611 ad
2432 557 2603 612 Deum
2623 574 2687 613 ea
2708 576 2815 630 qua
2839 566 3015 630 potest
3039 559 3232 614 virtute
3262 557 3461 622 nititur,
3511 556 3613 614 sed

2020 645 2140 716 ipso
2164 660 2262 700 suo
2291 646 2573 701 conamine
2595 646 2814 714 lassata,
2838 647 3009 702 relabi
3045 646 3403 717 compellitur.
3461 646 3611 702 Cau-

2020 749 2137 789 sam
2218 749 2342 792 vero
2400 740 2561 790 tanta:
2633 734 2914 807 gravitatis
2974 733 3253 803 praemisit,
3307 748 3429 790 cum
3485 734 3611 790 ait:

2027 822 2302 891 Quoniam
2321 822 2654 895 inﬁmitate:
2710 838 2848 880 mea:
2876 838 3253 894 supergressa:
3283 826 3419 878 sunt
3441 826 3612 894 caput

2020 927 2232 968 meum.
2262 910 2381 965 Nisi
2411 909 2556 966 enim
2583 910 2890 981 iniquitates
2917 909 3218 981 principale
3272 908 3459 966 cordis
3506 911 3615 966 mei

2021 1000 2325 1071 superando
2348 998 2808 1062 transcenderent.
2829 1014 3169 1069 nequaquam
3188 1004 3338 1053 tanta
3366 1012 3454 1052 me
3481 1013 3613 1068 pra-

2022 1105 2212 1147 vorum
2242 1104 2465 1161 cperum
2493 1087 2841 1158 depressione
2869 1093 3177 1158 gravarent.
3209 1085 3393 1142 Sancti
3449 1100 3610 1140 nam-

2023 1194 2128 1249 que
2155 1177 2277 1245 viri,
2309 1178 2357 1233 si
2386 1177 2605 1248 quando
2643 1176 2699 1230 in
2750 1183 2929 1231 mente
2986 1175 3309 1231 tentationes
3362 1174 3614 1241 tolerant,

2019 1265 2263 1322 illicitum
2292 1266 2471 1322 cordis
2498 1266 2799 1336 appetitum
2854 1279 3058 1336 magna
3110 1262 3326 1318 virtutis
3355 1262 3615 1317 domina-

2023 1355 2166 1411 tione
2180 1355 2484 1411 refrenant:
2516 1369 2585 1408 ne
2614 1354 2660 1408 si
2689 1352 2744 1407 in
2771 1351 2957 1425 aliquo
2990 1352 3144 1423 lapsu
3174 1350 3422 1406 tentatori
3478 1365 3614 1405 con-

2021 1443 2273 1511 sentiant,
2306 1457 2414 1498 non
2462 1441 2582 1511 jam
2639 1441 3025 1514 cogitationum
3055 1454 3295 1505 suarum,
3342 1438 3438 1494 sed
3469 1438 3615 1494 servi

2021 1534 2183 1591 crude
2211 1534 2324 1588 ium
2354 1531 2695 1587 dominorum
2716 1530 2970 1586 existant.
2993 1529 3126 1585 Cum
3155 1528 3299 1585 enim
3323 1526 3614 1583 diabolicis

2019 1623 2202 1680 anima
2230 1621 2451 1676 subesse
2480 1619 2818 1675 suasionibus
2844 1617 3087 1689 emperit,
3129 1625 3329 1686 quanto
3384 1631 3444 1670 se
3473 1614 3611 1671 hosti

2020 1712 2219 1768 callido
2249 1709 2490 1766 crebrius
2505 1708 2740 1778 subjicit,
2767 1714 2913 1762 tanto
2928 1722 3051 1762 eum
3091 1704 3193 1760 sibi
3214 1703 3612 1760 intolerabilio-

304 1789 523 1847 ﬁrmius
563 1808 726 1863 quam
766 1792 981 1848 assidue
1036 1792 1186 1849 fame
1238 1793 1509 1850 tabescere
1540 1836 1555 1864 ,
1595 1793 1911 1851 difﬁcultate
1939 1814 1994 1875 Β
2022 1817 2141 1856 rem
2172 1799 2336 1861 facit;
2368 1805 2427 1852 ut
2482 1796 2531 1853 ei
2581 1797 2698 1866 jam
2727 1796 2785 1849 in
2813 1793 2961 1850 nullo
2991 1793 3241 1850 resistere
3269 1791 3464 1857 valeat,
3518 1790 3613 1862 qui

298 1880 479 1935 somni
513 1878 795 1952 languere,
820 1880 1030 1953 frigore
1050 1881 1299 1951 dissolvi,
1322 1890 1454 1938 aestu
1486 1884 1724 1939 torreri?
1771 1883 1905 1952 Quae

299 1973 485 2024 autem
514 1969 719 2024 sanitas
744 1984 866 2024 esse
895 1970 1113 2038 poterit,
1144 1970 1237 2025 ubi
1270 1978 1345 2026 tot
1398 1972 1665 2026 malorum
1716 1971 1905 2027 multi-

2004 1891 2068 1948 in
2098 1904 2204 1945 uno
2229 1888 2311 1942 sui
2341 1885 2511 1942 oblita
2536 1899 2820 1940 assensum
2852 1890 3095 1954 prmstat.
3141 1881 3376 1936 Solerter
3428 1880 3610 1949 itaque

2010 1976 2345 2050 vigilandum
2376 1981 2474 2041 est,
2509 1981 2566 2027 ut
2595 1987 2719 2028 cum
2774 1971 2995 2042 pulsare
3049 1979 3282 2025 mentem
3339 1968 3502 2038 culpa
3529 1966 3610 2021 in-

301 2056 430 2112 tudo
454 2058 770 2114 concurrit?
801 2058 961 2114 Dicat
989 2074 1120 2130 ergo
1143 2058 1321 2114 ﬁdelis
1369 2061 1552 2114 anima
1584 2079 1596 2113 :
1653 2060 1774 2116 Non
1818 2064 1906 2115 est
2006 2069 2187 2133 cheat,
2217 2069 2489 2135 peractam
2521 2061 2735 2131 culpam
2767 2059 2890 2130 quis
2937 2058 3058 2113 ﬁnis
3108 2059 3370 2129 sequitur,
3427 2064 3605 2112 atten-

296 2146 527 2201 sanitas
559 2148 623 2202 in
652 2162 827 2202 carne
856 2162 1001 2202 mea.
1037 2147 1107 2203 Ut
1133 2146 1383 2203 videlicet
1413 2163 1609 2221 corpus
1633 2147 1900 2202 inﬁrmum

2009 2157 2141 2219 dat;
2175 2169 2242 2209 ne
2268 2152 2314 2208 si
2345 2149 2504 2205 mala:
2535 2148 2802 2205 suasionis
2828 2146 3199 2202 blandimenta
3231 2161 3345 2201 non
3394 2144 3608 2216 perspi-

297 2248 414 2288 ϐεδε
439 2238 657 2297 sentiat.
683 2234 828 2305 quod
849 2243 955 2289 tam
988 2234 1147 2290 facile
1193 2236 1510 2307 passionum
1563 2236 1907 2306 inaequalitas
2006 2244 2133 2312 ciat,
2165 2243 2222 2297 in
2253 2238 2617 2311 nequissimae
2638 2235 2894 2293 tenebras
2923 2234 3340 2306 perpetrationis
3359 2232 3606 2289 nesciens

293 2330 596 2393 permutat.
620 2322 702 2377 Ne
730 2331 910 2378 autem
938 2322 1219 2396 intelligas
1245 2332 1471 2394 propter
1524 2325 1733 2394 peccati
1786 2341 1904 2396 poc-

288 2425 420 2465 nam
438 2425 553 2465 non
573 2409 837 2465 inﬁrmari
868 2410 923 2465 in
951 2420 1153 2479 mente,
1177 2412 1345 2480 483
1367 2413 1493 2481 quia
1521 2412 1739 2467 dixerat
1794 2413 1900 2467 sibi

291 2513 398 2553 non
416 2514 547 2553 esse
579 2498 864 2554 sanitatem
886 2498 941 2553 in
972 2514 1153 2565 carne,
1187 2499 1490 2572 subjungit:
1515 2502 1636 2557 Non
1674 2505 1758 2557 est
1778 2518 1897 2573 pax

292 2587 516 2642 ossibus
549 2589 689 2642 meis
716 2604 750 2642 a
769 2587 917 2657 facie
935 2591 1298 2659 peccatorum
1328 2589 1779 2657 meorum(Psal.
1802 2606 1818 2643 1
1840 2596 1898 2647 et

284 2672 439 2726 Psal.
464 2672 558 2741 ιι).
580 2671 726 2726 Sicut
741 2672 857 2741 jam
880 2670 1085 2725 dictum
1114 2679 1213 2737 est,
1238 2687 1336 2742 per
1381 2687 1501 2727 ossa
1551 2673 1771 2727 virtutes
1800 2690 1897 2729 ac-

287 2757 550 2830 cipimus,
585 2758 712 2829 quia
738 2758 859 2814 sine
889 2758 967 2813 eis
996 2758 1203 2813 nullum
1236 2758 1288 2813 in
1317 2760 1497 2814 anima
1527 2762 1694 2816 robur
1720 2761 1894 2816 habe-

288 2863 431 2903 mus.
457 2846 671 2902 Omnes
689 2854 868 2902 autem
892 2847 1116 2902 virtutes
1146 2848 1201 2900 in
1230 2856 1524 2917 conspectu
1570 2849 1669 2903 Dei
1692 2849 1898 2904 vicaria

290 2951 394 3006 ope
425 2951 486 2990 se
512 2935 830 3003 sublevant,
863 2951 962 2991 nec
991 2935 1215 2990 virtutes
1245 2951 1390 2991 verae
1419 2944 1558 3005 sunt,
1579 2937 1624 2991 si
1654 2954 1686 2992 a
1716 2953 1775 2993 se
1802 2937 1893 2992 in-

282 3023 458 3080 vicem
493 3025 683 3096 aliqua
714 3023 1027 3079 diversitate
1046 3022 1385 3079 discordant.
1417 3024 1536 3080 Una
1553 3024 1700 3080 enim
1722 3025 1927 3082 virtus‘

1916 3164 1967 3228 C

284 3110 400 3167 sine
432 3113 632 3177 altera,
667 3120 756 3166 aut
785 3112 1006 3167 omnino
1058 3111 1210 3166 nulla
1239 3119 1340 3180 est,
1373 3121 1465 3168 aut
1512 3113 1764 3168 minima.
1832 3114 1890 3169 Si

280 3202 428 3257 enim
458 3209 562 3257 aut
583 3200 878 3255 castitatem
909 3199 1186 3256 humilitas
1208 3200 1438 3269 deserat,
1463 3202 1551 3257 vel
1610 3202 1888 3258 humilita-

285 3296 392 3343 tem
424 3289 655 3344 castitas
681 3287 1037 3359 derelinquat,
1071 3302 1195 3344 cum
1224 3288 1372 3344 Deus
1430 3290 1731 3345 detestetur
1778 3298 1893 3345 tam

282 3376 631 3447 superbiam,
666 3391 828 3448 quam
857 3375 1279 3443 immunditiam,
1299 3377 1575 3447 quomodo
1594 3378 1764 3434 oculis
1779 3379 1899 3448 ejus

285 3473 513 3536 accepta
535 3464 639 3519 erit
667 3465 883 3519 castitas
913 3462 1078 3531 elata,
1110 3464 1194 3519 vel
1227 3463 1507 3520 humilitas
1562 3467 1839 3521 immunda
1870 3467 1900 3519 ε)

275 3553 399 3609 Non
431 3554 585 3608 enim
616 3552 761 3607 bona
791 3560 1016 3625 accepta
1046 3560 1169 3607 sunt
1196 3553 1334 3621 Deo,
1364 3569 1491 3623 quas
1519 3554 1785 3610 malorum
1808 3554 1903 3610 ad-

272 3641 536 3696 mistione
555 3638 1079 3711 maculuntur;quia
1093 3641 1381 3697 modicum
1420 3644 1772 3712 fermentum
1804 3645 1892 3699 t0-

287 3733 405 3784 tam
426 3744 687 3785 massam
700 3730 1012 3800 corrumpit
1030 3728 1086 3799 (Ι
1107 3734 1291 3798 Conv,
1322 3729 1412 3799 6);
1439 3737 1493 3784 et
1512 3730 1602 3801 qui
1618 3720 1892 3787 inunoof-

285 3817 487 3885 fendit,
503 3817 676 3872 multa
691 3817 831 3872 bona
846 3817 1028 3887 perdit
1049 3834 1063 3880 ;
1088 3825 1141 3873 et
1156 3816 1251 3887 qui
1275 3817 1394 3873 sine
1414 3818 1718 3875 humilitate
1737 3819 1896 3876 virtu-

284 3914 363 3962 tes
390 3914 732 3978 congregat,
761 3905 919 3977 quasi
950 3905 1007 3959 in
1070 3914 1288 3962 ventum
1354 3907 1637 3975 pulverem
1674 3910 1878 3978 portat.

284 3995 429 4063 Quia
465 4010 601 4066 ergo
628 3994 855 4049 virtutes
878 3994 1080 4050 animm
1134 4001 1225 4048 aut
1280 3993 1426 4050 vitiis
1481 3994 1886 4066 impugnantur,

273 4091 361 4137 aut
383 4083 719 4153 plerumque
742 4081 973 4138 elatione
1002 4081 1395 4152 deprimuntur,
1429 4087 1574 4139 recte
1602 4099 1747 4139 nunc
1799 4083 1892 4138 di-

271 4172 442 4226 citur:
476 4171 601 4227 Non
619 4174 705 4226 est
718 4186 838 4242 pax
856 4171 1072 4226 ossibus
1094 4172 1234 4226 meis
1272 4187 1309 4225 a
1337 4172 1490 4241 facie
1532 4175 1894 4242 peccatorum

275 4275 585 4325 meorum;
641 4258 995 4328 quotidieque
1041 4265 1391 4327 peccatorum
1420 4273 1640 4328 poenam
1694 4259 1886 4330 patior,

268 4364 441 4418 quam
479 4346 535 4401 in
564 4346 684 4417 ipsa
711 4354 1073 4416 peccatorum
1103 4346 1245 4402 facie
1274 4347 1636 4417 contemplor.
1665 4346 1736 4403 Et
1764 4347 1891 4419 quia

264 4436 454 4492 sentio
489 4450 728 4505 poenam,
761 4433 1007 4506 recogito
1033 4434 1271 4506 culpam.
1302 4434 1400 4490 Vel
1425 4451 1437 4489 :
1462 4437 1584 4491 Non
1640 4439 1725 4491 est
1769 4451 1890 4507 pax

2006 2338 2257 2490 matters.
2290 2422 2371 2487 5.)
2397 2418 2761 2473 Putruerunt
2776 2418 2832 2469 et
2852 2416 3135 2484 corrupta:
3149 2415 3287 2468 sunt
3300 2411 3598 2468 cicatrices

2006 2524 2164 2576 meae,
2190 2525 2225 2562 a
2254 2502 2406 2577 facie
2436 2504 2790 2576 insipientia:
2818 2518 2976 2559 mete.

2072 2600 2126 2652 5.
2160 2594 2359 2650 Fidelis
2390 2594 2570 2648 anima
2590 2592 2778 2663 quaiin
2798 2590 3053 2661 seipsam,
3073 2588 3176 2644 sibi
3199 2604 3310 2644 non
3339 2602 3593 2657 parcens,

2000 2684 2234 2751 vehitur,
2267 2681 2537 2738 deteriora
2570 2680 2746 2735 adhuc
2775 2679 2843 2734 de
2871 2694 2929 2735 se
2957 2694 3118 2749 quam
3157 2678 3309 2747 prius
3363 2675 3596 2740 dixerat,

2001 2770 2308 2837 conﬁtetur,
2335 2770 2528 2825 dicens
2549 2786 2560 2821 ε
2578 2771 3005 2824 Putrueruntet
3020 2770 3343 2837 corruptum
3356 2768 3496 2821 sunt
3509 2764 3598 2820 ci—

1997 2861 2244 2916 catrices
2257 2874 2415 2914 mete.
2438 2857 2615 2927 Super
2628 2864 2871 2911 curatum
2883 2855 3076 2909 vulnus
3098 2852 3322 2909 cicatrix
3363 2851 3595 2908 obduci-

2001 2948 2240 3015 tur,dum
2254 2947 2470 3018 signum
2481 2945 2770 3015 praeteritae
2788 2943 2969 3013 plagae
2980 2943 3035 2997 in
3044 2942 3308 2998 resarcita
3318 2949 3438 2996 cute
3449 2955 3599 2996 mon-

1996 3044 2211 3093 stratur.
2235 3034 2369 3103 Quae
2409 3033 2665 3088 nimirum
2690 3032 2917 3088 cicatrix
2941 3030 3250 3087 necessario
3281 3044 3493 3086 corrum
3506 3026 3597 3098 pi—

1997 3133 2100 3192 tur,
2133 3124 2181 3179 si
2215 3138 2344 3179 caro
2374 3128 2563 3177 sanata
2590 3119 2785 3176 iterum
2840 3120 3170 3175 vulneratur.
3229 3118 3332 3174 Ubi
3397 3124 3598 3186 quanto

2004 3212 2183 3285 magis
2211 3210 2520 3266 extenditur
2548 3208 2894 3279 inaequalitas
2923 3206 3185 3277 corporis,
3216 3212 3366 3261 tanto
3397 3203 3595 3260 diﬂici-

2002 3300 2107 3356 lius
2136 3299 2439 3355 ostenditur
2467 3296 2709 3352 efﬁcacia
2735 3294 3050 3352 curationis.
3099 3294 3270 3362 484
3325 3292 3431 3348 Sed
3472 3290 3602 3363 quid

2003 3404 2101 3459 per
2128 3388 2347 3455 vulnus,
2368 3385 2468 3441 nisi
2499 3392 2784 3456 peccatum
2806 3382 3166 3453 exprimitur?
3185 3380 3327 3449 Quid
3356 3395 3485 3435 vero
3501 3394 3601 3447 per

2004 3475 2338 3541 cicatricem,
2370 3474 2470 3528 nisi
2498 3473 2826 3544 pcenitentiae
2881 3470 3021 3526 actio
3077 3468 3439 3541 designatur?
3493 3465 3598 3537 Qui

2004 3564 2148 3618 enim
2178 3579 2276 3633 per
2330 3562 2660 3633 paenitentiae
2714 3561 2958 3615 lamenta
3010 3564 3294 3628 peccatum
3351 3554 3596 3625 corripit,

2000 3652 2155 3723 quasi
2185 3651 2493 3707 cicatricem
2524 3649 2728 3705 vulneri
2758 3646 3091 3719 superducit.
3130 3645 3287 3715 Quod
3318 3645 3363 3698 si
3391 3642 3597 3698 dimis-

1998 3756 2074 3796 sae
2104 3739 2359 3811 nequitiae
2387 3744 2622 3792 mentem
2654 3736 2848 3791 iterum
2876 3735 2972 3789 ~ad
3003 3733 3411 3789 delectationem
3467 3746 3597 3801 per-

2002 3829 2235 3894 trahunt,
2268 3825 2614 3897 superductae
2669 3823 2878 3880 vulneri
2925 3822 3202 3878 cicatrices
3255 3826 3592 3891 putrescunt.

2000 3915 2291 3971 Cicatrices
2347 3928 2584 3983 namque
2638 3920 2968 3982 putrescere,
3001 3916 3080 3965 est
3108 3915 3297 3964 sanata
3321 3909 3437 3976 jam
3467 3922 3599 3977 pec-

1999 4010 2244 4061 catorum
2276 4001 2501 4056 vulnera
2528 4015 2743 4054 rursum
2772 3988 2828 4052 in
2859 3996 3207 4052 tentationem
3237 4010 3476 4065 serpere,
3507 3998 3599 4049 at-

2000 4107 2104 4161 que
2130 4090 2199 4145 de
2228 4103 2412 4144 eorum
2444 4086 2726 4142 iteratione
2754 4084 3169 4141 delectationem
3224 4082 3443 4137 sentire.
3504 4079 3599 4135 Ci-

1999 4178 2225 4241 catrices
2248 4183 2704 4247 computrescere,
2737 4181 2820 4229 est
2865 4188 2935 4228 ex
2988 4178 3334 4242 peccatorum
3389 4184 3601 4240 sugge-

1997 4267 2265 4324 stionibus
2294 4272 2416 4336 post
2443 4262 2823 4334 superductam
2854 4268 3033 4317 cutem
3076 4257 3432 4329 poenitentiae,
3488 4255 3596 4312 do-

1996 4362 2168 4416 lorem
2196 4355 2390 4410 iterum
2446 4352 2619 4421 culpm
2646 4351 2704 4406 in
2750 4350 2965 4406 occulto
3019 4346 3204 4404 cordis
3233 4362 3329 4416 per
3356 4344 3599 4416 putridas

1995 4442 2351 4516 cogitationes
2379 4440 2613 4511 perpeti,
2645 4448 2697 4496 et
2727 4438 2944 4494 tandem
2985 4453 3085 4508 per
3140 4450 3279 4507 opus
3332 4434 3595 4489 miserum

264 4524 492 4581 ossibus
519 4524 661 4578 mei:
681 4539 716 4577 α
735 4524 886 4593 facie
901 4526 1263 4594 peccatorum
1283 4538 1570 4590 meorum;
1591 4522 1717 4595 quia
1728 4522 1889 4579 vide-
1918 4512 1971 4572 D
2000 4512 2155 4602 quasi
2183 4528 2352 4585 eﬂ‘uso
2383 4528 2577 4583 foetore
2605 4526 2901 4597 corrumpi.
2935 4523 3118 4594 Quare
3147 4528 3329 4579 autem
3361 4523 3464 4578 hoc
3492 4520 3596 4576 sibi

267 4611 397 4668 licet
442 4610 659 4665 nullam
715 4610 899 4665 anima
954 4624 1079 4666 mea
1125 4618 1302 4681 potest
1356 4610 1562 4666 habere
1618 4610 1882 4682 requiem,

271 4699 459 4757 donec
490 4698 730 4771 aliquam
763 4698 978 4769 peccati
1009 4699 1066 4752 in
1096 4714 1154 4755 se
1185 4698 1382 4755 habeat
1418 4699 1876 4755 recordationem.

344 4789 528 4858 (Vera.
544 4789 624 4858 4.)
648 4785 934 4852 Quoniam
958 4787 1295 4860 iniquitates
1322 4802 1464 4845 mete
1508 4803 1886 4861 supergressa:

272 4881 412 4934 sunt
443 4880 623 4949 caput
650 4892 842 4933 meum
859 4896 883 4939 ;
911 4878 968 4933 et
979 4875 1130 4933 sicut
1145 4891 1289 4933 onus
1307 4890 1475 4949 grave
1492 4880 1739 4943 gravatae
1749 4880 1885 4934 sunt

271 4982 451 5039 super
479 4981 590 5023 me.

342 5056 399 5110 4.
426 5052 600 5122 Quasi
616 5054 762 5109 dicat
785 5072 799 5110 :
820 5054 945 5110 Non
964 5061 1046 5109 est
1077 5054 1271 5109 mirum
1303 5052 1349 5109 si
1377 5069 1489 5110 non
1517 5060 1597 5109 est
1623 5068 1731 5123 pax
1785 5068 1882 5109 os-

272 5142 430 5197 sibus
461 5142 601 5200 meis
625 5159 641 5209 ;
666 5157 793 5197 nam
814 5141 1128 5214 iniquitates
1141 5158 1279 5199 mea:
1295 5149 1539 5216 gravatae
1555 5149 1680 5197 sunt
1721 5157 1887 5212 super

272 5246 362 5287 me
395 5231 549 5287 sicut
567 5247 705 5287 onus
732 5246 922 5304 grave.
954 5231 1217 5304 Iniquitas
1244 5232 1301 5286 in
1327 5232 1529 5287 talento
1556 5230 1764 5302 plumbi
1794 5245 1886 5284 sc-

272 5320 364 5375 det
388 5320 632 5390 (Zac.v,
666 5321 742 5391 7).
777 5320 1101 5391 Plerumque
1130 5321 1315 5376 anima
1342 5320 1545 5376 amoris
1581 5318 1681 5375 Dei
1735 5318 1886 5374 desi-

274 5409 432 5466 derio
467 5409 800 5478 accenditur,
833 5409 970 5466 adeo
997 5417 1057 5465 ut
1085 5410 1248 5466 etiam
1276 5409 1345 5465 ad
1375 5423 1586 5465 summa
1600 5406 1890 5464 ambienda

274 5497 502 5556 sustolli
531 5498 815 5562 videatur;
849 5497 945 5554 sed
973 5498 1105 5571 quia
1131 5498 1286 5572 gravi
1334 5505 1687 5569 peccatorum
1743 5510 1887 5567 pon-

276 5597 413 5652 dere
437 5595 720 5666 premitur,
745 5610 813 5652 eo
842 5595 1002 5654 citius
1031 5595 1103 5654 ad
1130 5595 1239 5653 ima
1268 5595 1486 5666 labitur,
1519 5610 1626 5669 quo
1682 5593 1887 5652 admis-

1992 4617 2245 4690 contigit,
2268 4615 2505 4673 ostendit
2524 4631 2643 4671 cum
2665 4614 2740 4670 ait
2761 4629 2773 4669 :
2794 4621 2838 4671 Α
2866 4613 3021 4685 [acie
3040 4611 3393 4685 insipientia:
3420 4626 3586 4667 mea.

1993 4705 2146 4764 Sicut
2175 4721 2388 4761 summa
2414 4702 2705 4774 prudentia
2729 4710 2810 4758 est
2838 4701 3078 4772 aliquem
3137 4708 3260 4772 post
3311 4706 3592 4769 acceptam

1990 4792 2364 4866 paenitentiam
2395 4791 2645 4847 sollicitae
2703 4789 2808 4845 sibi
2868 4787 3367 4860 circumspectionis
3420 4785 3596 4841 studio

1992 4882 2047 4937 in
2076 4889 2351 4952 posterum
2395 4879 2730 4951 prospicere,
2766 4879 2842 4933 ita
2888 4877 3214 4933 miserabilis
3272 4873 3598 4943 insipientia

1992 4978 2075 5026 est
2100 4970 2157 5024 in
2184 4969 2341 5025 istius
2369 4968 2497 5025 vitae
2526 4966 2786 5038 ambiguo
2844 4966 3007 5036 quasi
3046 4971 3273 5033 accepta
3305 4960 3591 5016 securitate

1991 5058 2247 5113 dormire.
2282 5058 2382 5112 Per
2411 5056 2777 5126 insipientiam
2808 5068 2942 5123 ergo
2970 5048 3347 5123 negligentiae,
3396 5046 3593 5100 vulnus

1990 5148 2106 5217 jam
2162 5152 2415 5201 sanatum
2465 5143 2793 5214 computruit
2827 5160 2839 5204 ;
2873 5140 3000 5211 quia
3020 5138 3149 5192 dum
3202 5152 3303 5205 per
3360 5133 3598 5188 studium

2000 5234 2298 5305 vigilantia:
2327 5248 2480 5288 mens
2508 5231 2719 5303 ingrata
2747 5228 2851 5283 sibi
2881 5228 2935 5281 in
2975 5232 3252 5297 posterum
3311 5220 3600 5293 providere

1995 5322 2246 5389 noluerit,
2316 5319 2680 5376 miserabilius
2734 5331 2801 5371 ea
2856 5330 2977 5384 quae
3031 5312 3181 5382 prius
3230 5310 3601 5380 abdicaverat,

1997 5412 2145 5467 mala
2174 5408 2477 5467 committit.

2072 5499 2251 5568 (Vera.
2275 5498 2352 5567 6.)
2375 5498 2538 5555 Miser
2557 5498 2746 5568 lactus
2761 5509 2909 5558 sum,
2928 5492 3271 5549 etcurvatus
3281 5505 3409 5547 sum
3420 5505 3594 5562 usque

1996 5589 2060 5647 in
2082 5588 2256 5658 ﬁnem
2270 5607 2294 5653 ί
2331 5590 2454 5645 tota
2477 5584 2566 5643 die
2596 5583 2975 5642 contristatae
2996 5579 3372 5655 ingrediebar.
