4034 6166
442 286 538 338 571

1646 277 1908 337 SANCTI
1949 274 2290 336 GREGORII
2315 277 2538 335 MAGNI
3622 289 3714 342 572

519 410 576 462 6.
626 406 803 462 Tanto
862 420 1208 479 unaquaeque
1245 405 1422 462 anima
1461 403 1519 461 ﬁt
1583 403 1876 478 pretiosior
1923 401 2359 468 anteAlumbis
2415 405 2658 462 carnales
2731 404 3114 463 delectationes
3177 403 3472 478 prodeunt,
3540 406 3609 463 ita
3659 423 3718 464 ex

455 496 646 552 oculos
692 495 813 562 Dei,
852 505 1049 566 quanto
1103 496 1267 552 fuerit
1309 495 1617 567 despectior
1671 502 1797 549 ante
1854 493 2045 549 oculos

455 600 606 639 suos.
675 583 815 653 Quid
873 592 1054 639 autem
1113 584 1402 652 infelicius,
1462 599 1620 655 quam
1677 582 2049 638 infelicitatem

457 689 608 728 suam
641 688 748 727 non
779 689 1132 744 cognoscere,
1166 682 1218 728 et
1241 673 1381 728 inter
1410 673 1530 742 ipsa
1555 672 1678 727 vitae
1734 669 2050 726 discrimina

456 763 661 818 nullum
721 761 1046 816 inﬁrmitatis
1097 761 1336 816 dolorem
1389 760 1646 816 sentire?
1702 759 1851 815 Sicut
1905 758 2049 813 enim

451 849 749 922 phrenetici
780 850 974 904 mentis
1006 849 1384 904 alienationem
1416 849 1668 913 tolerant,
1701 863 1823 904 cum
1855 864 1914 903 se
1940 862 2051 902 non

456 939 630 994 solum
663 938 797 992 nihil
828 938 968 1009 pati,
989 938 1080 992 sed
1105 938 1268 993 etiam
1289 936 1584 993 incolumes
1604 945 1790 1006 putent
1815 955 1826 998 ;
1861 938 1938 992 ita
1960 939 2050 1007 qui

453 1026 663 1081 mortali
693 1041 858 1083 carne
887 1026 1272 1094 circumdatus,
1295 1042 1559 1082 aerumnas
1587 1025 1872 1094 praesentis
1930 1026 2053 1082 vitae

455 1131 561 1170 non
595 1115 843 1183 senserit,
875 1131 905 1169 a
935 1115 1129 1170 virtute
1160 1115 1438 1185 sapientim
1469 1115 1676 1169 alienus
1715 1113 1922 1169 existit.
1955 1117 2054 1170 In-

456 1203 818 1259 numerabiles
875 1219 1108 1273 namque
1168 1205 1418 1258 humana;
1448 1203 1768 1274 dejectionis
1797 1201 2052 1268 miseriae,

454 1293 595 1349 sicut
624 1293 784 1347 corda
813 1292 1082 1361 justorum
1113 1292 1266 1362 gravi
1297 1291 1524 1347 tristitia:
1580 1291 1766 1346 dolore
1823 1290 2054 1346 convul-

456 1390 665 1448 nerant,
698 1381 768 1435 ita
799 1380 1104 1450 iniquorum
1135 1387 1344 1436 mentes
1374 1381 1490 1450 ipsa
1520 1397 1615 1434 sua
1657 1380 2056 1450 importunitate

458 1470 750 1524 delectant.
785 1469 918 1523 Cum
950 1469 1092 1523 enim
1123 1470 1269 1524 omni
1301 1469 1524 1524 vanitati
1549 1467 1627 1537 (a)
1654 1473 1919 1540 patentes,
1940 1468 2057 1524 sola

457 1574 576 1628 quae
606 1558 778 1612 carnis
808 1566 927 1612 sunt
959 1559 1222 1630 cogitant,
1255 1567 1307 1612 et
1337 1558 1693 1628 lacrymarum
1724 1573 1912 1612 causas
1955 1556 2056 1610 tri-

456 1647 744 1718 pudiantes
775 1654 1059 1718 peragunt,
1092 1646 1288 1700 mortis
1321 1661 1431 1700 suae
1490 1646 1767 1718 negotium
1823 1645 2058 1700 ridentes

2160 495 2339 550 anima
2366 511 2558 552 omnes
2612 495 2966 568 cogitationes
3023 495 3337 566 procedunt.
3367 495 3572 552 Deinde
3607 513 3717 552 cum

2159 584 2331 641 illiciti
2353 585 2533 656 operis
2570 585 2792 640 tentatio
2822 583 3084 654 subrepit,
3117 599 3216 653 per
3244 599 3496 638 vanarum
3527 584 3721 656 cogita-

2162 673 2362 728 tionum
2389 675 2768 744 phantasmata
2798 673 3015 744 spiritus
3055 672 3322 742 malignus
3349 669 3542 726 illudit.
3580 673 3724 744 Saepe

2159 777 2398 831 namque
2427 771 2736 816 sanctorum
2759 761 2920 816 etiam
2951 761 3186 815 virorum
3210 768 3430 827 mentes,
3453 759 3726 832 cogitatio—

2157 865 2254 905 nes
2283 850 2483 906 illicitae
2511 851 2788 922 polluunt;
2823 858 2876 905 et
2905 867 2996 905 eas
3023 851 3133 920 jam
3167 849 3233 903 ad
3266 865 3473 904 summa
3508 849 3726 904 tenden-

2160 945 2262 1001 tes,
2330 948 2658 994 terrenarum
2743 956 2924 994 rerum
2984 937 3429 994 delectationibus
3485 942 3721 1010 tangunt.

2160 1028 2317 1099 Saepe
2349 1028 2510 1083 etiam
2543 1027 2598 1081 in
2628 1028 2744 1098 ipso
2775 1027 3032 1082 orationis
3059 1030 3304 1096 tempore
3351 1025 3644 1096 importune
3678 1039 3731 1080 se

2159 1113 2267 1171 illis
2291 1115 2562 1190 ingerunt,
2596 1124 2652 1170 ut
2681 1116 2785 1170 hoc
2813 1115 2990 1186 ipsum
3020 1113 3340 1170 sacriﬁcium
3371 1113 3545 1182 aliquo
3582 1112 3732 1167 modo

2161 1205 2556 1262 commaculare
2586 1204 2819 1268 valeant,
2853 1203 2998 1275 quod
3028 1203 3083 1258 in
3113 1202 3278 1258 odore
3306 1200 3580 1256 suavitatis
3628 1200 3732 1255 Deo

2163 1301 2464 1364 acceptum,
2513 1293 2741 1347 contrito
2806 1293 2970 1347 corde
3043 1299 3096 1344 et
3149 1287 3507 1345 contribulato
3561 1287 3733 1358 spiritu

2163 1391 2442 1439 mactatur.
2477 1381 2635 1450 Quod
2660 1379 2818 1435 nobis
2849 1387 3034 1449 aperte
3064 1377 3193 1432 illud
3221 1377 3366 1449 quod
3395 1376 3461 1431 de
3482 1375 3736 1431 Abraham

2163 1473 2418 1542 scriptum
2445 1479 2521 1526 est
2543 1470 2702 1539 (Gen.
2734 1486 2832 1538 xv,
2867 1469 2974 1536 11),
3008 1467 3178 1522 innuit
3211 1486 3224 1531 ;
3257 1466 3384 1540 quia
3437 1464 3574 1520 circa
3613 1463 3733 1519 solis

2163 1577 2416 1618 occasum
2449 1558 2773 1615 sacrificium
2805 1557 3054 1624 offerens,
3089 1555 3395 1610 insistentes
3439 1568 3563 1608 aves
3612 1567 3732 1622 per-

2166 1651 2299 1718 tulit,
2331 1665 2467 1720 quas
2496 1665 2565 1704 ne
2595 1649 2837 1703 oblatum
2869 1652 3121 1717 raperent
3149 1642 3494 1709 sacriﬁcium,
3519 1640 3735 1697 sollicite

457 1743 846 1806 exsequuntur.
889 1736 969 1790 De
1037 1734 1235 1805 quibus
1300 1735 1541 1806 profecto
1600 1734 1855 1804 scriptum
1924 1741 2006 1788 est
2040 1753 2050 1788 :
2085 1749 2138 1809 Β
2168 1741 2389 1812 abigere
2445 1737 2669 1793 curavit.
2701 1738 2816 1792 Nos
2847 1751 2978 1806 ergo
3009 1734 3055 1788 si
3086 1733 3302 1804 quando
3343 1731 3398 1786 in
3453 1746 3542 1784 ara
3573 1729 3737 1784 cordis

463 1825 601 1892 Quia
617 1825 890 1878 lletanlur
905 1840 1033 1880 cum
1047 1825 1194 1879 male
1206 1824 1472 1893 fecerint,
1499 1824 1938 1878 etexsultantin
1959 1839 2053 1888 re-

459 1913 556 1968 bus
566 1913 1106 1984 pessimis(Prov.u,t
1120 1913 1401 1981 L).\-"erum
1415 1911 1504 1983 qui
1520 1912 1588 1965 ad
1600 1911 1896 1965 Sabbatum
1913 1910 2060 1980 quie-

463 2001 529 2054 tis
557 2008 777 2056 mternae
813 2002 1098 2070 pervenire
1146 2000 1436 2065 desiderat,
1481 2000 1872 2069 circumspecta
1929 2015 2062 2069 quas

461 2089 658 2160 patitur
685 2089 1020 2143 miseriarum
1053 2088 1422 2152 multitudine,
1481 2088 1714 2158 seipsum
1772 2086 2064 2140 humilians

462 2176 604 2232 dicat
640 2193 651 2231 :
684 2178 845 2232 Miser
875 2179 1066 2246 factus
1093 2193 1240 2244 sum,
1267 2181 1323 2232 et
1353 2181 1626 2232 curvatus
1655 2193 1780 2230 sum
1815 2191 1983 2245 usque
2003 2175 2060 2229 in

463 2266 654 2333 ﬁnem.
676 2266 853 2333 Usque
884 2266 935 2318 in
968 2265 1128 2320 ﬁnem
1160 2273 1431 2329 curvatur,
1455 2265 1543 2335 qui
1576 2264 1773 2333 iniquae
1809 2263 2064 2319 volunta-

466 2357 532 2407 tis
562 2354 795 2407 studium
827 2371 995 2424 usque
1025 2355 1094 2408 ad
1127 2352 1374 2408 effectum
1410 2353 1562 2422 pravi
1595 2351 1792 2421 operis,
1847 2349 2070 2406 terrenis

471 2441 704 2504 inhians,
747 2442 1135 2511 protrahit;et
1194 2441 1260 2494 ad
1321 2439 1554 2496 cmlestia
1612 2439 1901 2493 ambienda
1959 2455 2067 2493 non

475 2529 647 2583 solum
678 2546 785 2583 non
816 2546 912 2599 per
939 2530 1166 2598 gradum
1184 2530 1386 2598 Operis,
1405 2527 1498 2582 sed
1520 2543 1622 2582 nec
1640 2543 1738 2599 per
1758 2527 2071 2583 intentionis

472 2619 711 2672 volatum
743 2618 1004 2688 assurgit.

537 2707 595 2759 7.
636 2705 743 2760 Sed
800 2705 927 2775 quia
982 2705 1197 2776 culpam
1257 2721 1410 2775 sepe
1440 2704 1684 2776 sequitur
1727 2704 2068 2774 paenitentia,

469 2803 521 2848 et
552 2793 866 2864 plerumque
893 2796 984 2864 qui
1005 2793 1168 2856 cadit.
1194 2793 1384 2864 adjicit
1410 2798 1468 2847 ut
1496 2794 2020 2865 resurgat,sequitur
2053 2807 2065 2848 :

477 2884 610 2938 Tota
639 2883 729 2938 die
757 2883 1133 2939 contristatus
1164 2883 1539 2954 ingrediebar.
1563 2883 1696 2937 Cum
1721 2881 1953 2937 sollicito
2011 2897 2070 2936 se

473 2972 662 3026 timore
693 2987 848 3025 mens
880 2972 1115 3026 humana
1143 2971 1604 3042 circumspiciens,
1631 2970 1794 3025 modo
1815 2986 1935 3040 quae
1961 2971 2074 3041 egit

2165 1827 2486 1884 sacriﬁcium
2518 1829 2633 1881 Deo
2665 1825 2962 1891 offerimus,
2989 1840 3020 1878 a
3049 1821 3308 1894 malignis
3339 1822 3442 1875 hoc
3482 1817 3740 1890 spiritibus

2166 1915 2397 1972 sollicite
2426 1915 2836 1975 custodiamus;
2873 1930 2937 1968 ne
2969 1912 3374 1967 tenebrosamm
3435 1906 3736 1978 importuni-

2169 2015 2303 2061 tates
2355 2005 2739 2077 cogitationum
2773 2004 2877 2058 hoc
2933 2001 3226 2072 aliquando
3257 1998 3475 2055 valeant
3504 1996 3740 2066 diripere,

2172 2095 2315 2164 quod
2345 2096 2461 2148 Deo
2516 2109 2793 2162 speramus
2846 2091 3046 2144 utiliter
3099 2085 3325 2143 offerre.
3373 2085 3526 2154 Quod
3581 2091 3744 2137 autem

2171 2183 2437 2254 sequitur:
2461 2184 2580 2238 Non
2611 2185 2693 2235 est
2727 2183 2944 2234 sanitas
2974 2180 3036 2232 in
3063 2193 3235 2232 carne
3269 2190 3429 2237 mea;
3486 2173 3623 2227 idem
3675 2176 3749 2225 est

2172 2271 2318 2343 quod
2340 2270 2751 2340 aitApostolus:
2789 2269 2902 2323 Non
2929 2266 3154 2322 invenio
3180 2266 3241 2318 in
3270 2280 3380 2327 me,
3424 2264 3520 2317 hoc
3567 2264 3644 2315 est
3690 2262 3747 2312 in

2174 2377 2344 2415 carne
2370 2377 2513 2424 mea,
2547 2358 2749 2413 bonum
2773 2360 2949 2424 (Rom.
2993 2371 3086 2418 vn,
3114 2354 3224 2423 18).
3281 2351 3475 2407 Omnia
3531 2361 3749 2416 namque

2174 2450 2415 2518 corporis
2445 2448 2684 2502 membra
2716 2463 2834 2516 quae
2865 2444 2931 2497 ad
2963 2460 3114 2498 usum
3144 2442 3269 2496 vitae
3325 2439 3633 2508 accipimus,
3688 2433 3749 2488 ad

2175 2539 2372 2594 erroris
2401 2537 2682 2591 materiam
2714 2533 3055 2589 inclinamus.
3078 2529 3278 2587 Oculos
3298 2529 3442 2584 enim
3469 2525 3536 2580 ad
3570 2524 3748 2578 viden-

2177 2629 2301 2682 dum
2335 2628 2570 2682 obscena
2602 2631 2654 2680 et
2710 2625 2880 2694 turpia
2910 2619 3268 2680 intlectimus;
3329 2632 3487 2672 aures
3541 2614 3753 2668 libenter

2177 2716 2245 2771 ad
2277 2715 2580 2770 audiendas
2637 2712 2996 2767 detractiones
3023 2706 3496 2764 accommodamus
3528 2722 3538 2765 ;
3581 2701 3752 2755 illece-

2179 2805 2369 2860 brosos
2389 2804 2645 2858 odoratus
2675 2802 2890 2855 naribus
2919 2797 3136 2853 haurire
3164 2793 3628 2866 concupiscimus;
3658 2788 3756 2842 ini-

2179 2895 2437 2965 quitatem
2469 2891 2520 2946 in
2553 2891 2769 2946 excelso
2802 2889 3096 2958 loquimur,
3129 2893 3181 2940 et
3223 2885 3366 2938 inter
3413 2884 3601 2937 fratres
3649 2877 3757 2965 dis-

2180 2963 2420 3039 cordiam
2451 2980 2778 3036 seminamus
2803 2995 2815 3040 ;
2849 2977 3079 3032 salutem
3107 2973 3273 3030 etiam
3297 2970 3544 3042 corporis
3570 2963 3759 3038 redigi-

473 3059 619 3114 mala
653 3069 928 3114 enumerat
956 3079 967 3119 ἔ
1002 3059 1166 3115 πηοίῘο
1197 3076 1316 3129 (μιεὲ
1345 3075 1508 3132 agere
1539 3058 1780 3130 ηθειθϊίι
1831 3058 1974 3113 bona
2002 3058 2071 3113 ad
2101 3100 2150 3164 α
2182 3089 2300 3128 mus
2331 3073 2385 3127 in
2412 3085 2568 3126 usum
2616 3068 2903 3126 vitiorum;
2960 3063 3144 3119 omnia
3200 3061 3421 3116 tandem
3479 3057 3665 3129 quibus
3709 3057 3760 3107 ut

475 3147 789 3202 memoriam
849 3156 1110 3208 revocat;
1146 3147 1311 3202 modo
1365 3146 1806 3216 reprehensibilia
1837 3162 1955 3201 esse
2017 3146 2072 3200 in

475 3230 670 3302 quibus
700 3238 968 3298 versatur,
1027 3231 1326 3300 conspicit;
1366 3231 1527 3284 modo
1559 3229 1662 3283 sibi
1706 3239 1854 3284 recta
1907 3245 2075 3299 opera

477 3320 656 3374 adhuc
687 3319 879 3373 deesse
908 3317 1190 3389 perpendit
1227 3336 1238 3371 :
1273 3319 1403 3389 quia
1433 3318 1694 3372 malorum
1728 3323 1996 3373 tantorum
2022 3317 2077 3371 in

474 3423 538 3462 se
566 3407 864 3462 remedium
895 3421 1004 3462 non
1040 3405 1265 3472 invenit,
1300 3405 1524 3460 tristitiae
1555 3405 1914 3460 intolerabilis
1933 3421 2070 3475 pon-

475 3497 602 3550 dere
634 3504 968 3568 praegravata
1000 3494 1257 3563 tabescit;
1293 3503 1344 3550 et
1373 3502 1521 3549 tanto
1551 3511 1607 3549 se
1637 3495 1823 3548 durius
1864 3495 1918 3548 in
1974 3509 2074 3548 co-

475 3584 749 3654 gitatione
779 3583 1023 3646 dilaniat,
1050 3591 1252 3654 quanto
1284 3582 1576 3636 terribilius
1624 3598 1738 3638 esse
1765 3584 1909 3654 quod
1968 3582 2076 3635 im-

476 3671 645 3725 minet
668 3671 936 3739 judicium
971 3678 1192 3741 pensat.
1233 3671 1370 3726 Tota
1393 3676 1569 3725 autem
1594 3670 1685 3726 die
1732 3671 2078 3726 contristatus

479 3759 805 3831 ingreditur,
833 3757 922 3830 qui
957 3759 1228 3815 miseriam
1260 3776 1379 3815 esse
1403 3761 1644 3831 deputat,
1702 3761 1744 3813 si
1777 3759 1997 3830 quando
2028 3759 2076 3815 ei

477 3847 813 3918 prosperitas
834 3848 1016 3904 saeculi
1051 3847 1319 3903 fallaciter
1345 3849 1756 3919 pemicioseque
1785 3848 2075 3916 blanditur,

480 3936 615 3990 sicut
635 3936 688 3990 in
716 3935 948 3991 Canticis
979 3938 1308 3992 canticorum
1341 3937 1581 4007 Sponsus
1611 3937 1676 3992 ad
1707 3952 1960 4008 sponsam
1990 3935 2080 3992 lo-

482 4024 679 4095 quitur,
706 4025 889 4080 dicens
917 4043 928 4078 :
953 4026 1114 4082 Oculi
1141 4028 1226 4081 tui
1255 4025 1848 4095 cotumbarum(Cant.
1869 4042 1943 4090 1v,
2002 4025 2079 4095 1).

485 4114 654 4182 485
688 4114 966 4169 Columba
1000 4115 1142 4168 enim
1201 4131 1301 4184 pro
1359 4122 1515 4168 cantu
1564 4113 1828 4186 gemitum
1885 4113 2073 4168 habet.

481 4200 619 4269 Quia
649 4218 780 4273 ergo
811 4203 984 4257 sancti
1017 4203 1115 4257 viri
1148 4203 1331 4258 saeculi
1363 4202 1732 4256 blandimenta
1761 4202 2010 4256 timentes
2033 4209 2086 4256 et

486 4289 734 4344 dolentes
790 4306 914 4345 cum
983 4291 1129 4345 luctu
1183 4299 1235 4345 et
1263 4292 1476 4362 gemitu
1525 4291 1772 4357 tolerant,
1806 4290 1859 4344 in
1890 4290 2085 4360 quibus

485 4386 753 4432 amatores
781 4378 967 4432 mundi
1000 4379 1179 4433 securi
1211 4387 1262 4433 et
1291 4380 1589 4450 gaudentes
1618 4377 1908 4446 exsultant,
1955 4395 2085 4432 san-

487 4474 573 4520 cta
605 4465 843 4520 Ecclesia
873 4465 1140 4520 columbis
1169 4467 1500 4521 assimilatur
1524 4485 1535 4529 ;
1569 4467 1692 4538 quia
1715 4467 1841 4521 inde
1867 4474 2083 4522 sanctus
2111 4457 2164 4518 D

484 4552 662 4606 omnis
691 4568 812 4608 cum
845 4553 1033 4608 dolore
1061 4554 1387 4626 ingemiscit,
1427 4555 1570 4610 unde
1599 4555 1814 4627 iniquus
1852 4555 2082 4628 quisque

487 4655 610 4695 cum
641 4641 842 4712 gaudio
875 4642 1170 4698 hilarescit.
1207 4644 1360 4699 Unde
1389 4660 1490 4714 per
1536 4644 1884 4700 Salomonem
1942 4643 2082 4697 dici-

489 4731 618 4782 tur:
656 4731 847 4784 Risum
865 4731 1128 4802 reputavi
1144 4747 1412 4798 errorem,
1439 4737 1493 4788 et
1517 4732 1721 4804 gaudio
1759 4731 1903 4797 dixi,
1942 4730 2085 4799 Quid

487 4819 712 4886 [rustra
741 4817 1061 4889 deciperis?
1081 4821 1320 4889 (Eccl.u,
1349 4824 1422 4886 2.)
1455 4821 1634 4887 Quare
1663 4827 1843 4875 autem
1876 4819 2086 4875 contri-

492 4913 665 4958 status
719 4906 865 4961 viam
917 4907 1204 4978 praesentis
1257 4907 1380 4964 vitae
1443 4908 1795 4978 ingrediatur,
1855 4906 2091 4963 ostendit

494 4993 680 5048 dicens
713 5011 723 5046 :

567 5110 746 5172 (Vers.
771 5110 848 5179 7.)
874 5109 1147 5177 Quoniam
1164 5112 1337 5167 lumbi
1353 5113 1464 5167 mei
1485 5113 1708 5185 impleti
1724 5115 1859 5169 sunt
1875 5111 2092 5170 illusio-

490 5197 666 5254 nibus
689 5219 706 5265 ;
726 5202 782 5255 et
803 5215 918 5253 non
937 5203 1021 5255 est
1061 5199 1279 5254 sanitas
1305 5201 1367 5254 in
1387 5217 1559 5257 carne
1582 5217 1729 5257 mea.

563 5317 615 5366 8.
675 5314 736 5368 In
781 5313 980 5368 lumbis
1035 5313 1268 5369 carnalis
1323 5315 1611 5372 delectatio
1668 5315 1987 5381 continetur,
2044 5320 2098 5369 et

491 5401 620 5455 inde
648 5401 906 5456 nimirum
941 5403 1176 5458 humana
1196 5404 1477 5475 generatio
1497 5412 1854 5476 propagatur.
1876 5403 2098 5458 Possum

490 5503 624 5559 ergo
653 5504 753 5559 per
780 5490 995 5546 lumbos
1024 5493 1263 5548 animam
1304 5494 1591 5568 accipere;
1655 5493 1782 5566 quia
1838 5491 1979 5554 sicut
2027 5506 2098 5546 ex

559 5602 637 5672 (a)
667 5602 942 5674 Rembol.,
973 5612 1258 5677 parentes.

2182 3162 2385 3218 utiliter
2415 3173 2697 3231 possemus
2725 3155 2795 3210 ad
2817 3155 2917 3209 Dei
2946 3152 3245 3216 servitium,
3280 3151 3336 3204 in
3383 3146 3540 3221 pravi
3596 3138 3759 3214 operis

2183 3249 2556 3307 convertimus
2585 3246 3016 3300 instrumentum.
3046 3241 3168 3296 Non
3198 3246 3284 3294 est
3327 3239 3382 3292 in
3411 3249 3573 3291 carne
3597 3238 3762 3287 nostra

2183 3339 2424 3399 sanitas;
2461 3336 2586 3407 quia
2615 3332 2763 3387 nulla
2819 3347 2944 3402 pars
2998 3329 3165 3384 nostri
3220 3325 3470 3396 corporis
3520 3322 3759 3407 intentata

2182 3430 2443 3484 remanet.
2475 3401 2570 3490 per
2599 3432 2762 3491 quam
2793 3401 2892 3470 nos
2919 3412 3128 3485 peccati
3156 3409 3483 3466 desiderium
3516 3421 3619 3461 non
3637 3401 3758 3457 titil-

2180 3513 2272 3568 let.
2306 3510 2556 3583 Sequitur
2583 3521 2594 3560 :

2256 3628 2437 3691 (Vers.
2469 3623 2544 3692 8.)
2559 3628 2596 3677 Δ
2605 3622 2821 3694 [ﬂictus
2835 3635 2981 3684 sum,
2997 3621 3054 3674 et
3071 3616 3414 3673 humiliatus
3427 3627 3552 3670 sum
3566 3607 3758 3666 nimis:

2183 3715 2468 3788 rugiebam
2498 3730 2533 3768 a
2559 3713 2772 3784 gemitu
2799 3708 2978 3766 cordis
3005 3708 3137 3762 mei.

2259 3809 2310 3860 9.
2335 3803 2437 3873 Qui
2451 3803 2591 3858 enim
2610 3800 2840 3865 dixerat,
2855 3799 2971 3854 Non
2991 3796 3315 3852 estsanitas
3334 3794 3397 3848 in
3417 3805 3587 3848 carne
3615 3801 3762 3842 mea:

2188 3910 2257 3950 ne
2297 3894 2433 3947 forte
2470 3892 2525 3945 in
2565 3888 2746 3943 anima
2784 3886 2914 3941 nihil
2953 3885 3067 3954 pati
3131 3891 3428 3954 putaretur,
3503 3875 3758 3946 subjecit:

2189 3984 2463 4056 Afﬂiclus
2480 3996 2626 4046 sum,
2645 3982 2701 4033 et
2719 3977 3054 4032 humiliatus
3069 3989 3195 4030 sum
3217 3973 3415 4027 nimis.
3430 3971 3498 4026 Ut
3514 3963 3766 4056 intelligas

2192 4073 2244 4126 in
2273 4071 2454 4124 anima
2482 4066 2806 4140 gravissimo
2862 4063 3162 4134 iniquitatis
3215 4061 3458 4132 pondere
3512 4055 3764 4140 obrutum,

2192 4177 2353 4231 quem
2384 4160 2439 4213 in
2463 4138 2624 4212 carne
2653 4154 2804 4210 vides
2835 4162 2911 4208 tot
2935 4152 3164 4206 miseriis
3194 4159 3248 4205 et
3265 4146 3608 4221 passionibus
3633 4138 3767 4231 afﬂi-

2191 4227 2358 4306 ctum.
2384 4248 2665 4302 Peccatum
2687 4243 2829 4298 enim
2859 4242 2996 4296 sicut
3024 4238 3301 4311 peccantis
3355 4244 3589 4292 mentem
3641 4227 3767 4284 reti-

2191 4339 2292 4392 bus
2321 4334 2736 4391 delectationum
2793 4329 3071 4400 illaqueat,
3118 4329 3193 4383 ita
3247 4327 3414 4383 etiam
3471 4320 3770 4393 implicitam

2194 4425 2339 4497 quasi
2369 4423 2512 4478 mole
2543 4419 2885 4490 superposita
2913 4425 3104 4489 gravat
3137 4435 3149 4478 ;
3182 4420 3241 4470 ut
3271 4417 3342 4471 ad
3403 4410 3652 4468 sublimia
3701 4405 3772 4502 le-

2193 4514 2307 4569 vari
2331 4513 2444 4582 jam
2476 4525 2585 4565 non
2614 4507 2810 4574 valeat,
2844 4507 3099 4577 quoniam
3131 4504 3430 4576 iniquitatis
3458 4517 3575 4558 eam
3611 4509 3773 4570 grm-

2193 4581 2342 4658 tudor
2379 4606 2635 4664 coarctat,
2696 4596 2836 4653 sicut
2890 4612 2989 4667 per
3021 4594 3361 4650 Psalmistam
3389 4593 3581 4647 dicitur
3613 4605 3625 4641 :
3655 4581 3772 4641 Filii

2197 4691 2486 4749 hominum
2499 4701 2796 4759 ,usquequo
2813 4685 2971 4756 gravi
2989 4683 3153 4740 corde
3167 4683 3371 4752 ?(Psal.
3389 4678 3771 4748 rv,3).Plerum-

2197 4797 2302 4851 que
2331 4779 2474 4836 enim
2504 4785 2559 4833 et
2588 4792 2708 4846 quae
2735 4775 2948 4845 agenda
2978 4780 3104 4827 sunt
3133 4771 3276 4827 bona
3315 4768 3688 4838 conspicimus,
3729 4767 3776 4816 et

2199 4870 2272 4924 ad
2326 4869 2444 4924 haec
2499 4881 2533 4921 a
2589 4878 2809 4936 surgere
2863 4861 3038 4918 cordis
3081 4859 3358 4916 desiderio
3387 4873 3500 4912 non
3527 4855 3772 4910 valemus.

2198 4958 2267 5013 Et
2295 4957 2345 5012 si
2375 4956 2512 5012 forte
2541 4969 2696 5008 mens
2727 4950 3020 5023 aliquando
3052 4949 3119 5004 ad
3160 4949 3361 5004 bonum
3424 4943 3669 5001 anhelare
3707 4939 3776 4991 in-

2200 5049 2381 5112 choat,
2405 5045 2572 5112 486
2594 5041 2833 5113 gravitas
2862 5055 3023 5110 quam
3045 5037 3288 5103 sustinet,
3321 5035 3471 5107 cogit
3497 5043 3553 5088 ut
3613 5027 3774 5088 cadat,

2202 5137 2330 5207 quia
2359 5151 2426 5189 ex
2458 5148 2620 5204 parua
2647 5128 2854 5202 peccati
2879 5138 2958 5182 est
2982 5134 3039 5181 ut
3088 5143 3119 5181 a
3165 5127 3308 5181 bono
3339 5123 3482 5195 quod
3511 5137 3607 5192 per
3633 5115 3779 5172 ratio-

2205 5225 2291 5278 nis
2340 5222 2604 5292 judicium
2658 5220 2806 5275 clare
2862 5216 3209 5286 conspicitur.
3258 5229 3358 5285 per
3398 5213 3521 5268 vita:
3546 5207 3777 5263 meritum

2207 5312 2388 5367 anima
2418 5309 2629 5364 inﬁrma
2657 5306 2906 5378 pellatur.
2961 5304 3115 5362 Unde
3167 5303 3224 5358 ﬁt
3253 5311 3310 5356 ut
3367 5301 3494 5373 quia
3522 5299 3587 5353 ad
3613 5307 3780 5364 super-

2205 5416 2332 5456 nam
2389 5399 2568 5454 lucem
2625 5395 2933 5452 intuendam
2981 5408 3088 5450 non
3135 5392 3281 5448 valet
3307 5389 3619 5452 ascendere,
3663 5395 3780 5454 pec-

2210 5489 2344 5546 catis
2371 5486 2713 5562 exigentibus
2763 5484 3061 5542 delectetur
3109 5481 3164 5538 in
3218 5479 3452 5536 tenebris
3491 5479 3703 5549 jacere;
3735 5475 3781 5524 et
