4034 6166
344 304 445 359 573

1067 304 1140 362 1N
1170 306 1444 365 serram
1472 307 1721 367 psam.
1752 310 1933 387 eam

2045 311 2442 387 axrosmo.
2465 346 2537 361 --
2565 315 2756 374 esu.
2783 318 2884 375 ιιι.

3530 323 3635 380 ὅτι

345 440 505 520 quam
534 440 565 482 a
594 427 844 500 supernis
870 427 1072 520 dejecit
1099 432 1411 503 necessitas,
1444 449 1563 489 eam
1610 435 1666 490 in
1723 434 1926 491 inﬁmis
1952 435 2009 498 Α
2039 435 2226 494 dicens
2275 456 2287 494 :
2333 439 2404 496 Et
2454 439 2697 512 gemitus
2734 456 2891 498 meus
2938 457 2973 499 α
3002 487 3006 490 .
3031 444 3095 500 te.
3123 458 3241 500 non
3283 447 3368 501 est
3418 442 3645 520 abscon-

342 513 529 571 illicita
558 523 738 572 teneat
766 518 1233 590 voluptas.Nimis
1276 538 1406 593 ergo
1446 522 1782 580 humilitatus
1835 532 1934 593 est,

341 603 429 674 qui
459 619 528 658 ex
554 606 766 676 peccati
794 623 952 678 poena
982 624 1093 664 non
1125 609 1303 665 solum
1333 610 1574 666 ccelestia
1613 627 1723 667 non
1765 628 1936 684 appe-

341 692 425 758 tit,
460 693 559 747 sed
590 693 754 748 etiam
784 696 1093 751 carnalibus
1113 705 1165 753 et
1196 699 1423 755 terrenis
1478 716 1600 756 cum
1655 718 1841 757 amore
1885 711 1938 758 et

336 780 708 839 delectatione
756 785 1006 841 intendit.
1078 785 1188 843 Sed
1242 788 1367 859 quia
1418 788 1741 861 plerumque
1788 798 1935 847 tanto

335 869 499 926 citius
531 871 600 925 ad
632 871 808 927 Deum
839 873 1020 929 anima
1065 876 1410 947 convertitur,
1466 886 1664 949 quanto
1720 879 1937 952 longius

338 974 397 1013 se
428 959 500 1014 ab
536 975 601 1016 eo
634 970 941 1032 separatam
972 964 1228 1033 intuetur,
1263 965 1612 1038 adjungitur:
1637 969 1935 1040 Rugiebam

339 1063 372 1102 a
400 1050 627 1120 gemitu
658 1050 846 1106 cordis
875 1053 1008 1107 mei.
1041 1052 1287 1126 Rugitus,
1320 1055 1562 1127 gemitus
1617 1060 1702 1111 est
1755 1056 1935 1113 cordis

336 1151 461 1191 cum
492 1153 698 1211 magno
728 1139 938 1211 dolore,
971 1142 1098 1212 quia
1154 1151 1355 1214 quanto
1400 1145 1773 1201 vehementius
1808 1163 1932 1218 pm-

337 1225 559 1281 nitentis
587 1228 825 1283 animum
868 1230 1125 1298 concutit,
1178 1238 1325 1288 tanto
1359 1232 1601 1289 velocius
1656 1234 1727 1289 ad
1772 1251 1933 1292 aures

338 1314 544 1370 divine
570 1316 959 1374 misericordiae
979 1319 1309 1376 conscendit.
1338 1321 1407 1375 Et
1434 1322 1730 1378 notandum
1788 1324 1934 1396 quod

335 1401 471 1457 dixit
496 1421 508 1457 :
544 1404 595 1459 Α
617 1407 833 1477 gemitu
853 1407 1033 1465 cordis
1063 1409 1195 1478 mei,
1236 1409 1363 1481 quia
1381 1408 1518 1465 sicut
1544 1409 1788 1468 dolorem
1816 1429 1933 1469 car-

332 1491 422 1546 nis
449 1502 681 1566 generat
711 1495 934 1551 amissio
950 1497 1196 1567 pecuniae
1224 1506 1277 1554 et
1299 1498 1609 1571 pignorum,
1641 1498 1717 1556 ita
1753 1502 1935 1558 cordis

333 1579 586 1637 dolorem
617 1584 829 1640 confert
850 1585 1223 1643 exterminatio
1252 1587 1533 1644 virtutum.

410 1671 587 1738 (Vers.
632 1673 709 1743 9.)
754 1675 1008 1740 Domine,
1070 1680 1207 1733 ante
1264 1680 1319 1732 te
1371 1692 1536 1734 omne
1591 1676 1933 1738 desiderium

328 1774 549 1829 meum,
577 1765 635 1817 et
665 1764 910 1834 gemitus
938 1781 973 1819 a
1004 1768 1058 1822 te
1088 1780 1200 1821 non
1232 1764 1609 1823 absconditus.

407 1852 497 1905 10.
521 1849 651 1906 Tale
677 1861 759 1907 est
784 1852 1106 1910 desiderium
1136 1870 1348 1925 meum,
1380 1863 1438 1910 ut
1485 1855 1711 1929 dignum
1767 1857 1838 1913 sit
1888 1858 1943 1914 in

324 1948 626 2010 conspectu
659 1948 770 1997 tuo.
805 1940 946 2011 Quia
972 1942 1115 1999 enim
1145 1944 1408 2015 requiem,
1435 1960 1535 2016 pro
1566 1960 1672 2016 qua
1725 1962 1946 2018 semper

2046 524 2219 582 ditus.
2249 526 2413 598 Quasi
2442 529 2605 584 dicat.
2662 529 2797 597 Quia
2819 529 3144 587 desiderium
3166 531 3310 602 quod
3340 531 3408 587 de
3437 541 3489 588 te
3516 548 3647 590 con-

2043 614 2207 684 cipio,
2229 632 2331 686 per
2338 616 2600 691 judicium
2622 617 2912 689 approbas,
2929 619 3053 675 ideo
3070 618 3317 676 dolorem
3338 637 3497 691 quem
3519 622 3645 679 inde

2042 702 2298 773 sustineo,
2341 690 2531 773 487,
2548 722 2655 762 non
2671 706 2909 778 ignoras.
2926 707 3074 763 Scire
3091 710 3233 762 enim
3255 709 3354 764 Dei
3374 710 3645 780 approba-

2041 806 2100 846 re
2117 798 2217 858 est,
2240 791 2336 848 sed
2360 793 2565 848 nescire
2578 802 2658 850 est
2676 795 2992 865 reprobare.
3019 796 3423 869 Moysinamque
3456 798 3584 854 dicit
3625 816 3637 853 :

2040 880 2175 938 Novi
2198 883 2581 938 teexnomine
2604 882 2802 952 (Exod.
2826 900 3032 948 xxxnr,
3052 888 3159 953 t2).
3187 885 3257 940 Et
3294 885 3537 955 reprobis
3586 884 3643 942 in

2041 966 2743 1029 ﬁnedicturusestzNescio
2767 987 2859 1027 vos
2882 972 3099 1039 (Matth.
3156 988 3286 1039 xxv,
3347 974 3461 1047 12).
3516 976 3641 1031 Non

2041 1073 2173 1129 ergo
2204 1074 2235 1112 a
2263 1058 2378 1114 Deo
2406 1059 2749 1114 absconditur
2778 1060 3009 1134 gemitus
3038 1060 3129 1133 qui
3168 1060 3244 1116 illi
3286 1059 3495 1133 spiritui
3548 1064 3641 1136 qui

2041 1144 2308 1201 discretor
2344 1155 2421 1203 est
2450 1148 2862 1220 cogitationum,
2887 1149 3066 1206 existit
3095 1156 3369 1219 acceptus.

2112 1235 2292 1304 (Vers.
2342 1236 2455 1305 10.)
2481 1238 2583 1294 Cor
2620 1238 3228 1295 meumconturbalum
3270 1241 3359 1293 est
3403 1237 3465 1293 in
3523 1252 3632 1301 me,

2040 1322 2341 1396 dereliquit
2372 1340 2460 1381 me
2490 1326 2671 1382 virtus
2691 1341 2837 1395 mea,
2861 1331 2917 1383 et
2935 1327 3127 1384 lumen
3148 1326 3439 1385 oculorum
3494 1339 3639 1381 meo-

2042 1428 2170 1467 rum
2200 1416 2256 1467 et
2286 1413 2469 1484 ipsum
2502 1430 2617 1471 non
2648 1418 2733 1471 est
2763 1431 3011 1471 mecum.

2113 1503 2198 1555 11.
2231 1503 2306 1556 Ac
2328 1501 2373 1555 si
2406 1500 2550 1557 dicat
2584 1522 2595 1558 :
2627 1504 2748 1559 Non
2780 1511 2859 1558 est
2880 1503 3073 1558 mirum
3104 1503 3342 1574 sidoleo,
3375 1503 3421 1559 si
3441 1517 3636 1576 gemo;

2041 1603 2165 1643 nam
2183 1604 2280 1646 0οΓ
2294 1605 2483 1646 meum
2497 1591 2897 1647 conturbatum
2916 1594 3079 1648 est
3093 1609 3181 1650 me
3193 1633 3205 1648 .
3230 1593 3483 1648 Latrones
3499 1589 3643 1649 enim

2040 1675 2225 1744 timeo,
2244 1679 2564 1750 temporalia
2584 1680 2785 1735 damna
2801 1680 3064 1748 formido,
3082 1682 3203 1738 coeli
3224 1690 3400 1738 motus
3422 1689 3474 1736 et
3488 1689 3642 1735 terrae

1964 1794 2021 1856 B
2047 1765 2430 1837 perhorresco,
2453 1767 2691 1839 undique
2710 1768 3166 1826 sollicitudinibus
3187 1778 3464 1842 angustor,
3485 1767 3648 1856 undi-

2051 1869 2157 1926 que
2184 1856 2448 1928 angustiis
2476 1872 2711 1927 premor,
2728 1856 2968 1929 undique
2984 1860 3249 1930 pressuris
3264 1856 3509 1930 dejicior.
3533 1855 3648 1912 Ad-

2051 1943 2279 1998 versitas
2297 1959 2384 1998 me
2403 1944 2678 2015 deprimit,
2701 1960 2981 2001 successus
2992 1946 3470 2013 extollit,convicia
3486 1960 3645 2001 com-

327 2035 410 2083 est
443 2030 738 2099 orandum,
768 2031 1046 2101 desidero,
1099 2049 1219 2090 esse
1269 2047 1460 2090 coram
1510 2040 1565 2090 te
1611 2034 1944 2092 desiderium
2051 2031 3313 2098 movent,adulationesdemulcent.Haecautem
3331 2033 3649 2091 omniaideo

325 2110 513 2173 meum
536 2119 778 2176 conﬁdo.
818 2121 997 2177 Sancti
1028 2121 1153 2191 viri,
1186 2122 1319 2195 quia
1341 2123 1534 2180 mundi
1553 2124 1786 2196 gloriam
1813 2140 1944 2180 con-

326 2210 654 2275 temnentes,
687 2225 943 2279 supernae
972 2210 1234 2266 claritatis
1267 2212 1473 2269 lumine
1526 2212 1794 2269 illustravi
1848 2228 1941 2270 so-

326 2292 613 2352 lummodo
636 2298 879 2367 cupiunt,
914 2299 1120 2355 divinae
1137 2298 1297 2368 maje.
1318 2300 1437 2354 tatis
1456 2300 1771 2371 conspectui
1790 2317 1942 2357 sem-

326 2399 438 2454 per
464 2384 747 2441 assistunt.
783 2387 914 2441 Cum
966 2388 1109 2442 enim
1141 2389 1257 2443 sola
1276 2387 1522 2444 ccelcstia
1549 2396 1827 2461 appetunt,
1850 2407 1942 2445 us-

327 2488 436 2541 que
466 2473 535 2528 ad
560 2476 1031 2548 contemplandum
1062 2477 1232 2532 Deum
1262 2493 1363 2547 per
1381 2478 1579 2533 mentis
1598 2477 1942 2534 desiderium

325 2561 655 2618 ascendunt.
690 2564 762 2618 Et
787 2564 914 2635 quia
934 2582 1096 2636 quam
1115 2565 1288 2621 dulcis
1317 2576 1397 2621 est
1426 2566 1689 2623 Dominus
1717 2568 1942 2624 interius

322 2650 585 2717 sentiunt,
606 2668 886 2724 nunquam
911 2653 981 2708 ab
1012 2670 1077 2710 eo
1118 2670 1218 2725 per
1243 2670 1429 2724 pravae
1476 2656 1769 2711 voluntatis
1821 2663 1938 2712 stu-

325 2736 479 2792 dium
508 2740 787 2795 recedunt.
822 2741 878 2797 Si
910 2743 1053 2797 enim
1084 2760 1112 2797 a
1156 2744 1272 2800 Deo
1311 2745 1456 2799 Elias
1483 2746 1745 2815 propheta
1758 2744 1938 2815 aliquo

314 2828 486 2883 modo
516 2829 870 2899 discessisset,
901 2847 1248 2905 nequaquam
1291 2833 1532 2888 dixisset
1566 2850 1579 2887 :
1624 2835 1763 2889 Vivit
1818 2833 1938 2889 Do-

313 2919 537 2985 minus,
557 2922 865 2991 anteeujus
882 2924 1247 2993 conspectum
1278 2926 1363 2977 sto
1384 2922 1491 2991 (ΙΙΙ
1519 2923 1644 2993 Reg.
1681 2938 1815 2990 xvu,
1859 2921 1933 2993 1).

318 3003 443 3075 Quo
463 3014 660 3061 contra
680 3006 1010 3078 dereprobis
1060 3009 1312 3065 dicitur:
1376 3011 1500 3067 Non
1530 3010 1829 3083 apparebit
1874 3012 1936 3066 in

316 3100 629 3166 conspectu
644 3096 743 3153 Dei
759 3098 941 3154 omnis
958 3097 1249 3170 hypocrita
1281 3099 1421 3168 (Job.
1457 3115 1576 3168 xm,
1611 3099 1718 3161 16).
1739 3100 1929 3171 Hypo-

311 3183 455 3240 crita
474 3184 623 3239 enim
652 3200 997 3257 nequaquam
1017 3187 1180 3243 caelos
1211 3193 1481 3258 penetrat,
1516 3186 1640 3258 quia
1668 3203 1765 3259 per
1794 3204 1930 3258 Opus

316 3272 524 3327 bonum
549 3287 658 3328 non
691 3272 883 3341 Deum,
915 3275 1012 3329 sed
1036 3275 1303 3331 humanas
1330 3275 1541 3342 laudes,
1571 3275 1661 3331 vel
1683 3275 1931 3331 transito-

312 3360 426 3415 rios
451 3367 695 3429 quaestus
721 3360 958 3417 affectat.
997 3362 1068 3417 Et
1097 3362 1223 3435 quia
1252 3364 1321 3419 ad
1376 3364 1552 3418 Deum
1600 3363 1929 3419 desiderium

310 3465 428 3504 non
460 3448 668 3522 dirigit,
703 3466 763 3505 se
793 3450 862 3506 ab
890 3452 1011 3522 ejus
1040 3451 1224 3507 oculis
1255 3453 1358 3508 sub
1416 3452 1673 3522 nequitias
1716 3452 1934 3508 latebris

310 3537 636 3593 abscondit.
672 3536 774 3608 Qui
803 3547 981 3594 autem
1012 3556 1113 3610 per
1140 3556 1379 3597 amorem
1413 3541 1639 3613 spiritus
1690 3540 1931 3597 cmlestia

312 3625 547 3697 appetit,
580 3626 754 3682 oculis
785 3628 887 3683 Dei
919 3628 1276 3684 intentionem
1305 3646 1458 3685 suam
1499 3630 1756 3686 ostendit.
1792 3630 1931 3685 Des-

311 3715 589 3784 pieiamus
618 3730 750 3787 ergo
773 3723 1005 3784 terrena,
1039 3725 1093 3774 et
1124 3733 1368 3774 amemus
1395 3719 1657 3783 caelestia,
1689 3727 1747 3774 ut
1794 3734 1928 3790 pos-

318 3801 495 3857 simus
525 3811 580 3857 et
608 3818 710 3858 nos
738 3803 946 3859 discere
976 3819 1098 3861 cum
1131 3806 1401 3877 Propheta
1432 3826 1444 3861 :
1478 3806 1735 3875 Domine,
1796 3810 1936 3863 ante

316 3895 372 3947 te
402 3905 573 3947 omne
601 3892 941 3949 desiderium
969 3910 1180 3951 meum.
1237 3892 1341 3962 Qui
1403 3896 1575 3951 Deum
1626 3904 1789 3961 amat,
1840 3896 1931 3965 ip-

310 3995 436 4035 sum
465 3979 646 4036 solum
710 3981 1005 4037 desiderat.
1064 3982 1172 4051 Qui
1231 3990 1409 4039 autem
1468 4000 1591 4038 eum
1637 3984 1931 4040 desiderat.

311 4068 382 4123 ad
436 4068 623 4138 ipsum
685 4070 863 4127 cordis
913 4087 1048 4127 voce
1101 4070 1342 4127 clamare
1402 4085 1509 4127 non
1568 4080 1764 4128 cessat.
1820 4070 1938 4127 Nisi

313 4156 469 4212 enim
488 4158 559 4212 de
590 4157 754 4214 corde
782 4158 1164 4229 desiderantis,
1200 4176 1437 4233 magnus
1476 4160 1545 4215 ad
1616 4176 1775 4216 aures
1827 4161 1938 4214 mi-

307 4245 613 4302 sericordis
687 4247 788 4302 Dei
872 4250 1083 4304 clamor
1166 4249 1506 4320 procederet,
1591 4263 1936 4320 nequaquam

305 4335 492 4407 Moysi
524 4334 801 4390 diceretur
830 4354 841 4390 :
869 4336 1011 4404 Quid
1050 4337 1267 4394 clamas
1310 4337 1392 4394 ad
1415 4353 1505 4394 me
1563 4338 1764 4409 (Exod.
1821 4353 1932 4392 xxv:

307 4427 393 4488 i5)
428 4425 460 4477 εἶ
482 4423 633 4478 Sicut
662 4439 797 4496 ergo
819 4425 1146 4497 frigescente
1172 4426 1454 4483 cbaritate
1485 4441 1578 4482 cor
1606 4441 1638 4482 a
1669 4425 1825 4481 bonis
1855 4426 1936 4480 si-

2047 2120 2707 2193 patior,Quiadereliquit
2725 2139 2813 2177 me
2830 2125 3009 2180 virtus
3023 2140 3167 2179 mea.
3200 2125 3512 2179 Humanum
3551 2137 3647 2177 cor

2050 2208 2120 2263 ad
2140 2208 2992 2281 omnemtcntationisimpulsum
3013 2212 3173 2266 facile
3217 2211 3535 2276 concutitur,
3597 2210 3642 2263 si

2048 2296 2245 2351 virtute
2263 2298 2579 2353 constantia:
2623 2298 2845 2353 interius
2892 2316 3002 2354 non
3048 2297 3306 2354 ﬁrmatur.
3348 2300 3641 2353 Possumus

2051 2401 2267 2457 quoque
2293 2402 2389 2456 per
2423 2386 2566 2441 hanc
2603 2386 2876 2454 virtutem,
2925 2387 3338 2444 rationalitatem
3370 2388 3638 2456 accipere,

2049 2490 2168 2544 quae
2197 2474 2269 2528 ita
2300 2475 2357 2528 in
2386 2474 2543 2529 nobis
2558 2490 2652 2545 per
2663 2483 2940 2546 peccatum
2958 2476 3115 2546 primi
3132 2478 3369 2546 parentis
3389 2475 3643 2529 hebetata

2048 2569 2146 2632 est,
2166 2572 2227 2617 ut
2243 2563 2341 2618 Dei
2358 2563 2413 2617 in
2429 2563 2584 2617 nobis
2601 2563 2924 2619 offuscantes
2941 2564 3252 2637 imaginem,
3272 2571 3546 2620 creaturas
3562 2579 3641 2617 se-

2049 2659 2290 2720 quentes,
2310 2651 2677 2722 relinquamus
2727 2654 3057 2708 Creatorem.
3094 2652 3347 2724 Sequitur
3379 2670 3390 2705 :
3428 2654 3639 2709 Lumen

2046 2741 2336 2796 oculorum
2365 2743 2910 2814 meorum,etipsum
2931 2760 3047 2798 non
3088 2747 3175 2799 est
3222 2759 3461 2798 meeum.
3499 2740 3651 2799 Solet

2041 2829 2359 2899 plerumque
2389 2829 2583 2884 anima:
2613 2832 2859 2900 peccanti
2881 2831 3215 2902 contingere.
3250 2839 3308 2884 ut
3336 2845 3463 2884 mox
3512 2844 3635 2884 cum

2042 2917 2098 2971 in
2127 2917 2343 2987 culpam
2378 2916 2596 2986 labitur,
2634 2926 2688 2972 et
2715 2934 2747 2973 a
2776 2918 2856 2973 sui
2888 2918 3196 2990 cognitione
3226 2917 3441 2990 longius
3478 2932 3639 2987 sepa-

2042 3012 2204 3060 retur.
2230 3006 2513 3062 Peccatum
2538 3006 2679 3061 enim
2703 3006 2881 3076 ipsum
2906 3007 3056 3078 quod
3083 3007 3319 3079 peragit,
3349 3005 3500 3076 quasi
3525 3020 3638 3059 mu-

2042 3110 2161 3148 rum
2192 3095 2482 3166 quemdam
2515 3094 2686 3150 oculis
2718 3112 2776 3150 se
2807 3096 2999 3151 mentis
3018 3095 3277 3166 opponit;
3303 3094 3441 3150 adeo
3471 3102 3645 3149 utnec

2035 3182 2180 3238 unde
2192 3183 2449 3238 ceciderit
2469 3184 2785 3255 conspicere
2806 3183 3000 3252 valeat,
3030 3199 3131 3239 nec
3155 3183 3355 3240 bonum
3377 3182 3521 3254 quod
3544 3181 3646 3238 sibi

2037 3272 2389 3341 quarendum
2412 3272 2501 3341 sit,
2533 3281 2846 3345 cognoscat.
2864 3272 3194 3327 Voluntariis
3221 3288 3457 3342 namque
3489 3279 3643 3326 tene-

2036 3360 2149 3415 bris
2169 3360 2445 3428 obvoluta,
2468 3368 2674 3433 quanto
2707 3360 2861 3416 malis
2888 3361 3127 3419 tenacius
3156 3361 3461 3427 adhaeserit,
3494 3366 3641 3414 tanto

2035 3447 2301 3504 difﬁcilius
2328 3449 2586 3521 intelligit
2615 3450 2758 3505 bona
2799 3457 3075 3520 perpetua,
3113 3466 3233 3520 quae
3263 3448 3463 3503 amisit.
3523 3447 3639 3502 Lux

2038 3537 2245 3609 quippe
2262 3538 2503 3593 veritatis
2535 3554 2836 3609 pravorum
2865 3538 3058 3608 culpas
3116 3537 3385 3593 subtiliter
3424 3535 3636 3592 exami-

2038 3642 2197 3695 nans,
2217 3628 2265 3681 si
2286 3627 2357 3681 ab
2385 3643 2547 3697 opere
2564 3627 2861 3697 repellitur,
2886 3642 3231 3698 nequaquam
3264 3626 3316 3680 in
3346 3626 3511 3680 corde
3522 3640 3639 3679 ver-

2038 3723 2211 3770 satur.
2248 3715 2507 3770 Districto
2538 3716 2681 3770 enim
2714 3723 2767 3771 et
2796 3715 3009 3771 occulto
3039 3716 3217 3787 agitur
3237 3714 3468 3785 judicio,
3497 3721 3554 3767 ut
3608 3727 3641 3766 a

2039 3819 2148 3876 quo
2177 3803 2393 3858 inventa
2420 3802 2731 3875 negligitur,
2759 3803 2831 3856 ab
2861 3818 2925 3858 eo
2952 3804 3298 3874 postmodum
3322 3816 3421 3858 nec
3443 3801 3640 3857 amissa

2039 3891 2379 3962 requiratur;
2410 3899 2461 3946 et
2491 3891 2581 3961 qui
2603 3891 2757 3946 illam
2789 3907 2897 3946 non
2929 3900 3111 3947 servat
3141 3892 3196 3946 in
3248 3907 3437 3960 opere,
3494 3888 3639 3945 noti-

2042 3980 2171 4034 tiam
2191 3980 2333 4034 illius
2353 3995 2463 4034 non
2492 3978 2689 4033 habeat
2721 3978 2775 4032 in
2804 3978 2995 4033 corde.
3024 3979 3132 4033 Sed
3158 3983 3292 4033 tunc
3335 3981 3498 4033 homo
3553 3978 3641 4031 lu-

2040 4084 2164 4123 men
2190 4067 2590 4139 quodammodo
2610 4065 2989 4139 intelligentiae
3017 4066 3221 4121 habere
3247 4066 3458 4137 incipit,
3516 4081 3639 4120 cum

2041 4156 2299 4213 caecitatis
2319 4172 2433 4211 sua:
2469 4155 2725 4210 tedebras
2750 4155 3106 4226 recognoscit.
3138 4154 3458 4225 Quicunque
3507 4168 3639 4224 ergo

2042 4245 2283 4301 ciaritate
2316 4243 2535 4299 luminis
2563 4242 2731 4298 divini
2752 4241 3016 4297 illustrari
3049 4242 3344 4308 desiderat,
3369 4242 3636 4313 ignoran—

2044 4335 2130 4389 tiae
2150 4349 2259 4389 sua:
2289 4332 2537 4405 primitus
2561 4346 2860 4405 agnoscens
2888 4330 3393 4403 caliginem,dicat:
3422 4329 3633 4384 Lumen

2038 4424 2328 4481 oculorum
2355 4438 2611 4478 meorum
2640 4424 2695 4476 et
2724 4421 2910 4492 ipsum
2940 4436 3055 4476 non
3098 4423 3185 4475 est
3225 4435 3468 4475 mecum.
3511 4417 3625 4473 Nec

304 4510 401 4579 let,
436 4511 515 4566 ita
545 4511 839 4569 clamorem
897 4514 1114 4581 emittit,
1168 4530 1294 4569 cum
1352 4514 1586 4570 cbaritas
1631 4513 1820 4570 fervet.
1860 4514 1929 4570 Et
1955 4500 3636 4582 Dvacatquodait,Etipsum.lpsum,sinequocorhumanum

306 4600 614 4657 notandum
637 4602 761 4672 quia
792 4602 1032 4658 dicturus
1046 4603 1414 4673 desiderium,
1433 4602 1720 4674 praemisit,
1736 4618 1922 4672 omne,

307 4698 365 4744 ut
396 4688 677 4761 intelligas
706 4689 841 4745 illud
869 4691 987 4746 Deo
1016 4707 1125 4747 non
1154 4707 1318 4763 posse
1332 4692 1549 4763 placere
1571 4690 1919 4756 desiderium,

308 4778 457 4848 quod
488 4794 676 4848 pravae
703 4778 987 4834 voluntatis
1042 4779 1408 4836 commaculat
1462 4779 1915 4835 additamentum.

302 4866 389 4922 Et
415 4869 668 4939 gemitus
696 4883 855 4923 meus
882 4872 992 4924 ate
1011 4882 1126 4923 non
1170 4874 1255 4925 est
1306 4868 1694 4925 absconditus.
1750 4867 1925 4923 Omne

303 4955 647 5010 desiderium
676 4954 730 5010 in
758 4972 977 5026 poenam
1008 4957 1361 5024 convertitur,
1394 4957 1438 5012 si
1468 4972 1576 5012 non
1598 4956 1703 5012 cito
1718 4971 1925 5011 evene-

305 5043 371 5098 rit
404 5044 558 5114 quod
589 5050 823 5113 optatur.
854 5046 1201 5101 Desiderium
1232 5045 1376 5101 enim
1406 5061 1517 5101 non
1537 5045 1782 5108 sustinet,
1800 5044 1927 5116 quia

301 5132 443 5188 sicut
469 5132 733 5203 scriptum
761 5142 847 5189 est
875 5152 886 5189 :
913 5134 1230 5206 Cupiditati
1270 5136 1394 5207 ipsa
1430 5135 1697 5190 celeritas
1761 5134 1927 5189 tarda

304 5225 412 5289 est,
433 5225 493 5277 et
534 5222 800 5292 cupienti
826 5225 1019 5279 animo
1047 5224 1194 5280 nihil
1227 5223 1367 5279 satis
1397 5220 1925 5295 lestinatur.Quis-

305 5310 431 5380 quis
462 5324 598 5381 ergo
615 5308 880 5366 deDeoin
917 5311 1081 5367 corde
1128 5310 1461 5367 desiderium
1510 5310 1766 5380 concipit,
1798 5312 1927 5382 quia

302 5397 489 5453 statim
505 5397 654 5470 quod
670 5406 822 5469 optat
834 5414 940 5455 non
957 5400 1183 5468 obtinet,
1199 5400 1531 5474 ingemiscit.
1550 5399 1722 5473 Igitur
1734 5399 1807 5472 (q)
1825 5400 1927 5459 hoc

301 5486 495 5542 animo
517 5502 642 5543 cum
651 5487 1012 5559 pramisisset
1031 5489 1381 5561 desiderium,
1403 5489 1586 5546 statim
1606 5487 1807 5559 adjecit
1822 5503 1927 5567 ge-

367 5628 453 5701 (q)
482 5628 735 5687 Rombol.‘
767 5630 870 5689 hoc
900 5630 1124 5690 anima.

2032 4599 2088 4653 in
2144 4598 2379 4654 tenebris
2444 4605 2547 4663 est,
2600 4598 2720 4652 sine
2778 4613 2885 4667 quo
2918 4596 3103 4652 vivere
3134 4611 3243 4651 non
3292 4596 3470 4661 valeo,
3520 4594 3636 4650 sine

2030 4703 2141 4758 quo
2170 4687 2373 4742 bonum
2402 4702 2429 4741 ε
2474 4686 2617 4741 malo
2649 4686 2959 4741 discernere
2992 4701 3100 4740 non
3123 4700 3285 4757 queo.
3320 4682 3570 4755 Sequitur
3620 4699 3635 4736 :

2105 4776 2285 4845 (Vers.
2310 4776 2419 4844 11.)
2451 4774 2638 4830 Amici
2664 4774 2778 4830 mei
2804 4778 2861 4831 et
2887 4775 3144 4847 proximi
3170 4775 3303 4844 mei,
3344 4773 3641 4829 adversum

2030 4881 2122 4922 me
2151 4865 2754 4937 apprOpinquaverunt
2783 4869 2841 4919 et
2864 4867 3168 4920 steterunt.

2140 4954 2191 5007 2.
2218 4952 2510 5009 Sciendum
2544 4952 2702 5008 nobis
2732 4960 2831 5020 est,
2865 4951 3010 5024 quod
3042 4950 3098 5005 hi
3120 4950 3212 5021 qui
3263 4948 3451 5019 spiritu
3498 4962 3631 5017 pro-

2030 5042 2229 5114 phetiae
2258 5041 2561 5112 replentur,
2594 5040 2729 5097 sicut
2758 5040 3055 5111 aliquando
3084 5038 3249 5092 verba
3270 5036 3338 5091 de
3370 5051 3429 5090 se
3479 5034 3636 5106 quasi

2033 5131 2102 5187 de
2129 5130 2249 5185 aliis
2275 5130 2573 5201 proferunt,
2594 5128 2667 5184 ita
2697 5142 3086 5201 nonnunquam
3114 5124 3181 5180 de
3204 5127 3322 5180 Deo
3373 5122 3526 5192 quasi
3570 5123 3639 5189 de

2032 5218 2531 5291 seipsisloquuntur
2562 5231 2576 5273 :
2609 5223 2665 5271 ut
2694 5216 2749 5271 in
2770 5218 2874 5272 hoc
2899 5228 3115 5285 quoque
3147 5212 3293 5283 quod
3312 5226 3477 5266 unum
3517 5225 3637 5265 cum

2031 5311 2147 5365 Deo
2177 5308 2286 5362 sint
2324 5308 2563 5373 innuant,
2586 5319 2706 5361 cum
2730 5304 2828 5360 Dei
2852 5318 3018 5373 opera
3045 5301 3199 5370 quasi
3232 5300 3342 5354 sint
3369 5314 3467 5354 sua
3500 5315 3635 5355 nar-

2032 5404 2170 5453 rant.
2196 5396 2287 5453 Sic
2307 5395 2469 5452 etiam
2491 5392 2676 5449 ﬁdeles
2696 5393 2918 5465 quique,
2941 5390 3069 5462 quia
3088 5390 3145 5445 in
3167 5404 3393 5459 corpore
3415 5387 3640 5457 Christi,

2034 5486 2181 5569 quod
2202 5494 2282 5542 est
2302 5481 2573 5552 Ecclesia,
2592 5480 2778 5554 positi,
2797 5479 3042 5537 membra
3058 5486 3182 5536 sunt
3198 5478 3399 5538 Christi
3414 5477 3529 5550 (Col
3542 5519 3555 5534 .
3578 5479 3641 5547 ι),
