4034 6166
462 340 530 397 73
1627 327 1882 388 SANGTl
1905 325 2254 385 GREGORII
2284 323 2509 383 MAGNI

3609 323 3705 377 576

429 464 497 521 de
521 479 584 522 eo
623 459 774 537 quasi
799 461 866 520 de
893 461 1087 534 seipsis
1107 456 1395 531 aliquando
1433 458 1727 529 loquuntur
1757 471 1770 508 :
1804 462 1864 509 ut
1890 453 2021 508 dum
2047 455 2108 518 Α
2137 452 2352 521 mittis,
2365 467 2480 509 non
2497 467 2556 508 es
2569 448 2788 507 amicus
2820 447 3088 505 Caesaris.
3111 444 3302 506 Omnis
3323 447 3472 505 enim
3491 449 3646 523 quise
3659 464 3714 508 re

431 554 596 608 verba
607 553 800 624 capitis
818 554 922 620 sui,
947 551 1216 607 Christum
1233 546 1592 619 induti,quasi
1613 545 1728 599 sint
1747 559 1838 597 sua
1860 557 2028 597 enun-

432 641 586 707 tiant,
618 641 782 696 alium
813 656 930 696 esse
951 639 1038 709 qui
1059 654 1158 708 per
1206 637 1356 707 ipsos
1395 634 1656 706 profatur,
1707 631 2017 686 ostendant.

431 729 664 799 Spiritus
696 730 839 784 enim
872 735 1086 783 sanctus
1115 742 1210 796 per
1237 741 1331 781 eos
1351 723 1606 794 loquitur,
1626 721 1763 774 sicut
1792 719 1910 788 ipsa
1931 719 2029 774 Ve-

429 816 558 872 ritas
589 817 850 887 apostolis
879 816 1105 886 loquens
1130 822 1373 870 testatur.
1404 812 1491 866 Ait
1520 809 1662 865 enim
1688 826 1700 861 :
1734 809 1854 864 Non
1875 807 2028 863 enim

434 922 526 962 vos
539 907 673 961 estis
688 907 782 977 qui
799 905 1116 977 loquimini,
1136 903 1236 959 sed
1254 901 1489 973 spiritus
1510 899 1696 954 Patris
1733 896 1904 952 vestri
1935 895 2032 967 qui

433 994 683 1065 loquitur
703 996 766 1050 in
791 993 937 1051 vobis
950 992 1176 1063 (Matth.
1195 1008 1248 1058 x,
1268 992 1379 1058 20).
1395 988 1530 1043 Hinc
1542 987 1701 1042 etiam
1716 984 1911 1040 Paulus
1925 983 2025 1038 ait:

432 1085 518 1138 An
541 1083 796 1154 quaeritis
813 1084 1273 1155 experimentum
1298 1080 1438 1146 eius,
1461 1079 1555 1150 qui
1571 1077 1634 1130 in
1663 1090 1751 1130 me
1783 1073 2033 1146 loquitur

435 1169 692 1226 Christus
721 1172 800 1240 (II
827 1171 949 1226 Cor.
984 1186 1097 1231 xm,
1119 1168 1214 1238 3)?
1243 1169 1367 1238 Ipse
1389 1175 1468 1221 est
1497 1165 1643 1220 enim
1675 1163 1770 1234 qui
1817 1161 1955 1217 dixit
2014 1181 2028 1217 :

431 1259 611 1326 Aperi
632 1273 690 1313 os
723 1263 901 1323 tuum,
922 1262 978 1314 et
996 1274 1091 1328 ego
1112 1255 1423 1327 adimplebo
1443 1253 1590 1308 illud
1634 1253 1807 1322 (Psal.
1863 1264 2030 1313 Lxxx,

434 1349 542 1414 11).
560 1344 681 1415 Ipse
701 1345 860 1400 etiam
885 1346 953 1400 ait
980 1363 990 1399 :
1008 1346 1129 1416 Ego
1147 1360 1263 1416 ipse
1279 1346 1376 1415 qui
1392 1342 1676 1414 loquebar,
1696 1355 1825 1416 ecce
1831 1339 2033 1395 adsum

436 1411 706 1503 (Ιέαἱίιιι,
733 1438 808 1503 6).
827 1434 962 1488 Cum
991 1411 1299 1503 itaque-non
1321 1411 1637 1500 prophetas,
1667 1411 1837 1479 488
1936 1427 2034 1482 sed

433 1537 494 1576 se
524 1522 762 1578 locutum
783 1538 903 1577 esse
931 1521 1234 1588 denuntiat,
1271 1518 1514 1590 profecto
1537 1517 1662 1587 quia
1693 1517 1806 1586 ipse
1838 1516 1896 1570 in
1958 1515 2037 1569 eis

433 1609 759 1680 loqueretur,
791 1609 1044 1664 afﬁrmat.
1081 1611 1205 1664 Non
1225 1617 1406 1663 autem
1438 1605 1824 1661 admirandum
1861 1611 1962 1670 est,
1989 1603 2035 1657 si

436 1698 504 1752 de
535 1698 716 1767 seipso
748 1699 1043 1770 aliquando
1072 1697 1329 1767 loquitur,
1389 1695 1478 1767 qui
1537 1695 1680 1748 intus
1731 1692 1981 1762 praesidet
2018 1709 2030 1754 ;

2132 558 2255 612 gem
2275 542 2438 612 facit,
2458 539 2806 596 contradicit
2830 537 3046 594 Caesari
3074 539 3258 606 (Joan.
3293 553 3406 606 xix,
3457 540 3562 606 12).
3603 537 3714 593 Vim

2132 645 2265 700 ergo
2296 627 2588 691 faciebant,
2621 627 2711 700 qui
2738 626 2990 697 judicem
3017 625 3219 695 injuste
3226 625 3466 694 judicare
3481 624 3636 681 minis
3665 634 3711 684 et

2133 712 2468 774 clamoribus
2496 715 2778 787 urgebant.
2811 714 3058 770 Animam
3084 712 3278 769 Christi
3305 713 3476 769 Judaei
3510 730 3715 784 quaere-

2135 806 2283 872 bant,
2307 819 2411 860 non
2429 813 2485 859 ut
2509 805 2564 859 in
2591 820 2714 860 eum
2740 803 3044 869 crederent,
3077 802 3230 857 sedut
3251 802 3400 856 illum
3421 802 3714 872 perderent.

2139 893 2236 950 Vel
2253 893 2582 949 aliterzl’im
2621 893 2933 964 faciebant,
2982 891 3109 962 quia
3151 907 3251 945 sua
3297 891 3349 946 vi
3389 899 3441 947 et
3464 899 3716 962 potestate

2139 983 2346 1039 Christo
2368 989 2602 1037 mortem
2636 981 2834 1036 inferre
2861 979 3144 1051 putabant.
3180 979 3289 1035 Sed
3321 979 3435 1050 ipse
3467 980 3542 1034 eis
3572 979 3716 1036 dice-

2139 1071 2230 1126 bat
2257 1075 2460 1128 :Nemo
2483 1069 2685 1127 tollita
2705 1087 2793 1126 me
2822 1071 3078 1125 animam
3106 1084 3316 1134 meam,
3345 1069 3440 1124 sed
3469 1083 3561 1138 ego
3587 1082 3718 1139 pono

2139 1176 2284 1226 eam,
2299 1163 2355 1214 et
2375 1161 2584 1214 iterum
2602 1173 2761 1214 sumo
2773 1174 2897 1214 eam
2922 1158 3102 1224 (Joan.
3128 1172 3286 1224 xvm,
3310 1157 3417 1224 17).
3435 1156 3496 1210 Et
3520 1156 3718 1211 iterum:

2140 1250 2482 1304 Potestatem
2511 1248 2682 1304 habeo
2721 1246 2972 1317 ponandi
3001 1245 3256 1301 animam
3278 1245 3546 1313 (Ibidem).

2215 1337 2395 1405 (Vers.
2438 1337 2562 1404 13.)
2594 1336 2660 1390 Et
2684 1337 2781 1406 qui
2809 1334 3182 1402 inquirebant
3231 1335 3388 1388 mala
3431 1334 3588 1400 mihi,
3644 1333 3723 1388 lo-

2141 1425 2308 1496 quuti
2318 1429 2455 1480 sunt
2476 1426 2783 1491 vanitates,
2806 1428 2862 1478 et
2877 1423 3030 1479 dolos
3052 1426 3169 1479 tota
3194 1423 3284 1477 die
3306 1421 3724 1478 meditabantur.

2216 1513 2304 1568 14.
2326 1513 2468 1567 Mala
2516 1512 2734 1567 Christo
2793 1511 3060 1582 principes
3105 1509 3444 1565 sacerdotum
3501 1509 3728 1582 inquire-

2143 1601 2293 1667 bant,
2326 1601 2548 1672 quando
2580 1599 2772 1654 falsum
2807 1599 3176 1654 testimonium
3206 1606 3396 1653 contra
3425 1614 3566 1662 eum,
3605 1598 3733 1652 sicut

2146 1689 2479 1760 Evangelica
2499 1689 2658 1744 lectio
2692 1697 2941 1754 testatur,
2977 1687 3313 1757 quaerebant.
3375 1688 3442 1741 Et
3498 1686 3733 1742 omnibus

439 1787 875 1856 quandoquidem
901 1788 1018 1857 ipse
1061 1795 1142 1841 est
1174 1786 1262 1855 qui
1289 1801 1353 1839 os
1376 1791 1429 1839 et
1486 1783 1721 1837 animam
1771 1797 1868 1850 per
1914 1779 2037 1835 oﬁi-
2067 1807 2116 1869 B
2144 1778 2436 1848 inquisitis,
2464 1777 2639 1832 locuti
2655 1777 3106 1833 suntvanitates.
3132 1775 3273 1830 Dicit
3303 1776 3448 1830 enim
3493 1775 3734 1857 Evange-

437 1874 579 1928 cium
611 1875 958 1946 obsequentis
981 1874 1259 1944 adimplet.
1295 1872 1383 1927 Sic
1413 1885 1546 1942 ergo
1576 1877 1628 1924 et
1658 1869 1709 1922 in
1740 1871 1843 1922 hoc
1899 1868 2038 1950 loco,

439 1965 765 2017 enumeratis
796 1963 1063 2034 aliquibus
1104 1962 1356 2016 humana:
1413 1957 1737 2013 inﬁrmitatis
1786 1957 2037 2023 miseriis,

437 2051 740 2120 passionem
771 2069 919 2106 suam
951 2057 1359 2111 commemorat,
1417 2055 1474 2102 ut
1531 2045 1694 2115 capiti
1741 2060 2040 2116 congruere

435 2139 580 2210 quod
611 2141 863 2193 convenit
891 2138 1144 2193 membris
1171 2136 1435 2200 ostendat,
1468 2144 1521 2190 et
1551 2133 1660 2200 ﬁat,
1709 2133 1868 2188 nobis
1916 2148 2038 2186 ma-

438 2243 604 2300 gnum
635 2229 1020 2284 consolationis
1049 2228 1366 2293 remedium,
1400 2227 1441 2280 si
1490 2226 1642 2280 illum
1691 2225 1851 2279 etiam
1908 2239 2038 2294 pas-

441 2313 610 2366 sionis
640 2321 840 2368 nostra
869 2313 982 2367 ﬁeri
1007 2311 1318 2382 participem
1351 2309 1750 2382 cognoscimus,
1775 2324 1935 2378 quem
1954 2308 2035 2362 la-

440 2397 633 2454 borum
653 2417 787 2471 quos
808 2402 1063 2470 patimur,
1090 2400 1322 2453 futurum
1346 2405 1812 2452 remuneratorem
1844 2411 2036 2463 spera-

444 2505 563 2542 mus
586 2507 598 2549 ;
625 2489 757 2540 sicut
771 2489 929 2542 etiam
948 2487 1086 2541 alias
1103 2487 1342 2555 loquitur
1358 2502 1369 2539 :
1388 2486 1453 2540 Si
1468 2502 1556 2540 me
1565 2487 2035 2556 persecuti,sunt,

442 2580 498 2631 et
521 2592 610 2632 vos
622 2581 1042 2647 persequentur
1060 2576 1240 2645 (Joan.
1267 2591 1357 2642 xv,
1381 2575 1492 2643 20).
1519 2574 1612 2627 Ait
1646 2589 1775 2644 ergo
1805 2591 1816 2626 :
1851 2573 2039 2630 Amici

439 2667 555 2719 mei
571 2669 627 2720 et
639 2665 886 2735 proximi
900 2666 1106 2732 mei,ad
1111 2680 1330 2720 versum
1342 2678 1430 2719 me
1445 2665 2038 2735 appropinquaverunt

439 2757 494 2807 et
523 2756 829 2808 steterunt.
862 2752 1029 2817 Quasi
1059 2753 1204 2807 dicat
1237 2773 1248 2807 :
1282 2755 1402 2807 Non
1430 2753 1606 2807 solum
1638 2751 1888 2806 membra
1919 2766 2038 2805 mea

444 2840 549 2894 illis
579 2842 776 2913 quibus
797 2842 1113 2912 praedictum
1147 2849 1226 2896 est
1256 2840 1431 2895 modis
1479 2839 1889 2906 conturbantur,
1940 2838 2037 2892 sed

444 2931 608 2985 etiam
640 2946 763 3001 ego,
795 2939 852 2984 ut
871 2930 1125 2984 virtutem
1142 2929 1196 2984 in
1224 2930 1400 2999 primo
1422 2937 1643 2999 parente
1673 2927 1940 2997 perditam
1960 2927 2038 2980 eis

450 3018 1245 3084 restituam,conturbationem
1283 3018 1546 3081 auferam,
1593 3017 1776 3071 lumen
1832 3015 2036 3070 nihilo-

442 3106 622 3160 minus
643 3106 896 3160 amissum
926 3106 1172 3170 reddam,
1206 3107 1355 3161 solus
1411 3105 1550 3159 inter
1606 3113 1846 3159 mortuos
1901 3102 2039 3157 liber

442 3189 611 3249 (Psal.
636 3210 885 3258 LXXXVII,
919 3197 993 3263 6),
1020 3195 1197 3250 factus
1218 3210 1336 3247 sum
1374 3193 1639 3248 obediens
1671 3192 1812 3246 Patri
1867 3208 2037 3262 usque

446 3282 516 3338 ad
536 3291 790 3339 mortem.
826 3285 883 3337 In
913 3299 1020 3355 qua
1049 3290 1242 3347 morte,
1267 3282 1641 3336 amicimeiet
1661 3283 1913 3351 proximi
1928 3280 2042 3336 mei

443 3371 741 3428 adversum
757 3388 844 3426 me
857 3372 1456 3443 appropinquaverunt
1472 3373 1527 3425 et
1543 3372 1832 3440 ste.‘e_runt
1875 3367 2040 3437 (Phi-

443 3461 542 3532 lip.
565 3475 622 3523 ιι,
656 3464 730 3528 8).
759 3458 909 3513 Multi
937 3476 1001 3514 ex
1022 3459 1221 3512 ludatis
1253 3459 1458 3512 amicos
1472 3473 1530 3511 se
1547 3456 1740 3512 Christi
1761 3456 2036 3523 dicebant,

438 3547 590 3600 multi
606 3564 728 3602 eum
760 3547 1020 3600 miracula
1037 3545 1316 3601 facientem
1341 3545 1724 3614 sequebantur,
1750 3545 1899 3599 multi
1917 3561 2041 3599 eum

443 3635 753 3698 Dominum,
784 3635 935 3688 multi
969 3635 1238 3689 vocabant
1293 3633 1614 3705 magistrum
1649 3647 1662 3702 ;
1719 3633 1857 3688 sicut
1905 3633 2044 3704 legis

444 3723 650 3789 doctor,
666 3722 755 3792 qui
773 3738 897 3776 cum
911 3721 1070 3776 vellet
1085 3738 1206 3776 eum
1219 3737 1418 3792 capere
1436 3723 1489 3776 in
1507 3737 1780 3789 sermone,
1797 3721 2040 3776 dicebat:

447 3811 722 3880 Magister,
755 3811 965 3866 scimus
980 3813 1113 3880 quia
1141 3827 1317 3867 verax
1343 3826 1418 3876 es,
1444 3815 1499 3866 et
1530 3812 1678 3866 viam
1713 3811 1808 3865 Dei
1837 3811 1900 3864 in
1957 3825 2042 3866 ve-

442 3898 620 3953 ritate
643 3898 800 3953 doces
821 3898 1038 3968 (Matth.
1063 3915 1205 3966 xxn,
1231 3899 1339 3962 16),
1376 3899 1658 3953 Proximos
1679 3914 1893 3968 quoque
1910 3913 2040 3953 eos-

438 3986 563 4039 dem
593 3987 833 4056 appellat
855 3986 1098 4055 Judaaos,
1129 3988 1429 4041 secundum
1459 3987 1635 4042 carnis
1664 3987 1766 4040 sibi
1825 4002 2039 4056 cogna-

439 4073 636 4129 tionem
655 4075 1004 4145 pr0pinquos.
1024 4076 1206 4144 Neque
1249 4079 1401 4130 enim
1444 4079 1665 4145 fratres
1695 4075 1815 4145 ejus
1853 4075 2038 4134 crede.

442 4161 652 4218 bantin
669 4179 795 4219 eum
809 4162 998 4233 (Joan.
1019 4179 1112 4228 vn,
1133 4164 1210 4233 5).
1226 4162 1330 4230 Qui
1345 4177 1539 4218 omnes
1559 4162 2036 4233 appropinquave-

440 4259 559 4305 runt
581 4251 938 4319 Christo,non
958 4259 1158 4317 mente,
1199 4251 1296 4304 sed
1334 4265 1596 4319 corpore;
1636 4266 1746 4305 non
1789 4251 2038 4320 passibus

441 4337 584 4405 ﬁdei,
613 4339 710 4393 sed
726 4354 984 4408 processu
1001 4339 1257 4410 nequitiae
1277 4357 1290 4403 ;
1316 4354 1426 4393 non
1441 4337 1717 4394 voluntate
1748 4339 2030 4407 sequendi,

441 4428 541 4482 sed
562 4426 854 4480 intentione
872 4426 1124 4481 nocendi.
1144 4425 1300 4494 Quod
1317 4427 1518 4481 factum
1538 4433 1636 4493 est,
1662 4427 1879 4496 quando
1896 4441 2032 4482 con-

332 4539 338 4544 -
437 4514 648 4585 gregati
677 4513 731 4567 in
762 4512 905 4566 atrio
937 4514 1199 4583 principis
1220 4515 1586 4582 sacerdotum,
1623 4514 1712 4583 qui
1757 4513 2035 4568 dicebatur
2063 4501 2112 4562 Ι)

440 4601 700 4670 Caiphas,
725 4600 1007 4655 consilium
1031 4601 1274 4656 fecerunt
1303 4610 1362 4656 ut
1383 4619 1503 4656 cum
1535 4601 1661 4656 dolo
1691 4610 1963 4672 caperent,
1982 4610 2035 4657 et

435 4689 741 4745 occiderent
761 4689 980 4760 (Matth.
1033 4691 1206 4754 xxvr).
1264 4691 1535 4745 Adversus
1581 4707 1705 4745 eum
1753 4698 2033 4752 steterunt,

437 4777 659 4847 quando
673 4786 982 4832 constanter
995 4779 1319 4833 accusabant
1332 4795 1476 4845 eum,
1500 4787 1548 4833 et
1567 4779 1786 4850 quando
1799 4777 2036 4834 claman-

438 4873 517 4922 tes
537 4866 813 4920 dicebant:
841 4865 1142 4938 Cruciﬁge,
1170 4868 1433 4939 cruci/ige
1453 4884 1580 4924 eum
1593 4869 1786 4935 (Marc.
1811 4884 1905 4934 xv,
1924 4868 2034 4936 13).

508 4956 684 5022 (Vers.
719 4956 914 5020 12.)Et
935 4958 1030 5024 qui
1048 4959 1225 5029 juxta
1241 4961 1533 5024 meerant,
1559 4958 1625 5012 de
1675 4957 1836 5027 longe
1869 4959 2036 5012 stete-

432 5047 660 5112 runt,et
677 5046 783 5100 vim
803 5045 1532 5115 faciebantquiquterebant
1545 5046 1799 5100 animam
1829 5060 2038 5101 meam-

507 5137 592 5188 13.
615 5133 888 5204 Scriptum
905 5140 982 5186 est
1003 5133 1145 5185 enim
1172 5149 1182 5184 :
1213 5134 1363 5188 Tunc
1422 5131 1694 5201 discipuli
1716 5149 1908 5188 omnes
1950 5149 2036 5188 re-

437 5225 576 5278 licto
597 5239 657 5279 eo
688 5225 958 5294 Iugerunt
980 5221 1200 5287 (Matth.
1225 5237 1375 5287 xxvi,
1407 5221 1520 5290 56).
1555 5221 1621 5274 Et
1649 5221 1847 5276 iterum
1880 5221 2037 5276 :Sta-

435 5311 574 5367 bant
598 5315 793 5367 autem
815 5312 935 5366 noti
966 5312 1085 5381 ejus
1099 5310 1164 5372 de
1182 5311 1338 5381 longe
1352 5311 1508 5380 (Luc.
1529 5325 1688 5378 xxm,
1710 5309 1815 5378 l9).
1841 5310 1906 5364 Et
1926 5312 2036 5365 vim

436 5399 744 5470 faciebant,
777 5402 872 5472 qui
906 5400 1232 5472 quaerebant
1266 5400 1519 5455 animam
1576 5415 1782 5456 meam.
1815 5398 2039 5454 Volente

440 5486 609 5542 Pilato
644 5487 906 5543 Christum
937 5488 1225 5556 dimittere,
1247 5488 1421 5544 Judaei
1445 5487 1767 5546 clamabant.
1795 5488 1853 5544 Si
1888 5488 2037 5545 hunc

499 5628 575 5699 (a)
593 5627 866 5699 Rembol.,
895 5631 992 5701 qui
1015 5630 1400 5690 conscienter.

2150 1867 2271 1921 lista
2305 1883 2316 1919 :
2353 1866 2493 1932 Quia
2523 1883 2638 1920 non
2668 1869 2792 1921 erat
2821 1866 3157 1920 conveniens
3179 1865 3573 1919 testimonium
3595 1864 3733 1935 ipso-

2149 1971 2278 2010 rum
2309 1955 2498 2017 (Marc.
2533 1971 2646 2020 xiv,
2672 1954 2783 2022 59),
2816 1954 2952 2008 sicut
2973 1953 3186 2008 illorum
3219 1953 3310 2022 qui
3342 1951 3733 2007 dicebant:Hic

2149 2044 2302 2099 dixit
2327 2062 2337 2097 :
2370 2045 2599 2099 Possum
2629 2044 2918 2098 destruere
2941 2043 3216 2112 templum
3249 2043 3370 2104 Dei,
3395 2045 3452 2096 et
3480 2042 3541 2096 in
3572 2040 3734 2096 litbus

2149 2132 2341 2188 diebus
2361 2133 2728 2200 reaediﬁcarei
2737 2132 2856 2186 llud
2876 2132 3057 2199 (Matt.
3074 2145 3222 2196 xxw,
3245 2134 3368 2199 61).
3384 2130 3451 2183 Et
3466 2129 3611 2184 dolos
3626 2132 3735 2185 tota

2147 2221 2236 2277 die
2264 2222 2706 2276 meditabantur.
2729 2221 2850 2274 Non
2875 2220 3019 2274 enim
3041 2234 3162 2273 casu
3185 2227 3276 2272 aut
3305 2217 3605 2288 ignorantia
3625 2231 3737 2286 pec-

2146 2318 2418 2376 caverunt,
2469 2308 2548 2380 (a)
2587 2308 2678 2378 qui
2723 2308 2957 2362 scienter
3014 2307 3298 2361 mendacia
3347 2303 3735 2360 conﬁnxerunt.

2149 2397 2400 2453 Graviori
2421 2413 2554 2467 ergo
2571 2411 2734 2465 poena
2755 2396 3080 2465 plectuntur,
3093 2395 3214 2464 quia
3235 2409 3432 2448 eorum
3446 2392 3639 2447 delicta
3653 2390 3738 2462 qui

2146 2503 2210 2540 ex
2247 2485 2674 2556 praecipitatione
2705 2469 2874 2536 479
2907 2491 3182 2550 corruunt,
3228 2482 3500 2552 exquisita
3519 2496 3614 2550 per
3629 2488 3737 2534 stu-

2147 2575 2299 2628 dium
2329 2581 2550 2644 peccata
2579 2571 2988 2639 transdendunt,
3014 2570 3219 2626 sicutin
3252 2570 3450 2625 eadem
3498 2568 3740 2639 passione

2146 2679 2244 2717 sua
2276 2663 2483 2716 Veritas
2511 2663 2584 2717 ait
2619 2662 2967 2728 :Propterea
2995 2661 3093 2730 qui
3115 2676 3200 2716 me
3233 2657 3738 2724 tradidittibi,ma-

2133 2761 2231 2821 jus
2251 2752 2924 2823 peccatumhabetann.
2960 2767 3072 2814 XIX,
3108 2750 3216 2816 11).
3239 2749 3308 2803 Et
3331 2748 3460 2803 alibi
3488 2765 3499 2802 :
3525 2748 3583 2802 Si
3633 2760 3742 2802 non

2147 2842 2440 2907 venissem,
2465 2845 2522 2895 et
2544 2841 2803 2910 loquutus
2821 2841 2900 2894 eis
2917 2839 3174 2908 fuissem,
3207 2840 3506 2907 peccatum
3522 2852 3631 2892 non
3657 2833 3742 2890 ha-

2146 2932 2340 2986 berent
2369 2950 2388 2997 ,-
2419 2945 2574 2985 nunc
2603 2933 2798 2984 autem
2810 2929 3236 2984 excusationem
3256 2940 3372 2981 non
3423 2925 3625 2981 habent
3679 2923 3738 2978 de

2142 3026 2478 3090 peccatosuo
2495 3017 2656 3087 (Ibid.
2681 3034 2772 3084 xv,
2798 3020 2909 3083 22).
2930 3017 2994 3069 Et
3012 3016 3321 3070 iterum:8i
3336 3031 3505 3085 opera
3527 3027 3636 3068 non
3652 3015 3740 3082 fe-

2144 3108 2346 3163 cissem
2363 3109 2424 3162 in
2441 3107 2542 3168 eis,
2558 3123 2680 3177 qua:
2699 3121 2857 3160 nemo
2869 3105 3015 3160 alius
3033 3106 3190 3174 fecit,
3211 3105 3509 3170 peccatum
3522 3118 3633 3156 non
3651 3100 3739 3154 ha-

2147 3196 2362 3263 berent;
2383 3211 2540 3250 nunc
2555 3198 2748 3249 autem
2770 3197 2826 3249 et
2842 3193 3106 3248 viderunt
3126 3195 3179 3246 et
3201 3191 3467 3253 od:runt,
3491 3195 3546 3245 et
3568 3204 3670 3254 me,
3687 3191 3741 3244 et

2145 3286 2370 3338 Patrem
2389 3298 2577 3338 meum
2597 3280 2756 3351 (Ibid.
2775 3279 2949 3350 xxiv).
2969 3279 3166 3334 Tribus
3184 3295 3421 3350 namque
3439 3277 3610 3332 modis
3624 3291 3739 3346 pec-

2145 3379 2320 3426 catum
2339 3370 2642 3424 admittitur
2675 3386 2686 3421 :
2712 3375 2804 3422 aut
2832 3366 3140 3440 ignorantia
3157 3367 3468 3430 incurritur,
3493 3373 3580 3420 aut
3601 3361 3734 3418 inﬁr-

2145 3459 2331 3514 mitate
2347 3458 2724 3524 committitur,
2745 3464 2835 3511 aut
2849 3457 3033 3511 studio
3057 3463 3418 3526 perpetratur.
3474 3453 3581 3510 Sed
3603 3453 3734 3507 sicut

2147 3547 2371 3620 gravius
2389 3553 2472 3601 est
2491 3544 2801 3600 inﬁrmitate
2823 3559 2985 3614 quam
3010 3543 3316 3614 ignorantia
3330 3541 3658 3612 delinquere,
3673 3539 3741 3593 ita

2146 3636 2308 3707 pejus
2328 3642 2408 3690 est
2423 3633 2619 3697 studio,
2645 3647 2809 3703 quam
2827 3631 3137 3687 inﬁrmitate
3153 3647 3408 3701 peccare.
3428 3633 3734 3703 Ignorauter

2151 3724 2368 3795 quidem
2383 3723 2580 3778 Paulus
2597 3721 3028 3793 peccaverat,qui
3054 3719 3268 3776 dicebat
3294 3737 3306 3772 :
3329 3720 3437 3788 Qui
3451 3721 3612 3792 prius
3659 3715 3741 3778 fui

2149 3813 2502 3884 blasphemus
2515 3815 2573 3866 et
2593 3814 2938 3882 persecutor,
2971 3809 3067 3864 sed
3085 3808 3536 3864 misericordiam
3565 3819 3741 3862 conse-

2146 3905 2314 3958 cutus
2324 3917 2470 3965 sum,
2493 3900 2624 3972 quia
2645 3900 2914 3970 ignorans
2923 3897 3035 3967 Ieci
3057 3895 3103 3964 (l
3118 3898 3254 3951 Tim.
3280 3913 3319 3961 ι,
3346 3901 3398 3964 1,
3418 3895 3529 3964 13).
3547 3895 3652 3949 Per
3669 3891 3740 3945 in-

2145 3989 2450 4044 ﬁrmitatem
2467 4003 2594 4045 vero
2609 3989 2796 4042 Petrus
2808 3984 3029 4053 cecidit,
3046 3983 3266 4056 quando
3285 3983 3482 4038 mentis
3493 3998 3604 4038 sua
3618 3979 3739 4036 mdi-

2143 4077 2347 4144 ﬁcium,
2368 4076 2494 4132 ﬁdei
2509 4077 2864 4131 fundamento
2887 4073 3155 4129 titubante
3175 4072 3475 4129 concussit.
3502 4072 3568 4126 Et
3616 4066 3733 4141 quia

2141 4167 2328 4221 subire
2343 4171 2571 4220 mortem
2585 4163 2878 4234 pertimuit,
2898 4163 2966 4217 ad
2987 4161 3226 4217 ostiaria
3241 4177 3438 4217 vocem
3460 4160 3622 4215 vitam
3651 4172 3736 4210 ne-

2140 4255 2286 4326 gavit
2318 4253 2746 4323 (Luc.xxn,61).
2781 4250 2937 4307 Unde
2963 4259 3085 4321 post
3114 4250 3298 4305 ﬂetum
3316 4244 3682 4304 amaritudinis
3703 4257 3735 4298 a

2139 4341 2375 4398 Domino
2397 4339 2693 4409 respicitur,
2722 4355 2849 4410 quia
2874 4338 3029 4394 electi
3060 4337 3264 4409 quique
3287 4354 3356 4394 eo
3387 4336 3544 4394 citius
3574 4334 3730 4389 mise-

2139 4430 2364 4487 rationis
2391 4429 2588 4484 divinm
2613 4426 2827 4481 divitias
2857 4425 3155 4494 inveniunt,
3189 4443 3299 4498 quo
3329 4442 3410 4494 se,
3444 4425 3492 4480 si
3529 4421 3732 4495 quando

2141 4536 2239 4592 per
2267 4518 2445 4574 carnis
2473 4515 2844 4572 inﬁrmitatem
2874 4514 3236 4585 deliquerunt,
3260 4513 3452 4568 durius
3483 4520 3539 4568 et
3587 4525 3735 4566 ama-

2142 4607 2254 4663 rius
2280 4605 2546 4678 affligunt.
2578 4605 2656 4658 Ex
2677 4604 2940 4658 industria
2963 4609 3140 4657 autem
3165 4602 3338 4657 Judaei
3360 4604 3730 4671 peccaverunt,

2147 4695 2240 4768 qui
2268 4711 2388 4751 eum
2413 4709 2575 4764 quem
2603 4691 2845 4747 inaudita
2874 4689 3438 4746 miraculafacientem
3467 4687 3732 4753 videbant,

2143 4781 2489 4839 exsecrabilis
2512 4780 2730 4837 invidia:
2751 4779 2958 4834 facibus
2987 4778 3222 4847 accensi,
3255 4787 3314 4833 ut
3345 4777 3505 4834 morti
3556 4775 3732 4832 trade-

2142 4881 2283 4940 rent,
2316 4870 2606 4927 consilium
2637 4868 2978 4942 qumrebant.
3026 4868 3184 4924 Unde
3208 4867 3617 4924 excusationem
3671 4863 3734 4917 de

2141 4969 2368 5032 peccato
2393 4975 2491 5015 suo
2520 4975 2629 5014 non
2648 4958 2868 5025 habent,
2901 4957 3026 5027 quia
3055 4957 3160 5012 etsi
3217 4957 3426 5011 malum
3483 4955 3555 5011 sit
3598 4954 3733 5009 bona

2140 5065 2248 5105 non
2274 5064 2460 5120 agere,
2492 5055 2675 5103 tamen
2703 5046 2936 5117 nequius
2965 5052 3047 5100 est
3070 5044 3336 5100 bonorum
3369 5051 3492 5099 acta
3519 5042 3718 5099 odisse.

2212 5138 2385 5208 (Vers.
2419 5138 2539 5206 14.)
2569 5137 2690 5207 Ego
2719 5140 2911 5191 autem
2942 5137 3212 5205 tanquam
3233 5132 3442 5189 surdus
3473 5148 3589 5188 non
3643 5144 3738 5186 au-

2141 5227 2381 5290 diebam,
2412 5230 2467 5281 et
2487 5225 2635 5281 sicut
2654 5230 2849 5280 mutus
2881 5238 2997 5280 non
3025 5223 3286 5293 aperiens
3321 5235 3383 5275 os
3415 5237 3602 5277 suum.

2215 5318 2306 5370 15.
2344 5315 2505 5370 Disce
2535 5313 2629 5386 qui
2658 5311 2948 5368 maledicta
2977 5319 3030 5366 et
3075 5309 3356 5365 irrisiones
3415 5308 3635 5380 pateris,
3688 5304 3740 5359 in

2144 5403 2415 5472 omnibus,
2437 5418 2653 5458 servare
2664 5400 2999 5474 patientiam,
3015 5406 3070 5455 et
3093 5397 3514 5455 obtrectantium
3535 5396 3740 5466 linguas

2147 5488 2360 5545 audire.
2401 5485 2712 5554 Dissimula,
2738 5501 2804 5541 ne
2835 5485 2879 5540 si
2901 5492 2956 5540 tu
2977 5479 3319 5540 contumeliis
3335 5479 3583 5540 convicia
3611 5483 3742 5533 retu-
