4034 6166
345 311 450 371 577

1093 308 1168 374 IN
1189 314 1468 374 SEPTEM
1498 317 1742 375 PSALM.
1777 314 2042 377 P(ENIT.
2089 309 2490 379 EXPOSITIO.
2527 357 2590 367 -—
2625 328 2811 384 PSAL.
2845 331 2936 386 III.

3544 341 3648 397 5’78

340 440 484 507 leris,
517 456 550 494 a
579 442 821 536 doctrina
851 443 1049 536 Christi
1081 446 1305 536 extoris-
1327 445 1636 536 invenieris.
1672 447 1935 503 Mediator
1965 448 2015 506 A
2046 445 2119 498 ita
2149 445 2392 536 spiritum
2425 449 2766 508 delectabilia
2796 465 3102 528 angustant.
3137 460 3246 515 Nos
3275 477 3405 535 ergo
3443 476 3642 536 quanto

335 550 578 608 namque
601 533 697 589 Dei
719 542 772 588 et
793 533 1073 587 hominum
1099 536 1259 588 homo
1283 534 1522 588 Christus
1550 535 1701 590 Jesus
1726 537 1770 607 (Ι
1807 539 1943 592 Tim.

334 643 397 695 ιι,
427 631 508 695 5),
543 627 634 696 qui
657 626 726 679 ad
757 625 861 679 hoc
891 631 1132 691 venerat,
1155 631 1213 676 ut
1239 623 1561 677 humilitatis
1593 632 1644 678 et
1674 625 1946 694 patientiae

329 714 605 786 praeberet
635 713 966 782 exemplum,
989 727 1097 766 non
1126 712 1299 765 solum
1333 711 1556 780 injurias
1585 713 1814 780 sustulit,
1850 713 1946 768 sed

326 819 432 859 nec
461 802 893 858 conviciantibus
937 799 1250 870 respondit:
1295 814 1393 854 nos
1422 799 1474 852 in
1508 802 1610 855 hoc
1658 801 1940 868 instruens,

322 899 383 946 ut
402 907 531 947 cum
561 890 892 960 perﬁdorum
922 887 1138 956 injuriis
1188 888 1519 956 impetimur,
1550 890 1714 942 etiam
1743 889 1788 942 si
1819 905 1944 944 vera

325 981 510 1035 dicere
569 993 876 1048 possumus,
935 976 1004 1030 ad
1053 976 1410 1032 contumelias
1475 977 1781 1031 reddendas
1835 993 1942 1031 non

325 1083 699 1139 erumpamus,
750 1082 817 1120 ne
873 1065 1228 1119 ministerium
1275 1065 1629 1135 correptionis
1684 1065 1738 1119 in
1795 1080 1941 1119 arma

336 1164 616 1211 vertamus
642 1155 856 1210 furoris.

395 1245 580 1313 (Veis.
600 1245 713 1312 15.)
733 1244 800 1298 Et
815 1245 1006 1312 factus
1033 1257 1161 1296 sum
1189 1243 1341 1297 sicut
1361 1241 1518 1298 homo
1547 1259 1662 1299 non
1676 1242 1935 1312 audiens,

323 1338 381 1389 et
411 1349 528 1388 non
582 1331 789 1386 habens
833 1331 895 1385 in
925 1345 1018 1386 ore
1048 1346 1148 1385 suo
1187 1329 1645 1402 redargutiones.

395 1423 486 1474 16.
522 1419 672 1474 Sicut
701 1419 864 1473 homo
910 1433 1016 1472 non
1048 1417 1271 1472 audiens
1297 1425 1430 1485 erat,
1453 1417 1538 1472 cui
1569 1417 1700 1471 nihil
1731 1417 1800 1472 ad
1830 1417 1936 1472 ob-

310 1515 465 1589 jecta
497 1506 866 1578 respondenti,
898 1506 1104 1560 Pilatus
1123 1505 1368 1560 dicebat:
1395 1507 1512 1562 Non
1544 1507 1936 1578 audisquanta

315 1597 630 1653 adversum
645 1600 701 1651 te
713 1594 916 1652 dicunt
932 1594 1504 1664 testimonia(Matth.
1523 1593 1930 1664 xxvu,13)‘?Qui

315 1685 687 1757 cogitationes
712 1684 1018 1756 iniquorum
1049 1693 1291 1750 noverat,
1324 1683 1813 1754 blasphemantium
1838 1697 1929 1737 vo-

2051 535 2300 605 graviora
2328 537 2383 590 in
2410 538 2519 592 hoc
2541 543 2741 596 mundo
2774 547 3105 601 tentamenta
3131 535 3473 622 perferimus,
3493 563 3639 611 tanto

2053 623 2166 712 spei
2196 631 2394 679 nostra:
2427 629 2716 682 anchoram
2749 631 2802 684 in
2823 633 2936 686 Deo
2962 633 3291 692 immobilius
3321 639 3554 712 ﬁgimus,
3587 654 3645 699 ut

2052 710 2231 802 dicere
2273 714 2533 768 veraciter
2559 731 2680 770 cum
2725 719 2901 788 capite
2931 732 3114 778 nostro
3153 710 3454 793 possimus:
3504 735 3640 802 Quo-

2049 797 2210 852 niam
2223 800 2286 853 in
2305 803 2378 867 te,
2402 801 2650 870 Domine,
2664 808 2903 875 speravi,
2923 812 2982 863 tu
3000 813 3270 868 exaudies
3283 832 3390 884 me,
3408 797 3639 877 Domine

2050 886 2197 940 Deus
2226 903 2402 944 meus.

2121 975 2302 1066 ilicis.
2343 976 2459 1049 17.)
2491 977 2638 1042 Quia
2654 981 2780 1038 dixi
2799 1001 2810 1036 :
2831 985 2907 1040 Ne
2935 995 3156 1058 quando
3180 997 3639 1066 supergaudeant

2047 1063 2190 1117 mihi
2201 1065 2426 1121 inimici
2443 1070 2637 1136 mei,et
2650 1071 2783 1127 dum
2799 1083 3223 1137 commoventur
3229 1063 3399 1152 pedes
3413 1088 3640 1156 mei,su-

2041 1164 2147 1219 per
2176 1167 2266 1207 me
2289 1169 2495 1225 magna
2530 1157 2703 1212 locuti
2727 1167 2890 1216 sunt.

2120 1241 2205 1293 18.
2240 1239 2425 1297 Gavisi
2455 1252 2578 1299 sunt
2607 1245 2780 1302 Judaei
2810 1251 2988 1308 occiso
3011 1253 3245 1327 Christo,
3274 1261 3367 1315 sed
3387 1278 3492 1319 non
3522 1277 3642 1323 sunt

2046 1325 2500 1424 einsuperga‘visi,
2543 1335 2669 1403 quia
2706 1337 2762 1390 in
2784 1354 2945 1394 causa
2972 1344 3163 1398 mortis
3195 1325 3309 1415 eius
3341 1350 3461 1420 ipso
3511 1364 3633 1410 sunt

2043 1413 2330 1472 inferiores
2367 1420 2587 1475 inventi.
2645 1423 2746 1492 Qui
2807 1427 2946 1482 enim
2987 1439 3042 1485 ut
3083 1449 3114 1486 a
3144 1413 3314 1491 morte
3351 1413 3638 1499 redimeret

2043 1502 2336 1600 hominem,
2369 1510 2559 1600 mortis
2597 1510 2814 1583 legibus
2849 1516 3136 1587 subjacuit,
3187 1525 3342 1580 tertia
3385 1544 3514 1584 mox
3548 1533 3636 1588 die

2042 1593 2479 1651 victoriosissime
2527 1613 2558 1651 a
2605 1601 2826 1656 mortuis
2891 1608 3136 1663 surrexit.
3197 1612 3311 1670 Hoc
3366 1626 3448 1672 est
3487 1623 3633 1690 quod

2041 1689 2165 1770 ante
2195 1683 2376 1738 omnia
2405 1686 2606 1741 saecula
2632 1687 3061 1750 clementissima:
3091 1683 3637 1770 dispensationis-m0-

315 1791 408 1830 ces
438 1790 552 1830 non
589 1772 865 1828 audiebat.
898 1773 1056 1827 Nulla
1104 1773 1249 1828 enim
1281 1772 1618 1842 blasphemia
1651 1786 1770 1826 eum
1805 1786 1928 1825 mo-
1951 1797 2004 1858 Β
2036 1765 2310 1862 (teramine
2347 1773 2608 1842 sapientia
2639 1777 2737 1832 Dei
2767 1788 3064 1848 statuerat;
3097 1765 3197 1842 hoc
3231 1798 3307 1844 est
3337 1795 3482 1862 quod
3512 1765 3636 1855 caro

313 1879 450 1918 vere
479 1870 715 1932 poterat,
747 1861 1056 1931 quipenitus
1084 1876 1298 1916 omnem
1318 1859 1730 1914 mutabilitatem
1761 1859 1915 1930 igno-

312 1960 418 2018 rat,
456 1959 510 2006 et
542 1951 631 2020 qui
660 1958 842 2019 posset
871 1949 950 2004 eis
987 1965 1113 2004 vera
1151 1964 1254 2019 pro
1298 1949 1450 2003 falsis
1480 1947 1826 2018 respondere,
1859 1955 1917 2001 ut

313 2040 720 2109 adimpleretur
765 2037 908 2110 quod
965 2039 1033 2092 de
1081 2052 1142 2092 eo
1171 2053 1269 2107 per
1295 2036 1618 2106 prophetam
1658 2035 1915 2106 scriptum

317 2137 397 2184 est
425 2146 437 2180 :
468 2129 755 2198 Tanquam
773 2128 888 2181 ovis
899 2125 972 2180 ad
994 2125 1332 2180 occisionem
1349 2125 1553 2179 ductus
1569 2128 1672 2188 est,
1695 2128 1750 2178 et
1767 2124 1915 2178 sicut

313 2233 502 2290 agnus
521 2232 711 2272 coram
727 2213 994 2270 tondente
1019 2229 1077 2269 se
1088 2215 1212 2268 sine
1231 2213 1463 2277 voce,sic
1481 2229 1594 2268 non
1616 2214 1842 2283 aperuit
1855 2228 1914 2268 os

311 2322 487 2361 suum
524 2305 682 2372 (Isai.
722 2319 837 2368 Lm,
875 2303 949 2372 7).
983 2302 1405 2372 Redargutiones
1433 2301 1574 2356 enim
1607 2301 1660 2354 in
1690 2316 1784 2356 ore
1817 2315 1913 2354 suo

310 2394 570 2450 Christus
596 2407 700 2448 non
741 2391 994 2458 habebat,
1028 2390 1116 2460 qui
1164 2391 1307 2444 unde
1335 2405 1428 2444 eos
1472 2389 1912 2459 reprehenderet,

307 2482 448 2538 nihil
494 2483 552 2535 in
593 2479 864 2547 cordibus,
915 2479 1048 2532 nihil
1092 2478 1144 2531 in
1176 2477 1384 2532 actibus
1430 2492 1619 2532 eorum
1645 2476 1916 2532 laudabile

306 2570 559 2626 videbat.
594 2571 653 2623 In
675 2585 766 2622 ore
799 2566 1211 2638 redargutiones
1230 2581 1337 2620 non
1368 2564 1623 2634 habebat,
1658 2565 1748 2634 qui
1771 2565 1915 2620 unde

307 2675 406 2716 eos
439 2657 881 2728 reprehenderet,
914 2655 966 2708 in
984 2661 1240 2725 promptu
1273 2652 1526 2722 habebat,
1559 2668 1588 2707 e
1617 2653 1674 2707 in
1706 2667 1798 2708 ore
1817 2669 1914 2708 suo

304 2747 560 2817 habebat
607 2745 750 2800 unde
780 2753 963 2814 posset
1003 2759 1095 2798 eos
1123 2744 1472 2813 redarguere,
1504 2757 1570 2797 ex
1601 2757 1708 2814 quo
1738 2741 1916 2797 nullus

305 2849 556 2907 unquam
589 2833 757 2904 potuit
788 2831 1125 2887 mendacium
1156 2829 1364 2886 audire.

374 2941 558 3010 (Vers.
593 2940 716 3007 16.)
763 2939 1037 3007 Quoniam
1069 2940 1132 2994 in
1163 2943 1231 3003 te,
1274 2937 1526 3004 Domine,
1562 2937 1816 3008 speravi:
1853 2941 1918 2992 tu

306 3030 594 3086 exaudies
623 3044 733 3093 me,
766 3028 998 3082 Domine
1027 3027 1174 3081 Deus
1204 3042 1380 3082 meus.

374 3120 469 3172 1'7.
505 3115 674 3184 Quasi
695 3115 867 3170 dicat:
893 3115 1022 3168 Ideo
1043 3114 1222 3168 omnia
1248 3113 1516 3183 patienter
1532 3113 1771 3176 sustinui,
1795 3113 1917 3166 ideo

303 3206 374 3262 ad
396 3220 592 3260 eorum
605 3203 962 3260 contumelias
973 3218 1078 3257 non
1112 3201 1381 3272 respondi,
1398 3203 1662 3271 quoniam
1677 3202 1735 3256 in
1753 3205 1807 3255 le
1821 3201 1921 3255 Do-

298 3295 466 3349 mine
478 3294 720 3365 speravi.
743 3292 882 3360 Tibi,
907 3293 1059 3347 enim
1077 3293 1326 3356 Domine,
1342 3290 1582 3347 revelan
1602 3291 1770 3358 490
1788 3305 1918 3344 cau-

299 3399 429 3438 sam
457 3397 645 3437 meam
671 3381 892 3449 (Jerem.
931 3396 1022 3445 xx,
1054 3382 1176 3447 12);
1211 3378 1263 3432 in
1287 3386 1357 3446 te,
1378 3377 1623 3445 Domine,
1661 3375 1912 3447 speravi;

298 3486 410 3525 non
430 3472 489 3522 in
508 3467 777 3538 sapientia
793 3467 1108 3535 saeculi,non
1129 3468 1185 3520 in
1203 3465 1403 3520 divitiis
1419 3465 1739 3530 mundi,non
1765 3465 1818 3517 in
1847 3462 1920 3520 vi-

296 3560 462 3614 ribus
478 3557 850 3628 corporis,non
869 3556 926 3610 in
956 3554 1236 3610 nobilitate
1255 3553 1562 3616 carnis,non
1581 3553 1634 3606 in
1657 3560 1916 3609 tutamen-

299 3654 354 3701 to
375 3645 712 3716 principum,
763 3660 868 3700 non
902 3644 954 3698 in
966 3643 1234 3714 praesidiis
1255 3641 1760 3698 amicorum.Verba
1793 3645 1917 3696 sunt

299 3735 424 3790 haec
457 3734 656 3788 Christi
685 3732 998 3788 secundum
1041 3733 1336 3786 humanam
1363 3740 1636 3785 naturam.
1672 3730 1762 3785 Sic
1781 3745 1912 3800 ergo

297 3829 356 3878 et
388 3821 702 3877 membrum
723 3820 942 3888 Christi,
973 3820 1017 3873 si
1049 3820 1266 3889 quando
1295 3817 1761 3888 persecutionibus
1782 3815 1911 3871 aﬁli-

294 3911 473 3984 gitur,
502 3910 548 3964 si
597 3908 827 3982 ﬂagellis
868 3907 1137 3975 atteritur,
1184 3907 1225 3960 si
1257 3907 1515 3962 conviciis
1562 3913 1906 3976 provocatur,

295 3999 460 4053 illum
494 3997 586 4068 qui
617 3995 926 4067 propositus
954 4003 1035 4050 est
1072 3995 1234 4049 nobis
1252 3995 1425 4049 forma
1445 3995 1692 4064 justitiaa,
1723 3998 1776 4051 in
1794 4007 1907 4048 om-

297 4086 469 4141 nibus
509 4085 748 4139 imitetur
773 4099 784 4138 :
819 4099 924 4139 non
943 4082 1157 4138 deﬁciat
1185 4083 1228 4136 si
1250 4098 1409 4138 causa
1439 4098 1536 4139 sua
1559 4100 1667 4140 non
1688 4087 1909 4142 auditur

294 4175 454 4244 apud
501 4182 762 4228 terrerum
797 4171 1053 4241 judicem,
1105 4171 1279 4226 sciens
1326 4171 1581 4242 quoniam
1629 4176 1905 4232 conscium

291 4263 471 4319 habet
501 4262 558 4316 in
589 4261 814 4317 excelsis
843 4276 1028 4332 regem
1051 4259 1324 4314 caelestem
1352 4259 1497 4329 (Job.
1532 4262 1666 4332 xw).
1692 4263 1902 4334 Speret,

291 4351 426 4421 quia
459 4350 506 4404 si
539 4351 595 4404 in
624 4351 728 4405 hoc
772 4349 972 4404 saeculo
1009 4348 1278 4403 immerito
1320 4349 1515 4418 accipit
1540 4349 1904 4407 damnationis

291 4439 647 4504 sententiam,
700 4455 732 4493 a
761 4439 876 4494 Deo
911 4436 1140 4508 accipiet
1170 4436 1224 4490 in
1254 4436 1393 4492 coelo
1438 4451 1718 4493 coronam.
1758 4439 1904 4495 Sciat

2031 1855 2150 1910 sine
2174 1861 2743 1956 contagiopepeccati
2772 1881 3059 1942 assumpta
3082 1855 3369 1934 evidenter
3380 1884 3628 1956 rogabat,

2031 1945 2379 2044 cumdiceret
2394 1951 2871 2024 :Pater,clariﬁca
2891 1961 3099 2017 Filium
3116 1969 3276 2021 tuum
3291 1945 3475 2037 (Joanv.
3494 1945 3628 2044 xvn,

2033 2031 2106 2100 1).
2155 2034 2267 2129 lico
2308 2036 2469 2091 etiam
2519 2041 2687 2129 multo
2715 2052 2841 2099 ante
2881 2053 3119 2117 tempore
3161 2069 3262 2121 per
3299 2031 3627 2129 ‘PrOphetaml

2029 2121 2491 2192 manifestaverat,
2543 2127 2764 2185 dicens:
2817 2134 2939 2189 Non
2970 2137 3128 2192 dabis
3156 2121 3427 2200 sanctum
3465 2154 3628 2206 tuum

2034 2209 2667 2308 vide‘reccirruptionem
2705 2221 2877 2288 (Psal.
2917 2240 3008 2292 xv,
3031 2227 3438 2299 10.)]pseenim
3453 2237 3625 2308 dixit,

2037 2302 2092 2352 et
2139 2302 2299 2369 facta
2346 2310 2483 2357 sunt
2516 2304 2692 2373 (Psal.
2741 2325 2912 2375 xxx",
2960 2313 3034 2382 9).
3076 2313 3361 2386 Sequitur:
3396 2323 3464 2378 Et
3493 2302 3628 2384 dum

2027 2395 2453 2478 commoventur
2460 2394 2625 2462 pedes
2638 2397 3044 2469 mei,superme
3063 2421 3264 2475 magna
3278 2408 3454 2469 locuti
3467 2423 3624 2478 sunt.

2025 2473 2196 2574 Dedes
2236 2477 2362 2574 dicti
2401 2489 2524 2574 sunt
2569 2485 2833 2574 Apostoli,
2886 2488 3012 2559 quia
3049 2473 3190 2547 sicut
3219 2497 3381 2565 pedes
3428 2473 3623 2574 corpus

2027 2562 2300 2659 deferunt,
2334 2566 2404 2659 ita
2438 2567 2690 2638 Apostoli
2720 2573 2992 2630 Christum
3024 2579 3079 2632 in
3110 2562 3350 2640 omnium
3380 2562 3623 2659 gentium

2024 2651 2268 2706 notitiam
2325 2654 2653 2723 detulerunt,
2696 2661 2856 2727 juxta
2913 2665 3057 2734 quod
3097 2671 3352 2740 scriptum
3382 2651 3517 2732 Vest:
3557 2682 3622 2737 In

2025 2755 2248 2840 amnem
2272 2746 2486 2839 terram
2507 2748 2689 2801 exivit
2711 2765 2882 2807 sonus
2899 2769 3090 2810 eorum
3115 2759 3290 2827 (Psat.
3333 2781 3486 2834 xvm,
3529 2769 3584 2840 5)
3599 2811 3613 2825 .

2027 2825 2134 2925 Qui
2184 2829 2436 2884 nimirum
2493 2836 2745 2890 commoti
2803 2848 2942 2907 sunt,
3029 2825 3244 2912 quando
3299 2865 3419 2906 eum
3459 2825 3619 2925 quem

2027 2915 2138 3009 pati
2199 2917 2462 3009 viderunt,
2518 2937 2633 2976 esse
2677 2923 2845 2979 filium
2883 2928 2980 2984 Dei
3032 2932 3438 3009 dubitaverunt,
3478 2915 3622 2999 sicut

2027 3001 2124 3097 ille
2151 3005 2242 3073 qui
2269 3005 2520 3062 dicebat:
2571 3011 2678 3066 Nos
2707 3016 3070 3086 sperabamus
3117 3024 3258 3091 quod
3305 3001 3434 3097 ipse,
3473 3038 3618 3087 esset

2025 3091 2421 3163 redempturus
2499 3097 2672 3155 Israel
2737 3104 2896 3171 (Luc.
2973 3123 3120 3175 vxxv,
3199 3091 3340 3181 21).-
3383 3117 3615 3176 Pedibus

2026 3193 2176 3272 ergo
2205 3185 2508 3254 commotis,
2566 3203 2729 3257 super
2784 3192 3050 3248 Christum
3106 3198 3308 3254 inimici
3343 3205 3458 3272 ejus
3496 3224 3617 3262 ma-

2025 3282 2134 3337 gna
2162 3268 2325 3325 locuti
2380 3282 2521 3341 sunt,
2554 3277 2685 3346 quia
2735 3281 2995 3348 apostolis
3050 3268 3385 3344 conturbatis
3436 3302 3486 3348 et
3516 3295 3610 3350 fu-

2026 3355 2314 3426 gientibus,
2345 3360 2519 3417 Judaei
2558 3363 2707 3418 illum
2738 3381 2891 3422 reum
2946 3386 3061 3427 esse
3089 3376 3275 3430 mortis
3315 3379 3604 3446 judicave-

2027 3451 2164 3499 runt.
2631 3483 2646 3504 ἡ

2099 3533 2185 3589 16.
2224 3535 2447 3592 Possunt
2477 3555 2691 3612 quoque
2721 3543 2839 3600 haec
2882 3549 3048 3604 verba
3077 3549 3222 3608 fideli
3253 3556 3446 3615 animae
3478 3577 3612 3618 con-

2024 3621 2229 3676 venire.
2274 3626 2449 3682 Habet
2487 3645 2722 3700 namque
2751 3632 2929 3690 ﬁdelis
2973 3639 3158 3696 anima
3197 3642 3443 3702 inimicos
3490 3668 3616 3708 suos

2021 3710 2077 3803 in
2095 3710 2208 3803 hac
2227 3711 2336 3803 vita
2360 3733 2372 3777 ;
2407 3714 2565 3771 habet
2596 3719 2684 3787 qui
2713 3731 2897 3777 contra
2923 3741 3043 3779 eam
3081 3728 3303 3786 interius
3323 3734 3610 3803 dimicent;

2022 3797 2185 3853 habet
2217 3801 2378 3892 etiam
2409 3804 2506 3892 qui
2557 3822 2679 3860 eam
2722 3811 3061 3870 extrinsecus
3117 3816 3453 3892 impugnent.
3506 3797 3612 3884 Sed

2017 3901 2180 3982 super
2207 3902 2347 3982 eamA
2361 3889 2560 3982 inimici
2593 3895 2832 3965 gaudere
2863 3914 2970 3954 non
3015 3903 3216 3972 valent,
3251 3889 3376 3977 quia
3402 3915 3614 3980 consilii

2017 3973 2289 4064 spirituiet
2319 3977 2650 4034 fortitudinis
2681 3985 2906 4054 repleta,
2939 3997 2989 4042 et
3009 3973 3390 4064 suggestiones
3419 3974 3608 4057 diabo-

2016 4061 2151 4158 licas
2179 4063 2416 4158 abdicat,
2448 4074 2500 4120 et
2530 4068 2736 4158 rabiem
2750 4061 3180 4144 persequentium
3202 4083 3401 4139 calcat.
3443 4087 3608 4158 Cujus

2016 4147 2253 4218 affectus,
2285 4153 2329 4206 si
2358 4152 2566 4244 timore
2602 4156 2779 4228 aliquo
2825 4164 3088 4219 senserint
3145 4170 3234 4238 qui
3277 4147 3612 4244 persequun-

2015 4245 2100 4328 tur
2127 4253 2305 4294 arcem
2355 4241 2683 4313 intentionis,
2732 4250 3010 4319 proposito
3038 4257 3202 4324 491
3262 4241 3604 4328 promoveri;

2014 4326 2096 4380 vel
2128 4328 2172 4424 si
2203 4332 2555 4400 cognoverint
2584 4333 2882 4392 invisibiles
2911 4341 3091 4397 hostes
3119 4326 3308 4413 pravis
3335 4364 3454 4403 eam
3485 4367 3608 4424 sug-

2013 4416 2348 4484 gestionibus
2377 4418 2653 4487 delectari,
2688 4431 2835 4481 tanto
2863 4429 3136 4498 graviores
3181 4436 3499 4493 tentationes
3527 4416 3608 4496 in-

295 4529 425 4597 quia
479 4526 845 4582 retributionis
893 4503 1115 4582 aeterne
1160 4525 1422 4597 gaudium
1465 4541 1802 4598 nequaquam
1848 4529 1904 4582 in
1934 4503 1985 4563 D
2015 4513 2227 4598 99mm}
2261 4515 2459 4598 (Ιυθῖξῖο
2490 4510 2664 4598 φίαὲίδ
2702 4513 2770 4568 de
2801 4515 3025 4573 νίοιθτία
3072 4520 3422 4595 οοηθάθηίεεν
3456 4530 3607 4598 quast

294 4616 443 4672 caelo
475 4614 775 4686 colligitur,
825 4613 925 4668 nisi
955 4614 1103 4685 prius
1140 4612 1194 4666 in
1228 4621 1369 4667 terra
1406 4628 1527 4667 cum
1569 4614 1694 4669 ﬂetu
1722 4623 1776 4669 et
1803 4630 1903 4686 ge-

292 4704 436 4758 mitu
468 4711 522 4756 et
570 4702 931 4758 amaritudine
975 4701 1284 4769 seminetur,
1326 4701 1459 4756 sicut
1488 4703 1744 4772 scriptum
1775 4713 1853 4759 est
1883 4735 1896 4770 ε

289 4793 422 4847 Eun
431 4794 517 4845 tes
530 4789 693 4844 ibant
707 4794 763 4846 et
772 4789 1307 4858 ﬂebant,mitten(es
1320 4791 1538 4846 semina
1549 4807 1651 4846 sua
1657 4795 1903 4859 ,-venien-

296 4885 381 4935 tes
396 4881 600 4934 autem
615 4876 846 4933 venient
857 4892 986 4932 cum
1002 4879 1170 4933 exsul
1177 4882 1234 4932 ta
1242 4879 1416 4945 tione,
1419 4883 1714 4950 portantes
1726 4889 1904 4938 mam“.

286 4983 365 5039 pu
375 4966 466 5023 los
479 4979 611 5020 suos
627 4966 802 5035 (Psal.
820 4980 985 5032 cxxv,
1009 4965 1081 5033 6).
1103 4965 1251 5020 Sicut
1263 4965 1404 5019 enim
1419 4980 1583 5020 carne
1595 4967 1902 5036 quiescente

289 5055 522 5124 spiritus
561 5051 763 5121 deﬁcit,
801 5053 877 5108 ita
913 5068 974 5108 ea
990 5051 1268 5108 laborante
1287 5053 1701 5109 convalescit.Et
1715 5071 1899 5125 quem-

289 5141 600 5198 admodum
630 5155 848 5196 carnem
887 5141 1074 5195 mollia
1101 5141 1364 5209 nutriunt,
1397 5141 1469 5195 ita
1497 5142 1735 5198 animam
1765 5144 1900 5201 dura

289 5231 362 5286 ad
392 5229 507 5285 alta
537 5229 853 5284 sustollant.
894 5229 988 5283 Illa
1019 5243 1254 5300 namque
1267 5229 1712 5286 delectationibus
1728 5233 1897 5302 pasci-

293 5327 402 5388 tur,
455 5317 577 5372 hzec
623 5316 1074 5372 amaritudinibus
1120 5323 1428 5388 vegetatur.
1467 5318 1711 5390 Denique
1740 5320 1893 5376 illam

291 5406 447 5463 tenia
471 5405 743 5474 refovent,
784 5405 938 5462 istam
987 5422 1115 5463 vero
1146 5421 1337 5477 aspera
1364 5411 1643 5464 exercent.
1673 5409 1741 5463 Et
1768 5425 1895 5465 rur-

288 5511 440 5563 sum,
472 5493 625 5550 sicut
650 5509 870 5550 carnem
917 5494 1054 5550 dura
1101 5495 1510 5563 convulnerant,
1551 5496 1622 5551 ita
1649 5497 1896 5568 spiritum

291 5582 492 5643 mollia
519 5589 736 5642 neunt.
765 5584 836 5642 Et
880 5584 1022 5642 sicut
1041 5599 1264 5644 carnem
1290 5584 1563 5644 laboriosa
1598 5593 1896 5660 auenuant,

2011 4605 2176 4645 unum
2208 4593 2549 4665 ingrediendi
2580 4599 2787 4655 aditum
2816 4602 3158 4664 invenerunt.
3206 4593 3434 4671 Diﬂicile
3461 4593 3608 4673 enim

2011 4677 2228 4736 inimico
2260 4683 2537 4754 resistitur,
2570 4686 2613 4740 si
2642 4690 3088 4757 persuasionibus
3118 4697 3272 4754 illius
3301 4703 3481 4759 anima
3515 4706 3607 4760 de-

2008 4765 2253 4912 lectgtlur.
2285 4771 2415 4827 Ideo
2445 4783 2630 4831 utnon
2652 4783 3232 4851 supergaudeantmihi
3249 4789 3450 4847 inimici
3474 4796 3604 4862 mei,

2008 4870 2108 4910 con
2151 4874 2241 4912 (ο.

2008 4870 2241 4912 connuo.

2078 4963 2256 5034 (Vers.
2275 4967 2385 5038 18.)
2404 4969 2677 5037 Quoniam
2699 4991 2797 5046 ego
2817 4976 2876 5030 in
2893 4976 3120 5048 ﬂagella
3162 4987 3406 5052 paratus
3447 5001 3599 5052 sum,

2005 5056 2060 5107 et
2090 5051 2247 5110 dolor
2273 5072 2432 5113 meus
2460 5061 2523 5114 in
2552 5068 2854 5133 conspectu
2879 5079 3001 5120 meo
3029 5081 3278 5136 semper.

2076 5144 2164 5196 20.
2199 5143 2338 5199 Malo
2365 5147 2508 5200 enim
2529 5149 2700 5203 occidi
2732 5167 2890 5220 quam
2918 5151 3077 5205 vinci.
3104 5153 3597 5223 Flagellalibenter

2003 5229 2197 5298 patior,
2244 5235 2644 5300 persecutiones
2704 5237 3021 5308 amplector,
3072 5239 3406 5298 visitationes
3451 5245 3596 5301 desi-

2003 5315 2153 5384 dero,
2171 5321 2536 5391 correptiones
2548 5324 2893 5393 concupisco.
2932 5324 3114 5381 Sancti
3146 5328 3251 5382 viri
3283 5331 3338 5385 in
3367 5331 3469 5388 hac
3487 5334 3598 5392 vita

2007 5404 2276 5477 ﬂagellari
2313 5409 2642 5476 desiderant,
2675 5419 2732 5466 ut
2760 5411 2990 5480 ﬂagellis
3039 5417 3292 5486 correcti,
3325 5429 3378 5476 et
3408 5421 3596 5479 immi-

2009 5504 2202 5552 nentes
2220 5496 2409 5567 culpas
2440 5497 2674 5565 videant,
2701 5508 2756 5555 et
2781 5501 3099 5558 commissas
3117 5513 3243 5562 ante
3272 5508 3464 5566 oculos
3490 5528 3598 5583 po-

2011 5593 2162 5641 nant.
2193 5585 2356 5658 Sepe
2384 5585 2528 5643 enim
2572 5586 2946 5661 delinquentes
2968 5592 3155 5650 oculos
3192 5594 3412 5670 ﬂagella
3455 5615 3597 5673 ape-
