4034 6166
415 368 523 428 5'79

418 577 767 637 concludunt.
809 575 971 647 Saepe
1001 569 1261 641 torpentis
1285 567 1501 624 animus
1540 561 2013 635 persccutionibus

422 667 657 741 tangitur
684 672 741 720 ut
772 663 1080 720 excitetur:
1115 666 1375 729 quatenus
1419 653 1509 725 qui
1556 661 1750 708 statum
1783 665 1895 707 suae
1919 665 2012 704 re—

421 740 702 814 ctitudinis
721 769 820 824 per
852 749 1190 806 securitatem
1210 744 1461 818 perdidit,
1486 742 1544 797 in
1575 740 1866 797 afﬂictione
1896 753 2015 793 con-

419 844 613 901 sideret
660 857 767 914 quo
815 838 1079 912 pervenit.
1113 834 1405 905 Sequitur:
1454 833 1525 887 Et
1555 830 1711 886 dolor
1755 843 1916 884 meus
1949 827 2014 883 in

417 938 719 1004 conspectu
734 944 855 983 meo
884 940 1123 996 semper.
1155 923 1305 979 Sicut
1334 935 1552 976 causam
1581 915 1822 971 reddidit
1850 926 2016 985 quare

418 998 663 1077 visibiles
691 1016 947 1072 inimicos
972 1029 1083 1069 non
1120 1011 1328 1077 timeat,
1370 1007 1525 1080 quasi
1554 1006 1785 1075 imputet
1814 998 2019 1057 beneﬁ-

419 1112 504 1166 cio
533 1107 677 1181 quod
705 1105 806 1177 ipsi
836 1104 1067 1159 inferunt
1109 1114 1207 1171 pro
1240 1104 1527 1160 tormento,
1556 1095 1630 1149 ita
1662 1093 1822 1148 etiam
1848 1103 2019 1162 quare

423 1200 691 1257 versutias
717 1195 925 1253 diaboli
952 1210 1062 1250 non
1094 1192 1300 1256 timeat,
1351 1185 1632 1244 subdendo
1664 1183 1972 1239 manifestat
2002 1195 2014 1232 :

421 1290 490 1345 Et
520 1289 675 1345 dolor
702 1302 863 1342 meus
895 1287 959 1340 in
987 1285 1291 1354 conspectu
1323 1293 1445 1333 meo
1472 1289 1709 1345 semper.
1745 1270 2020 1341 Scriptum

422 1386 503 1435 est
524 1378 668 1433 enim
694 1393 705 1429 :
738 1375 847 1431 Cor
875 1372 1017 1446 quod
1043 1370 1302 1441 cognovit
1334 1364 1782 1422 amaritudinem
1812 1359 2021 1415 animi:

422 1484 561 1535 suae,
592 1466 656 1521 in
705 1463 911 1536 gaudio
951 1462 1113 1516 illius
1158 1473 1275 1513 non
1324 1453 1652 1511 miscebitur
1708 1453 2024 1506 extraneus

421 1534 609 1628 (Prov.
668 1534 780 1620 xiv,
831 1551 939 1621 10).
992 1550 1133 1604 Nam
1177 1545 1268 1617 qui
1318 1559 1505 1600 omnes
1554 1543 1679 1595 vita:
1736 1534 2022 1609 praesentis

422 1623 687 1701 aerumnas
730 1643 1040 1712 frequenter
1094 1637 1314 1708 cogitat,
1364 1647 1523 1705 quam
1567 1636 1688 1684 sunt
1734 1623 2025 1696 tranquilla

422 1750 545 1806 quae
601 1711 859 1803 perdidit,
936 1743 1101 1799 quam
1167 1722 1393 1779 confusa
1449 1720 1506 1774 in
1561 1716 1756 1788 quibus
1811 1711 2023 1779 incidit,

1616 342 1879 410 SANCTI
1922 344 2263 409 GREGORII
2291 344 2516 408 MA‘GNI

316 526 319 529 -
416 487 584 556 riunt,
608 494 742 561 quos
766 474 911 543 inter
928 484 1059 539 vitia
1074 479 1378 537 insolentiae
1394 483 1444 534 et
1459 473 2015 533 securitatistenebrae
2035 475 2092 537 Α
2122 471 2461 543 poenitentiae
2510 478 2752 543 tempora
2797 472 3015 529 divertit
3057 473 3127 529 ad
3169 474 3402 546 culpam,
3432 475 3688 534 districtus

3595 346 3691 412 3'80

2120 577 2241 616 cum
2298 561 2503 618 venerit
2560 562 2748 631 judex,
2821 562 3027 618 indulta
3090 563 3465 621 misericordia
3521 569 3683 638 spatia

2118 648 2382 705 convertit
2408 650 2477 704 ad
2507 665 2744 720 poenam.
2783 653 2854 708 Et
2881 652 3207 721 conﬁrmati
3230 657 3367 709 sunt
3393 671 3557 727 super
3581 672 3683 715 me.

2120 738 2201 792 Ad
2233 739 2337 795 hoc
2364 755 2598 812 namque
2623 743 2961 812 omnipotens
2990 742 3135 796 Deus
3171 742 3460 813 aliquando
3487 759 3690 814 perver-

2121 841 2209 882 sos
2237 828 2441 897 patitur
2482 828 2681 883 diutius
2710 829 2919 898 vivere,
2967 836 3025 884 ut
3066 837 3119 885 et
3147 829 3247 901 ipsi
3295 831 3434 886 male
3462 833 3693 889 viventes

2121 930 2291 986 prava
2339 916 2575 986 quotidie
2604 933 2767 990 opera
2806 926 3061 991 augeant,
3111 926 3165 974 et
3192 919 3580 991 contemplores
3606 938 3695 978 sm-

2122 1002 2231 1060 culi
2273 1021 2343 1060 ex
2390 1021 2573 1061 eorum
2616 1006 2966 1062 nihilominus
2987 1006 3361 1079 persecutione
3390 1007 3693 1066 clarescant.

2127 1093 2231 1162 Qui
2261 1098 2404 1152 fastu
2434 1095 2704 1166 superbiae
2749 1103 3051 1164 -tumentes,
3084 1111 3150 1151 eo
3178 1111 3236 1151 se
3264 1097 3486 1168 gravius
3514 1097 3702 1154 adver-

2127 1206 2241 1255 sus,
2274 1189 2476 1243 electos
2534 1185 2769 1258 erigunt,
2815 1199 2923 1254 quo
2970 1183 3024 1238 in
3062 1184 3265 1241 mundo
3317 1186 3397 1239 eis
3426 1189 3612 1241 cuncta
3639 1187 3703 1243 ad

2128 1287 2311 1335 votum
2367 1274 2683 1331 succedunt.
2740 1274 2857 1330 Nec
2912 1272 3247 1344 intelligunt,
3300 1274 3445 1343 quod
3501 1273 3555 1328 in
3600 1276 3701 1329 vita

2129 1384 2224 1423 sua
2252 1367 2573 1438 plerumque
2603 1362 2751 1418 bona
2788 1361 2918 1416 mali
2949 1362 3232 1431 recipiant,
3264 1369 3317 1416 et
3346 1361 3467 1417 ideo
3496 1378 3585 1417 eos
3622 1373 3706 1419 aut

2130 1470 2269 1522 raro,
2328 1461 2420 1509 aut
2481 1466 2757 1524 nunquam
2812 1450 3041 1505 adversa
3096 1449 3442 1509 conturbant.
3498 1452 3631 1505 Nam
3657 1457 3709 1507 et

2131 1542 2475 1615 iniquitatum
2525 1555 2740 1595 suarum
2797 1538 3039 1594 fautores
3089 1539 3327 1609 perditos
3374 1554 3611 1611 quosque
3650 1555 3710 1595 eo

2132 1633 2288 1689 citius
2330 1631 2367 1685 ii
2398 1630 2529 1686 tales
2580 1628 2878 1696 inveniunt,
2926 1643 3033 1700 quo
3063 1627 3251 1682 mundi
3301 1628 3537 1701 gloriam
3580 1644 3714 1699 qua:-

2132 1730 2215 1776 stu
2246 1728 2294 1776 et
2336 1718 2652 1774 muneribus
2696 1724 2970 1789 quierunt.
3013 1716 3168 1772 Unde
3216 1725 3270 1771 et
3297 1717 3580 1772 subditur:
3639 1717 3717 1772 Et

421 1803 634 1894 nensat,
693 1820 818 1891 quia
848 1816 939 1888 qui
997 1806 1248 1884 subernae
1276 1810 1469 1881 patriae
1504 1803 1781 1897 desideriis
1824 1816 2025 1897 accenf
2055 1832 2108 1892 Β
2136 1809 2516 1882 multiplicati
2538 1808 2787 1879 suntqui
2802 1805 3524 1878 oderuntmeinique.Nibil
3546 1806 3723 1861 estiui-

422 1928 531 1978 sus,
590 1908 796 1964 mundo
826 1918 1059 1976 nequam
1112 1909 1166 1957 et
1195 1894 1649 1968 concupiscentiis
1698 1892 1816 1963 ejus
1865 1892 2027 1943 mori-

426 2008 532 2065 tur,
576 1996 742 2052 nullis
771 1992 1023 2049 vanitatis
1054 1988 1345 2045 mundana
1375 1980 1830 2041 delectationibus
1861 1992 2027 2033 occu-

424 2094 601 2157 patur.

500 2175 676 2245 (Vers.
699 2172 809 2241 19.)
829 2170 1103 2238 Quoniam
1118 2165 1483 2238 iniquitatem
1503 2174 1688 2215 meam
1701 2172 1795 2229 ego
1807 2169 2033 2210 annun-

430 2265 597 2330 tiabo,
631 2266 687 2317 et
716 2258 967 2331 coqitabo
996 2272 1097 2330 pro
1124 2258 1355 2327 peccato
1383 2265 1525 2307 meo.

494 2356 585 2410 21.
626 2349 731 2419 Qui
780 2330 1059 2419 peccatum
1090 2359 1245 2398 suum
1286 2337 1595 2395 conﬁtendo
1643 2330 1943 2396 annuntiat,
1976 2337 2029 2384 et

427 2457 527 2513 pro
549 2439 792 2510 ejusdem
812 2434 1018 2506 peccati
1040 2429 1407 2487 satisfactione
1428 2426 1670 2497 cogitare
1696 2437 1806 2476 non
1831 2424 2023 2495 cessat,

435 2511 560 2600 quia
588 2526 791 2581 nullam
814 2525 868 2578 in
885 2521 1089 2577 mundo
1118 2517 1318 2574 invenit
1348 2514 1610 2586 requiem,
1644 2512 1698 2565 in
1726 2511 2027 2579 conspectu

431 2596 531 2674 suo
549 2630 765 2684 semper
778 2610 942 2667 habet
959 2608 1221 2685 dolorem.
1254 2605 1409 2660 Unde
1436 2618 1559 2657 cum
1574 2599 1797 2654 dixisset
1819 2614 1831 2651 :
1858 2596 2025 2652 Dolor

428 2721 588 2763 meus
605 2706 668 2760 in
686 2704 990 2774 conspectu
1021 2684 1153 2752 meo?
1172 2708 1408 2766 semper,
1453 2688 1607 2761 quasi
1635 2684 1907 2759 quomodo
1923 2685 2026 2739 hoc

430 2795 545 2851 ﬁeri
590 2792 763 2864 possit
791 2801 1177 2859 quaereremus,
1210 2780 1441 2851 subjecit
1487 2778 1711 2833 dicens:
1750 2774 2025 2842 Quoniam

428 2883 793 2955 iniquitatem
805 2892 990 2933 meam
1004 2890 1121 2931 ann
1129 2871 1379 2928 nntiabo.
1403 2868 1528 2923 Haec
1542 2872 1667 2920 sunt
1680 2877 1912 2932 namque
1926 2875 2024 2916 ve-

427 2989 502 3029 rae
514 2967 830 3025 humilitatis
843 2963 1229 3030 testimonia,et
1241 2957 1579 3028 iniquitatem
1593 2968 1744 3008 suam
1759 2963 2029 3021 quemque

427 3072 775 3132 cognoscere,
800 3062 853 3109 et
868 3052 1141 3123 cognitam
1163 3063 1299 3104 voce
1316 3042 1674 3102 confessionis
1690 3039 1958 3104 nuntiare,
1974 3043 2028 3091 et

441 3147 741 3204 nuntiatam
762 3140 1094 3214 poenitentia:
1116 3134 1481 3191 satisfactione
1501 3131 1705 3186 delere.
1726 3131 1791 3182 At
1808 3131 2023 3191 contra,

430 3252 589 3293 omne
609 3212 906 3306 pravorum
928 3228 1205 3284 hominum
1224 3223 1413 3279 vitium
1442 3228 1540 3289 est,
1560 3226 1612 3273 et
1637 3218 1919 3287 peccatum
1936 3212 2023 3267 la-

428 3299 847 3393 bendo_[Nonne
871 3319 974 3388 leg.
1006 3312 1224 3369 latendo
1239 3310 1290 3382 ‘?]
1311 3308 1662 3371 committere,
1694 3311 1747 3358 et
1776 3299 2026 3358 commis-

426 3427 544 3467 sum
575 3388 826 3480 negando
865 3402 1223 3465 abscondere,
1279 3405 1332 3451 et
1358 3397 1636 3467 vulgatum
1679 3388 2023 3446 defendendo

428 3497 811 3568 multiplicare.
862 3490 1153 3547 Sciendum
1184 3496 1364 3541 tamen
1393 3492 1474 3538 est
1521 3481 1647 3552 quia
1675 3488 1900 3550 peccata
1928 3491 2025 3531 sua

426 3601 572 3657 saepe
602 3592 654 3640 et
682 3579 900 3653 reprobi
929 3575 1237 3633 conﬁtendo
1267 3572 1517 3643 aperiunt
1541 3588 1556 3639 ;
1587 3568 1682 3624 sed
1712 3568 1838 3640 quia
1866 3580 2023 3621 nova:

426 3651 552 3736 vitia
572 3651 819 3728 habitum
835 3668 1119 3721 immutare
1135 3662 1456 3733 despiciunt,
1481 3674 1545 3715 ea
1574 3657 1691 3730 ipsa
1720 3671 1840 3726 quae
1859 3651 2024 3710 conﬁ-

428 3771 622 3829 tentur,
646 3760 775 3815 ﬂere
803 3754 1058 3813 obstinati
1073 3756 1445 3810 contemnunt.
1474 3747 1644 3802 Electi
1672 3760 1804 3801 vero
1837 3743 2023 3813 culpas

428 3867 554 3908 suas
600 3864 711 3904 non
760 3846 936 3902 solum
974 3858 1109 3899 voce
1156 3837 1510 3896 confessionis
1557 3834 1891 3900 denuntiant,
1923 3830 2023 3885 sed

430 3941 596 3998 etiam
625 3935 882 4007 districta;
910 3927 1394 3988 animadversionis
1422 3940 1518 3981 eas
1549 3922 1765 3979 ﬂetibus
1803 3919 2023 3975 abolere

434 4022 838 4101 procurant.Ad
867 4017 1196 4092 poenitentia:
1215 4029 1453 4086 namque
1479 4027 1539 4068 se
1557 4008 2024 4066 lamentaincitan-

426 4093 525 4186 tes,
575 4112 793 4171 occulta
848 4124 908 4165 se
964 4105 1334 4176 increpatione
1406 4100 1695 4169 dilaniant,
1755 4105 1805 4152 et
1860 4093 2021 4150 futuri

420 4184 611 4277 judicii
665 4202 859 4257 timore
914 4195 1178 4268 percussi,
1212 4192 1258 4247 si
1311 4205 1418 4262 qua
1456 4189 1511 4244 in
1541 4189 1619 4244 eis
1673 4187 1849 4241 adhuc
1876 4184 2020 4239 male

424 4271 584 4367 gesta
601 4286 1129 4358 lateant,diligenter
1146 4281 1490 4353 investigant.
1522 4278 1684 4349 Saepe
1712 4274 1856 4331 enim
1877 4271 2022 4344 quod

428 4363 704 4452 torpentes
731 4377 905 4443 latuit,
936 4371 1190 4428 ﬂentibus
1229 4367 1534 4425 innotescit.
1588 4367 1653 4420 Et
1683 4363 1774 4435 qui
1810 4370 2019 4418 reatum

428 4486 592 4529 suum
648 4464 820 4522 securi
868 4460 1134 4528 nesciunt,
1183 4460 1330 4513 hunc
1374 4457 1430 4510 in
1460 4471 1517 4511 se
1558 4462 1743 4510 contra
1771 4467 1829 4507 se
1857 4449 2021 4507 erecti

426 4554 859 4631 deprehendunt.
920 4549 1234 4621 Cogitemus
1292 4561 1422 4617 ergo
1489 4551 1541 4599 et
1580 4557 1681 4598 nos
1735 4555 1833 4612 pro
1889 4553 2015 4611 pec-
2042 4532 2095 4593 D

429 4629 549 4704 cato
594 4651 794 4707 nostro,
846 4648 899 4695 et
933 4653 1120 4693 amara
1157 4635 1292 4690 illud
1329 4631 1670 4704 paenitentiae
1715 4629 2019 4686 invectione

425 4745 834 4807 persequamur,
866 4742 934 4782 ne
965 4727 1093 4780 dum
1122 4723 1312 4795 culpas
1332 4729 1547 4777 nostras
1576 4733 1810 4792 pensare
1839 4717 2018 4788 negli-

425 4825 628 4898 gimus,
661 4817 871 4892 peccati
907 4815 1123 4887 pondus
1159 4829 1258 4885 per
1286 4809 1672 4884 negligentiam
1701 4822 2015 4880 augeamus.

423 4912 677 4983 Sequitur
712 4924 724 4964 :

493 5002 677 5075 (Vera.
711 4998 827 5070 20.)
864 4994 1092 5052 Inimici
1124 4994 1319 5048 autem
1342 4989 1457 5045 mei
1485 4988 1702 5052 vivunt,
1730 4989 1786 5043 et
1814 4984 2015 5043 conﬁr-

422 5074 567 5150 mati
589 5093 727 5145 sunt
750 5101 916 5158 super
944 5099 1033 5140 me
1062 5086 1155 5139 :et
1181 5078 1560 5151 multiplicati
1586 5079 1725 5133 sunt
1752 5075 1849 5147 qui
1881 5074 2012 5130 ode-

420 5183 563 5239 runt
595 5194 682 5235 me
720 5178 940 5248 inique.

504 5271 676 5338 492
701 5267 790 5323 22.
815 5261 1027 5319 Occulti
1045 5256 1454 5330 dispensatione
1482 5251 1724 5321 consilii,
1757 5249 2016 5307 Conditor

420 5364 610 5416 noster
651 5362 704 5411 et
753 5353 937 5425 culpas
984 5347 1297 5405 mortalium
1345 5342 1582 5416 inspicit,
1614 5349 1667 5397 et
1693 5339 1866 5413 spatia
1890 5341 2015 5396 vitae

418 5443 679 5516 disponit,
728 5446 789 5497 ut
834 5442 1101 5496 diuturnae
1148 5437 1277 5494 vita
1320 5442 1564 5505 tempora
1606 5429 1801 5501 quibus
1834 5429 2014 5500 justus

421 5536 593 5592 utitur
632 5531 704 5588 ad
730 5530 874 5587 bene
902 5546 1037 5601 oper
1074 5526 1204 5583 andi
1241 5519 1755 5592 auxilium,iniquus
1781 5517 2014 5592 accipiat

417 5623 493 5683 ad
526 5618 888 5682 damnationis
922 5622 1301 5691 augmentum.
1350 5612 1411 5671 Si
1455 5609 1603 5669 enim
1630 5615 1852 5682 accepta
1893 5607 2013 5680 quis

2140 1900 2298 1971 quius
2330 1912 2500 1968 quam
2540 1895 2725 1951 odium
2776 1910 2872 1966 pro
2918 1894 3214 1950 dilectione
3237 1894 3555 1963 rependere,
3581 1894 3719 1949 mala

2136 2002 2236 2057 pro
2293 1985 2450 2041 bonis
2501 1983 2820 2049 retribuere,
2878 1997 2977 2053 pro
3006 1981 3351 2053 correptione
3393 1981 3612 2051 injurias
3638 1997 3723 2037 reo

2137 2074 2426 2146 spondere.
2459 2070 2617 2140 Quod
2660 2072 2980 2141 plerumque
3042 2070 3170 2124 mali
3204 2069 3429 2138 faciunt,
3474 2084 3595 2125 cum
3641 2069 3721 2139 ju-

2136 2172 2248 2220 stos
2305 2161 2395 2232 qui
2441 2176 2630 2217 eorum
2688 2159 3042 2215 salvationem
3084 2167 3345 2229 appetunt
3409 2156 3720 2213 execrabilis

2135 2251 2386 2323 nequitiae
2430 2247 2865 2320 percussionibus
2929 2245 3192 2319 afﬂigunt.
3234 2250 3409 2317 Atque
3449 2246 3569 2303 ideo
3597 2245 3721 2300 sub-

2128 2341 2307 2413 jungit
2336 2358 2351 2397 :

2207 2440 2384 2510 (Vers.
2418 2439 2533 2508 2i.)
2566 2437 2675 2506 Qui
2693 2435 2983 2493 retribunt
3012 2436 3164 2490 mala
3192 2451 3293 2508 pro
3327 2433 3507 2506 bonis,
3532 2434 3723 2490 detra-

2134 2527 2344 2586 hebant
2375 2526 2539 2595 mihi,
2571 2527 2838 2598 quoniam
2872 2524 3138 2597 sequebar
3161 2524 3498 2580 bonitatem.

2203 2616 2298 2671 23.
2338 2613 2441 2683 Qui
2471 2612 2647 2669 reddit
2679 2613 2821 2666 mala
2850 2627 2948 2682 pro
2977 2612 3135 2665 malis
3159 2611 3335 2666 bonus
3364 2626 3473 2665 non
3499 2618 3596 2666 est.
3626 2608 3723 2678 Qui

2130 2720 2240 2760 non
2265 2702 2442 2760 reddit
2470 2702 2614 2758 bona
2643 2715 2741 2772 pro
2790 2698 2969 2767 bonis,
3001 2699 3244 2771 ingratus
3274 2707 3373 2754 est.
3419 2699 3525 2768 Qui
3554 2708 3722 2753 autem

2133 2792 2311 2849 reddit
2342 2793 2486 2847 mala
2533 2805 2632 2861 pro
2671 2788 2851 2855 bonis,
2885 2788 3103 2859 iniquus
3126 2795 3226 2842 est.
3268 2788 3463 2844 Solent
3490 2803 3716 2858 namque

2130 2881 2328 2953 perditi
2357 2880 2603 2936 homines
2624 2879 2761 2934 bene
2788 2876 3098 2933 viventibus
3128 2875 3395 2932 invidiose
3417 2877 3707 2942 detrahere,

2132 2975 2228 3027 aut
2254 2977 2439 3025 notam
2465 2968 2543 3023 eis
2572 2964 2864 3037 excogitati
2901 2964 3142 3019 criminis
3179 2964 3427 3037 inﬁgere.
3461 2971 3551 3021 aut
3576 2979 3723 3035 pura:

2133 3060 2259 3115 vitae
2282 3056 2663 3122 innocentiam,
2691 3054 3088 3109 simulationem
3110 3068 3325 3109 vocare.
3343 3054 3525 3122 Quare
3551 3058 3726 3109 autem

2134 3152 2237 3205 hoc
2283 3147 2505 3212 faciant,
2560 3143 2794 3200 ostendit
2822 3157 2943 3198 cum
2989 3142 3101 3197 ait:
3158 3142 3438 3209 Quoniam
3472 3143 3729 3215 sequebar

2133 3237 2465 3294 bonitatem.
2489 3233 2787 3288 Bonitatem
2811 3230 3053 3301 sequitur
3068 3229 3157 3300 qui
3181 3229 3455 3285 Christum
3477 3231 3725 3286 imitatur.

2131 3325 2299 3395 Cujus
2340 3324 2638 3379 imitatores
2692 3326 2837 3375 tanto
2881 3319 2936 3373 in
2967 3320 3068 3373 hac
3112 3317 3226 3372 vita
3257 3318 3512 3389 graviora
3564 3326 3725 3374 tenta-

2130 3419 2315 3472 menta
2344 3412 2639 3485 perierunt,
2676 3417 2876 3480 quanto
2918 3407 3136 3479 longius
3162 3406 3328 3462 corde
3358 3424 3391 3461 ιι
3421 3408 3623 3465 mundo
3651 3408 3725 3463 di.

2131 3503 2381 3562 scedunt.
2435 3501 2577 3556 Dicit
2630 3499 2773 3553 enim
2838 3496 3170 3567 Apostolus:
3235 3494 3448 3552 Omnes
3498 3499 3592 3567 qui
3636 3499 3721 3569 pie

2131 3596 2328 3653 volunt
2360 3592 2544 3647 vivere
2571 3589 2635 3643 in
2668 3585 2909 3652 Christo,
2939 3585 3394 3657 persecutionem
3418 3587 3720 3658 patiuntur

2129 3682 2205 3754 (ll
2228 3683 2365 3737 Tim.
2398 3693 2479 3742 tu,
2513 3676 2624 3747 12).
2648 3674 2716 3728 Et
2745 3672 2873 3727 alibi
2905 3671 3163 3743 scriptum
3183 3679 3267 3727 est
3290 3690 3306 3728 :
3333 3672 3527 3728 Multae
3551 3672 3722 3728 tribu-

2133 3771 2372 3827 lationes
2376 3768 2668 3839 justorum
2686 3762 2860 3834 (Psal.
2882 3776 3079 3825 xxxm,
3099 3764 3208 3830 20).
3232 3761 3367 3815 Justi
3390 3776 3625 3834 namque
3636 3758 3722 3833 qui

2130 3876 2194 3917 ea
2215 3874 2337 3929 quae
2368 3857 2465 3913 Dei
2496 3862 2639 3922 sunt,
2660 3857 2773 3908 tota
2798 3852 3089 3906 intentione
3111 3847 3449 3917 desiderant,
3482 3858 3535 3905 et
3562 3864 3723 3919 supra

2129 3948 2390 4005 mundum
2434 3944 2582 4011 facti,
2613 3941 2890 3997 mundana
2936 3938 3117 3995 omnia
3147 3938 3386 4009 quadam
3415 3939 3608 3995 virtute
3637 3937 3728 3994 do.

2128 4036 2447 4093 minationis
2478 4032 2824 4095 conculcant,
2858 4042 2966 4083 non
2994 4027 3167 4082 solum
3198 4027 3250 4081 in
3293 4027 3512 4083 occulto
3549 4026 3727 4083 cordis

2131 4124 2434 4181 diabolicas
2461 4118 2835 4176 infestationes
2856 4117 3101 4184 tolerant,
3134 4115 3232 4172 sed
3260 4115 3425 4172 etiam
3454 4128 3729 4187 perverso-

2130 4231 2253 4271 rum
2281 4210 2549 4269 malitiam
2580 4207 2775 4263 decore
2802 4220 2909 4263 suae
2924 4204 3355 4261 conversationis
3375 4204 3728 4259 inﬂammant.

2127 4305 2328 4363 Verum
2354 4300 2481 4373 quia
2509 4297 2577 4353 ad
2607 4294 2973 4368 superandum
2996 4294 3179 4349 nullus
3193 4293 3730 4362 invenituridoneus,

2127 4392 2232 4450 nisi
2281 4390 2373 4463 qui
2420 4387 2582 4443 fuerit
2633 4383 2845 4440 virtutis
2901 4382 3099 4438 divinae
3141 4380 3463 4438 fortitudine
3514 4382 3728 4438 robora-

2130 4490 2250 4543 tus;
2304 4476 2395 4550 qui
2421 4481 2828 4547 persecutorum
2869 4471 3109 4544 flagellis
3129 4470 3394 4537 atteritur,
3428 4470 3520 4543 qui
3548 4470 3728 4526 detra-

2126 4568 2365 4625 hentium
2396 4564 2652 4620 dentibus
2680 4560 2976 4629 mordetur,
3009 4561 3355 4632 prasentiam
3388 4567 3443 4615 et
3472 4559 3725 4616 auxilium

2126 4657 2325 4714 divinae
2344 4651 2645 4724 majestatis
2666 4648 3007 4723 expostulat,
3040 4657 3097 4703 ut
3113 4648 3230 4717 ejus
3258 4647 3430 4703 fultus
3458 4646 3729 4719 praesidio,

2126 4748 2317 4804 contra
2346 4741 2527 4799 omnia
2578 4756 2698 4813 quae
2726 4737 2929 4810 patitur
2974 4728 3203 4794 adversa
3252 4735 3613 4794 convalescat.
3642 4733 3728 4790 Ait

2126 4850 2261 4908 ergo
2279 4850 2292 4887 :

2197 4930 2371 4999 (Vers.
2426 4927 2539 4995 22.)
2598 4925 2677 4983 Ne
2734 4923 3094 4996 derelinquas
3148 4938 3259 4992 me,
3305 4925 3543 4981 Domine
3572 4921 3719 4977 Deus

2124 5031 2307 5081 meus,
2343 5027 2415 5068 ne
2446 5010 2739 5067 dicesseris
2769 5026 2804 5065 α
2836 5022 2940 5063 me.

2194 5102 2282 5155 24.
2317 5098 2447 5152 Illos
2488 5094 2687 5167 procul
2718 5092 2887 5147 dubio
2916 5090 3179 5147 Dominus
3217 5091 3496 5162 relinquit,
3530 5089 3719 5161 quibus

2122 5181 2485 5241 constantiam
2532 5178 2587 5232 in
2617 5176 2966 5232 tribulatione
3012 5191 3119 5230 non
3150 5175 3365 5231 tribuit.
3396 5172 3717 5232 Necessario

2123 5268 2269 5326 enim
2299 5265 2557 5337 sequitur,
2600 5271 2659 5317 ut
2687 5261 2834 5317 omni
2864 5261 3143 5316 tentationi
3173 5261 3240 5315 sit
3268 5260 3541 5328 subditus,
3601 5255 3715 5328 qui-

2121 5368 2334 5424 cunque
2365 5366 2398 5405 a
2424 5349 2539 5404 Deo
2562 5345 2725 5402 fuerit
2741 5345 3051 5401 derelictus.
3083 5343 3190 5414 Qui
3218 5359 3354 5417 ergo
3385 5347 3718 5399 tentamenta

2119 5420 2323 5493 diaboli
2353 5432 2567 5498 metuit,
2594 5430 2687 5503 qui
2712 5429 2822 5503 pati
2852 5429 2908 5484 in
2936 5431 3041 5484 hoc
3068 5429 3273 5485 saeculo
3303 5427 3538 5486 adversa
3565 5420 3722 5497 per-ti.

2113 5522 2327 5590 mescit,
2380 5519 2456 5575 ad
2502 5518 2681 5574 Deum
2723 5522 2840 5571 tota
2866 5512 3144 5571 virtutese
3164 5519 3490 5577 convertat;
3524 5511 3720 5567 clamet

2110 5607 2183 5665 ad
2212 5608 2385 5664 Deum
2442 5601 2697 5662 medullis
2721 5599 2928 5670 cordis,
2957 5606 3015 5655 et
3040 5598 3220 5656 dicat:
3245 5597 3327 5656 Ne
3353 5596 3715 5668 derelinquas
