4034 6166
229 354 306 413 584

953 355 1027 410 1N
1056 349 1337 411 SEPTEM
1368 354 1609 411 psam.
1642 349 1905 410 rmNtr.
1937 309 2318 409 EXPOSITO.
2358 383 2426 394 -
2456 353 2643 410 PSAL.
2678 341 2766 410 tv‘.

3408 347 3511 408 58%

233 498 322 549 me,
357 481 590 536 Domine
623 480 764 535 Deus
779 495 956 535 meus.
983 478 1141 547 Quod
1162 479 1385 534 verbum
1403 478 1446 533 si
1470 494 1591 533 cum
1624 476 1820 532 affectu
1849 477 1904 536 Α
1934 477 2029 532 Dei
2055 477 2434 532 misericordia
2465 494 2747 548 nunquam
2777 479 3084 548 desperare.
3111 475 3363 547 Quisquis
3389 490 3520 544 ergo

235 580 277 626 et
315 569 586 624 desiderio
629 585 774 638 saepe
825 568 1092 638 replicare
1154 567 1434 634 studuerit,
1487 574 1617 636 puto
1666 565 1816 636 quod

235 659 508 730 quamdam
558 657 614 712 in
661 674 724 713 eo
755 657 1098 712 dulcedinem
1161 657 1375 719 sentiet,
1429 672 1592 726 quam
1641 669 1820 709 sermo

235 757 402 804 noster
449 747 724 818 explicare
778 763 884 802 non
917 747 1080 800 valet.
1113 748 1280 814 493
1342 745 1598 814 Sequitur
1657 761 1668 796 :
1730 742 1822 797 Ne

237 839 544 894 discesseris
560 854 593 890 α
613 852 722 891 me.
753 835 948 889 Sancta
967 835 1150 888 anima
1172 849 1290 905 quae
1312 833 1484 887 solum
1506 834 1675 886 Deum
1698 848 1822 902 per-

236 927 353 983 fecte
383 925 653 981 desiderat
681 933 953 994 precatur,
1003 931 1060 979 ut
1087 939 1188 978 nec
1231 922 1300 978 ad
1349 923 1540 977 horam
1575 922 1722 976 Deus
1751 919 1822 974 ab

236 1017 311 1070 illa
332 1014 608 1069 discedat.
646 1013 815 1068 Novit
843 1015 987 1067 enim
1029 1012 1155 1082 quia
1184 1011 1328 1065 inter
1355 1009 1601 1064 inimicos
1628 1007 1821 1080 gradi-

234 1112 320 1173 tur,
343 1104 497 1157 novit
527 1102 654 1174 quia
683 1103 834 1157 omni
862 1107 1107 1169 tempore
1149 1098 1402 1154 diabolus
1434 1098 1533 1152 sibi
1565 1097 1824 1151 adversa-

237 1196 327 1245 tur.
359 1190 503 1259 Quia
531 1206 664 1261 ergo
696 1191 845 1245 omni
874 1199 1116 1257 tempore
1151 1186 1403 1258 intelligit
1418 1185 1518 1240 sibi
1549 1185 1827 1239 imminere

231 1279 480 1350 pericula,
533 1279 696 1333 etiam
728 1286 1005 1332 momento
1034 1278 1300 1346 temporis
1333 1291 1439 1330 non
1483 1281 1661 1346 potest
1709 1289 1826 1328 esse

237 1383 440 1424 secura.

297 1458 476 1525 (νει-ε.
499 1457 614 1525 23.)
639 1455 878 1510 Intende
898 1455 959 1509 in
983 1455 1335 1527 adjutorium
1358 1470 1572 1521 meum,
1597 1453 1828 1509 Domine

238 1548 366 1602 Deus
378 1545 596 1601 salutis
616 1560 752 1600 mea:
765 1586 777 1596 .

299 1621 382 1672 25.
414 1616 586 1684 Quasi
616 1616 795 1670 dicat:
843 1616 923 1670 Tu
954 1614 1044 1686 qui
1073 1631 1131 1670 es
1170 1615 1387 1686 adjutor
1418 1614 1469 1669 in
1504 1612 1832 1685 opportuni-

239 1707 420 1760 tatibus
452 1705 510 1759 in
535 1705 900 1768 tribulatione,
940 1705 1048 1759 noli
1081 1720 1168 1759 me
1199 1705 1344 1759 velut
1383 1704 1615 1758 alienum
1649 1702 1830 1774 negli-

241 1811 376 1865 gere,
409 1793 526 1848 noli
556 1793 702 1847 velut
728 1802 1041 1847 extraneum
1070 1793 1323 1848 abdicare
1351 1809 1364 1854 ;
1400 1792 1565 1846 immo
1594 1789 1830 1847 intende
1862 1823 1913 1884 Β

244 1885 295 1938 in
323 1883 680 1952 adjutorium
710 1897 919 1948 meum,
953 1889 1116 1951 tuque
1148 1897 1234 1935 me
1267 1882 1405 1935 inter
1437 1879 1685 1936 lethifera
1708 1888 1831 1933 ten-

243 1972 497 2026 tationum
537 1969 722 2037 jacula
777 1978 1019 2040 protege,
1077 1977 1129 2023 tu
1171 1970 1240 2024 ab
1293 1969 1448 2024 omni
1497 1969 1837 2022 inimicorum

243 2059 550 2114 incursione
599 2057 852 2122 defende,
904 2066 958 2112 tu
1007 2058 1061 2112 in
1091 2058 1255 2113 corde
1307 2073 1428 2112 meo
1471 2056 1840 2126 intelligentiae

251 2147 413 2202 lucem
467 2146 733 2213 illumina,
785 2147 863 2216 (a)
891 2154 952 2200 tu
983 2162 1070 2201 me
1114 2146 1318 2201 auxilio
1352 2154 1454 2200 tute
1491 2145 1702 2199 virtutis
1730 2145 1839 2198 cir—

241 2235 449 2290 cumda.
503 2232 663 2302 Quod
696 2236 831 2288 bene
861 2235 1033 2289 debes
1080 2235 1280 2303 facere,
1313 2235 1440 2304 quia
1471 2238 1538 2289 tu
1566 2251 1623 2289 es
1650 2233 1842 2288 Domi-

240 2339 337 2377 nus
384 2339 573 2378 meus.
633 2324 708 2377 Te
751 2322 896 2376 enim
949 2323 1123 2378 solum
1187 2322 1366 2377 habeo
1428 2322 1742 2388 Dominum,
1792 2328 1844 2374 te

240 2413 403 2466 solum
463 2410 728 2468 conﬁteor
782 2412 974 2466 Deum.
1045 2411 1362 2484 Congruum
1420 2427 1552 2483 ergo
1616 2411 1842 2476 videtur,

241 2502 408 2572 utqui
467 2518 528 2555 es
575 2500 848 2555 restitutor
903 2501 1091 2554 salutis
1148 2501 1204 2554 in
1261 2502 1433 2571 primo
1468 2508 1686 2570 parente
1717 2514 1844 2567 per—

243 2590 378 2660 ditas,
414 2590 490 2644 sis
520 2599 574 2645 et
606 2597 958 2646 conservator
1011 2590 1258 2658 ejusdem
1288 2590 1342 2644 in
1373 2606 1459 2645 me
1487 2606 1588 2660 per
1613 2587 1845 2661 gratiam

244 2679 520 2735 restitutas.

849 2794 1256 2852 ΡΒΟΟΕΜΙΠΜ

455 2898 516 2939 IN
548 2899 812 2947 QUARTUM
844 2900 1109 2939 PSALMUM
1139 2900 1634 2941 POENITENTMLEM.

261 2973 392 3030 Cum
411 2973 814 3030 venitNathan
837 2975 1111 3044 propheta
1138 2975 1208 3028 ad
1225 2975 1414 3043 David,
1439 2976 1658 3047 quando
1671 2976 1853 3031 intra-

778 3061 858 3117 vit
889 3062 960 3116 ad
991 3061 1310 3119 Bethsabee.

311 3154 454 3208 Nota
504 3158 588 3207 est
631 3149 848 3204 historia
879 3149 946 3204 de
977 3166 1082 3221 qua
1131 3151 1314 3205 titulus
1344 3152 1442 3207 iste
1494 3160 1739 3222 sumptus
1768 3159 1850 3207 est

248 3242 313 3310 (11
341 3244 470 3312 Reg.
505 3242 606 3308 xi).
642 3238 818 3294 David
846 3239 990 3294 enim
1035 3247 1224 3308 captus
1251 3241 1652 3311 pulchritudine
1682 3241 1849 3294 Beth-

248 3330 405 3385 sabee
460 3329 652 3384 uxoris
691 3329 847 3396 Uria,
905 3343 1016 3381 non
1045 3328 1222 3382 solum
1285 3345 1407 3383 cum
1457 3345 1522 3383 ea
1569 3328 1857 3383 carnaliter

247 3421 393 3487 coiit,
449 3418 546 3472 sed
577 3417 738 3471 etiam
786 3415 969 3472 occiso
1000 3416 1118 3470 viro
1160 3433 1279 3471 eam
1327 3416 1430 3471 sibi
1459 3417 1512 3470 in
1542 3417 1854 3488 conjugium

249 3508 552 3578 copulavit.
593 3507 788 3560 Postea
827 3520 957 3559 vero
983 3521 1104 3560 cum
1128 3505 1364 3560 venisset
1389 3505 1456 3560 ad
1487 3521 1611 3561 eum
1640 3506 1855 3560 Nathan

248 3594 544 3666 prOpheta,
599 3608 830 3663 eumque
879 3608 978 3648 suo
1021 3591 1250 3662 judicio,
1300 3593 1520 3649 inducta
1567 3595 1634 3649 de
1665 3595 1860 3650 ovibus

250 3683 605 3738 similitudine
665 3683 1104 3749 condemnasset,
1175 3696 1283 3736 non
1331 3683 1525 3737 sedum
1577 3692 1858 3751 peccatum

248 3772 428 3827 celare
454 3772 542 3826 vel
567 3770 857 3826 defendere
873 3768 1065 3836 noluit,
1095 3770 1189 3824 sed
1213 3771 1374 3825 etiam
1404 3771 1688 3826 confessus
1713 3771 1858 3842 quod

248 3863 476 3926 fecerat,
530 3860 598 3915 ad
645 3858 781 3913 dura
828 3874 885 3913 se
933 3858 1264 3928 poenitentiae
1312 3859 1549 3915 lamenta
1597 3860 1864 3916 convertit

248 3951 321 4018 (Il
342 3953 482 4021 Reg.
542 3950 666 4018 xu).
699 3949 758 4002 In
806 3947 1015 4018 psalmo
1069 3956 1249 4004 tamen
1281 3947 1426 4002 nulla
1456 3948 1513 4004 ﬁt
1541 3949 1612 4004 de
1640 3949 1862 4004 historia

249 4040 487 4102 mentio,
521 4037 616 4092 sed
647 4052 847 4108 magna
892 4037 1241 4108 cognoscitur
1269 4037 1435 4091 animi
1465 4038 1694 4093 dolentis
1722 4037 1861 4095 atie-

245 4127 374 4184 ctio.
449 4126 825 4181 Admonemur
870 4133 1049 4180 autem
1096 4126 1152 4180 in
1201 4127 1304 4181 hoc
1345 4127 1558 4196 psalmo
1604 4143 1865 4199 prospera

246 4225 524 4281 metuere,
557 4223 610 4270 et
639 4222 827 4270 contra
872 4229 1087 4270 omnem
1118 4214 1303 4270 saeculi
1349 4214 1661 4271 felicitatem
1691 4216 1866 4271 acrius

248 4305 516 4378 vigilare.
550 4304 712 4374 Saepe
751 4317 987 4373 namque
1032 4303 1322 4374 prazsentia
1349 4303 1548 4374 gaudia
1575 4313 1868 4375 sequuntur

249 4402 524 4465 perpetua
574 4392 824 4446 lamenta.
859 4391 1007 4446 Sicut
1049 4393 1190 4446 enim
1240 4409 1337 4463 per
1383 4392 1538 4446 ﬂetus
1567 4394 1638 4447 ad
1665 4392 1869 4464 gaudia

251 4483 534 4549 ducimur,
569 4481 645 4534 ita
692 4495 793 4549 per
820 4479 1023 4550 gaudia
1071 4480 1142 4534 ad
1175 4479 1354 4534 fletum
1403 4481 1736 4550 pervenitur.
1769 4481 1868 4536 Ille

246 4586 458 4640 nempe
474 4567 739 4640 quidixit:
775 4567 934 4622 Beati
949 4569 1046 4638 qui
1077 4570 1294 4638 lugent,
1313 4570 1702 4641 quoniamipsi
1718 4585 1857 4625 con-

247 4660 603 4714 solabuntur
633 4656 854 4726 (Matth.
907 4672 963 4723 v,
994 4656 1445 4726 5),ipsemetait:
1482 4660 1564 4712 Va:
1595 4657 1745 4714 vobis
1762 4657 1859 4728 qui

245 4749 458 4804 n‘detis
483 4760 658 4813 nunc,
682 4745 815 4815 quia
835 4742 1137 4815 plorabitis
1156 4748 1210 4798 et
1230 4745 1436 4813 ﬂebitis
1452 4744 1611 4813 (Luc.
1643 4762 1715 4811 v1,
1747 4747 1860 4814 25).

244 4835 385 4905 Quis
417 4833 665 4890 sanctior
697 4832 870 4887 David
889 4833 917 4883 ‘I
949 4831 1179 4904 quicum
1202 4831 1383 4887 Saulis
1403 4834 1867 4903 persecutionibus

243 4930 587 4996 urgeretur,
618 4936 726 4976 non
781 4919 955 4975 solum
994 4929 1414 4990 persequentem
1464 4923 1712 4979 occidere
1759 4938 1868 4978 non

244 5013 446 5077 voluit,
483 5011 581 5066 sed
600 5009 704 5079 ipsi
733 5009 1225 5080 persecutori,cum
1256 5011 1438 5079 ipsum
1469 5011 1714 5068 occidere
1736 5027 1870 5081 pos-

245 5111 348 5169 set,
383 5099 647 5172 pepercit
678 5098 732 5167 (Ι
741 5099 869 5169 Reg.
905 5100 1081 5167 xxiv).
1107 5099 1276 5154 Tanto
1307 5099 1450 5154 enim
1481 5100 1534 5154 in
1564 5101 1668 5156 Dei
1699 5101 1872 5157 mise-

244 5189 500 5246 ricordia
521 5203 681 5260 spem
702 5201 856 5242 suam
888 5184 1101 5255 ﬁxerat,
1126 5195 1328 5257 quanto
1351 5187 1716 5246 miserabilius
1737 5189 1881 5246 inﬁr-

245 5281 515 5335 mitatem
574 5292 690 5331 sua;
748 5274 1105 5330 tribulationis
1173 5277 1463 5333 sentiebat.
1532 5279 1727 5335 Verum
1783 5280 1877 5334 ubi

243 5366 497 5425 devictis
523 5363 787 5431 hostibus,
815 5364 1086 5434 pressuris
1111 5367 1302 5436 caruit,
1335 5366 1687 5423 homicidium
1719 5367 1880 5424 adul-

248 5459 392 5514 terio
426 5456 657 5512 incaute
703 5469 925 5509 securus
956 5453 1175 5524 adjecit.
1227 5456 1599 5514 Admouemur
1627 5457 1795 5514 etiam
1826 5459 1881 5515 in

249 5547 368 5607 hoe
423 5543 655 5619 psalmo
707 5543 957 5602 carnales
993 5543 1316 5618 cupiditates
1359 5547 1705 5621 restringere,
1733 5556 1786 5605 et
1813 5549 1882 5605 de

1893 4529 1946 4588 D

1928 565 2232 633 desperans
2252 566 2320 620 de
2335 565 2507 627 venia,
2531 581 2692 636 agere
2709 567 3079 636 paenitentiam
3095 564 3322 631 dubitat,
3347 563 3520 618 David

1929 653 2296 723 paenitentiam
2346 654 2412 707 ad
2444 655 2683 708 animum
2712 654 2935 708 reducat
2975 655 3049 721 (II
3093 657 3218 723 Reg.
3266 664 3367 716 χι).
3405 654 3520 706 Au-

1929 740 2140 794 diamus
2188 745 2241 794 et
2290 756 2388 794 nos
2433 741 2607 794 David
2660 740 3003 804 clamantem,
3053 751 3104 795 et
3135 756 3234 794 nos
3281 756 3409 794 cum
3458 755 3526 794 eo

1929 829 2266 892 clamemus;
2322 838 2652 900 gementem,
2688 837 2741 884 et
2788 831 3282 902 congemiscamus.
3321 829 3526 884 Audia-

1929 933 2050 971 mus
2079 916 2315 982 ﬁentem,
2349 926 2397 972 et
2437 917 2926 988 collacrymemur;
2955 924 3278 985 correctum,
3327 924 3380 971 et
3408 916 3527 971 col-

1931 1005 2190 1060 laetemur.

2547 1119 2928 1176 EXPOSITIO

2259 1220 2458 1263 PSALHI
2490 1223 2696 1271 QUARTI
2739 1222 3217 1263 PCENITBNTIALIS.

2007 1294 2170 1366 (Psal.
2187 1295 2252 1350 L.
2265 1325 2329 1338 —
2345 1296 2512 1350 Vers.
2545 1298 2621 1365 1.)
2638 1297 2892 1352 Miserere
2908 1299 3018 1353 mei
3034 1299 3201 1368 Deus,
3222 1299 3534 1355 secundum

1935 1400 2199 1454 magnam
2229 1385 2677 1440 misericordiam
2721 1389 2902 1441 tuam.

2026 1474 2283 1542 4941.
2343 1474 2611 1528 Ponamus
2641 1482 2766 1528 ante
2815 1475 3015 1529 mentis
3067 1475 3255 1531 oculos
3307 1475 3542 1547 aliquem

1937 1563 2175 1634 graviter
2200 1561 2566 1624 vulneratum,
2603 1570 2655 1617 et
2674 1563 2766 1617 vix
2788 1563 2900 1631 jam
2927 1564 3145 1618 ultimos
3167 1564 3326 1632 hujus
3365 1565 3547 1620 vitalis

1939 1667 2083 1705 aurae
2113 1651 2420 1705 trahentem
2452 1651 2743 1716 anhelitus,
2779 1653 2866 1722 qui
2899 1661 2952 1707 et
2981 1653 3155 1707 nudus
3183 1653 3238 1706 in
3268 1653 3549 1724 sterquili-

1940 1739 2029 1793 nio
2055 1739 2250 1806 jaceat,
2284 1748 2337 1794 et
2367 1740 2557 1794 vulnus
2605 1741 2840 1794 nondum
2872 1741 3100 1812 ligatum
3130 1741 3400 1805 ostendat,
3437 1743 3542 1795 ad-

3026 1837 3078 1884 et
3106 1831 3350 1901 agnitum
3381 1838 3436 1884 ut
3469 1830 3549 1885 sui

1947 1915 2274 1970 misereatur
2321 1916 2554 1985 precari.
2614 1917 2814 1971 Vulnus
2854 1917 2996 1971 enim
3048 1918 3243 1974 animae
3268 1927 3551 1988 peccatum

1949 2011 2049 2071 est,
2083 2004 2152 2058 de
2181 2020 2285 2074 quo
2317 2003 2549 2058 dicitur:
2605 2003 2842 2072 Vulnus,
2893 2009 2948 2060 et
2985 2004 3143 2071 livor,
3175 2011 3233 2062 et
3261 2009 3428 2078 plaga
3460 2011 3548 2063 tu-

1948 2107 2127 2157 mens,
2147 2108 2262 2147 non
2275 2097 2361 2146 est
2373 2093 2790 2162 circumligata,
2809 2109 2913 2148 nec
2925 2100 3130 2149 curata
3151 2095 3547 2164 medicamine,

1951 2196 2054 2235 nec
2082 2182 2330 2242 fotaoleo
2353 2181 2510 2246 (Isai.
2538 2196 2576 2246 ι,
2611 2183 2684 2250 6).
2711 2183 2966 2252 Agnosce
2994 2181 3231 2248 interius,
3252 2184 3550 2252 vulnerate,

1951 2268 2221 2324 medicum
2255 2277 2422 2330 tuum,
2483 2268 2613 2324 etei
2662 2278 3006 2338 peccatorum
3063 2278 3270 2325 tuorum
3323 2271 3554 2326 vulnera

1953 2357 2174 2428 detege.
2213 2357 2407 2412 Audiat
2451 2356 2636 2412 cordis
2667 2358 2740 2411 tui
2785 2358 3067 2427 gemitum,
3100 2359 3185 2414 cui
3217 2375 3376 2415 omne
3405 2367 3557 2429 patet

1955 2446 2302 2518 cogitationis
2329 2461 2607 2501 arcanum.
2656 2447 2907 2501 Moveant
2939 2447 3090 2501 illum
3132 2449 3393 2518 lacrymae
3425 2458 3548 2518 tuae,

1956 2542 2009 2589 et
2038 2534 2268 2603 quadam
2299 2533 2453 2587 illum
2485 2534 2892 2604 importunitate
2915 2535 3212 2606 quaarendi,
3244 2552 3458 2608 semper
3484 2538 3555 2592 ad

1956 2637 2075 2677 eum
2109 2623 2214 2676 alta
2244 2622 2311 2678 de
2341 2623 2613 2691 profundo
2644 2621 2824 2678 cordis
2865 2625 3101 2693 suspiria
3131 2625 3346 2681 educito
3380 2642 3390 2678 :
3425 2642 3554 2696 per-

1956 2711 2138 2765 veniat
2186 2711 2256 2764 ad
2299 2727 2424 2765 eum
2483 2711 2640 2765 dolor
2683 2718 2821 2777 tuus,
2854 2719 2913 2766 ut
2969 2713 3178 2767 dicatur
3233 2715 3392 2769 etiam
3428 2715 3551 2769 tibi:

1964 2800 2279 2854 Transtulit
2300 2801 2571 2854 Dominus
2593 2807 2887 2871 peccatum
2906 2805 3070 2856 tuum
3090 2801 3163 2868 (II
3176 2804 3299 2872 Reg.
3326 2820 3419 2868 xu,
3447 2805 3558 2871 13).

1959 2887 2145 2941 Clama
2189 2903 2314 2942 cum
2334 2887 2508 2942 David
2542 2905 2554 2948 ;
2586 2888 2707 2942 vide
2725 2888 2856 2957 quid
2885 2889 3004 2958 ipse
3032 2889 3230 2943 dixerit
3258 2905 3270 2943 :
3299 2891 3556 2946 Miserere

1958 2980 2092 3041 mei,
2112 2977 2276 3040 Deus,
2295 2977 2618 3032 secundum
2633 2993 2899 3048 magnam
2915 2978 3361 3033 misericordiam
3378 2983 3556 3033 tuam.

1961 3063 2126 3131 Quasi
2159 3063 2364 3119 diceret
2390 3082 2400 3116 :
2440 3065 2649 3134 Ingenti
2680 3064 2901 3120 vulnere
2932 3064 3227 3133 periclitor,
3262 3065 3404 3135 quod
3435 3067 3562 3119 nul-

1877 3177 1927 3240 C
1961 3151 2046 3207 lus
2078 3152 2406 3207 medicorum
2448 3169 2645 3208 curare
2675 3153 2871 3221 valeat,
2921 3153 3030 3208 nisi
3059 3153 3306 3208 medicus
3346 3155 3438 3209 ille
3471 3169 3569 3225 qui

1959 3249 2042 3295 est
2071 3241 2431 3312 omnipotens,
2453 3249 2724 3297 succurat.
2761 3241 3159 3312 Omnipotentis
3172 3242 3316 3297 enim
3346 3245 3562 3299 medico

1959 3330 2092 3384 nihil
2123 3339 2203 3385 est
2233 3330 2535 3385 insanabile
2565 3348 2576 3391 ;
2622 3331 2713 3398 qui
2744 3330 2880 3385 sicut
2910 3331 3154 3385 medetur
3201 3330 3324 3385 sine
3363 3332 3561 3417 pretio,

1959 3419 2034 3473 ita
2063 3419 2289 3474 salutem
2319 3420 2551 3474 restituit
2579 3419 2766 3474 verbo.
2802 3419 3164 3488 Desperarem
3195 3434 3329 3491 ergo
3358 3419 3426 3473 de
3448 3421 3563 3475 vul-

1960 3523 2110 3575 nere,
2144 3508 2191 3562 si
2223 3524 2331 3563 non
2361 3523 2749 3576 praesumerem
2781 3507 2849 3562 de
2878 3508 3270 3576 omnipotente.
3310 3508 3566 3566 Miserere

1961 3599 2092 3662 mei,
2110 3597 2280 3664 Deus,
2300 3597 2613 3652 secundum
2627 3612 2896 3667 magnam
2917 3598 3358 3653 misericordiam
3383 3602 3540 3654 tuam
3554 3640 3568 3654 .

1963 3684 2224 3753 Quaerant
2252 3701 2474 3756 parvam
2508 3685 2957 3752 misericordiam,
2976 3684 3072 3755 qui
3097 3687 3410 3756 ignoranter
3439 3702 3571 3741 con-

1966 3775 2185 3829 trahunt
2214 3773 2450 3844 culpam.
2480 3774 2597 3844 Ego
2623 3781 2801 3826 autem
2833 3773 2971 3826 sicut
2998 3774 3239 3844 graviter
3267 3775 3463 3840 cecidi,
3498 3776 3573 3829 ita

1966 3862 2125 3918 etiam
2157 3862 2389 3917 scienter
2430 3861 2679 3931 peccavi.
2713 3861 2819 3915 Sed
2859 3869 2932 3928 tu,
2967 3860 3310 3929 omnipotens
3341 3863 3571 3930 medice,

1968 3960 2021 4007 et
2049 3958 2453 4019 contemptores
2483 3948 2730 4020 corrigis,
2790 3956 2843 4004 et
2904 3946 3200 4003 nescientes
3255 3947 3490 4019 instruis,
3524 3960 3577 4006 et

1965 4037 2347 4095 conﬁtentibus
2376 4037 2636 4109 ignoscis.
2666 4036 2900 4100 Utinam,
2951 4035 3182 4090 Domine
3209 4036 3355 4103 Jesu,
3388 4038 3455 4091 ad
3484 4055 3574 4093 me

1968 4122 2344 4178 misericordia
2375 4128 2553 4175 motus
2600 4119 2841 4192 digneris
2871 4119 3134 4174 accedere
3177 4119 3333 4188 (Luc.
3371 4121 3451 4190 χ),
3485 4120 3578 4193 qui

1970 4211 2306 4268 descendens
2333 4210 2405 4265 ab
2432 4208 2730 4264 Jerusalem
2781 4207 2836 4262 in
2863 4207 3098 4277 Iericho,
3129 4223 3392 4279 proruens
3422 4209 3576 4264 scili-

1971 4309 2054 4357 cet
2081 4301 2148 4356 de
2179 4299 2406 4354 summis
2434 4297 2501 4352 ad
2531 4296 2764 4365 inﬁrma,
2796 4297 2865 4352 de
2893 4296 3144 4351 vitalibus
3160 4297 3230 4351 ad
3258 4296 3493 4366 inﬁrma,
3521 4299 3578 4354 in

1972 4388 2202 4461 angelos
2258 4387 2605 4443 tenebrarum
2663 4386 2845 4455 incidi,
2894 4385 2983 4455 qui
3026 4400 3133 4440 non
3172 4385 3345 4441 solum
3387 4387 3579 4460 gratiae

1973 4477 2230 4548 spiritalis
2277 4476 2411 4530 mihi
2453 4475 2831 4531 vestimentum
2882 4473 3238 4542 abstulerunt,
3283 4475 3378 4530 sed
3409 4477 3581 4532 etiam

1976 4565 2155 4637 plagis
2186 4563 2457 4634 impositis
2478 4563 2802 4620 semivivum
2827 4561 3184 4633 reliquerunt.
3216 4564 3432 4619 Utinam
3462 4581 3586 4635 pec-

1968 4663 2207 4710 catorum
2238 4667 2484 4707 meorum
2506 4651 2753 4718 vulnera,
2776 4653 2902 4707 data
2923 4652 3052 4706 mihi
3085 4654 3472 4722 recuperanda
3501 4671 3582 4710 sa-

1978 4743 2105 4797 lutis
2136 4741 2355 4807 ﬁducia,
2381 4739 2594 4811 alliges,
2614 4756 2682 4794 ne
2703 4740 2941 4796 deterius
2961 4742 3190 4797 saeviant
3219 4742 3264 4796 si
3290 4744 3464 4799 sanari
3485 4743 3582 4798 de-

1973 4837 2217 4901 sperent.
2247 4829 2458 4885 Utinam
2479 4828 2661 4882 oleum
2691 4828 2820 4883 mihi
2858 4828 3200 4884 remissionis
3221 4829 3505 4897 adhibeas,
3531 4838 3584 4884 et

1973 4919 2159 4975 vinum
2181 4915 2612 4987 cumpunctionis
2634 4916 2916 4971 infundas.
2949 4916 3109 4984 Quod
3141 4916 3256 4970 siin
3276 4917 3583 4985 jumentum

1978 5015 2126 5063 tuum
2156 5023 2243 5062 me
2278 5006 2620 5075 imposueris,
2655 5004 2724 5059 de
2755 5014 2897 5060 terra
2916 5005 3154 5073 inopem,
3198 5019 3486 5074 pauperem
3511 5004 3582 5058 de

1981 5107 2216 5154 stercore
2245 5093 2526 5150 suscitabis
2556 5093 2737 5163 (Psat.
2777 5097 2928 5159 cxu).
2963 5091 3040 5144 Tu
3067 5106 3131 5144 es
3159 5091 3300 5145 enim
3329 5091 3418 5161 qui
3450 5106 3577 5160 pec-

1983 5196 2108 5244 cata
2134 5192 2318 5240 nostra
2348 5182 2625 5255 pertulisti,
2659 5181 2746 5252 qui
2776 5194 2878 5248 pro
2908 5177 3065 5232 nobis
3094 5194 3212 5248 quas
3242 5193 3350 5233 non
3379 5194 3572 5247 rapue-

1985 5292 2072 5330 ras
2089 5273 2366 5331 exsolvisti
2391 5272 2445 5340 (I
2466 5273 2618 5327 Petr.
2641 5269 2727 5337 Il).
2751 5268 2809 5324 Si
2829 5265 2881 5321 in
2903 5265 3172 5321 stabulum
3214 5281 3302 5320 me
3325 5265 3584 5322 Ecclesiae

1987 5373 2091 5421 tute
2119 5362 2357 5427 duxeris,
2384 5359 2628 5431 corporis
2660 5365 2712 5413 et
2738 5353 3020 5427 sanguinis
3068 5353 3145 5408 tui
3177 5369 3262 5408 me
3289 5354 3584 5413 refectione

1989 5453 2216 5512 cibabis.
2248 5450 2307 5507 Si
2335 5464 2519 5507 curam
2547 5447 2652 5502 mei
2683 5446 2888 5520 egeris,
2919 5459 3020 5500 nec
3031 5449 3304 5514 precepta
3331 5452 3424 5500 tua
3450 5461 3592 5516 pra;-

1994 5554 2166 5612 tereo,
2213 5555 2315 5597 nec
2360 5535 2710 5594 frementium
2758 5533 2970 5591 rabiem
3014 5531 3308 5590 bestiarum
3339 5532 3580 5592 incurro.

295 5675 382 5750 (a)
431 5669 610 5731 Gilot.
642 5677 696 5730 et
721 5670 897 5731 Vatia.
932 5674 1000 5735 tu
1021 5688 1115 5732 me
1141 5673 1212 5732 ab
1237 5671 1397 5731 omni
1435 5673 1610 5747 malo,
1637 5673 1884 5746 auxilio,
1921 5678 2028 5732 etc.
