4034 6166
467 312 569 369 583

1671 294 1917 362 SANC’I‘I
1963 284 2306 360 causam
2332 288 2557 358 MAGNl

3646 300 3737 368 58$

468 433 721 492 Custodia
751 428 895 487 enim
924 438 1011 487 tua
1060 419 1304 504 indigeo,
1360 429 1599 503 quandiu
1656 444 1873 486 carnem
1922 429 2064 483 hanc
2094 426 2147 486 A
2180 443 2284 499 que
2359 428 2493 482 dum
2543 425 2793 497 quadam
2846 415 2990 482 male
3027 433 3181 497 gesta
3213 426 3525 497 plangimus,
3554 430 3664 500 ipsa
3689 434 3738 488 vi
3768 416 3775 421 ’

465 521 865 592 corruptibilem
897 528 1072 591 porto.
1105 520 1244 575 Audi
1273 534 1404 592 ergo
1420 534 1531 587 me,
1553 518 1913 584 Samaritane,
1944 532 2066 588 apo-

462 613 650 668 liatum
680 618 733 666 et
782 609 1146 674 vulneratum,
1177 607 1398 663 flentem
1447 614 1500 663 et
1527 614 1860 679 gementem,
1896 604 2061 659 invo-

468 704 704 765 cantem,
748 706 953 754 etcum
1002 695 1181 751 David
1227 696 1587 752 clamantem:
1641 695 1899 751 Miserere
1926 694 2063 761 mei,

467 791 636 853 Deus,
666 784 978 843 secundum
1006 801 1277 856 magnam
1308 783 1751 839 misericordiam
1782 786 1963 837 tuam.

540 878 717 946 (Vers.
746 874 916 946 2).E’t
943 872 1254 929 secundum
1273 872 1707 929 multitudinem
1741 869 2065 926 miseratio-

466 981 608 1022 num
633 969 885 1031 tuarum,
917 963 1045 1018 dele
1071 962 1436 1033 iniquitatem
1464 976 1672 1016 meam.

541 1054 593 1107 2.
628 1052 863 1106 Peccata
893 1064 1011 1103 mea
1042 1064 1243 1118 magna
1271 1055 1397 1102 sunt
1435 1054 1486 1102 et
1506 1047 1696 1115 multa,
1727 1054 1781 1099 ct
1804 1044 1929 1099 ideo
1958 1059 2068 1099 non

462 1140 643 1197 solum
700 1152 958 1209 magnam
1016 1135 1447 1192 misericordiam
1502 1142 1728 1205 expeto,
1756 1133 1859 1189 sed
1905 1132 2068 1187 etiam

473 1226 873 1285 multitudinem
905 1223 1318 1280 miserationum
1355 1231 1566 1278 tuarum
1596 1222 1834 1294 requiro,
1866 1236 1935 1276 ne
1966 1235 2070 1291 pro

474 1316 597 1373 aliis
627 1314 770 1387 quod
800 1320 982 1368 metuo
1010 1311 1233 1367 subeam
1254 1310 1596 1381 supplicium,
1628 1310 1671 1364 si
1702 1325 1865 1364 unum
1896 1308 2070 1363 solum

470 1421 580 1460 non
602 1404 809 1459 deleret
828 1409 1129 1473 peccatum.
1171 1400 1274 1454 Per
1287 1398 1734 1463 misericordiam,
1766 1396 2074 1451 miserentis

467 1492 721 1550 affectum
750 1489 1131 1560 intelligimus;
1162 1503 1261 1558 per
1278 1487 1690 1543 miserationem
1719 1501 1871 1553 vero,
1895 1484 2071 1555 ipsam

2175 514 2553 572 amaritudinis
2581 515 2648 570 ad
2677 514 3047 570 discutiendos
3076 530 3177 570 nos
3207 514 3443 581 excitati,
3474 517 3574 572 alio
3602 518 3651 573 iu
3678 535 3739 575 no

2173 604 2260 659 bis
2313 603 2628 676 plangenda
2677 602 2998 659 invenimus.
3023 602 3158 670 Quae
3187 602 3422 657 admissa
3450 619 3512 660 eo
3556 603 3742 662 facilius

2175 692 2436 749 oblivioni
2464 692 2747 757 tradimus,
2781 708 2888 763 quo
2917 706 2981 747 ea
3029 691 3117 747 vel
3148 691 3295 746 nulla
3324 692 3409 745 vel
3436 691 3570 749 levia
3598 702 3744 764 puta-

2174 798 2316 837 mus.
2365 781 2473 838 Sed
2521 796 2867 838 succrescens
2912 780 3215 836 amaritudo
3259 780 3601 850 pmnitentiae,
3653 799 3749 839 non

2175 869 2349 925 solum
2406 870 2619 940 majora
2670 876 2895 938 peccata
2951 868 3107 925 cordi
3162 875 3343 924 nostro
3387 869 3635 941 congerit,
3666 872 3749 926 sed

2176 958 2340 1013 etiam
2370 956 2599 1012 minima
2646 972 2880 1029 quaeque
2908 958 2975 1012 ad
3007 955 3342 1012 memoriam,
3373 957 3593 1012 reducit.
3629 958 3749 1027 Quae

2176 1046 2359 1102 omnia
2399 1053 2546 1102 tanto
2594 1044 2916 1100 obstinatius
2954 1046 3365 1117 prosequimur,
3396 1055 3587 1115 quanto
3607 1061 3750 1101 omne

2178 1134 2398 1191 malitias
2422 1149 2651 1206 germen
2670 1132 2987 1205 vigilantius
3008 1132 3305 1204 exstirpare
3328 1134 3398 1188 de
3429 1133 3587 1189 corde
3614 1150 3750 1190 cona-

2177 1238 2316 1277 mur.
2350 1222 2585 1278 Lavatur
2612 1236 2746 1294 ergo
2778 1221 3032 1292 amplius,
3072 1222 3158 1278 cui
3189 1238 3299 1277 non
3341 1222 3512 1277 solum
3543 1223 3677 1293 quod
3705 1224 3753 1276 in

2178 1327 2235 1364 se
2269 1311 2426 1380 punit
2482 1318 2765 1380 peccatum
2814 1310 3117 1374 dimittitur,
3167 1310 3263 1365 sed
3310 1310 3473 1365 etiam
3503 1309 3605 1364 alia
3642 1325 3749 1379 qua:

2179 1398 2481 1453 obduxerat
2552 1398 2776 1466 oblivio,
2852 1398 3205 1454 nihilominus
3271 1397 3514 1453 delenter
3565 1399 3754 1470 Aquae,

2181 1486 2378 1556 quibus
2408 1485 2629 1541 diluitur
2669 1487 2947 1557 iniquitas,
2980 1486 3123 1542 dona
3170 1494 3294 1542 sunt
3322 1487 3490 1543 sancti
3522 1485 3758 1556 Spiritus,

469 1579 859 1637 misericordiae
922 1576 1317 1632 exhibitionem
1377 1575 1681 1648 signemus,
1726 1575 1881 1644 juxta
1927 1572 2076 1644 quod
2181 1591 2300 1645 quae
2330 1574 2481 1646 quasi
2525 1583 2737 1630 torrens
2780 1574 2849 1630 de
2878 1576 3129 1646 supernis
3171 1574 3463 1641 venientia,
3497 1574 3626 1629 sicut
3652 1574 3759 1630 ele-

468 1670 725 1740 scriptum
743 1671 825 1722 est
837 1681 863 1742 .:
884 1665 1206 1721 Misericors
1220 1668 1276 1720 et
1291 1666 1593 1720 miserator
1612 1663 1879 1719 Dominus
1896 1661 2068 1731 (Psal.

2181 1672 2383 1718 ctorum
2416 1663 2581 1719 corda
2627 1671 2684 1718 ut
2720 1663 3028 1736 germinent
3067 1662 3310 1736 irrigant,
3357 1663 3486 1717 itam
3516 1663 3668 1717 etiam
3698 1663 3761 1718 ab

466 1775 564 1825 cx,
592 1754 1023 1826 4).Superﬂuum
1053 1754 1195 1809 enim
1225 1761 1367 1809 esset
1394 1761 1679 1823 utrumque
1707 1766 1927 1822 ponere,
1969 1749 2071 1803 nisi
2097 1772 2152 1833 Β
2183 1752 2328 1806 omni
2360 1751 2766 1822 inquinamento
2795 1751 2974 1807 carnis
3002 1759 3066 1821 et
3094 1752 3315 1823 spiritus
3347 1751 3659 1806 emundant.
3688 1751 3761 1805 De

479 1855 625 1903 esset
653 1845 884 1899 varietas
910 1843 966 1897 in
1013 1841 1428 1914 signiﬁcatione.
1463 1841 1615 1897 Scire
1646 1839 1908 1894 debemus
1937 1838 2068 1907 quia

470 1949 631 1991 nemo
656 1940 739 1989 est
767 1930 1125 1986 insanabilior
1143 1945 1208 1985 eo
1239 1931 1328 2000 qui
1349 1929 1451 1985 sibi
1490 1945 1653 1984 sanus
1673 1928 1904 1984 videtur.
1926 1926 2065 1981 Illud

475 2022 619 2077 enim
650 2028 734 2076 est
762 2018 970 2075 clarum
1000 2026 1240 2073 venturae
1271 2018 1461 2073 salutis
1490 2017 1775 2085 indicium,
1805 2014 1851 2070 si
1881 2014 2068 2085 incipit

469 2110 635 2165 homo
686 2122 1018 2179 cognoscere
1072 2106 1446 2176 semetipsum.
1498 2104 1855 2175 Semelipsum
1886 2110 2064 2157 autem

466 2197 641 2254 David
655 2194 1041 2267 cognoscebat,
1083 2196 1249 2263 495
1273 2209 1396 2250 cum
1418 2193 1813 2248 multitudinem
1840 2192 2064 2245 misera-

466 2287 672 2343 tionum
729 2282 1026 2353 quaerebat.
1086 2283 1243 2337 Dicat
1265 2291 1317 2337 et
1362 2289 1618 2351 peccator
1655 2296 1778 2336 cum
1808 2294 1913 2335 eo:
1952 2278 2061 2334 Se-

468 2375 722 2432 cundum
746 2370 1185 2428 multitudinem
1210 2370 1639 2426 miserationum
1672 2374 1926 2434 tuarum,
1944 2367 2065 2422 dele

462 2465 833 2536 iniquitatem
843 2458 1353 2514 meamlmmensas
1366 2457 1852 2513 etinnumerabiles
1864 2455 2067 2510 mundo

468 2548 759 2607 exhibuisti
790 2545 1214 2612 misericordias,
1240 2545 1458 2614 quando
1491 2561 1664 2616 genus
1686 2545 1977 2599 humanum
1999 2544 2067 2598 de

469 2638 725 2694 servitute
754 2633 1039 2689 diabolicae
1070 2633 1367 2704 tyrannidis
1397 2632 1659 2704 eripuisti,
1691 2641 1742 2689 et
1772 2649 1804 2688 a
1833 2631 2069 2703 peccatis

470 2727 588 2782 suis
617 2724 671 2778 in
700 2721 965 2795 sanguine
998 2729 1089 2777 tuo
1119 2721 1319 2777 electos
1350 2729 1468 2777 tuos
1508 2721 1707 2775 lavisti.
1741 2721 1906 2776 Lavet
1934 2735 2065 2775 san-

468 2813 593 2888 guis
619 2813 721 2867 iste
774 2816 1121 2881 peccatorum
1161 2826 1407 2866 meorum
1456 2809 1716 2877 maculas,
1769 2809 1859 2881 qui
1905 2809 2070 2863 totius

472 2901 660 2959 mundi
690 2900 862 2972 potuit
891 2898 1072 2954 delere
1102 2897 1333 2954 offensas
1364 2898 1555 2969 (Apoc.
1588 2899 1663 2967 v).
1696 2899 1818 2953 Non
1847 2897 2067 2967 postulo

466 3008 499 3047 a
527 2998 579 3046 te
608 3004 817 3053 aurum,
852 3002 961 3041 non
988 2986 1198 3057 lapides
1238 2987 1523 3056 pretiosos,
1552 3001 1662 3042 non
1712 2986 1989 3040 laboribus
2017 2992 2067 3040 et

466 3077 767 3147 naufragiis
794 3075 1060 3147 exquisita
1081 3076 1425 3142 commercia,
1458 3090 1567 3129 non
1587 3074 1906 3145 peregrinas
1925 3089 2065 3127 mer-

465 3182 560 3225 ces
605 3167 672 3221 de
717 3164 938 3220 remotis
974 3171 1311 3218 terrenarum
1341 3163 1627 3235 regionum
1675 3163 1847 3217 multo
1876 3162 1947 3217 ad
1970 3177 2071 3216 nos

466 3254 776 3311 discrimine
804 3251 1030 3320 delatas,
1064 3268 1185 3321 quas
1206 3259 1259 3306 et
1283 3267 1370 3306 am
1392 3251 1617 3306 fortium
1661 3266 1806 3320 saepe
1828 3250 2067 3305 virorum

466 3351 672 3399 mentes
717 3339 1050 3406 effeminant,
1083 3346 1137 3396 et
1180 3340 1333 3394 falsa“:
1382 3339 1799 3410 pulchritudinis
1828 3338 2068 3409 imagine

466 3433 675 3488 illectas
703 3429 1014 3500 captivam;
1047 3443 1234 3482 verum
1263 3427 1406 3497 quod
1437 3427 1690 3482 omnibus
1720 3426 1801 3481 his
1830 3434 1909 3482 est
1940 3442 2070 3496 pras-

470 3519 697 3574 stantius
726 3525 778 3572 et
816 3515 1123 3586 pretiosus:
1172 3514 1546 3569 remissionem
1592 3522 1937 3586 peccatorum
1965 3529 2065 3569 ex-

466 3615 615 3684 peto.
649 3604 782 3673 Quae
823 3611 949 3658 tunc
977 3618 1105 3658 vera
1134 3618 1256 3658 esse
1301 3603 1637 3674 probabitur.
1660 3603 1705 3658 si
1734 3602 1918 3658 addito
1949 3601 2065 3656 fru-

463 3703 555 3753 ctu
600 3691 950 3765 pmnitentias,
1001 3691 1195 3764 gratiae
1241 3698 1345 3748 tua;
1372 3691 1692 3748 muneribus
1734 3690 2061 3747 cumulatur.

460 3784 603 3854 Quid
623 3782 769 3839 enim
787 3780 922 3835 mihi
943 3780 1166 3850 prodest
1186 3779 1453 3835 malorum
1475 3796 1594 3851 quae
1620 3779 1729 3836 feci
1746 3778 2061 3862 impunitas,

459 3873 560 3929 nisi
592 3872 751 3927 etiam
783 3869 917 3924 bene
946 3867 1206 3939 operandi
1234 3868 1598 3940 subsequatur
1626 3868 1852 3925 facultas
1874 3870 1903 3922 εἰ

525 3961 711 4034 (Vers.
751 3957 826 4027 3).
856 3957 1117 4029 Amplius
1147 3958 1273 4013 lava
1289 3973 1378 4014 me
1407 3957 1474 4013 ab
1487 3956 1796 4030 iniquitate
1826 3972 1973 4025 mea,
2007 3961 2064 4014 et

459 4069 495 4108 a
521 4051 751 4125 peccata
785 4062 907 4103 meo
938 4046 1155 4103 munda
1186 4061 1293 4101 me.

530 4142 581 4193 3.
615 4135 757 4207 Quid
805 4134 1037 4205 iniquius
1065 4148 1228 4204 quam
1276 4134 1510 4190 alienam
1555 4140 1895 4191 contrectare
1922 4149 2062 4190 uxo-

456 4244 572 4285 rem
593 4227 621 4279 ‘?
650 4224 836 4280 Virum
865 4222 983 4292 ejus
1009 4238 1111 4278 nec
1139 4224 1402 4279 scientem
1424 4237 1528 4278 nec
1555 4223 1941 4293 lacrymantem
1972 4237 2062 4279 oc-

456 4316 639 4374 cidere
658 4315 686 4368 ?
714 4314 784 4368 Et
812 4312 915 4367 hoc
942 4310 1158 4382 quidem
1192 4310 1679 4382 feceratPropheta
1703 4310 1770 4364 de
1801 4309 2063 4383 gregibus

457 4404 641 4461 ovium
670 4400 937 4464 sublatus,
965 4399 1032 4453 de
1060 4406 1187 4468 post
1226 4397 1455 4453 fetantes
1487 4399 1556 4454 ad
1586 4398 1742 4470 regni
1774 4398 2058 4470 guberna-

456 4491 579 4548 cula
606 4494 938 4557 assumptus,
980 4486 1220 4557 corporis
1250 4486 1562 4542 fortitudine
1590 4486 1868 4557 praeditus,
1901 4486 2064 4558 spiri-

456 4579 581 4635 talis
608 4576 799 4649 gratim
835 4574 992 4629 donis
1018 4573 1377 4630 illuminatus.
1411 4573 1514 4642 Qui
1546 4582 1693 4630 tanto
1722 4573 1945 4645 gravius
1972 4589 2062 4631 αθ-

459 4667 691 4729 ciderat,
722 4671 923 4735 quanto
952 4662 1149 4719 celsius
1180 4670 1234 4717 et
1268 4662 1423 4735 regni
1454 4662 1626 4734 gloria
1655 4670 1708 4718 et
1736 4662 2060 4718 excellentia

460 4753 719 4811 virtutum
759 4750 965 4806 ceteris
992 4749 1374 4820 praeminebat.
1415 4748 1622 4805 Gloriae
1652 4765 1887 4819 namque
1915 4766 2063 4821 prm-

458 4841 697 4898 cedentis
724 4839 1079 4911 praeconium,
1103 4838 1380 4909 sequentis
1395 4837 1570 4908 culpae
1591 4837 1816 4893 adauxit
1830 4845 2057 4892 reatum.

455 4929 629 4986 Tanto
673 4927 817 4984 enim
875 4927 1109 5000 quisque
1137 4926 1361 4999 gravius
1398 4926 1619 4992 corruit,
1652 4924 1875 4999 quando
1904 4934 2061 4981 ante-

455 5032 619 5090 quam
646 5016 888 5083 caderet,
919 5015 974 5069 in
1000 5022 1297 5088 conspectu
1313 5015 1412 5070 Dei
1435 5014 1595 5070 altius
1615 5013 1882 5070 ascendit.
1904 5013 2064 5070 Dicat

442 5121 606 5178 ergo:
639 5104 900 5177 Amplius
922 5104 1148 5159 lavame
1163 5103 1232 5159 ab
1258 5103 1566 5175 iniquitate
1584 5118 1730 5159 mea.
1747 5101 1931 5157 Prodit
1963 5101 2060 5156 mi.

441 5194 518 5261 hi,
551 5194 803 5262 Domine,
835 5191 981 5263 quod
1015 5191 1189 5248 cecidi
1217 5209 1230 5245 :
1264 5192 1513 5246 laventur
1558 5206 1681 5246 eum
1710 5190 1815 5246 hac
1847 5189 2061 5246 macula

444 5291 587 5339 notas
615 5282 956 5347 delictorum,
981 5296 1115 5350 quas
1141 5280 1398 5335 hactenus
1427 5279 1671 5352 neglexi.
1706 5278 1870 5350 Saepe
1898 5293 2057 5334 nam-

482 5470 495 5483 .
521 5402 599 5473 (a)
617 5400 886 5483 Suspicor
900 5400 1198 5483 legendum
1200 5443 1217 5483 ,
1244 5416 1413 5483 quam
1428 5400 1655 5483 district
1662 5416 1746 5470 us,
1759 5400 1909 5483 quod
1923 5415 2057 5456 cen-

458 5472 562 5529 ties
576 5472 725 5544 apud
746 5472 1079 5546 Gregorium
1094 5472 1307 5546 legitur,
1323 5480 1377 5530 et
1391 5472 1652 5531 huicloco
1669 5472 1905 5529 maxime
1917 5486 2055 5529 con-

2091 4531 2148 4594 Ι)

2180 1841 2283 1895 hoc
2312 1840 2514 1912 quippe
2527 1845 2761 1896 torrente
2790 1839 3056 1911 scriptum
3073 1848 3184 1895 est:
3220 1841 3505 1896 Fluminis
3532 1842 3762 1912 impetus

2182 1929 2435 1996 laetiﬁcat
2453 1929 2743 1985 civitatem
2759 1929 3045 2001 Dei(Psal.
3062 1930 3350 1999 xav,5).Et
3363 1946 3397 1983 a
3410 1932 3636 2000 peccato
3651 1942 3760 1983 meo

2177 2016 2395 2072 munda
2414 2032 2523 2073 me.
2548 2016 2819 2087 lniquavit
2838 2033 2923 2071 me
2957 2017 3252 2073 facinorum
3283 2017 3566 2085 colluvies,
3589 2015 3765 2086 polluit

2177 2106 2388 2176 peccati
2443 2105 2776 2177 contagium,
2835 2104 2932 2159 sed
2960 2121 2991 2159 a
3018 2104 3226 2159 fontem
3273 2103 3535 2175 confugio
3563 2102 3764 2158 miseri-

2174 2193 2498 2249 cordiarum.
2534 2195 2728 2249 Potens
2755 2209 2815 2248 es
2838 2209 2927 2248 me
2955 2200 3009 2248 et
3038 2193 3106 2247 ab
3148 2193 3435 2263 iniquitate
3463 2192 3701 2257 abluere,
3719 2199 3767 2244 et

2175 2297 2206 2335 a
2225 2291 2448 2351 peccato
2468 2281 2746 2336 mundare.
2764 2282 2960 2352 Inique
2984 2281 3073 2352 egi
3087 2282 3437 2337 innocentem
3452 2280 3765 2349 Opprimens,

2180 2376 2460 2439 peccatum
2508 2369 2609 2426 feci
2641 2370 2771 2424 mihi
2821 2369 2929 2440 ipsi
2960 2385 3070 2425 non
3101 2385 3359 2441 parcens.
3394 2367 3610 2424 Sciebat
3637 2366 3767 2422 enim

2173 2460 2443 2528 propheta
2456 2459 2580 2529 quia
2602 2459 2907 2530 quicunque
2931 2458 3151 2513 molitur
3181 2458 3383 2513 laedere
3414 2457 3601 2525 alium,
3632 2455 3771 2527 prius

2175 2547 2394 2617 proprio
2432 2546 2614 2614 jaculo
2642 2548 2873 2617 percutit
2919 2549 3292 2617 semetipsum.
3337 2545 3483 2614 Quid
3512 2543 3774 2601 crudelius

2176 2649 2341 2704 quam
2371 2634 2997 2705 semetipsumoccidere
3016 2634 3043 2688 ?
3075 2636 3131 2691 Si
3151 2650 3214 2690 os
3237 2634 3553 2690 mentientis
3580 2632 3776 2688 occidit

2176 2723 2438 2792 animam,
2470 2731 2671 2793 quanto
2695 2722 2869 2794 magis
2890 2723 3107 2794 gladius
3133 2723 3376 2778 ferientis
3397 2722 3685 2793 exstinguit
3703 2721 3774 2775 vi-

2174 2818 2286 2866 tam
2307 2810 2336 2865 Ῥ
2366 2810 2519 2867 Unde
2546 2812 2805 2883 scripturn
2836 2819 2944 2866 est:
2974 2812 3255 2868 Miserere
3268 2814 3484 2867 animas
3501 2816 3631 2877 tum,
3651 2808 3773 2881 pla-

2176 2916 2308 2956 cens
2339 2900 2446 2956 Deo
2496 2900 2689 2969 (Eccli.
2725 2916 2857 2968 xxx,
2891 2902 3009 2965 24).
3043 2901 3113 2954 Et
3142 2901 3343 2955 iterum
3372 2918 3385 2954 :
3413 2900 3520 2967 Qui
3544 2899 3649 2954 sibi
3674 2913 3770 2951 ne—

2175 3006 2343 3060 quam
2374 2992 2481 3055 est,
2512 2991 2611 3045 cui
2641 2988 2817 3045 bonus
2852 2990 2962 3044 erit
2999 2993 3021 3044 .9
3068 2988 3270 3057 (Eccli.
3302 3005 3423 3054 xxv,
3457 2989 3537 3057 5.)

2243 3080 2420 3148 (Vers.
2449 3078 2523 3145 4).
2552 3078 2828 3143 Quoniam
2845 3077 3213 3147 iniquitatem
3233 3091 3421 3133 meam
3438 3092 3537 3147 ego
3565 3090 3777 3147 cognos-

2178 3178 2259 3234 co,
2292 3168 2346 3221 et
2374 3171 2671 3237 peceatum
2710 3181 2900 3221 meum
2929 3168 3132 3221 contra
3156 3181 3246 3221 me
3278 3169 3367 3221 est
3405 3179 3643 3237 semper.

2257 3255 2425 3323 496
2459 3256 2511 3307 4.
2571 3252 2733 3323 Quasi
2783 3254 3021 3309 diceret:
3088 3253 3215 3308 Scio
3279 3269 3443 3325 quem
3497 3254 3765 3308 invocem.

2164 3343 2375 3396 Iustum
2406 3342 2620 3410 invoco,
2653 3342 2744 3413 qui
2775 3351 2828 3397 et
2846 3350 3072 3412 peccata
3112 3342 3240 3398 odio
3273 3343 3464 3407 habet,
3484 3351 3538 3398 et
3568 3340 3665 3397 ista
3694 3340 3781 3394 im-

2163 3430 2356 3501 punita
2384 3446 2492 3487 non
2512 3430 2747 3485 dimittit.
2774 3431 2927 3486 Sicut
2954 3430 3075 3500 ejus
3092 3430 3538 3487 misericordiam
3569 3433 3783 3501 expeto,

2165 3519 2238 3572 ita
2285 3518 2445 3574 etiam
2483 3518 2747 3588 justitiam
2778 3518 2957 3588 ipsius
3029 3519 3273 3575 attendo.
3308 3518 3437 3575 Non
3469 3519 3548 3574 sic
3576 3518 3781 3590 postulo

2165 3605 2593 3661 misericordiam
2615 3607 2885 3677 accipere,
2908 3614 2965 3661 ut
2980 3607 3145 3662 velim
3168 3607 3236 3661 ab
3261 3622 3329 3664 eo
3346 3608 3612 3678 justitiam
3629 3620 3779 3661 suam

2165 3695 2405 3749 auferre.
2438 3693 2578 3749 Nolo
2606 3702 2666 3749 ut
2694 3702 2982 3765 peccatum
3010 3710 3193 3750 meum
3214 3703 3503 3752 remaneat
3530 3696 3765 3767 impuni-

2163 3789 2295 3838 tum.
2337 3782 2427 3839 Sic
2471 3783 2838 3839 misericordia
2883 3791 2964 3839 est
3017 3792 3075 3838 ut
3131 3785 3345 3855 peccati
3375 3785 3625 3856 ignoscat
3655 3803 3668 3847 ;
3700 3784 3771 3838 sic

2159 3872 2369 3943 justitia
2397 3878 2477 3926 est
2504 3879 2562 3926 ut
2591 3879 2875 3942 peccatum
2898 3871 3217 3942 impunitum
3240 3888 3354 3928 non
3383 3880 3646 3929 transeat.
3672 3871 3775 3927 Sed

2165 3960 2292 4029 quia
2345 3968 2630 4031 peccatum
2660 3975 2841 4016 meum
2899 3976 3004 4033 ego
3056 3962 3175 4031 ipse
3231 3976 3440 4032 paveo,
3489 3962 3617 4018 ideo
3646 3967 3700 4016 ut
3733 3968 3780 4014 tu

2166 4064 2255 4104 me
2286 4063 2392 4103 non
2425 4048 2620 4120 punias
2651 4056 2759 4103 tam
2789 4050 3158 4118 vehementer,
3202 4064 3397 4105 exoro.
3434 4050 3564 4104 Ideo
3594 4062 3782 4120 agnos-

2176 4151 2266 4203 co,
2298 4143 2355 4191 ut
2383 4143 2440 4190 tu
2469 4136 2747 4208 ignoscas.
2777 4137 2922 4206 Ergo
2952 4136 3207 4192 miserere
3232 4139 3366 4203 mei,
3388 4136 3533 4204 lava,
3569 4134 3780 4202 munda,

2169 4222 2449 4288 Quoniam
2462 4225 2827 4297 iniquitatem
2839 4240 3023 4281 meam
3037 4240 3133 4297 ego
3149 4230 3486 4297 agnoscowt
3495 4228 3782 4297 peccatum

2166 4328 2357 4368 meum
2369 4316 2571 4368 contra
2581 4328 2670 4368 me
2682 4317 2764 4369 est
2778 4328 3022 4384 semper.
3045 4314 3164 4368 Non
3182 4314 3343 4383 posui
3371 4329 3546 4385 super
3571 4312 3784 4368 dorsum

2172 4400 2318 4472 quod
2347 4400 2612 4466 feci,_non
2642 4400 2854 4457 intueor
2880 4401 3016 4457 alios
3038 4400 3235 4456 oblitus
3264 4403 3402 4456 mei.
3438 4403 3563 4458 Non
3594 4399 3778 4455 affecto

2170 4488 2244 4544 de
2291 4488 2450 4544 oculo
2480 4487 2656 4542 fratris
2685 4488 2953 4544 festucam
2981 4489 3198 4558 ejicere,
3232 4498 3289 4545 et
3328 4490 3547 4545 trabem
3579 4504 3697 4560 quae
3730 4487 3782 4540 in

2170 4575 2330 4632 oculo
2359 4590 2481 4630 meo
2525 4582 2624 4643 est,
2656 4592 2765 4631 non
2804 4575 3173 4631 considerare.
3227 4578 3552 4633 Peccatum
3597 4590 3780 4631 meum

2169 4667 2369 4720 contra
2388 4678 2478 4719 me
2499 4667 2585 4719 est
2604 4679 2841 4734 semper.
2876 4662 3196 4737 Quicunque
3225 4664 3667 4721 misericordiam
3689 4659 3780 4717 Dei

2168 4750 2413 4806 invenire
2443 4750 2735 4819 desiderat,
2769 4766 2990 4807 necesse
3015 4759 3099 4807 est
3118 4758 3176 4806 ut
3197 4750 3319 4821 jam
3352 4753 3609 4826 gravitur
3648 4765 3779 4820 pec-

2168 4847 2291 4896 cata
2320 4847 2605 4912 agnoscat,
2636 4839 2830 4910 punias
2850 4839 3039 4912 culpas
3064 4838 3307 4908 ﬂetibus,
3332 4841 3538 4897 faciem
3570 4836 3780 4895 Domini

2167 4926 2223 4982 in
2252 4926 2592 4984 confessione
2634 4928 2950 4999 praeveniat,
3000 4935 3167 4998 ponat
3206 4936 3338 4984 ante
3368 4930 3557 4985 cordis
3599 4927 3780 4984 oculos

2168 5024 2221 5071 et
2251 5016 2439 5087 culpas
2464 5015 2664 5085 operis,
2714 5024 2767 5071 et
2793 5015 2995 5072 ultimas
3041 5025 3301 5072 terrorem
3332 5016 3779 5073 animadversio-

2168 5103 2287 5166 nis;
2321 5110 2513 5174 penset
2534 5103 2613 5173 (a)
2640 5119 2801 5176 quam
2821 5104 3081 5160 discretus
3097 5104 3271 5174 judex
3303 5106 3515 5174 veniat,
3550 5104 3645 5178 qui
3661 5104 3779 5158 ideo

2165 5199 2481 5261 peccatores
2508 5191 2756 5261 sustinet,
2804 5199 2863 5247 ut
2893 5193 2975 5248 eis
3017 5192 3295 5248 conversis
3328 5193 3515 5247 minus
3544 5191 3776 5247 inveniat

2167 5280 2312 5352 quod
2343 5280 2691 5337 condemnet.
2719 5280 2994 5336 Ascendet
3023 5280 3257 5335 tribunal
3286 5281 3497 5337 mentis
3511 5296 3627 5337 sua:
3655 5295 3776 5335 con-

2163 5404 2332 5477 venit,
2372 5404 2467 5462 ubi
2494 5406 2565 5463 de
2590 5404 2876 5464 severitate
2902 5403 3097 5462 summi
3119 5402 3326 5474 judicia
3354 5404 3563 5481 agitur.
