4034 6166
567 307 669 362 537
1760 280 2009 340 SANCTI
2048 278 2160 336 GR]

2228 275 2389 334 'rORIl
2430 271 2653 330 MAGNI
3731 273 3821 327 588

567 446 683 485 rem
715 424 903 480 mundi
931 428 988 477 ut
1014 424 1239 491 peccata
1267 415 1494 481 tolleret,
1526 412 1764 466 futurum
1808 406 2158 480 praeviderat,
2190 403 2247 463 Α
2275 401 2508 470 hyssopo
2538 396 2632 452 ille
2660 394 3005 451 solummodo
3033 395 3199 466 499
3217 394 3534 468 aspergitur,
3587 398 3671 466 qui
3722 398 3824 456 νὴ,

570 520 638 574 de
667 483 1377 588 peccatorumdudulgentia
1406 517 1515 557 non
1546 495 2167 588 dubitabat._Nonigno-
2274 484 3124 587 Dominicmpassionisimitatur.
3142 483 3514 542 Sanctiﬁcatur
3531 500 3825 560 veroasper-

569 572 722 663 rabat
750 620 888 675 opus
917 572 1221 670 sapientia;
1236 593 1334 650 Dei
1354 608 1388 648 a
1409 590 1623 646 saeculis
1641 585 2042 675 absconditum,
2062 597 2166 636 an-
2272 594 2381 645 sus,
2403 576 2539 633 sicut
2565 590 2662 644 per
2679 573 2903 630 Paulum
2919 572 3117 629 dicitur
3137 591 3150 627 :
3180 573 3246 628 Si
3261 574 3413 631 enim
3427 577 3650 649 sanguis
3670 579 3827 635 hirco-

573 706 621 752 te
653 661 834 750 omnia
865 661 1113 760 tempora
1127 683 1471 754 dispositum,
1486 677 1783 735 exhibitum
1806 675 1861 728 in
1873 672 1979 728 ﬁne
1993 686 2168 727 saecu-
2271 682 2401 723 rum
2418 668 2474 721 et
2486 665 2870 760 taurorum,et
2882 661 3031 718 cinis
3043 661 3242 718 vltulw
3252 677 3512 735 aspersus
3524 665 3826 737 inquinatos

570 750 771 841 lorum.
796 779 897 835 Dei
918 750 1153 847 namque
1174 750 1442 841 sapientia
1462 766 1629 821 Filius
1669 763 1767 818 Dei
1788 768 1891 830 est,
1950 760 2020 814 de
2059 774 2167 829 quo
2274 753 2603 847 sanctiﬁcat
2634 752 2706 847 ad
2740 750 3197 807 emundationem
3226 751 3828 825 camis,quantomagis

570 838 829 940 scriptum
852 875 930 922 est
953 882 965 921 :
990 838 1277 921 Christum
1298 858 1404 913 Dei
1426 857 1716 919 virtutem,
1741 855 1797 908 et
1818 850 1913 906 Dei
1932 848 2167 919 sapien-
2272 842 2503 940 sanguis
2518 839 2750 940 Christi,
2781 841 2991 912 qutper
3017 838 3295 910 Spiritum
3308 843 3567 897 sanctum
3581 845 3826 917 semetip-

577 927 718 1018 nm};
731 959 783 1029 (1
802 957 921 1013 Cor.
939 971 978 1023 ι,
991 956 1104 1021 24).
1120 953 1242 1021 Ipse
1253 956 1618 1018 estperquem
1630 941 1823 999 omnia
1834 942 1995 1009 facta
2006 940 2164 1003 sunt,
2274 945 2403 1029 sum
2416 927 2621 984 obtulit
2634 928 3071 984 immaculatum
3083 927 3541 996 Deo,emundabit
3564 933 3830 989 conscien-

571 1016 764 1108 etsine
781 1062 883 1119 quo
905 1016 1126 1115 factum
1146 1016 1405 1095 estnihil
1425 1016 1666 1105 (lanna,
1707 1029 1785 1095 3).
1825 1029 1948 1097 Ipse
1993 1032 2073 1080 est
2099 1023 2169 1078 de
2278 1018 2421 1073 tiam
2450 1020 2709 1073 nostram
2750 1016 2818 1072 ab
2842 1016 3096 1086 operibus
3122 1017 3365 1074 mortuis
3398 1019 3469 1074 ad
3509 1022 3832 1079 serviendum

700 1103 964 1209 propheta
983 1129 1142 1185 dicit:
1175 1126 1376 1184 Omnia
1397 1103 1458 1177 in
1476 1119 1760 1193 sapientia
1787 1115 1974 1210 fecisti
1992 1112 2164 1184 (Psal.
2275 1107 2383 1163 Deo
2402 1103 3020 1176 viventi(Hebr.ix,l3)‘l
3036 1103 3314 1175 Sequitur:
3331 1106 3557 1164 Lavabis
3570 1115 3831 1178 me,etsa-

571 1190 821 1294 (intrii):
844 1222 1083 1292 Dignum
1113 1224 1300 1272 autem
1333 1214 1507 1268 fuerat
1536 1190 1594 1265 ut
1619 1223 1715 1279 per
1743 1202 2048 1294 eumtieret
2076 1216 2166 1256 re-
2272 1210 2377 1267 per
2391 1197 2577 1294 uiuens
2596 1193 2923 1294 deutbabor;
2935 1190 3404 1261 Quemadmodum
3417 1209 3604 1266 corpus
3618 1200 3830 1270 aquala-

574 1280 792 1381 "115,310,,
818 1280 1109 1382 pervquem
1140 1305 1282 1359 facta
1308 1302 1486 1356 fuerat
1515 1296 1719 1354 creatio
1752 1313 1764 1357 ;
1799 1302 1853 1349 et
1878 1293 1996 1364 ipse
2024 1300 2169 1347 esset
2275 1281 2766 1354 ratasqualoribus
2779 1280 3121 1351 sordium,ita
3136 1282 3485 1353 gratiasancti
3504 1284 3722 1357 Spiritus
3736 1290 3833 1345 ani-

573 1368 803 1476 largitor
820 1368 1040 1472 ‘gratiae,
1072 1394 1161 1465 qui
1190 1392 1362 1447 fuerat
1402 1387 1654 1445 omnibus
1683 1391 1871 1440 auctor
1924 1388 2157 1436 natura.

2274 1385 2427 1426 mam
2442 1375 2645 1472 purgat
2673 1383 2706 1476 ξ
2725 1368 2952 1476 malcu'lis
2965 1376 3325 1441 peccatorum.
3346 1371 3502 1441 Quod
3518 1384 3643 1430 vero
3657 1376 3757 1432 ait:
3775 1378 3834 1433 Et

575 1457 752 1562 Quzin
783 1457 1164 1544 remissionem
1194 1480 1400 1536 sicutin
1430 1486 1674 1548 tempore
1702 1471 1896 1545 gratiae
1915 1466 2169 1525 conﬁten-
2276 1474 2446 1562 super
2463 1461 2652 1558 niuem
2668 1457 2965 1515 dealbabor
2972 1478 2995 1522 ,-
3007 1458 3243 1515 ostendit
3267 1460 3399 1532 quia
3426 1461 3573 1516 nulla
3614 1465 3836 1534 pulchri-

573 1546 714 1638 tibus
744 1576 947 1643 tribuit,
977 1575 1053 1628 ita
1081 1578 1203 1627 ante
1237 1546 1554 1625 adventum?
1579 1579 1732 1618 suum
1791 1575 1912 1616 eum
1968 1571 2166 1627 exspe-

2276 1548 2408 1603 tudo
2430 1547 2715 1643 quaeinest
2743 1546 2972 1643 corpori,
3006 1547 3147 1603 valet
3173 1548 3361 1604 decori
3417 1553 3613 1608 sanctae
3661 1552 3836 1609 animm

576 1668 850 1726 ctantibus
881 1634 1230 1735 prmrogavit.
1259 1658 1388 1712 Haec.
1416 1662 1540 1709 sunt
1564 1652 1768 1707 incerta
1789 1645 2060 1704 etocculta
2077 1646 2169 1699 di-

2276 1635 2604 1735 compar-ari.
2638 1634 2776 1703 Quid
2808 1650 3046 1735 namque
3066 1636 3119 1691 in
3148 1637 3468 1708 corporibus
3520 1640 3639 1697 nive
3665 1641 3836 1697 candi-

577 1760 718 1814 vinze
744 1723 1111 1825 dispositionis
1140 1746 1386 1811 consilia,
1410 1741 1662 1800 omnibus
1692 1736 1944 1811 gentibus
1958 1732 2169 1825 perDei
2196 1759 2250 1822 Β
2278 1725 2446 1779 dius?
2477 1724 2543 1824 Et
2572 1732 2753 1825 tamen
2894 1723 3011 1779 vias
3038 1724 3315 1794 passionis
3358 1726 3552 1782 Christi
3604 1730 3837 1802 sequitur,

577 1811 897 1919 sapientiam
928 1839 1133 1895 ultimis
1162 1833 1496 1905 temporibus
1540 1828 1796 1886 revelata.
1853 1825 1987 1894 Qua:
2044 1821 2170 1893 quia
2196 1811 2246 1822 ~
2279 1829 2446 1919 δυρθς
2472 1813 2664 1919 nivem,
2685 1811 2988 1868 (Ῐθδωδιυνο
3023 1813 3102 1868 De
3133 1814 3338 1870 “nais
3363 1815 3559 1871 “enim
3606 1818 3840 1890 εετίρίυω

574 1900 749 1992 Dﬁarvid
773 1948 872 2005 per
925 1927 1171 2001 spiritum
1215 1900 1569 1996 cognoverat,
1602 1919 1669 1974 de
1699 1916 1798 1973 Dei
1843 1912 2172 1970 conﬁdenter
2277 1900 2874 2005 aeithali/algebunt
2896 1901 3048 1959 sicut
3066 1902 3150 1959 sol
3171 1903 3231 1957 in
3254 1914 3425 1975 regno
3440 1906 3627 1962 Patris
3666 1922 3839 1964 eorum

573 2020 953 2081 misericordia
1005 2012 1388 2087 praesumebat.
1422 2010 1514 2066 An
1543 2023 1651 2063 non
1680 2004 1934 2061 Ninivitis
1964 2002 2166 2056 incerta

2277 1991 2494 2087 (Da-tta.
2527 1993 2788 2087 xtnLt3).
2821 1988 2956 2058 Quis
2982 2005 3112 2047 vero
3140 1990 3354 2062 ignoret
3380 1993 3549 2048 solem
3579 1994 3694 2050 nive
3719 2008 3836 2052 cau-

571 2121 745 2179 erunt,
768 2109 860 2183 qui
887 2076 1259 2178 paenitentiam
1290 2107 1517 2174 agentes
1572 2110 1735 2183 super
1788 2090 2170 2164 pmdicatione
2276 2076 2543 2135 didiorem
2565 2079 2594 2131 ?
2638 2078 2910 2134 Praeterea
2955 2078 3162 2136 candor
3208 2079 3353 2136 nivis
3401 2081 3648 2153 praeterit,
3696 2083 3839 2140 decor

567 2166 745 2269 Jonas,
774 2166 1075 2254 beesitando
1096 2166 1378 2253 dicebant;
1397 2188 1530 2257 Qui:
1540 2189 1646 2243 scit
1662 2181 1714 2240 si
1734 2184 2099 2240 convertatur
2113 2186 2160 2235 et

1871 2184 2099 2239 πεπτω·
2113 2182 2172 2235 ει
2276 2175 2452 2223 autem
2485 2173 2795 2223 sanctorum
2825 2166 2881 2221 in
2911 2174 3171 2223 mternum
3201 2169 3464 2226 manebit.

571 2293 835 2365 ignoscat
859 2289 1003 2343 Deus
1023 2285 1218 2353 (Jonae.
1239 2294 1319 2347 ut,
1339 2282 1393 2349 9)
1413 2279 1441 2330 ‘l

2352 2273 2523 2365 (Vera.
2542 2275 2618 2365 9).
2648 2272 2886 2331 Auditui
2903 2290 3036 2365 ‘meo
3050 2273 3207 2365 dabis
3218 2276 3492 2350 gaudium
3512 2282 3566 2336 et
3580 2278 3837 2350 laetitiam,

641 2382 818 2453 (Vers.
839 2377 917 2447 8.)
935 2377 1204 2447 Asperges
1218 2385 1307 2425 me
1325 2369 1575 2439 hyssopo,
1595 2367 1651 2419 et
1695 2359 2037 2429 mundabor,
2072 2359 2166 2414 la-
2276 2368 2333 2419 et
2356 2364 2735 2453 exsultabant
2753 2380 2878 2420 ossa
2898 2362 3228 2422 humiliata.

567 2446 721 2528 vobis
738 2483 849 2535 me,
872 2469 928 2521 et
942 2477 1110 2534 super
1134 2458 1321 2515 niuem
1339 2454 1656 2512 dealbabor.
2348 2448 2441 2535 10.
2479 2447 2629 2503 Tunc
2657 2446 2877 2520 quidem
2910 2462 3099 2504 verum
3129 2458 3180 2505 et
3207 2449 3585 2510 inaestimabile
3608 2454 3843 2529 gaudium

644 2563 702 2612 9.
739 2534 1029 2624 Hyasopus
1058 2557 1141 2604 est
1173 2547 1340 2602 herba
1369 2543 1611 2609 humilis,
1637 2557 1774 2598 SJXO
1813 2541 2031 2613 quidem
2060 2538 2164 2594 ad—
2273 2534 2506 2591 habituri
2534 2541 2658 2592 sunt
2686 2536 2877 2606 sancti,
2910 2552 3032 2592 cum
3064 2537 3251 2610 impiis
3278 2547 3479 2597 aeterna
3507 2550 3675 2600 morte
3716 2544 3845 2599 mul-

572 2649 808 2710 haerens,
843 2651 894 2698 et
923 2654 1114 2713 parum
1144 2633 1390 2692 utilitatis
1418 2632 1471 2686 in
1496 2631 1678 2702 seipsa
1696 2631 1781 2685 sui
1812 2630 1952 2685 facie
1976 2636 2165 2685 osten-
2273 2625 2446 2693 etatis,
2476 2632 2530 2679 et
2555 2624 2610 2679 in
2642 2625 2971 2682 horrendam
3000 2627 3245 2697 perpetui
3271 2630 3541 2686 cruciatus
3558 2631 3845 2706 voraginem

571 2739 727 2800 dens,
760 2748 883 2805 qua
905 2739 1083 2785 tamen
1109 2723 1382 2797 pulmonis
1410 2720 1739 2777 inﬂationem
1780 2717 2057 2790 deprimit,
2113 2724 2168 2805 et
2271 2729 2372 2786 per
2397 2721 2661 2770 extremae
2690 2713 3057 2769 damnationis
3084 2717 3414 2772 sententiam
3436 2719 3626 2790 missis,
3643 2719 3851 2778 audituri

540 2856 545 2859 λ
568 2802 792 2883 virtutis
811 2836 925 2876 suae
954 2815 1306 2873 acrimoniam
1336 2812 1381 2866 si
1413 2817 1725 2867 conteratur
1744 2807 2000 2863 ostendit.
2024 2804 2167 2874 Quid
2271 2809 2421 2858 sunt:
2450 2802 2955 2871 Venite,benedtcti
2979 2803 3178 2861 Patris
3201 2803 3608 2882 mei,perciptte
3629 2826 3846 2881 regnum

568 2931 702 2988 ergo
718 2928 817 2985 per
830 2912 1146 2982 hyssopum,
1164 2902 1269 2959 nisi
1289 2900 1486 2957 Christi
1506 2897 1785 2954 humilitas
1805 2895 2123 2988 designatur
2136 2894 2164 2946 ?
2270 2889 2423 2988 quod
2433 2892 2577 2948 vobis
2594 2896 2864 2964 paratum
2882 2897 2969 2948 est
2987 2892 3282 2966 aborigine
3298 2897 3505 2953 mundi
3515 2897 3844 2966 (Νικαιαν,

560 2980 693 3075 Ipsa
720 2980 803 3057 est
834 2980 977 3054 enim
1008 3010 1132 3065 quas
1161 3007 1380 3049 omnem
1410 2989 1464 3043 in
1494 2988 1654 3044 nobis
1682 2985 2163 3075 reprimitucontu-
2272 2980 2464 3075 italu
2499 2995 2564 3036 eo
2594 2988 2775 3036 autem
2805 2981 2949 3051 quod
2979 2982 3091 3039 ait:
3122 2982 3406 3041 Gaudium
3455 2991 3512 3045 et
3566 2987 3844 3052 letitiam;

572 3068 826 3157 maciam,
859 3087 906 3140 si
936 3093 995 3139 ut
1024 3082 1194 3137 herba
1225 3080 1322 3134 illa
1352 3076 1592 3149 pulmoni
1610 3075 1790 3129 inﬂato
1812 3072 2036 3128 adhibet
2053 3085 2163 3127 me—
2195 3109 2244 3157 η
2271 3068 2544 3140 duplicem
2573 3076 2882 3125 sanctorum
2912 3070 3315 3129 venerationem
3351 3074 3613 3150 intellige,
3635 3075 3718 3151 qui
3767 3075 3844 3133 vi-

571 3154 836 3237 dicinam.
863 3173 1000 3242 Quis
1017 3170 1213 3227 etenim
1227 3170 1340 3239 jam
1364 3165 1688 3237 dedignatur
1706 3163 1761 3217 in
1778 3162 1977 3217 mundo
1988 3176 2046 3216 se
2067 3175 2164 3232 pro
2195 3154 2244 3175 ν
2276 3157 2428 3213 sione
2441 3154 2704 3214 claritatis
2726 3160 2783 3212 iu
2812 3158 2904 3214 illa
2935 3159 3043 3229 die,
3076 3169 3337 3233 quantum
3354 3164 3599 3236 cogitare
3618 3180 3717 3223 non
3726 3179 3845 3237 pos-

570 3271 686 3325 Deo
703 3266 1111 3336 abjicere,cum
1161 3256 1343 3312 audiat
1397 3253 1499 3309 Dei
1556 3252 1749 3307 Filium
1806 3247 2072 3321 opprohia
2120 3255 2173 3303 et
2280 3245 2752 3336 sumusillustrati,
2777 3246 2913 3303 sicut
2936 3246 3236 3305 animarum
3265 3253 3615 3323 perfruentur
3632 3252 3841 3310 beatitu-

573 3332 876 3413 derisio'nes
895 3348 1126 3405 subiisse
1148 3347 1177 3399 ‘2
1207 3343 1342 3414 Quis
1372 3340 1694 3412 supplicium
1714 3354 1814 3409 pro
1831 3339 1945 3394 Deo
1963 3343 2174 3409 perpeti
2278 3332 2427 3402 dine,
2450 3335 2525 3391 ita
2545 3336 2706 3391 etiam
2736 3337 2983 3407 corporis
3009 3339 3306 3396 vestientur
3354 3340 3755 3417 incorruptione.
3782 3340 3854 3398 De

577 3446 868 3503 arbitretur
897 3439 1157 3501 dedecus,
1188 3449 1310 3489 cum
1337 3432 1454 3503 ipse
1483 3431 1599 3487 Rex
1627 3444 1819 3499 regum
1841 3437 1888 3483 et
1912 3427 2174 3483 Dominus
2281 3423 2421 3495 ipsis
2439 3422 2580 3479 enim
2606 3425 2867 3497 scriptum
2897 3433 2982 3481 est
3007 3427 3111 3483 :In
3143 3433 3300 3486 terra
3317 3444 3424 3487 sua
3438 3426 3684 3505 duplicia
3692 3429 3854 3506 possi-

580 3530 975 3591 dominantium
1006 3528 1193 3596 (Apoc.
1218 3524 1330 3591 xix)
1364 3527 1539 3575 morte
1587 3516 1896 3589 turpissima
1927 3516 2080 3589 (Sap.
2113 3517 2176 3587 ιι)
2283 3511 2663 3583 debuntUsai.
2686 3526 2799 3583 LXI,
2830 3515 2912 3585 'l).
2951 3510 3134 3570 Sancti
3159 3519 3361 3573 etenim
3385 3520 3486 3576 viri
3526 3518 3703 3576 mundi
3744 3516 3856 3592 glo-

579 3630 803 3695 pmpter
830 3633 931 3673 nos
950 3616 1017 3670 sit
1037 3612 1431 3670 condemnatus
1450 3608 1478 3660 ‘l
1499 3608 1807 3662 Praesertim
1831 3621 1958 3695 cum
1977 3605 2093 3676 ipse
2109 3604 2179 3659 sit
2285 3600 2420 3656 riam
2452 3600 2643 3655 mentis
2672 3600 2929 3672 despectu
2948 3602 3242 3673 calcantes,
3268 3621 3463 3663 omnes
3484 3608 3537 3663 in
3558 3624 3616 3664 se
3634 3604 3856 3664 carnales

582 3687 742 3767 nobis
765 3706 975 3780 positus
993 3702 1167 3758 forma
1183 3698 1429 3770 justitiae,
1458 3697 1615 3767 cujus
1645 3702 1697 3751 et
1717 3694 1906 3749 audire
1925 3693 2177 3764 imperia,
2285 3690 2590 3780 voluptates
2619 3687 2970 3780 mortiﬁcant,
2992 3698 3051 3746 ut
3073 3691 3127 3746 in
3150 3692 3268 3749 Deo
3301 3694 3653 3766 postmodum
3680 3709 3855 3768 peren-

585 3810 638 3858 et
658 3776 813 3869 sequi
843 3793 1141 3850 debeamus
1166 3784 1419 3857 exempla
1444 3802 1456 3848 ;
1491 3783 1630 3840 sicut
1659 3784 1774 3853 ipse
1798 3783 1854 3837 in
1875 3782 2180 3855 Evangelio
2288 3777 2429 3833 niter
2456 3778 2669 3833 vivant.
2707 3776 2812 3846 Qui
2843 3778 3101 3850 quoniam
3151 3784 3343 3843 mundi
3370 3783 3618 3840 miserias
3643 3798 3733 3856 pro
3758 3776 3857 3838 Deo

586 3891 659 3946 ait
682 3905 696 3942 ε
721 3865 931 3941 inscite
953 3898 987 3936 a
1014 3895 1125 3947 me,
1156 3877 1286 3950 quia
1312 3876 1471 3931 milia
1498 3888 1626 3929 sum
1660 3876 1718 3928 et
1746 3872 1981 3928 humilis
2020 3870 2182 3928 corde
2290 3869 2402 3938 pati
2432 3865 2656 3922 minime
2682 3867 2980 3940 refugiunt,
3014 3868 3371 3926 beatitudinis
3395 3882 3615 3929 eterna:
3645 3866 3858 3928 retribu-

591 3976 815 4050 (Matth.
856 3970 1075 4041 xt,29).
1142 3967 1301 4020 Juxta
1356 3963 1493 4034 legis
1550 3975 1774 4033 quoque
1819 3960 2184 4015 testimonium
2294 3954 2493 4010 tionem
2524 3955 2831 4027 acquirunt.
2856 3955 2990 4025 Quae
3008 3957 3262 4017 nimirum
3294 3959 3573 4018 beatitudo
3602 3966 3653 4018 et
3670 3960 3858 4017 anima-

591 4042 782 4138 (Num.
806 4070 948 4128 xix),
1001 4055 1313 4128 inquinatos
1361 4049 1658 4106 mundabat
1706 4050 1953 4119 ejusdem
1980 4050 2185 4138 herbae
2293 4042 2396 4138 bus
2424 4058 2617 4138 eorum
2645 4048 2773 4100 ante
2803 4047 3264 4103 resurrectionem
3297 4050 3566 4120 tribuitur,
3608 4057 3658 4106 et
3684 4062 3857 4120 corpo-

590 4152 901 4216 fasciculus,
934 4160 1116 4203 vaccae
1146 4143 1288 4198 rufae
1320 4154 1514 4196 cruore
1543 4138 1817 4194 intinctus.
1850 4137 1991 4207 Quid
2008 4145 2186 4193 autem
2295 4132 2445 4188 ribus
2472 4131 2826 4188 nihilominus
2847 4141 2969 4204 post
2991 4134 3255 4205 judicium
3296 4138 3627 4203 conferetur;
3670 4134 3794 4194 sicut
3813 4134 3862 4190 in

590 4260 689 4317 per
712 4253 954 4301 vaccam,
972 4234 1075 4290 nisi
1092 4234 1158 4288 ad
1178 4229 1501 4287 sacriﬁcium
1550 4234 1826 4317 assumpta
1858 4225 2190 4317 incarnatio-
2297 4221 2625 4291 Apocalypsi
2642 4220 2879 4277 Joannes
2895 4225 3171 4292 apostolus
3182 4224 3389 4305 scribit,
3404 4226 3618 4284 dicens:
3646 4218 3861 4282 Vidimb

593 4306 681 4389 nis
710 4326 1009 4385 Dominicae
1036 4320 1321 4376 infirmitas
1350 4317 1660 4388 designatur
1678 4316 1712 4368 ‘l
1732 4315 1881 4370 Sicut
1909 4314 2055 4370 enim
2094 4330 2195 4384 per
2299 4308 2477 4364 altari
2492 4308 2594 4363 Dei
2602 4311 2824 4364 animas
2839 4307 3279 4383 interfectorum
3288 4319 3526 4389 propter
3538 4314 3747 4373 verbum
3758 4306 3859 4381 Dei,

596 4413 955 4472 masculinum
987 4421 1176 4462 sexum
1207 4403 1347 4463 solet
1376 4399 1888 4471 fortitudointelligi,
1910 4399 1986 4454 sic
2012 4405 2065 4455 et
2092 4413 2193 4469 per
2218 4464 2265 4472 _
2302 4400 2359 4452 et
2387 4396 2773 4453 testimonium
2788 4399 2933 4470 quod
2964 4400 3263 4469 habebant,
3293 4409 3351 4461 et
3391 4404 3711 4461 clamabant
3746 4408 3860 4459 uoce

596 4503 913 4560 femininum
942 4502 1119 4567 potest
1145 4490 1426 4548 inﬁrmitas
1454 4488 1729 4560 designari
1761 4506 1774 4550 ;
1808 4464 1861 4543 et
1877 4464 1948 4543 de
1978 4502 2043 4543 eo
2062 4464 2189 4543 scri-

2265 4473 2273 4519 l
2300 4500 2508 4557 magna
2524 4484 2775 4542 dicentes
2787 4464 2812 4543 ί
2826 4464 3623 4563 Usquequo,Domine,sanctus
3634 4493 3689 4549 et
3702 4502 3858 4555 rem.

597 4600 753 4664 ptum
783 4595 861 4643 est
886 4607 904 4639 :
922 4584 1066 4649 Quia
1087 4582 1469 4638 eleimortuue
1502 4581 1587 4632 est
1620 4592 1695 4633 ea:
1714 4577 2071 4645 inﬁmitate,
2104 4574 2200 4664 sed
2303 4589 2419 4631 non
2448 4573 2704 4664 vindicas
2722 4577 3056 4648 sanguinem
3070 4583 3355 4651 nostrum,
3377 4580 3444 4638 de
3468 4581 3553 4637 his
3572 4575 3865 4654 quisuntin

594 4661 736 4738 civit
767 4694 842 4734 ea:
860 4677 1074 4730 virtute
1103 4670 1296 4737 Dei(ll
1323 4667 1444 4723 Cor.
1495 4680 1613 4733 xm,
1662 4667 1737 4736 4).
1784 4665 1909 4736 Ipse
1945 4673 2025 4721 est
2052 4663 2187 4720 enim

2307 4666 2463 4718 terra
2477 4661 2506 4715 ?
2526 4662 2594 4718 Et
2608 4662 2756 4719 data:
2766 4668 2901 4720 sunt
2918 4665 3000 4722 eis
3015 4667 3259 4739 singula:
3271 4668 3435 4725 stolae
3445 4669 3661 4737 albae,“
3675 4666 3866 4723 dictum

601 4780 850 4825 summus
880 4760 1125 4817 Pontifex
1146 4764 1346 4825 noster,
1371 4755 1461 4825 qui
1492 4755 1549 4808 in
1576 4769 1671 4810 ara
1698 4754 1875 4810 crucis
1910 4768 2011 4823 pro
2041 4753 2199 4808 totius
2306 4756 2391 4808 est
2413 4748 2551 4820 illis,
2570 4755 2636 4806 ut
2658 4751 3074 4825 requiescerent
3106 4758 3332 4829 tempus
3369 4757 3552 4814 adhuc
3591 4754 3864 4818 modicum,

596 4856 791 4914 mundi
848 4850 1097 4916 sanitate,
1154 4846 1237 4901 sui
1266 4844 1505 4915 corporis
1533 4843 1766 4898 hostiam
1796 4842 1991 4897 obtulit
2011 4840 2193 4911 (Hebr.
2313 4839 3095 4912 donecimpleaturnumerus
3123 4860 3516 4903 conservorum
3556 4849 3610 4904 et
3644 4846 3870 4916 fratrum

601 4949 702 5016 ix).
737 4941 994 4999 Pontifex
1022 4935 1274 4992 videlicet
1300 4934 1601 4988 futurorum
1632 4931 1916 4996 bonorum,
1955 4929 2047 5001 qui
2102 4944 2201 5001 per
2310 4930 2581 5002 ipsorum,
2601 4931 2698 5003 qui
2709 4930 3096 4995 interﬁciendi
3110 4937 3245 4989 sunt
3264 4934 3417 4991 sicut
3431 4939 3487 4993 el
3509 4933 3599 4991 illi
3616 4933 3870 5006 (Apocm,

599 5034 885 5107 pr0prium
919 5026 1247 5100 sanguinem
1277 5024 1332 5078 in
1364 5029 1572 5092 sancta,
1601 5027 1804 5076 aeterna
1830 5018 2205 5090 redemptione
2308 5020 2384 5091 9).
2401 5018 2546 5088 Quid
2564 5033 2794 5090 namque
2810 5028 2893 5075 est
2912 5020 3152 5094 singulas
3168 5020 3274 5078 illis
3294 5023 3458 5079 stolas
3476 5018 3623 5078 aldus
3642 5020 3867 5075 tribuere.

590 5128 848 5192 inventa,
880 5116 1050 5174 semel
1080 5112 1322 5170 intravit.
1360 5112 1489 5166 Hinc
1509 5114 1688 5166 autem
1717 5122 1881 5166 vacca
1909 5107 2030 5163 rufa
2058 5107 2202 5164 dicia
2309 5108 2411 5163 nisi
2430 5107 2709 5163 animabus
2736 5122 2923 5166 eorum
2954 5109 3297 5167 beatitudinis
3350 5120 3566 5169 mternaa
3611 5110 3867 5166 immorta-

597 5224 711 5285 tur,
733 5188 877 5267 utin
910 5222 977 5263 ea
998 5202 1283 5276 sanguinis
1314 5200 1506 5257 Christi
1548 5199 1722 5253 rubor
1773 5198 2052 5253 evidenter
2104 5198 2207 5253 ded»
2315 5196 2523 5254 litatem
2546 5196 2832 5254 conferre?
2859 5195 3007 5267 Quid
3034 5214 3163 5256 vero
3219 5208 3317 5268 est,
3382 5200 3554 5257 donec
3601 5188 3869 5255 electorum

600 5307 960 5359 monstretur.
999 5294 1079 5350 De
1108 5306 1217 5365 quo
1246 5290 1302 5345 in
1333 5287 1566 5343 Canticis
1616 5286 1951 5344 canticorum
2007 5298 2208 5358 sponsa
2315 5296 2570 5344 numerus
2596 5286 2882 5358 impleatur
2907 5288 3259 5359 requiescere,
3283 5284 3388 5344 nisi
3417 5287 3607 5347 futurae
3650 5295 3869 5343 resurre-

604 5390 865 5460 loquitur,
880 5387 1072 5441 dicens
1096 5399 1107 5436 ε
1132 5382 1383 5436 Dilectus
1395 5392 1556 5434 meus
1577 5375 1852 5432 candidus
1868 5376 2207 5432 etrubicun-
2315 5375 2510 5432 ctionis
2538 5374 2768 5449 gloriam
2799 5385 3113 5447 exspectare
3140 5372 3168 5429 ἢ
3197 5374 3259 5433 In
3288 5388 3402 5449 qua
3426 5376 3676 5433 nimirum
3701 5372 3872 5429 iterum

608 5452 1007 5547 dus((.’ant.v,
1041 5470 1148 5539 16).
1175 5467 1453 5524 Candidus
1480 5465 1738 5521 nimirum
1792 5476 1861 5521 ex
1915 5463 2207 5520 divinitatis
2314 5460 2557 5538 singulas
2575 5462 2747 5521 stolas
2774 5464 2928 5521 albas
2956 5460 3257 5538 accipient;
3304 5465 3431 5541 quia
3479 5456 3783 5527 immortalia
3829 5452 3876 5512 et

609 5566 816 5641 specie,
848 5557 1178 5620 rubicundus
1206 5572 1275 5613 ex
1302 5555 1570 5632 passionis
1609 5569 1818 5613 cruore.
1863 5553 1977 5611 Hac
2024 5552 2207 5628 itaque
2314 5552 2748 5629 incorruptibilia
2774 5569 3065 5633 corporum
3102 5564 3322 5615 suorum
3374 5552 3686 5616 rasamenta
3733 5560 3874 5607 resu-
