4034 6166
187 331 282 390 589

833 329 906 388 ΙΝ
944 333 1223 388 SEPTEM
1264 329 1510 387 PSALM.
1563 324 1823 387 PiE-Nl'l‘.
1867 326 2284 408 EXPOSITIO.
2325 363 2395 375 —
2436 334 2631 391 PSAL.
2677 329 2766 394 IV.

3377 340 3480 398 590

185 488 347 540 ment.
376 477 517 549 Quia
543 475 862 550 ergosancti.
885 475 986 532 viri
1004 474 1073 530 ad
1105 483 1323 532 mternas
1341 475 1614 532 felicitatis
1633 491 1768 546 prae-
1799 456 1853 518 Α
1883 489 2038 530 vanae
2053 474 2169 546 spei
2199 476 2544 533 securitatem
2585 479 2899 549 promittits.
2920 481 2985 536 Et
3005 482 3132 554 quia
3152 483 3270 554 ipse
3293 491 3343 541 te
3381 500 3491 542 non

189 571 298 630 mia
325 584 438 625 non
469 567 643 623 solum
675 564 874 631 anima,
906 565 1004 620 sed
1033 567 1197 621 etiam
1227 580 1454 637 corpore
1487 574 1607 636 post
1627 563 1779 634 judi-

188 659 322 716 cium
355 663 650 723 transeunt,
683 662 831 711 recte
853 653 923 709 de
951 655 1031 710 eis
1059 655 1274 721 dicitur,
1307 654 1432 726 quia
1455 654 1510 708 in
1528 663 1667 710 terra
1690 669 1784 708 sua

185 748 420 821 duplicia
462 744 840 817 possidebunt.
906 744 1082 813 llujus
1137 744 1461 800 incrementa
1517 741 1789 798 felicitatis

184 837 445 910 prOpheta
483 834 730 900 intuens,
759 836 834 889 ait
867 850 881 887 ε
917 833 1150 889 Auditui
1176 848 1298 888 meo
1330 832 1488 888 dabis
1512 831 1785 904 gaudium

183 933 236 990 et
259 926 556 992 laetitiam,
574 927 631 980 et
649 923 1026 980 exsultabant
1047 935 1173 977 ossa
1186 921 1512 976 humiliata.
1551 921 1784 974 Anima-

187 1033 293 1074 rum
323 1023 640 1071 nostrarum
670 1027 796 1069 ossa
823 1011 1052 1066 virtutes
1067 1017 1216 1077 sunt,
1247 1025 1370 1080 quae
1419 1007 1680 1063 nimirum
1733 1007 1786 1062 in

187 1107 280 1162 hac
304 1104 422 1161 vita
434 1101 808 1170 humiliantur,
830 1098 961 1172 quia
976 1098 1211 1154 assiduis
1238 1106 1322 1153 ten
1331 1098 1590 1153 talionum
1606 1097 1792 1168 impu-

181 1194 524 1274 gnationibus
538 1191 907 1247 indesinenter
935 1187 1230 1274 turbantur.
1250 1186 1495 1242 Tentatio
1529 1184 1674 1241 enim
1708 1191 1789 1240 est

190 1273 294 1345 vita
318 1282 566 1342 hominis
584 1294 748 1353 super
773 1285 969 1334 terram
984 1273 1123 1346 (Job.
1139 1281 1233 1344 vn)
1261 1295 1278 1342 ;
1321 1278 1489 1345 500
1513 1275 1568 1329 in
1587 1282 1789 1330 aeterna

195 1374 500 1434 autemvita
527 1387 638 1428 non
683 1369 859 1427 solum
914 1368 1132 1424 invicta).
1184 1364 1474 1437 potestatis
1527 1362 1793 1432 accipient

195 1462 587 1530 fortitudinem,
607 1459 709 1516 sed
737 1459 903 1515 etiam
932 1457 1137 1512 nullam
1191 1455 1444 1512 vitiorum
1499 1452 1792 1508 adversan-

194 1554 322 1609 tium
349 1549 599 1609 sentient
625 1545 1116 1619 impugnationem.

257 1642 440 1715 (γει-ε.
475 1640 604 1708 to.)
632 1637 838 1694 Averte
867 1635 1075 1707 faciem
1099 1639 1256 1690 tuam
1282 1649 1318 1689 a
1335 1631 1584 1706 peccatis
1625 1628 1788 1696 meis,

193 1747 384 1790 omnes
407 1728 748 1800 iniquitates
777 1739 931 1781 meas
951 1723 1094 1779 dele.

259 1823 345 1877 tt.
381 1818 530 1885 Quia
558 1814 767 1888 peccati
795 1829 896 1869 sua
947 1827 1169 1882 semper
1217 1809 1382 1866 habet
1425 1825 1540 1880 pra;
1595 1806 1790 1873 oculis,

193 1909 382 1966 merito
419 1914 584 1979 rogat
602 1912 661 1960 ut
689 1905 836 1960 Deus
866 1901 1063 1957 faciem
1092 1917 1245 1956 suam
1274 1906 1482 1955 avertat
1509 1897 1579 1952 ab
1633 1898 1790 1968 ipsis.

195 1997 455 2070 Superius
479 2009 678 2065 nempe
705 1993 968 2062 prapheta
998 1990 1255 2045 dixerat?
1276 1991 1580 2045 Peccatum
1609 2002 1802 2042 meum

195 2093 392 2145 contra
424 2100 520 2140 me
549 2087 637 2140 est
659 2096 898 2153 semper.
919 2077 1025 2144 Qui
1043 2093 1174 2150 ergo
1192 2079 1472 2148 peccatum
1490 2090 1648 2130 suum
1659 2090 1802 2129 sem-

201 2192 295 2247 per
322 2173 586 2239 videbat,
618 2171 938 2226 continuum
967 2181 1068 2238 pro
1121 2180 1187 2221 eo
1239 2163 1482 2221 dolorem
1537 2162 1592 2217 in
1635 2163 1802 2219 corde

195 2263 472 2335 gestabat.
501 2260 574 2316 Et
603 2260 727 2316 ideo
749 2257 942 2313 oculos
959 2255 1026 2311 ab
1047 2254 1168 2325 ejus
1185 2261 1407 2325 peccato
1425 2254 1572 2308 Deus
1587 2252 1801 2320 avertit,

199 2353 318 2423 quia
344 2353 470 2423 ipse
495 2348 630 2405 illud
676 2347 801 2403 sine
856 2343 1162 2402 cessatione
1217 2340 1621 2398 animadvertit.
1680 2341 1804 2396 Non

195 2441 334 2498 enim
363 2441 520 2496 Deus
546 2451 736 2495 eorum
764 2441 987 2506 peccata
1018 2431 1310 2498 ulciscitur,
1342 2430 1433 2502 qui
1490 2431 1546 2485 in
1591 2429 1803 2486 occulto

192 2529 368 2587 contis
398 2527 474 2584 de
502 2539 797 2598 pravorum
813 2538 1041 2594 operum
1056 2520 1325 2578 memoria
1346 2518 1674 2590 adﬁguntur.
1700 2516 1806 2586 Qui

191 2618 458 2676 nimirum
488 2615 562 2671 ad
585 2614 690 2670 hoc
717 2612 1037 2684 semetipsos
1056 2609 1324 2682 judicent,
1346 2616 1404 2663 ut
1419 2607 1657 2662 terribile
1677 2622 1803 2662 om-

193 2705 500 2778 nipotentis
523 2702 794 2772 judicium
825 2700 1085 2764 evadant,
1119 2699 1279 2768 juxta
1329 2696 1463 2752 illud
1519 2695 1753 2766 apostoli
1786 2712 1799 2750 :

194 2794 257 2852 Si
281 2793 668 2864 nosmetipsos
685 2790 1152 2863 dijudicaremus,
1171 2803 1287 2844 non
1307 2787 1505 2857 utique
1526 2785 1803 2851 iudicare-

1887 562 2061 633 vides,
2093 565 2238 634 quod
2259 581 2362 622 nec
2389 581 2493 637 ego
2517 574 2568 622 te
2585 567 2797 623 videam
2813 570 3131 641 suspicaris.
3163 573 3322 628 Putas
3343 573 3491 645 quod

1893 658 1946 706 te
1973 667 2086 707 non
2116 653 2330 708 videam
2361 654 2732 725 fornicantem,
2759 674 2919 728 quem
2949 659 3108 716 video
3166 661 3489 718 adulterium

1894 741 2270 812 cogitantem?
2292 742 2369 797 Ex
2394 745 2498 800 hoc
2526 744 2708 816 itaque
2743 753 2793 802 te
2848 763 3094 821 arguam,
3154 757 3204 804 et
3258 758 3487 807 statuam

1896 837 2083 885 contra
2123 830 2316 886 faciem
2349 839 2512 886 tuam.
2556 832 2610 888 Si
2670 850 2778 889 non
2832 835 2915 889 vis
2969 836 3245 892 attendere
3298 839 3492 896 faciem

1895 924 2063 983 tuam,
2090 918 2282 974 faciam
2313 929 2371 974 ut
2396 936 2663 992 agnoscas
2688 923 2964 979 miseriam
2994 932 3165 980 tuam.
3191 927 3262 983 Et
3301 943 3493 984 omnes

1898 1002 2236 1077 iniquitates
2255 1024 2411 1064 meas
2427 1009 2570 1065 dele.
2591 1010 2696 1066 Per
2705 1012 3030 1082 prephetam
3047 1014 3307 1070 Dominus
3319 1015 3452 1071 dicit
3477 1034 3488 1070 :

1901 1097 2011 1166 Ego
2033 1111 2162 1151 sum
2182 1095 2278 1168 qui
2304 1097 2459 1155 deleo
2479 1098 2821 1170 iniquitates
2851 1104 2998 1171 tuas,
3033 1108 3090 1158 et
3125 1120 3334 1164 memor
3379 1124 3496 1166 non

1899 1199 2024 1244 ero;
2055 1188 2119 1240 tu
2141 1189 2334 1241 autem
2365 1203 2578 1243 memor
2591 1193 2727 1258 esto,
2755 1193 2808 1244 te
2819 1190 3150 1260 judioemur
3169 1195 3491 1266 (lsai.xi.m,

1899 1272 2018 1340 25).
2051 1273 2199 1328 Audi
2230 1290 2338 1346 qua
2352 1276 2660 1331 conditione
2675 1277 3020 1347 iniquitatum
3045 1289 3251 1338 tuarum
3275 1300 3336 1341 se
3375 1303 3499 1342 esse

1898 1358 2272 1416 immemorem
2301 1363 2468 1427 dicat,
2488 1363 2628 1420 videi
2652 1374 2736 1420 eet
2759 1367 2804 1421 si
2825 1375 2881 1422 tu
2902 1383 3112 1426 memor
3131 1371 3318 1428 fueris.
3357 1376 3501 1432 Cave

1900 1463 2035 1520 ergo
2064 1465 2132 1504 ne
2159 1467 2404 1522 unquam
2433 1454 2576 1522 quod
2605 1454 2896 1524 deliquisti,
2928 1473 2960 1513 a
2990 1461 3252 1516 memoria
3273 1463 3371 1519 tibi
3398 1481 3503 1520 ex-

1901 1536 2063 1605 cidat,
2091 1547 2182 1593 aut
2212 1539 2394 1609 aliqua
2422 1541 2700 1598 oblivione
2729 1553 2956 1613 peccata
2987 1555 3077 1604 tua
3098 1550 3389 1616 obliteres;
3423 1571 3496 1610 ne

1901 1625 1948 1680 si
1977 1627 2276 1682 carnalium
2307 1629 2646 1701 voluptatum
2676 1632 2948 1690 illecebris
2977 1645 3188 1708 captus,
3248 1640 3498 1714 iniquitav

1903 1721 2015 1769 tum
2048 1723 2256 1771 tuarum
2288 1733 2496 1774 memor
2522 1735 2631 1774 non
2662 1721 2847 1790 fueris,
2868 1723 3078 1779 dicatur
3119 1727 3214 1782 tibi
3259 1729 3310 1784 in
3358 1740 3503 1787 tem-

1907 1819 2042 1875 pore
2069 1806 2404 1862 necessitatis
2439 1826 2450 1861 :
2484 1808 2788 1881 Projecistt
2815 1827 3099 1872 sermones
3121 1833 3270 1876 meos
3290 1825 3504 1879 retrora

1907 1909 2032 1950 sum
2065 1894 2241 1962 (Psat.
2273 1907 2426 1962 χιιι,
2459 1899 2568 1967 17).

1978 1983 2155 2052 (Vers.
2192 1984 2305 2049 11.)
2342 1987 2444 2041 Cor
2471 1989 2751 2046 mundum
2797 2005 2928 2048 crea
2965 1994 3029 2048 in
3072 2010 3181 2063 me,
3226 1997 3399 2068 Deus,
3449 1999 3508 2058 et

1910 2073 2178 2144 spiritum
2199 2079 2420 2129 rectum
2452 2077 2662 2132 iuncea
2690 2081 2754 2134 in
2783 2082 2986 2138 visceri
2999 2083 3098 2138 bus
3129 2087 3293 2141 meis.

1984 2162 2094 2228 50
2110 2163 2142 2227 ί
2171 2163 2235 2217 12
2249 2195 2263 2215 .
2289 2163 2349 2217 In
2369 2163 2670 2236 Evangelia
2691 2167 2952 2238 scriptum
2972 2179 3052 2225 est
3085 2190 3096 2225 :
3117 2174 3278 2230 Beati
3299 2177 3511 2235 munda

1910 2249 2074 2305 corde
2103 2250 2334 2319 (Matth.
2383 2269 2436 2319 v,
2474 2257 2555 2324 8).
2590 2255 2646 2309 Si
2677 2255 2828 2311 illum
2860 2259 2953 2328 qui
2983 2259 3053 2314 ab
3083 2262 3231 2316 omni
3283 2273 3511 2336 peccato

1912 2338 2146 2393 mundus
2172 2347 2274 2404 est,
2314 2340 2368 2395 in
2408 2343 2594 2397 cordis
2617 2344 2785 2399 nostri
2815 2346 3056 2417 hospitio
3098 2349 3299 2408 habere
3346 2353 3511 2410 volu-

1911 2443 2054 2495 mus,
2086 2437 2300 2499 oportet
2319 2432 2497 2500 primo
2526 2437 2588 2486 ut
2614 2432 2745 2487 illud
2775 2433 2846 2488 ab
2874 2437 3025 2490 omni
3055 2438 3308 2494 vitiorum
3353 2443 3513 2498 sorde

1909 2531 2226 2587 purgemus.
2246 2517 2619 2575 Emundamus
2646 2535 2778 2594 ergo
2797 2522 3056 2579 interiora
3076 2529 3271 2583 mentis
3291 2539 3512 2600 nostrae,

1911 2611 1963 2657 et
2000 2603 2289 2676 diligenter
2316 2615 2660 2676 peccatorum
2690 2618 2996 2667 nostrorum
3038 2622 3247 2671 secreta
3301 2626 3514 2676 scrute-

1912 2708 2056 2759 mur,
2091 2709 2157 2747 ne
2187 2709 2260 2748 ex
2289 2693 2486 2751 affectu
2517 2705 2700 2752 nOStro
2728 2701 2937 2768 peccati
2961 2702 3246 2760 delectatio
3264 2708 3512 2777 pullulet,

1911 2797 1980 2836 ne
2009 2789 2164 2852 turpe
2185 2783 2520 2840 desiderium
2549 2799 2647 2841 cor
2673 2787 2726 2840 in
2756 2789 2968 2845 occulto
2981 2789 3182 2857 titillet,
3206 2809 3277 2850 ne
3292 2793 3516 2864 passio-

188 2901 312 2940 ρων
341 2884 398 2955 (ι
428 2883 556 2939 Cor.
587 2895 668 2947 ιι,
699 2882 891 2948 31).Αῑ
910 2885 1098 2934 contra
1134 2875 1378 2946 reprobi,
1419 2873 1549 2945 quia
1565 2887 1632 2930 ea
1678 2889 1803 2944 qua
1907 2885 2036 2925 num
2065 2885 2133 2925 ex
2161 2885 2228 2926 eo
2257 2872 2631 2929 contentiones
2661 2876 2945 2946 prodeant,
3010 2894 3078 2934 ne
3131 2895 3514 2950 perversurum

192 2972 612 3034 commiserunt,
633 2981 977 3040 nequaquam
995 2963 1359 3035 conspiciunt,
1399 2971 1550 3018 actus
1598 2977 1725 3017 suos
1769 2977 1803 3016 a
1907 2958 2302 3030 cogitationum
2357 2959 2792 3031 dispensationes
2847 2965 3136 3036 aliquando
3207 2979 3508 3041 erumpant.

190 3056 699 3132 conspectujudicis
714 3071 823 3112 non
835 3053 1494 3124 abscundunt.thuanto
1513 3049 1691 3124 magis
1707 3065 1799 3105 er-
1833 3123 1874 3132 _
1908 3047 2190 3119 Templum
2221 3048 2363 3103 enim
2392 3049 2492 3105 Dei
2517 3065 2626 3106 non
2655 3059 2830 3122 potest
2860 3068 2979 3108 esse
3021 3055 3310 3127 pollutum,
3381 3059 3508 3130 quia

190 3123 338 3205 rores
351 3123 630 3216 suos'ipsi
678 3141 1030 3200 considerare
1075 3123 1373 3210 refugiunt,
1425 3143 1573 3195 tanto
1618 3123 1798 3210 magis
1825 3123 1876 3190 Ο
1901 3135 2161 3207 scriptum
2190 3145 2272 3193 est
2305 3156 2318 3192 :
2347 3137 2637 3210 Templum
2657 3141 2756 3196 Dei
2775 3123 3039 3199 sanetum
3072 3149 3175 3211 est,
3199 3123 3342 3218 quod
3362 3123 3501 3206 citis

190 3253 279 3294 eos
323 3233 651 3307 conspectui
697 3233 898 3288 divine
926 3229 1226 3301 majestatis
1257 3236 1561 3300 opponunt.
1625 3227 1805 3283 Delin-
1900 3239 1994 3280 vos
2005 3225 2056 3296 (1
2066 3225 2188 3281 Cor.
2210 3225 2417 3296 m,217).
2438 3227 2636 3282 Verum
2650 3229 2773 3300 quis
2789 3230 3134 3301 gloriabitur
3153 3234 3432 3292 mundum
3451 3251 3509 3293 se

187 3325 466 3396 quentium
495 3330 680 3378 autem
705 3319 853 3376 mala
878 3321 1026 3376 Deus
1053 3318 1198 3374 videt
1243 3333 1352 3374 non
1406 3325 1464 3373 ut
1515 3316 1796 3388 approbet,
1901 3311 2102 3369 habere
2113 3328 2229 3381 cor,
2253 3319 2357 3371 aut
2375 3315 2686 3373 immunem
2699 3332 2886 3375 essese
2901 3324 3371 3392 apeccata(Prov.
3402 3341 3496 3395 xx,

191 3415 280 3470 sed
310 3423 369 3469 ut
400 3411 773 3475 condemnet;
807 3424 916 3464 non
942 3416 1003 3464 ut
1024 3408 1224 3475 foveat,
1255 3406 1348 3464 sed
1368 3411 1426 3462 ut
1445 3405 1632 3477 puniat
1653 3424 1668 3469 ;
1691 3421 1801 3462 non
1897 3403 1952 3471 9,
1973 3419 2082 3460 sec.
2104 3403 2389 3475 Septuag.)
2412 3405 2441 3460 τ
2461 3403 2517 3459 Si
2540 3406 2803 3476 propheta
2831 3407 3101 3478 pollutum
3122 3410 3287 3466 labiis
3309 3427 3367 3467 se
3384 3428 3505 3470 esse

187 3511 242 3558 ut
267 3517 498 3574 semper
529 3499 789 3571 patiatur,
820 3497 918 3553 sed
943 3505 1001 3551 ut
1028 3496 1084 3551 in
1108 3495 1316 3566 judicio
1346 3494 1650 3550 ulciscatur.
1681 3495 1798 3550 De-

186 3590 344 3662 nique
357 3590 522 3648 oculi
537 3588 762 3644 nomini
775 3602 948 3659 super
957 3585 1236 3657 facientes
1249 3599 1340 3638 ma
1349 3584 1425 3648 la,
1441 3586 1508 3639 ut
1513 3583 1715 3654 perdat
1729 3581 1796 3639 de

192 3683 338 3736 terra
368 3677 717 3735 memoriam
741 3691 938 3732 eorum
957 3674 1131 3743 (Psal.
1155 3689 1349 3740 xxvm,
1367 3673 1478 3742 17).
1504 3671 1700 3727 Gravis
1717 3671 1797 3726 ul-

190 3767 278 3836 tio,
322 3783 442 3824 non
469 3765 652 3821 solum
679 3763 749 3820 de
770 3771 910 3819 terra
933 3761 1078 3817 mala
1098 3762 1358 3817 facientes
1375 3760 1675 3830 expellere,
1698 3760 1795 3816 sed

184 3858 344 3912 etiam
374 3869 608 3911 omnem
653 3853 878 3923 penitus
917 3850 1236 3906 memoriam
1293 3864 1483 3905 eorum
1547 3847 1792 3904 abolere.

187 3943 613 4001 Considamus
667 3956 801 4024 ergo
854 3939 1006 3995 mala
1057 3955 1182 4010 qum
1236 3938 1493 4005 fecimus,
1551 3951 1619 3992 ea
1668 3943 1794 3992 ante

181 4033 374 4089 mentis
405 4029 606 4088 oculos
634 4028 752 4085 sine
779 4028 1183 4085 intermissione
1209 4043 1498 4099 ponamus,
1538 4043 1608 4082 ne
1664 4043 1790 4081 cum

180 4127 300 4177 ante
323 4119 538 4190 judicia
568 4118 714 4174 illius
740 4125 1092 4190 conspectum
1116 4117 1441 4184 venerimus,
1489 4124 1616 4172 tunc
1670 4115 1789 4186 pri-

177 4226 320 4266 mum
341 4207 626 4284 quidquid
651 4207 1001 4280 gesserimus,
1032 4205 1279 4263 nolentes
1323 4205 1623 4262 videamus.
1683 4205 1788 4258 Ims

177 4297 471 4368 pmnitenti
500 4295 649 4353 enim
679 4296 824 4351 Deus
874 4294 1187 4351 terribiliter
1240 4294 1496 4363 minatur,
1551 4293 1736 4349 dicens
1769 4309 1781 4345 :

1895 3493 2109 3560 asserit,
2133 3491 2288 3561 cujus
2315 3508 2377 3548 os
2406 3493 2702 3564 Seraphim
2731 3496 2968 3551 carbone
2997 3513 3154 3567 quem
3187 3509 3500 3573 susceperat

1893 3579 1962 3635 de
1990 3580 2163 3648 altari,
2187 3580 2443 3653 purgavit
2461 3582 2621 3653 (Isai.
2640 3585 2717 3653 νι)
2745 3601 2757 3636 :
2781 3585 2911 3655 quid
2933 3584 3128 3642 dicturi
3143 3602 3332 3643 sumus
3381 3605 3498 3658 nos,

1893 3683 2028 3740 quos
2057 3669 2270 3724 luxuria
2289 3669 2556 3740 inquinat,
2584 3671 2788 3726 invidia
2810 3681 3080 3745 angustat,
3106 3675 3329 3732 ambibo
3352 3694 3500 3750 pra:-

1889 3756 2092 3829 cipitat,
2125 3758 2380 3829 superbia
2408 3758 2660 3813 exultat?
2687 3761 2811 3815 Non
2838 3768 2918 3815 est
2948 3762 3095 3816 enim
3135 3764 3352 3820 virtutis
3391 3767 3496 3821 lui-

1891 3861 2067 3901 mante
2095 3846 2170 3900 ita
2198 3845 2268 3900 ab
2296 3845 2496 3900 illicitis
2522 3847 2744 3902 motitus
2788 3849 3054 3905 mundare
3113 3851 3389 3924 animum,
3445 3863 3506 3916 ut

1887 3933 2340 4005 perstrepentium
2372 3947 2537 3990 voces
2566 3950 2674 3990 non
2702 3936 2904 3991 sentiat
2934 3937 3351 4008 cogitationum.
3387 3942 3500 3998 Sed

1889 4023 2019 4095 quia
2045 4023 2161 4078 Deo
2193 4022 2327 4078 nihil
2356 4029 2438 4078 est
2464 4021 2824 4092 impossibile,
2863 4025 3168 4081 clamemus
3226 4028 3297 4083 ad
3325 4030 3500 4086 Deum

1887 4120 1999 4168 tota
2027 4112 2219 4168 virtute
2247 4128 2259 4164 :
2281 4111 2391 4167 Cor
2403 4111 2681 4167 mundum
2695 4127 2824 4169 crea
2842 4115 2903 4168 in
2919 4129 3031 4182 me,
3057 4116 3222 4185 Deus,
3246 4121 3302 4173 et
3322 4119 3497 4188 spiri-

1885 4206 2009 4257 tum
2037 4208 2256 4257 rect-um
2279 4201 2489 4256 innova
2520 4203 2580 4256 in
2602 4201 2908 4258 visceribus
2924 4204 3088 4259 meis.

1955 4291 2041 4345 t5.
2074 4289 2206 4346 Vide
2233 4288 2477 4344 ordinem
2528 4289 2748 4360 :primo
2807 4301 2904 4346 cor
2953 4293 3238 4360 mundum,
3296 4292 3496 4353 deinde

174 4383 1034 4457 Existimastiiniquequodero
1047 4384 1626 4454 tuisimttismrguam
1639 4386 1714 4448 te,
1729 4385 1788 4437 et
1883 4377 2138 4450 spiritum
2169 4385 2372 4434 rectum
2399 4380 2667 4449 prepheta
2697 4393 2728 4434 a
2757 4380 2874 4435 Deo
2890 4381 3132 4451 requirit.
3175 4382 3326 4438 Prius
3346 4385 3492 4440 enim

175 4480 442 4534 statum
455 4477 665 4532 contra
675 4475 887 4542 faciem
905 4473 1242 4540 tuam(Psal
1261 4487 1414 4538 χιιι,
1433 4474 1545 4540 21).
1571 4470 1782 4527 Similis
1811 4475 1869 4540 1)
1900 4467 2385 4522 abrenuntiandum
2417 4475 2500 4522 est
2529 4467 2626 4522 tibi
2655 4467 2803 4524 omni
2832 4478 3074 4539 peccato,
3108 4479 3163 4527 et
3227 4472 3406 4528 omnis
3461 4488 3496 4530 a

176 4565 244 4620 tui
275 4579 493 4628 essem,
515 4561 563 4618 si
589 4570 874 4631 peccatum
903 4567 1052 4616 tuum
1082 4561 1405 4631 impunitum
1434 4559 1785 4615 dimitterem.

175 4653 248 4708 Tu
271 4654 429 4710 enim
464 4650 601 4706 illud
627 4664 737 4705 non
766 4648 940 4706 solum
971 4657 1079 4705 non
1109 4650 1189 4704 vis
1215 4648 1426 4720 punire,
1459 4649 1556 4704 sed
1586 4657 1642 4705 et
1669 4653 1792 4719 post

174 4749 392 4814 tergum
424 4738 673 4811 projicis,
695 4753 764 4794 ne
792 4738 971 4808 possis
998 4737 1340 4810 videre..Ego
1359 4745 1536 4793 autem
1550 4738 1640 4808 qui
1655 4736 1788 4792 illud

177 4829 358 4897 video,
392 4827 537 4900 quid
565 4827 764 4882 faciem
781 4829 810 4881 ‘I
837 4825 1096 4896 Nunquid
1116 4826 1441 4897 impunitum
1473 4827 1742 4882 dimittam
1759 4826 1788 4878 ‘2

175 4917 356 4974 Iudex
385 4932 518 4972 sum
540 4923 594 4972 et
616 4915 817 4985 justus,
836 4915 1012 4971 Iudex
1037 4931 1157 4970 sum
1187 4923 1240 4972 et
1266 4915 1407 4971 ultor
1424 4916 1785 4988 iniquitatem,

175 5001 480 5071 Quomodo
497 5013 632 5071 ergo
652 4999 853 5069 injuste
868 4999 1128 5070 iudicabo
1149 5001 1178 5053 ‘i
1198 5000 1484 5070 Quomodo
1505 5002 1787 5058 veritatem

175 5089 476 5146 mendacio
508 5085 774 5143 mutabo?
796 5087 986 5154 Tacui,
1026 5087 1272 5159 nunquid
1301 5101 1521 5160 semper
1543 5089 1731 5146 tacebo
1758 5091 1788 5142 ‘1

170 5179 354 5244 Tacui,
387 5177 526 5249 quia
571 5175 1006 5233 misericordiam
1045 5177 1377 5249 prmrogavi.
1440 5179 1788 5248 lniquitatum

173 5270 315 5317 uiam
347 5259 726 5326 dissimulavi,
761 5268 976 5332 tempus
1018 5262 1350 5332 pta-nitentia
1395 5262 1614 5319 indulsi.
1674 5263 1788 5320 Sed

165 5351 414 5423 nunquid
438 5365 660 5419 semper
678 5349 870 5405 tacebo
889 5350 919 5402 ‘i
941 5351 1059 5407 [mo
1077 5359 1326 5423 arguam
1342 5356 1422 5422 te,
1444 5357 1506 5410 et.
1523 5358 1784 5411 statuam

169 5444 375 5512 σαψ-ιι
412 5439 632 5512 faciem
649 5445 808 5496 tuam
826 5438 1014 5508 (Ibid,
1029 5440 1144 5510 21).
1159 5443 1396 5513 Arguam
1407 5443 1625 5514 quidem
1643 5451 1694 5500 te
1722 5444 1792 5500 de

169 5529 498 5591 nmio.
526 5526 750 5600 quando
774 5527 1027 5586 eerdium-
1049 5529 1280 5588 consilia
1314 5531 1697 5591 manifestam.
1743 5537 1794 5590 Α

172 5619 428 5692 peccatis
473 5615 579 5676 tuis
619 5615 1045 5678 «muccule-
1083 5625 1310 5688 tanget
1353 5620 1650 5692 quamam
1692 5621 1798 5680 tibi

1890 4556 2060 4614 corde
2090 4557 2347 4612 vitiorum
2379 4556 2594 4611 fmditas
2625 4557 2978 4627 eliminanda,
3012 4567 3071 4614 ut
3129 4574 3290 4617 omne
3346 4563 3496 4635 quod

1895 4647 2078 4718 agitur
2104 4653 2195 4700 aut
2224 4645 2440 4714 dicitur,
2473 4660 2541 4702 eo
2569 4661 2768 4715 purum
2798 4646 2853 4701 in
2871 4658 3170 4719 conspectu
3191 4651 3294 4707 Dei
3323 4665 3386 4708 ac
3408 4651 3500 4708 lu-

1895 4735 2076 4790 cidum
2105 4741 2382 4804 appareat,
2427 4749 2535 4804 quo
2577 4745 2641 4789 ex
2697 4735 2858 4790 bonae
2914 4735 3226 4794 intentionis
3284 4740 3501 4812 origine

1896 4822 2054 4896 quasi
2081 4822 2150 4877 de
2179 4837 2313 4892 puro
2344 4821 2745 4892 quodammodo
2777 4823 2925 4880 fonte
2956 4833 3162 4883 manat.
3206 4826 3503 4895 Quomodo

1895 4912 2040 4968 enim
2067 4913 2266 4982 poterit
2283 4925 2406 4966 esse
2430 4911 2794 4982 perSpicuum,
2831 4899 3064 4983 quodin
3095 4913 3212 4984 ipsa
3261 4916 3491 4988 origines

1897 5000 2060 5056 fuerit
2086 4999 2378 5055 vitiatum?
2407 4998 2684 5072 Scriptum
2715 5007 2797 5056 est
2817 5001 2960 5056 enim
2997 5018 3010 5056 :
3035 5001 3224 5060 Bonus
3245 5003 3408 5060 homo
3433 5001 3504 5060 de

1897 5089 2035 5146 bene
2051 5090 2316 5145 thesauro
2336 5091 2554 5160 profert
2567 5089 2727 5155 bona,
2753 5093 2812 5145 et
2832 5091 3025 5146 matus
3043 5090 3204 5145 homo
3225 5090 3292 5146 de
3341 5092 3496 5147 malo

1899 5179 2390 5250 thesauroprofert
2403 5177 2558 5232 mata
2580 5176 3028 5248 (Matth.xn,35).
3045 5177 3318 5233 Omnibus
3332 5179 3496 5250 igitur

1894 5267 2201 5325 carnalibus
2221 5265 2508 5321 desideriis
2525 5281 2557 5318 a
2579 5265 2751 5320 corde
2773 5265 3033 5331 exclusis,
3085 5274 3208 5336 pete
3229 5276 3262 5320 a
3293 5267 3405 5322 Deo
3437 5262 3500 5322 ut

1895 5356 2141 5428 Spiritum
2173 5361 2379 5410 rectum
2405 5357 2645 5421 renovet,
2687 5369 2756 5407 ne
2785 5351 2921 5410 ferte
2977 5353 3192 5423 spiritus
3245 5354 3339 5410 ille
3384 5355 3494 5411 im-

1896 5445 2130 5501 mundus
2150 5443 2427 5499 inveniens
2445 5440 2665 5496 domum
2716 5441 2786 5496 de
2834 5449 2939 5512 qua
2969 5442 3137 5498 exivit
3194 5451 3496 5516 vacantem,

1899 5533 2188 5606 assuniptis
2216 5531 2338 5588 aliis
2368 5537 2572 5602 septem
2603 5529 2954 5602 aequioribus
2981 5545 3058 5598 se,
3111 5540 3234 5588 eum
3290 5533 3369 5592 eis
3423 5535 3501 5599 ibi

1898 5625 2124 5694 habitet,
2138 5628 2197 5679 et
2218 5619 2352 5678 ﬁant
2362 5617 2658 5678 novissiraa
2687 5625 2780 5676 tua
2807 5619 2998 5692 pejora
3012 5620 3310 5696 prioribus.
3341 5623 3506 5684 Esses
