4034 6166
551 306 648 363 2-591

1748 288 1995 348 SANCTI
2035 283 2377 343 GREGORII
2414 283 2638 340 MAGNI
3697 285 3789 340 592

547 459 635 504 est.
666 455 844 500 autem
874 443 1090 514 spiritus
1120 442 1255 497 recti
1285 437 1577 502 innovatio,
1612 442 1669 490 ut
1695 449 1916 490 omnem
1964 432 2151 488 mundi
2179 427 2236 490 A
2265 450 2380 501 erat
2415 445 2639 510 semine,
2697 451 2984 513 antequam
3043 442 3332 508 laberetur,
3393 441 3666 515 gaudebat,
3719 442 3814 499 sed

543 537 773 609 gloriam
801 543 985 588 mente
1015 531 1311 601 despicias,
1343 535 1576 583 mentem
1596 525 1907 581 medullitus
1925 523 1979 577 in
2001 538 2136 578 con-

543 625 735 681 ditoris
765 624 837 678 tui
871 637 1056 677 amore
1096 619 1310 691 inﬁgas,
1343 617 1506 671 illatis
1529 613 1867 671 contumeliis
1921 611 2138 682 patien-

545 715 674 770 tiam
703 712 992 776 custodias,
1017 714 1072 764 et
1093 707 1362 763 custodita
1387 705 1647 775 patientia
1667 703 1911 758 dolorem
1926 715 1958 755 a
1978 699 2141 755 corde

541 803 798 873 repellas,
831 799 1083 854 omnibus
1113 804 1164 850 te
1193 811 1291 864 per
1320 794 1680 847 humilitatem
1701 789 2012 845 inferiorem
2043 787 2139 842 de-

543 901 719 961 putes,
753 889 821 943 de
852 894 1024 942 morte
1055 883 1259 938 inimici
1289 881 1599 936 nullatenus
1657 879 1918 942 exsultas,
1971 875 2143 930 aliena

543 994 653 1033 non
685 976 914 1042 ambias,
951 972 1170 1042 pr0pria
1187 968 1478 1042 egentibus
1495 968 1815 1032 distribuas,
1832 965 2061 1019 amicum
2087 964 2138 1017 in

538 1067 677 1132 Deo,
701 1073 752 1120 et
778 1063 1058 1117 inimicum
1087 1067 1312 1129 prOpter
1343 1059 1515 1112 Deum
1545 1056 1762 1128 diligas,
1781 1055 1835 1108 in
1865 1052 2144 1108 al'lictioue

540 1153 780 1224 proximi
840 1152 1068 1222 teipsum
1125 1163 1224 1218 per
1267 1145 1669 1214 compationem
1727 1143 1950 1213 attigas.
2017 1141 2145 1224 Haec

544 1221 763 1313 quidem
794 1249 874 1294 est
902 1221 995 1292 illa
1017 1235 1235 1306 spiritus
1291 1233 1595 1301 innovatio,
1647 1247 1806 1302 quam
1854 1221 2146 1300 persuadel

539 1331 838 1402 apostolus,
855 1328 1074 1386 dicens;
1098 1323 1460 1381 Renovamini
1478 1322 1685 1392 spiritu
1707 1321 1918 1375 mentis
1939 1325 2138 1372 vestrm

538 1424 597 1478 et
612 1419 836 1474 induite
849 1433 1054 1472 novum
1068 1414 1350 1469 hominem
1360 1411 1475 1482 ,qui
1486 1409 1797 1466 secundum
1810 1411 1986 1463 Deum
1999 1418 2146 1460 crea-

539 1512 632 1563 tus
649 1511 734 1563 est
748 1507 810 1560 in
818 1506 848 1574 j
854 1505 1053 1560 ustitia
1066 1507 1119 1557 et
1133 1501 1440 1556 sanctitate
1454 1492 2144 1568 veritatis(Ephes.1v,23).

535 1597 807 1652 Etiterum
831 1609 842 1646 :
861 1594 919 1648 Si
937 1608 1046 1664 qua
1065 1592 1247 1660 igitur
1265 1591 1329 1644 in
1349 1588 1567 1644 Christo
1584 1603 1725 1642 nova
1741 1589 2028 1650 creatura,
2053 1599 2148 1638 ve-

540 1689 668 1740 tera
689 1681 1069 1744 transierunt,
1089 1683 1145 1733 et
1167 1693 1294 1734 ecce
1309 1679 1469 1748 facta
1482 1678 1620 1732 sunt
1643 1691 1783 1730 nova
1803 1675 1880 1741 (ll
1915 1672 2042 1729 Cor.
2089 1689 2142 1730 vi

2245 543 2535 607 postquam
2596 533 2786 590 uxoris
2835 532 2978 590 Uria“:
3032 547 3216 586 amore
3275 532 3523 601 deceptus
3567 529 3655 601 (II.
3702 534 3810 603 Reg.

2248 626 2335 692 12)
2369 624 2590 678 modum
2613 622 2667 676 in
2687 622 2965 692 peccando
2988 636 3098 676 non
3122 619 3329 687 habuit,
3356 635 3422 674 ne
3443 618 3544 672 sibi
3563 619 3696 674 Deus
3727 621 3817 676 hoc

2244 709 2483 766 offensus
2509 711 2870 778 subtraheret,
2904 709 3050 780 quod
3083 713 3245 764 antea
3295 707 3534 777 placatus
3575 706 3814 778 promise-

2248 805 2353 864 rat,
2372 798 2710 856 formidavit.
2727 798 2965 868 Ideoque
2982 798 3054 852 ait
3073 815 3086 852 :
3109 787 3289 852 Redde
3306 795 3446 851 mihi
3469 796 3579 850 lwti
3586 797 3714 850 tiam
3731 813 3814 852 sa-

2251 887 2458 943 lutaris
2478 889 2581 942 tui.
2627 887 2826 942 Salutis
2875 886 2971 956 qui
3015 894 3117 952 est,
3155 885 3259 939 nisi
3314 884 3411 939 Dei
3457 884 3815 954 hominumque

2245 975 2512 1031 mediator
2531 976 2593 1046 (I.
2635 977 2777 1031 'l'im.
2809 976 2916 1045 n)?
2949 975 3028 1030 De
3102 989 3208 1046 quo
3251 973 3348 1028 iste
3396 972 3535 1027 idem
3575 972 3812 1042 Propheta

2246 1064 2303 1118 in
2333 1079 2564 1134 persona
2586 1064 2684 1119 Dei
2716 1063 2889 1118 Patris
2909 1063 3112 1119 dixerat
3141 1081 3153 1117 ε
3177 1062 3432 1134 Pmpter
3451 1061 3723 1116 miseriam
3742 1063 3817 1115 in-

2250 1166 2418 1217 Opum
2441 1156 2497 1208 et
2518 1153 2804 1224 gemitum
2825 1167 3142 1225 pauperum
3163 1166 3319 1206 nunc
3343 1165 3656 1219 exsurgam,
3693 1149 3817 1204 dicit

2250 1240 2550 1296 Dominus.
2577 1242 2792 1297 Ponam
2827 1242 2890 1296 in
2929 1240 3198 1307 salutari,
3239 1237 3580 1306 ﬁducialiter
3596 1253 3746 1308 agam
3763 1237 3816 1292 in

2253 1343 2314 1383 eo
2340 1329 2507 1396 (Psat.
2533 1328 3032 1400 xt,6).Exsurgere
3054 1327 3194 1383 enim
3245 1326 3438 1381 dicitur
3483 1326 3618 1381 Deus
3663 1327 3814 1392 Pater,

2254 1431 2376 1470 cum
2401 1413 2567 1470 filium
2591 1416 2767 1480 mittit,
2803 1417 2893 1486 qui
2912 1416 3065 1486 quasi
3096 1415 3285 1484 jacere
3318 1415 3466 1471 visus
3491 1423 3584 1481 est,
3599 1429 3817 1469 cumscr-

2254 1519 2351 1560 vos
2373 1503 2536 1558 misit.
2560 1504 2643 1557 Illi
2671 1504 2817 1560 enim
2838 1504 3109 1561 neminem
3134 1504 3347 1559 salvare
3373 1511 3645 1576 potuerunt
3687 1521 3697 1556 :
3736 1501 3818 1558 sed

2256 1593 2433 1648 Filius
2457 1593 2700 1650 hominis
2714 1594 2869 1649 venit
2883 1609 3153 1666 quarere,
3169 1596 3223 1648 et
3247 1593 3464 1648 salvum
3494 1595 3670 1663 facere
3694 1590 3818 1664 quod

2255 1680 2969 1753 perierat(Lue.,x1x,10).
3002 1682 3240 1752 Ideoque
3287 1681 3576 1752 perfectam
3621 1687 3668 1736 et
3710 1693 3817 1734 rna-

537 1773 649 1841 17).
691 1770 772 1824 Ad
803 1776 1043 1824 veterem
1077 1766 1279 1835 quippe
1309 1766 1587 1819 hominem
1635 1762 1892 1832 pertinet.
1951 1760 2139 1815 mundi
2170 1775 2224 1835 Β
2257 1777 2473 1824 neutem
2495 1769 2925 1826 salvatiouemin
2967 1786 3033 1826 eo
3077 1786 3136 1826 se
3183 1770 3482 1840 positurum
3538 1768 3729 1835 astruit,
3773 1768 3819 1822 et

535 1861 703 1930 hujus
723 1857 955 1930 gloriam
979 1854 1387 1923 concupiscere,
1430 1854 1669 1908 animum
1690 1867 1722 1906 a
1742 1852 1856 1906 Deo
1879 1859 2144 1920 avertere,

536 1947 855 2019 patientiam
908 1959 1018 1999 non
1075 1957 1316 2008 servare,
1379 1939 1835 2011 opportunitatem
1895 1937 2148 1993 vindictae

535 2035 844 2107 exquirere,
870 2030 1189 2086 melioribus
1212 2029 1516 2100 quibusque
1532 2028 1801 2100 despectis
1841 2025 2143 2098 superbire,

538 2125 720 2180 aliena
761 2120 1012 2191 diripere,
1071 2117 1295 2190 Propria
1352 2118 1601 2182 retinere,
1661 2115 1866 2170 nullum
1925 2121 2147 2186 propter

2255 1857 2311 1910 in
2341 1873 2406 1913 eo
2424 1857 2749 1913 ﬁducialiter
2776 1875 2834 1915 se
2863 1858 2996 1915 dicit
3015 1874 3200 1931 agere,
3233 1874 3394 1928 quem
3452 1864 3655 1914 constat
3703 1855 3818 1910 nihil

2255 1945 2475 2001 omnino
2504 1947 2713 2016 peccati
2742 1946 3020 2003 habuisse.
3083 1946 3185 2016 Qui
3246 1947 3389 2002 enim
3445 1945 3677 2018 gravium
3728 1943 3818 1999 sibi

2253 2035 2503 2089 conscius
2532 2042 2612 2090 est
2641 2035 2983 2104 delictorum,
3008 2051 3114 2091 non
3133 2041 3311 2107 potest
3330 2034 3639 2090 ﬁducialiter
3655 2048 3814 2106 agere,

2253 2122 2380 2193 quia
2410 2123 2609 2192 poterit
2636 2139 2761 2178 eum
2791 2124 2880 2180 vel
2901 2124 2992 2180 ille
3047 2139 3208 2195 quem
3265 2124 3496 2194 corripit
3547 2123 3816 2193 reprehen-

532 2216 712 2269 Deum
732 2209 978 2282 diligere,
1005 2208 1075 2262 de
1124 2204 1327 2260 inimici
1341 2212 1518 2260 morte
1533 2205 1799 2276 gaudere.
1814 2205 1946 2260 Haac
1963 2211 2143 2258 autem

535 2301 720 2358 omnia
748 2299 841 2353 ille
870 2295 1096 2365 respuit,
1122 2294 1212 2363 qui
1243 2295 1413 2348 Deum
1447 2293 1643 2359 induit,
1673 2293 1873 2364 quippe
1894 2292 1949 2347 in
1984 2291 2145 2347 novi-

535 2399 644 2445 tate
672 2387 796 2445 vitae
827 2384 1102 2440 ambulare
1121 2381 1423 2437 contendit.

600 2479 786 2544 (Vers.
828 2478 937 2543 12.)
952 2479 1031 2528 Ne
1040 2470 1311 2542 proficias
1327 2485 1415 2525 me
1433 2486 1467 2524 a
1479 2470 1626 2540 facie
1640 2473 1761 2532 tua,
1789 2474 1844 2526 et
1867 2470 2144 2543 Spiritum

533 2569 802 2622 sanctum
827 2567 988 2618 tuum
1012 2575 1085 2615 ne
1106 2561 1339 2628 auferas
1359 2576 1394 2614 a
1415 2573 1522 2614 me.

604 2657 691 2708 14.
722 2655 765 2706 Α
785 2650 924 2705 facie
951 2649 1050 2704 Dei
1079 2647 1388 2718 projicitur,
1411 2646 1496 2700 cui
1525 2663 1647 2718 spes
1668 2647 1840 2703 venia
1862 2655 1989 2716 post
2011 2663 2145 2716 pec-

528 2749 709 2800 catum
723 2746 981 2812 negatum
991 2778 1004 2790 .
1028 2737 1130 2806 Qui
1145 2736 1288 2790 enim
1304 2739 1622 2807 peccaverit
1639 2738 1702 2790 in
1716 2737 1994 2806 Spiritum
2004 2751 2145 2791 san-

527 2836 686 2887 ctum
697 2845 811 2886 non
829 2827 1160 2884 remittetur
1172 2824 1224 2879 ei
1236 2839 1414 2895 neque
1429 2824 1488 2878 in
1503 2825 1605 2881 hoc
1619 2826 1844 2884 saeculo.
1864 2829 1908 2892 5
1919 2827 1970 2893 0
1985 2828 2024 2890 2
2041 2838 2147 2880 ne-

526 2911 1170 2992 queirtfutu1‘0(Matlh-
1215 2928 1316 2973 ιω
1360 2912 1470 2981 3ἓ)ι
1522 2911 1657 2979 Ωιιίε
1709 2919 1792 2966 εει
1837 2920 2012 2967 autem
2058 2912 2148 2983 qui
2254 2919 2596 2975 eratdecens
2616 2916 3818 2993 tanquampotestatemhabens,etnonsicat

535 3016 724 3080 peccat
752 3014 805 3061 et
835 3004 1100 3074 Spiritum
1129 3008 1394 3068 sanctum,
1430 2999 1530 3054 nisi
1561 3000 1651 3072 qui
1682 3015 1790 3056 non
1830 3001 2000 3055 credit
2053 3017 2147 3057 re-
2256 3009 2449 3063 scriba
2469 3011 2524 3062 et
2536 3007 2808 3080 phariscei
2827 3010 2844 3078 (
2855 3009 3087 3078 Matth.,
3110 3026 3206 3074 vn,
3225 3011 3340 3080 29).
3365 3010 3528 3078 Hujus
3547 3005 3812 3079 ergosalu-

536 3096 855 3150 missionem
889 3088 1560 3163 peccatorum?Remissio
1610 3087 1753 3142 enim
1799 3095 2146 3157 peccatorum
2177 3131 2225 3196 Ο
2259 3095 2389 3150 taris
2409 3095 2561 3150 reddi
2591 3095 2829 3152 laetitiam
2859 3097 3036 3152 David
3092 3099 3350 3168 postulat,
3413 3099 3464 3151 in
3519 3112 3619 3168 quo
3667 3091 3820 3150 omnis

695 3183 726 3196 ρ.
1296 3177 1428 3196 ..τω
1469 3184 1512 3196 _.
1552 3175 2116 3196 ,Αηηψιηιμελς
2334 3188 2342 3196 .
2461 3183 2475 3196 .
2594 3191 2604 3196 -
2744 3185 2754 3196 .
2831 3185 2843 3196 .
2976 3185 2989 3196 -
3065 3193 3073 3196 -
3335 3186 3350 3196 -
3413 3194 3420 3196 .
3503 3188 3526 3196 ρ

527 3201 665 3254 opus
694 3181 929 3252 Spiritus
960 3177 1129 3233 sancti
1161 3184 1260 3232 est.
1295 3177 1434 3230 Nam
1465 3184 1518 3230 et
1545 3176 1616 3230 de
1636 3175 1905 3246 baptismo
1923 3177 2140 3242 Christi,
2178 3175 2225 3196 υ
2256 3188 2384 3238 ante
2411 3183 2709 3240 adventum
2741 3185 2913 3256 ipsius
2945 3185 3142 3240 electus
3171 3186 3452 3256 sperabah
3503 3188 3526 3197 “

531 3283 590 3336 in
619 3286 724 3342 quo
756 3266 1008 3324 remissio
1030 3271 1375 3336 peccatorum
1406 3262 1588 3316 danda
1618 3269 1751 3330 erat,
1781 3263 1917 3318 dixit
1974 3265 2143 3320 Joan-
2328 3275 2414 3325 16.
2440 3272 2507 3326 Et
2529 3273 2787 3344 Spiritus
2807 3272 3122 3345 principali
3140 3274 3418 3342 conﬁrma
3434 3289 3538 3330 me.
3561 3270 3697 3328 Solet
3712 3267 3821 3343 qui-

537 3377 634 3416 nes
658 3361 804 3432 :Ipse
823 3373 915 3414 vos
971 3353 1281 3426 baptizabit
1326 3352 1389 3405 in
1436 3351 1657 3423 Spiritu
1687 3359 1880 3410 sancto
1914 3359 1970 3410 et
2019 3355 2148 3426 igne
2255 3359 2488 3414 busdam
2506 3360 2842 3434 contingere,
2877 3369 2939 3416 ut
2969 3363 3099 3416 dum
3129 3377 3186 3417 se
3215 3369 3478 3434 purgatos
3502 3377 3595 3432 per
3612 3358 3824 3414 satisfac-

537 3448 765 3519 (Matth.
804 3463 884 3511 ιιι,
917 3447 1032 3513 11).
1073 3440 1228 3497 Unde
1249 3438 1414 3494 etiam
1435 3454 1600 3509 super
1615 3439 1946 3509 baptizatum
1968 3442 2148 3498 Domi-
2256 3449 2464 3504 tionem
2493 3456 2743 3520 reputant
2762 3450 2832 3504 ab
2864 3449 3090 3505 internae
3120 3451 3319 3506 mentis
3341 3450 3588 3507 custodia
3613 3447 3823 3504 animum

535 3552 668 3591 num
698 3536 753 3589 in
781 3531 1052 3589 columbae
1081 3527 1265 3598 specie
1295 3526 1531 3596 Spiritus
1561 3535 1783 3583 sanctus
1815 3529 2101 3586 descendit
2134 3547 2146 3592 ;
2258 3535 2558 3592 resolvant,
2593 3535 2697 3605 Qui
2728 3538 2946 3610 quidem
2974 3539 3094 3609 ipsa
3122 3539 3468 3595 mulatione
3486 3535 3733 3608 depressi,
3769 3548 3824 3588 ρο

538 3632 598 3679 ιιι
628 3640 694 3678 ex
724 3623 830 3677 hoc
859 3626 1045 3691 aperte
1061 3615 1377 3671 ostenderet
1397 3615 1523 3683 quia
1556 3616 1828 3684 spiratalis
1855 3619 2036 3690 gracia
2054 3630 2155 3688 per
2259 3625 2496 3680 deterius
2524 3635 2923 3697 corruunt,quo
2954 3626 3057 3681 sibi
3087 3627 3156 3682 de
3187 3626 3526 3700 indulgentia
3565 3622 3823 3678 blandiun-

540 3714 820 3768 Iavacrum
847 3705 1186 3778 baptismatis
1237 3702 1569 3757 credentium
1625 3705 1791 3760 corda
1846 3707 2151 3762 mandaret.
2265 3717 2361 3772 tes,
2394 3725 2548 3764 vanae
2577 3710 2696 3780 spei
2726 3711 3066 3766 securitatem
3085 3712 3428 3782 promittunt.
3468 3709 3596 3765 Inde
3613 3701 3827 3776 estquod

545 3805 624 3857 An
655 3815 764 3856 non
792 3798 848 3851 in
867 3795 1097 3867 Spiritus
1126 3799 1370 3847 sanctum
1427 3789 1557 3844 Cain
1615 3794 1878 3863 peccavit,
1939 3797 2156 3866 quando
2267 3799 2534 3869 PrOpheta
2563 3807 2778 3865 exorat,
2810 3799 2994 3854 dicens
3026 3801 3314 3856 :Laetetur
3331 3815 3426 3856 cor
3456 3814 3651 3862 meum,
3684 3792 3824 3863 503

549 3886 904 3958 dixit:Major
915 3888 997 3941 est
1015 3883 1292 3953 iniquitas
1305 3895 1429 3934 mea
1440 3895 1610 3950 quam
1624 3885 1689 3936 ut
1703 3885 1923 3938 veniam
1937 3900 2158 3940 merear
2267 3890 2332 3942 ut
2355 3889 2557 3943 timeat
2571 3903 2777 3944 nomen
2799 3892 2962 3943 tuum
2993 3888 3167 3957 (Psat.
3192 3903 3401 3956 Lxxxv,
3436 3889 3548 3959 11).
3569 3887 3682 3940 Non
3721 3877 3829 3934 dicit

551 3980 771 4048 (Cenes.
796 3992 868 4042 iv,
897 3975 983 4043 13)
1005 3974 1032 4024 ‘l
1055 3972 1118 4026 Et
1155 3968 1282 4039 quia
1329 3968 1398 4022 de
1454 3969 1612 4023 venia
1653 3969 1982 4041 desperavit,
2037 3973 2160 4028 ideo
2267 3975 2496 4044 laetatur,
2510 3984 2568 4030 ut
2596 3992 2848 4031 securum
2880 3976 2966 4044 sit,
3000 3975 3094 4030 sed
3126 3975 3357 4044 laetatur,
3391 3983 3450 4030 ut
3479 3976 3672 4030 timeat.
3701 3971 3773 4024 Ac
3793 3964 3830 4020 si

2269 4072 2452 4134 aperte
2479 4063 2622 4119 dicat
2653 4082 2666 4117 :
2696 4066 2776 4119 Ita
2823 4079 2908 4118 me
2955 4071 3255 4120 correctum
3317 4065 3483 4122 facito
3538 4059 3745 4135 gaudire
3774 4054 3832 4109 de

2269 4153 2451 4218 venia,
2481 4159 2539 4205 ut
2568 4163 2748 4207 tamen
2778 4167 3054 4223 nunquam
3083 4151 3335 4208 desinam
3361 4168 3482 4208 esse
3512 4156 3765 4221 suspectus
3778 4141 3833 4195 de

2267 4233 2453 4304 culpa.
2493 4233 2584 4289 Sic
2613 4245 2664 4288 et
2692 4237 2750 4288 in
2775 4236 2876 4290 hoc
2904 4235 3045 4304 loco,
3077 4244 3366 4307 postquam
3397 4237 3498 4291 sibi
3525 4233 3667 4290 reddi
3705 4227 3833 4284 salu-

2252 2211 2402 2278 dere,
2434 2211 2521 2267 vel
2551 2212 2877 2268 conscientia
2905 2214 3125 2284 pr0pria
3153 2213 3493 2269 remordere.
3521 2212 3818 2281 Redemptor

2253 2315 2384 2354 vero
2411 2307 2597 2355 noster
2618 2316 2682 2356 eo
2730 2301 2902 2357 libere
2954 2301 3103 2373 loqui
3154 2302 3350 2372 potuit,
3411 2317 3517 2374 quo
3567 2312 3814 2369 nunquam

2251 2388 2458 2460 peccati
2490 2389 2766 2445 maculam
2797 2405 2869 2445 ex
2898 2389 3196 2458 nativitate,
3230 2391 3322 2445 vel
3352 2390 3513 2445 etiam
3541 2405 3609 2444 ex
3636 2401 3812 2458 cpera-

2251 2477 2397 2533 tione
2414 2477 2699 2533 contraxit.
2724 2479 2880 2534 Unde
2900 2479 3069 2533 turbis
3087 2478 3405 2534 Judaaorum
3433 2485 3484 2534 et
3513 2475 3818 2548 principibus

2251 2565 2598 2621 sacerdotum
2630 2565 3004 2622 invidentibus
3033 2575 3087 2622 et
3116 2565 3525 2623 detrahentibus
3545 2564 3651 2636 ipse
3687 2563 3818 2618 dice-

2250 2653 2346 2708 bat
2379 2671 2391 2708 :
2411 2653 2544 2721 Quis
2567 2669 2641 2710 ea:
2659 2655 2806 2710 vobis
2827 2658 3037 2725 arguet
3059 2671 3148 2712 me
3169 2656 3235 2712 de
3259 2655 3674 2728 peccato(Joan.
3716 2666 3816 2717 nn,

2253 2741 2394 2811 to)?
2418 2740 2768 2798 Fiducialiter
2789 2758 2923 2815 ergo
2955 2743 3170 2815 agebat,
3214 2759 3378 2816 quem
3429 2743 3481 2798 in
3521 2741 3660 2797 nullo
3702 2754 3820 2795 con-

2253 2830 2484 2886 scientia
2512 2830 2825 2886 accusabat.
2858 2833 2997 2886 Nam
3029 2839 3083 2887 et
3110 2832 3179 2887 de
3209 2847 3273 2888 eo
3297 2833 3552 2902 scriptum
3581 2836 3676 2896 est,
3694 2825 3820 2900 quod

559 4065 693 4120 dixit
725 4082 738 4117 :
772 4066 910 4120 Ecce
937 4061 1094 4132 ejicis
1110 4074 1198 4114 me
1229 4074 1265 4111 a
1294 4056 1443 4127 facie
1477 4061 1598 4111 tua.
1633 4058 1713 4112 De
1743 4075 1849 4130 quo
1879 4067 1934 4116 et
1976 4070 2161 4131 postea

555 4154 824 4219 subditur,
848 4151 990 4222 quod
1023 4163 1275 4220 egressus
1295 4145 1362 4199 sit
1407 4159 1439 4197 a
1493 4144 1634 4199 facie
1692 4147 1936 4202 Domini.
2003 4149 2164 4203 Vides

555 4241 1009 4314 quemadmodum
1038 4238 1129 4292 ille
1160 4234 1253 4307 qui
1282 4234 1338 4285 in
1361 4230 1756 4300 desperationis
1785 4237 1994 4292 foveam
2017 4237 2164 4292 labi-

565 4342 669 4398 tur,
686 4331 872 4386 al'acie
887 4327 1710 4399 Deiprojiciatur.EtSpiritum
1723 4329 1987 4380 sanctum
2003 4329 2163 4381 tuum
2272 4323 2400 4377 taris
2429 4322 2527 4377 Dei
2559 4322 2797 4378 laetitiam
2827 4323 3000 4393 petiit,
3023 4339 3092 4380 ne
3121 4323 3222 4378 sibi
3240 4325 3498 4380 dimissus
3517 4323 3580 4378 ad
3603 4316 3837 4375 deteriora

561 4437 636 4475 ne
653 4421 881 4489 auferas
900 4433 935 4470 a
955 4431 1067 4469 me.
1091 4415 1320 4469 Attende
1342 4416 1572 4484 qualiter
1599 4412 1854 4484 postulat,
1886 4429 1953 4468 ne
2011 4429 2165 4484 spem
2195 4480 2240 4489 __
2276 4419 2572 4480 promeret,
2605 4410 2751 4467 illico
2771 4411 3054 4481 adjunxit:
3081 4413 3147 4469 Et
3161 4415 3404 4485 spiritus
3415 4406 3834 4485 principalitati-

565 4480 738 4559 venia.
755 4507 878 4570 post
903 4507 1188 4568 peccatum
1246 4480 1490 4553 simi—ttat.
1551 4480 1655 4554 Ubi
1711 4497 1943 4568 Spiritus
1997 4480 2167 4553 sancti
2195 4480 2249 4541 D
2278 4499 2801 4568 ﬁrmame.Sciebat
2819 4480 2965 4554 enim
2987 4500 3113 4572 quia
3134 4480 3347 4555 inﬁrma
3371 4480 3450 4555 est
3468 4480 3641 4555 omnis
3661 4493 3834 4554 anima,

566 4588 851 4663 praesentia
881 4595 982 4653 est,
1006 4588 1080 4641 ibi
1102 4587 1408 4656 desperatio
1437 4602 1560 4642 esse
1598 4601 1706 4642 non
1760 4593 1958 4656 potest.
2005 4586 2167 4640 Fides
2275 4587 2376 4642 nisi
2405 4587 2577 4642 sancti
2609 4587 2838 4658 Spiritus
2870 4588 3032 4643 fuerit
3059 4589 3255 4643 virtute
3287 4588 3525 4642 firmata.
3553 4586 3681 4640 Nam
3711 4586 3759 4635 et
3780 4575 3839 4630 de

572 4679 718 4735 enim
747 4677 801 4732 in
830 4676 1028 4747 Spiritu
1061 4677 1236 4744 datur,
1267 4676 1405 4732 sicut
1430 4675 1720 4746 Apostolus
1764 4675 1868 4729 ait:
1920 4674 2168 4744 Denique
2276 4676 2880 4746 apostolisdictumest:
2922 4676 3091 4735 Verbo
3113 4678 3336 4732 Domini
3351 4676 3479 4733 creti
3499 4669 3837 4743 ﬁrmatiﬂtnt

574 4773 698 4844 ipse
712 4767 963 4840 postulat
1015 4781 1116 4837 pro
1145 4764 1304 4822 nobis
1345 4764 1642 4836 gemitibus
1685 4762 2167 4819 inenarrabilibus
2277 4765 2552 4836 etspiritu
2587 4765 3424 4835 orisejusomnisvirtuseorum
3445 4753 3840 4844 (Psat.xxxn,_6)-

579 4841 908 4929 (Romuli,
934 4854 1042 4925 26).
1097 4855 1164 4909 Et
1205 4868 1369 4910 nemo
1423 4856 1483 4910 in
1516 4851 1742 4924 Spiritu
1780 4854 1878 4909 Dei
1922 4854 2169 4924 loquens,
2280 4851 2424 4921 Quid
2443 4853 2588 4907 enim
2616 4852 2874 4909 caelorum
2905 4853 3145 4924 nomine,
3176 4853 3280 4908 nisi
3317 4851 3490 4908 sancti
3517 4843 3733 4920 apostoli
3757 4841 3843 4895 de-

577 4947 716 5004 dicit
739 4946 1047 5001 anathema
1075 4945 1206 5000 Jesu
1223 4941 1280 5013 (Ι
1301 4943 1423 4999 Cor.
1442 4959 1544 5012 xu,
1568 4944 1650 5010 3).
1679 4941 1820 4996 Nam
1851 4940 1903 4994 in
1937 4955 2002 4996 eo
2051 4940 2172 4994 cla—
2281 4941 2605 5013 signantur?
2623 4939 2728 5009 Qui
2759 4940 3012 4996 nimirum
3043 4941 3334 4998 verborum
3365 4939 3623 4996 imbribus
3669 4941 3844 5019 terruit}

580 5028 2046 5104 mamus:Abbapater(Rom.vut,i5),quiascriptum
2064 5035 2170 5082 est:
2283 5029 2467 5086 cordis
2493 5029 2659 5085 nostri
2685 5029 2951 5086 inebriaut
2979 5031 3153 5101 (Psal.
3209 5041 3388 5097 xvm),
3433 5023 3633 5084 venturi
3679 5013 3846 5092 judicii

2285 5119 2448 5174 minis
2470 5127 2523 5175 et
2547 5119 2841 5175 terroribus
2867 5119 3132 5187 iutouant,
3165 5117 3546 5174 miraculorum
3591 5109 3748 5183 signis
3802 5105 3846 5157 et

2287 5223 2510 5280 operum
2539 5208 2814 5263 sanctitate
2843 5215 3144 5263 coruscant.
3178 5207 3434 5278 Denique
3467 5202 3566 5273 ipsi
3599 5199 3734 5265 sunt,
3763 5187 3843 5262 qui

2289 5304 2538 5353 enarraut
2564 5296 2796 5370 gloriam
2823 5297 2942 5352 Dei.
2975 5295 3182 5365 Quibus
3219 5294 3469 5366 profecto
3493 5299 3614 5346 tunc
3637 5282 3842 5356 Spiritus

2289 5386 2545 5444 virtutem
2607 5385 2813 5454 tribuit,
2871 5401 2992 5441 cum
3048 5385 3106 5438 in
3135 5383 3308 5457 igneis
3364 5379 3566 5452 linguis
3613 5381 3848 5457 apparens

2290 5475 2472 5545 (Act.,
2502 5475 2585 5545 ιι),
2617 5475 2676 5529 in
2703 5474 2960 5531 cordibus
2979 5456 3174 5530 eorum
3190 5470 3356 5528 divini
3389 5469 3628 5524 ﬂammas
3668 5456 3846 5516 amoris

2292 5563 2558 5621 accendit.
2586 5561 2746 5632 Quod
2775 5563 2996 5634 quidem
3011 5569 3195 5636 aperte
3214 5570 3541 5634 cognoscere
3567 5559 3848 5624 possumus,

589 5125 714 5182 Veri
723 5123 1050 5180 adoratores
1066 5120 1381 5177 adorabunt
1396 5121 1628 5174 Patrem
1643 5119 1708 5173 in
1718 5117 1928 5189 spiritu
1943 5121 1998 5173 et
2032 5118 2177 5174 veri-

589 5215 709 5269 tate
730 5214 893 5286 (Joan
907 5251 920 5266 .
957 5228 1031 5275 ιγ,
1062 5211 1153 5281 23)
1167 5249 1182 5264 .

655 5303 834 5370 (Vers.
868 5301 979 5370 13.)
998 5299 1176 5355 Redde
1197 5295 1344 5353 mihi
1383 5297 1648 5353 twtitiam
1675 5296 1949 5352 salutaris
1967 5296 2073 5363 tui,
2123 5301 2183 5353 et

590 5390 809 5460 spiritu
833 5388 1153 5462 principali
1181 5387 1462 5456 conﬁrma
1490 5402 1598 5443 me.

667 5478 756 5530 15.
788 5476 1092 5532 Laetabatur
1110 5478 1378 5548 propheta
1404 5475 1474 5531 de
1512 5474 1746 5532 adventu
1779 5474 1895 5530 Filii
1923 5474 2024 5532 Dei
2079 5490 2183 5531 an-

593 5570 812 5635 tequam
841 5572 1109 5635 peccaret,
1140 5573 1196 5622 et
1221 5571 1400 5621 certus
1430 5564 1576 5636 quod
1605 5564 1675 5620 de
1727 5579 1827 5620 suo
1881 5564 2183 5621 nasciturus
