4034 6166
183 324 277 384 593

872 320 948 377 IN
985 319 1265 377 SEPTEM
1305 318 1545 375 PSALM.
1580 317 1841 375 PCENIT.
1884 317 2287 379 EXPOSITIO.
2320 353 2392 366 —
2426 325 2617 383 PSAL.
2649 327 2742 383 IV.

3354 330 3459 389 594

184 469 223 528 si
255 467 441 541 quales
475 473 601 523 ante
639 464 830 538 quales
857 470 982 537 post
1008 463 1302 520 adventum
1330 460 1503 517 sancti
1532 457 1759 532 Spiritus
1784 441 1840 511 Α
1937 459 2114 530 (Vers.
2142 462 2257 533 15.)
2282 464 2477 521 Libera
2495 482 2586 523 me
2606 465 2673 523 de
2708 468 3102 540 sanguinibus,
3126 471 3294 540 Deus,
3315 473 3467 530 Deus

185 560 408 623 fuerunt,
438 554 866 627 perpendamus.
900 551 1011 623 Qui
1040 550 1183 608 enim
1213 550 1285 606 ad
1311 548 1624 621 passionem
1654 555 1770 605 ten-

184 647 386 704 dentem
428 646 755 718 magistrum
802 642 1075 716 fugientes
1154 638 1533 712 reliquerant(
1580 638 1760 695 Math.

182 740 348 805 τινι),
377 734 729 806 postmodum
759 747 857 804 per
883 730 1191 801 adjunctam
1203 727 1375 783 sancti
1392 725 1625 798 Spiritus
1642 742 1768 797 gra-

186 825 304 881 tiam
332 822 594 891 roborati,
625 828 936 877 constanter
962 826 1017 874 et
1040 816 1263 889 publice
1316 830 1536 872 nomem
1565 813 1763 871 Christi

180 912 561 985 praedicabant.
597 911 737 966 Nam
767 916 827 964 ut
856 907 1094 981 reliquos
1113 904 1615 977 praetermittamus,
1648 902 1769 973 ipse

182 1002 537 1073 apostolorum
565 998 821 1071 princeps
849 997 940 1069 qui
969 996 1107 1052 mori
1138 1001 1382 1049 metuens
1411 991 1574 1049 vitam
1603 1006 1769 1063 nega-

181 1098 318 1148 verat
343 1089 623 1160 (Ibidem),
654 1103 778 1144 cum
804 1086 948 1142 facto
976 1091 1262 1152 conventu,
1297 1081 1455 1138 cassis
1483 1080 1767 1151 apostolis,

184 1177 478 1235 sacerdotes
513 1186 569 1233 et
594 1176 792 1232 scribae
822 1190 890 1231 ne
918 1173 975 1229 in
1002 1172 1223 1229 nomine
1261 1169 1453 1226 Christi
1485 1168 1770 1240 loqueren-

185 1277 275 1335 tur,
304 1266 679 1339 prohiberent,
712 1263 923 1321 aiebat:
950 1261 1178 1320 Obedire
1209 1262 1426 1333 oportet
1463 1265 1572 1315 Deo
1590 1258 1770 1328 magis

181 1373 335 1428 quam
348 1354 673 1413 hominibus
699 1354 852 1426 (Act.
884 1368 944 1418 ν,
972 1351 1083 1420 29).
1100 1349 1374 1405 Caelorum
1402 1347 1569 1420 igitur
1594 1345 1769 1403 virtus

181 1443 449 1515 deSpiritu
479 1451 666 1499 sancto
696 1449 795 1509 est,
828 1440 956 1511 quia
979 1437 1324 1512 perinfusam
1358 1435 1531 1492 sancti
1543 1433 1772 1506 Spiritus

184 1532 401 1605 gratiam
442 1531 574 1587 facti
604 1538 729 1586 sunt
755 1530 810 1584 in
839 1527 1039 1584 Christi
1068 1524 1413 1583 confessione
1442 1525 1612 1581 fortes
1639 1540 1773 1597 apo-

184 1621 316 1689 stoli,
345 1622 443 1692 qui
474 1620 626 1691 prius
658 1619 874 1675 fuerant
896 1633 965 1674 ex
994 1615 1296 1688 fragilitate
1325 1615 1500 1670 carnis
1540 1613 1763 1670 inﬁrmi.

181 1711 282 1766 Nisi
311 1709 460 1766 enim
490 1706 761 1779 promissa
788 1705 1173 1762 charismatum
1207 1703 1348 1759 dona
1394 1702 1469 1757 illi
1502 1703 1773 1758 Dominici

186 1799 356 1873 gregis
383 1805 650 1870 pastores
677 1795 1034 1865 susciperent,
1066 1809 1097 1848 e
1124 1807 1245 1848 rum
1274 1790 1444 1848 corda
1472 1792 1621 1847 nullo
1652 1792 1771 1847 vir-

183 1888 297 1944 tutis
322 1888 532 1943 decore
560 1884 897 1941 claruisseut.
930 1883 1059 1939 Haec
1086 1896 1320 1953 namque
1339 1880 1514 1937 virtus
1544 1880 1775 1952 Spiritus

183 1976 306 2033 sicut
332 1976 400 2033 ab
430 1972 593 2032 omni
620 1988 904 2045 pmnarum
931 1980 984 2027 et
1012 1971 1206 2026 mortis
1220 1969 1416 2025 timore
1435 1984 1573 2042 quos
1601 1970 1774 2039 reple-

187 2067 319 2123 verit
343 2063 512 2122 eﬂicit
541 2063 771 2131 liberos,
800 2061 872 2116 ita
901 2060 971 2116 ab
995 2059 1144 2116 omni
1156 2057 1442 2114 diabolicae
1458 2058 1637 2114 reddit
1667 2066 1777 2114 ten-

182 2154 385 2211 tationis
402 2154 632 2210 incursu
642 2166 884 2207 securos.
898 2150 1091 2206 Merito
1101 2165 1234 2222 ergo
1251 2149 1337 2206 cui
1349 2146 1594 2203 salutaris
1605 2147 1705 2203 Dei
1725 2146 1782 2202 in

180 2242 552 2299 remissionem
571 2248 921 2313 peccatorum
940 2237 1127 2294 laetitia
1139 2237 1291 2295 reddi
1299 2236 1643 2308 tur,postulat
1657 2244 1712 2291 ut
1725 2236 1781 2290 in

181 2347 300 2388 vera
309 2330 623 2388 innocentia
633 2330 858 2401 spiritus
871 2325 1188 2399 principalis
1204 2326 1399 2381 virtute
1417 2324 1780 2381 conﬁrmetur.

246 2421 420 2492 (Vers.
458 2420 578 2490 it.)
590 2418 798 2477 Docebo
813 2418 1035 2492 iniquos
1056 2415 1173 2472 vias
1192 2419 1342 2484 tuas,
1359 2418 1415 2470 et
1434 2414 1606 2486 impii
1638 2413 1710 2470 ad
1727 2418 1783 2470 te

197 2512 614 2566 convertentur.

246 2597 497 2654 17.1llos
523 2596 709 2652 divina
736 2593 1025 2651 clementia
1052 2608 1087 2650 a
1114 2593 1357 2665 peccatis
1371 2609 1471 2663 per
1495 2590 1775 2648 remissio-

196 2701 309 2743 nem
334 2685 508 2743 eﬂicit
551 2684 777 2751 liberos,
805 2699 942 2755 quos
971 2683 1240 2755 praevidet
1266 2681 1490 2737 utilitati
1518 2680 1783 2737 Ecclesiae

192 2781 307 2846 post
330 2774 755 2832 conversionem
768 2772 1098 2845 profuturos.
1115 2770 1268 2827 Unde
1283 2769 1505 2825 Ananiae
1528 2769 1599 2825 de
1624 2768 1786 2824 Saulo

197 2865 360 2920 dixit:
397 2863 570 2932 Vade,
588 2863 856 2936 quoniam
877 2878 971 2918 vas
997 2860 1295 2918 electionis
1314 2857 1466 2914 mihi
1486 2861 1571 2914 est
1598 2858 1701 2914 iste
1719 2861 1784 2914 ut

1878 548 2085 604 salutis
2108 554 2589 610 mewzexsultabit
2612 556 2810 628 lingua
2828 574 2954 613 mea
2967 560 3260 629 justitiam
3284 565 3463 620 tuam.

1952 640 2038 691 18.
2069 639 2183 695 Nisi
2210 640 2465 711 primitus
2494 659 2584 699 me
2613 661 2645 699 a
2672 646 2909 714 peccatis
2964 647 3301 717 liberaveris,
3350 666 3464 706 non

1873 737 2062 799 potero
2079 729 2206 785 allis
2234 746 2354 786 esse
2409 731 2724 801 exemplum
2788 736 3233 792 conversationis.
3271 738 3467 795 Libera

1873 830 2009 888 ergo
2039 831 2125 872 me
2153 815 2221 872 de
2247 818 2624 890 sanguinibus,
2657 818 2941 876 desideriis
2986 821 3238 879 videlicet
3266 840 3467 881 carna-

1873 904 2040 972 libus,
2073 921 2193 975 quae
2222 905 2457 962 militant
2485 909 2752 963 adversus
2775 909 3037 963 animam.
3079 912 3217 967 Caro
3238 913 3384 968 enim
3415 924 3470 971 et

1874 995 2107 1064 sanguis
2129 1009 2368 1066 regnum
2382 995 2483 1052 Dei
2501 1012 2614 1052 non
2635 997 3187 1068 possidebunt.Deus
3218 1001 3364 1059 Deus
3379 1020 3470 1060 sa-

1878 1083 2016 1140 lutis
2030 1097 2188 1138 mere.
2221 1083 2364 1138 Nota
2390 1082 2445 1138 in
2472 1084 2798 1154 repetitione
2827 1087 3061 1142 nominis
3089 1104 3350 1161 magnum
3379 1093 3470 1146 af-

1877 1172 2079 1227 fectum
2108 1170 2309 1241 cordis,
2343 1171 2709 1244 quasidicat:
2739 1175 2933 1232 Merito
2995 1184 3046 1232 te
3074 1184 3133 1232 ut
3162 1193 3250 1234 me
3281 1180 3465 1238 salves

1874 1259 2092 1327 invoco,
2124 1258 2253 1329 quia
2281 1266 2338 1314 tu
2364 1261 2514 1316 solus
2539 1276 2599 1317 es
2629 1266 2819 1318 auctor
2881 1262 3070 1320 salutis
3124 1282 3289 1324 meae.
3324 1270 3470 1326 Nam

1876 1347 2103 1404 Domini
2122 1351 2207 1404 est
2226 1348 2384 1404 salus
2407 1350 2680 1418 (Psal.tu,
2731 1354 2804 1419 9).
2863 1356 2907 1408 Α
2938 1361 2988 1409 te
3016 1353 3136 1411 solo
3165 1363 3247 1411 est
3299 1358 3466 1426 salus,

1879 1435 2005 1508 quia
2034 1434 2103 1490 ab
2131 1436 2383 1492 omnibus
2428 1436 2548 1491 aliis
2574 1446 2655 1493 est
2682 1437 2982 1510 inﬁrmitas,
3015 1443 3228 1499 vanitas
3259 1445 3472 1502 vanita-

1880 1532 2012 1593 tum,
2045 1532 2099 1581 et
2125 1525 2313 1580 omnia
2364 1525 2576 1581 vanitas
2642 1527 2846 1596 (Eccle.
2868 1546 2906 1597 ι,
2932 1533 3005 1599 2).
3043 1532 3166 1587 Non
3213 1534 3476 1592 salvatur

1878 1628 1986 1669 rex
2003 1629 2107 1686 per
2143 1615 2408 1683 multam,
2456 1622 2514 1670 et
2549 1617 2705 1687 gigas
2726 1633 2841 1672 non
2868 1619 3180 1677 salvabitur
3216 1623 3279 1676 in
3317 1624 3476 1680 mul-

1884 1701 2132 1758 titudine
2165 1704 2398 1759 virtutis
2433 1720 2551 1760 sua:
2580 1703 2759 1776 (Psal.
2792 1721 2972 1775 xxxii,
3036 1712 3145 1778 16).
3207 1711 3474 1783 Denique,

1880 1791 2073 1862 fallas:
2104 1807 2278 1864 equus
2297 1792 2369 1848 ad
2388 1794 2657 1848 salutem.
2681 1794 2765 1848 Ex
2790 1795 2990 1865 quibus
3007 1796 3192 1852 verbis
3202 1799 3478 1871 colligitur

1886 1880 2033 1950 quod
2063 1895 2162 1935 nec
2189 1895 2262 1935 ex
2290 1879 2495 1936 divitiis
2524 1882 2934 1951 temporalibus,
2975 1899 3079 1941 nec
3107 1901 3173 1941 ex
3200 1890 3477 1959 corporali

1885 1965 2197 2022 fortitudine
2207 1967 2350 2023 salus
2364 1969 2695 2038 acquiratur.
2715 1972 2785 2026 Et
2796 1973 3111 2029 exsultabit
3134 1976 3334 2047 lingua
3352 1993 3482 2034 mea

1877 2056 2174 2126 justitiam
2194 2060 2375 2113 tuam.
2402 2057 2612 2112 Justitia
2623 2058 2744 2128 Dei,
2759 2057 2900 2116 ﬁdes
2925 2069 3025 2128 est,
3047 2062 3187 2118 sicut
3214 2066 3477 2135 scriptum

1885 2154 1999 2200 est:
2028 2145 2272 2201 Credidit
2290 2146 2575 2203 Abraham
2593 2150 2722 2215 Deo,
2756 2152 2814 2204 et
2837 2154 3166 2221 reputatum
3186 2157 3273 2209 est
3300 2155 3393 2210 illi
3406 2156 3481 2211 ad

1880 2233 2175 2303 justitiam
2206 2233 2399 2303 (Gem,
2424 2250 2518 2304 xv,
2548 2237 2637 2304 6);
2686 2236 2812 2307 quia
2844 2239 3041 2295 Justus
3086 2256 3162 2296 ea:
3192 2241 3304 2311 fide
3344 2244 3484 2300 vivit

1891 2323 2091 2392 (Rom,
2114 2339 2152 2390 ι,
2178 2323 2290 2393 18).
2320 2322 2376 2378 Si
2407 2339 2539 2395 ergo
2561 2324 2694 2391 justi
2722 2327 2837 2381 vita
2863 2326 3002 2382 ﬁdes
3028 2335 3130 2395 est,
3152 2344 3488 2402 consequens

1890 2418 1972 2466 est
1999 2411 2253 2467 eamdem
2283 2410 2449 2467 fidem
2477 2428 2598 2468 esse
2619 2413 2908 2482 justitiam,
2976 2416 3096 2472 sine
3122 2434 3231 2488 qua
3258 2419 3490 2491 quisque

1892 2516 2013 2555 esse
2035 2500 2216 2570 justus
2245 2517 2353 2556 non
2381 2510 2577 2573 potest.
2612 2503 2773 2560 Hanc
2818 2503 3002 2575 itaque
3064 2506 3167 2562 Dei
3221 2506 3491 2576 justitiam

1892 2588 1985 2644 ille
2014 2605 2138 2645 cum
2163 2590 2519 2647 exsultatione
2547 2591 2806 2662 enuntiat,
2838 2596 2929 2664 qui
2958 2609 3060 2651 nec
3114 2595 3300 2651 mundi
3330 2597 3492 2668 hujus

1893 2677 2115 2748 c0piam
2142 2680 2388 2749 cupiens,
2418 2696 2522 2736 nec
2544 2680 2785 2751 inopiam
2811 2690 3080 2754 metuens,
3107 2699 3328 2740 omnem
3369 2686 3491 2742 hae-

1890 2768 2119 2822 reticam
2145 2768 2469 2837 pravitatem
2498 2768 2802 2841 impugnat.
2863 2770 2961 2826 Vol
2988 2772 3195 2842 justitia
3249 2774 3355 2829 Dei
3385 2783 3489 2843 est,

1895 2855 2042 2926 quod
2065 2870 2176 2911 non
2206 2856 2318 2912 vult
2345 2864 2576 2912 mortem
2617 2858 2941 2929 peccatoris.
3007 2859 3228 2916 Homini
3290 2878 3491 2933 nempe

173 2956 345 3025 portet
364 2968 584 3011 nomen
618 2967 809 3007 meum
829 2966 1020 3007 coram
1047 2950 1328 3021 gentibus,
1349 2951 1407 3004 et
1443 2946 1685 3019 regibus,
1727 2946 1782 3002 et
1888 2944 2097 3014 justum
2126 2943 2360 3013 videtur,
2392 2953 2449 3001 ut
2476 2962 2632 3001 suam
2697 2947 2986 3003 ulciscatur
3048 2948 3305 3019 injuriam
3342 2968 3357 3006 :
3389 2952 3495 3007 Dei

173 3042 296 3110 ﬁliis
319 3042 506 3099 Israel
526 3040 680 3113 (Act.
704 3055 781 3109 ix,
812 3041 930 3108 15).
954 3038 1156 3111 Magno
1172 3037 1339 3112 igitur
1355 3036 1535 3094 fructu
1554 3036 1789 3091 dimissa
1894 3048 2026 3091 vero
2049 3032 2256 3103 justitia
2283 3041 2363 3089 est
2417 3033 2692 3091 conﬁtenti
2721 3035 2970 3092 relaxare
3000 3036 3286 3094 offensam.

176 3138 289 3186 sunt
320 3131 400 3186 illi
433 3145 473 3186 a
502 3131 623 3186 Deo
642 3135 893 3201 peccata.
919 3126 1025 3192 Qui
1054 3127 1199 3225 enim
1226 3125 1375 3197 prius
1416 3125 1778 3195 blasphemus,
1808 3166 1860 3231 Ο
1966 3121 2541 3231 (Vers.l16.)Dojmine,
2567 3122 2719 3181 labia
2740 3127 3115 3198 msaapcrics,
3138 3130 3197 3184 et
3213 3143 3274 3184 os
3285 3144 3479 3186 meum

180 3227 229 3274 et
249 3226 592 3289 persecutor,
623 3232 688 3274 ac
712 3216 1010 3287 injuriosus
1056 3213 1257 3272 exstitit
1284 3214 1347 3285 (Ι.
1387 3214 1588 3284 Τὶηι.ι).
1619 3221 1776 3284 post-
1811 3211 1860 3231 ν
1886 3211 2214 3269 onnutiabit
2247 3211 2478 3269 laudem
2501 3216 2682 3270 tuum.

180 3307 383 3363 modum
408 3307 546 3378 plus
572 3305 829 3364 omnibus
856 3303 1142 3361 laboravit.
1206 3303 1473 3374 Pr0pheta
1522 3317 1655 3373 ergo
1684 3301 1774 3372 qui
1957 3304 2044 3355 19.
2074 3300 2200 3356 Non
2226 3300 2385 3356 aliter
2408 3300 2677 3370 justitiam
2705 3309 2852 3358 tuam
2882 3304 3126 3374 proferre
3142 3313 3357 3377 potero,
3392 3308 3488 3364 nis

175 3394 331 3453 deleri
360 3395 683 3466 iniquitates
711 3410 855 3462 suas,
886 3402 937 3449 et
967 3393 1170 3465 Spiritu
1189 3399 1383 3448 sancto
1415 3389 1726 3446 conﬁrmari
1743 3405 1776 3444 a
1881 3395 1940 3444 ut
1967 3386 2110 3443 labia
2139 3403 2265 3445 mea
2289 3389 2524 3460 aperias.
2553 3390 2633 3446 Tu
2661 3405 2720 3447 es
2747 3390 2917 3459 enim,
2948 3392 3039 3463 qui
3081 3406 3178 3451 ora
3204 3396 3482 3467 superbo-

176 3481 394 3541 Domino
420 3482 690 3556 postulat,
723 3483 869 3553 quod
897 3497 1005 3538 non
1037 3482 1153 3536 sine
1185 3481 1360 3537 fructu
1390 3478 1498 3535 hoc
1525 3478 1596 3534 sit
1625 3478 1772 3532 futu-
1881 3492 2006 3531 rum
2033 3476 2287 3547 obstruis,
2319 3486 2373 3533 et
2399 3477 2617 3551 linguas
2681 3478 2972 3535 infantium
3037 3481 3271 3539 disertae
3334 3484 3475 3542 facis

173 3585 283 3626 rum
300 3570 568 3637 afﬁrmat,
600 3569 818 3627 dicens:
847 3570 1052 3626 Docebo
1080 3568 1303 3640 iniquos
1332 3568 1421 3622 via
1444 3570 1593 3621 tuas.
1627 3566 1772 3620 UNI-
1879 3564 2045 3637 (Sap.
2062 3580 2123 3637 x,
2146 3567 2258 3633 21).
2289 3567 2561 3623 Hactenus
2583 3582 2646 3623 os
2668 3583 2853 3625 meum
2878 3584 2984 3641 ego
3007 3570 3126 3640 ipse
3180 3574 3392 3644 aperui,
3427 3583 3483 3632 et

170 3672 343 3716 russi
354 3662 461 3717 vim
473 3659 706 3717 Domini
722 3658 1115 3716 misericordia
1126 3664 1183 3714 et
1203 3659 1413 3714 veritas
1432 3655 1588 3727 (Psal
1596 3670 1765 3720 .xxxv,

170 3749 265 3819 1ο).
296 3747 677 3806 Misericordia
704 3755 806 3816 est,
839 3763 949 3820 qua
1004 3746 1129 3802 sine
1156 3746 1281 3801 ullis
1336 3744 1769 3816 praecedentibus

166 3836 380 3907 meritis,
411 3836 813 3910 pauitantibus
826 3836 1044 3893 veniam
1061 3835 1269 3903 tribuit,
1304 3834 1504 3890 veritas
1533 3850 1634 3905 qua
1648 3842 1768 3905 post

168 3926 385 3995 gratiam
413 3924 732 3983 vocationis
794 3930 849 3981 et
876 3924 1072 3993 veniae,
1136 3931 1361 3994 peccata
1415 3922 1763 3994 impaeniten-

163 4015 281 4072 tium
306 4016 490 4087 punit.
526 4014 625 4070 Ille
646 4028 782 4086 ergo
806 4013 892 4068 cui
909 4021 1131 4084 peccata
1148 4012 1506 4077 dimittuntur,
1528 4010 1642 4066 vias
1660 4010 1763 4065 Dei

164 4103 361 4178 iniquos
388 4105 577 4171 docet,
599 4118 725 4158 cum
755 4102 1102 4173 peccantibus
1130 4101 1175 4155 si
1205 4100 1549 4171 resipuerint,
1569 4116 1762 4155 exem-

164 4193 246 4263 plo
274 4194 357 4249 sui
385 4207 585 4264 sepem
617 4190 1008 4258 tribuitveniaa,
1028 4198 1081 4246 et
1107 4188 1640 4256 iuconvertibilibus,
1659 4188 1759 4242 nisi

162 4280 223 4336 ad
246 4282 465 4338 veniam
495 4280 746 4349 redeant,
777 4279 943 4335 infert
973 4279 1220 4334 timorem
1248 4279 1542 4350 gehennae.
1573 4279 1640 4332 Et
1664 4277 1763 4332 im-

158 4369 231 4438 pii
246 4370 316 4426 ad
339 4375 392 4426 te
425 4372 862 4426 convertentur.
895 4366 942 4423 Ο
959 4381 1125 4437 quam
1153 4366 1302 4421 utilis
1312 4374 1392 4422 est
1411 4374 1758 4437 peccatorum

157 4457 432 4527 remissio,
465 4472 595 4528 quae
624 4470 917 4512 conversos
932 4470 1040 4512 non
1051 4454 1227 4511 solum
1245 4470 1275 4508 a
1293 4455 1530 4525 peccatis
1549 4455 1750 4509 liberos

158 4543 324 4613 etiicit,
359 4515 465 4601 sed
486 4515 665 4601 etiam
695 4544 831 4600 alios
854 4559 887 4598 a
912 4543 1003 4601 via
1056 4515 1349 4614 impietatis
1377 4549 1432 4599 et
1471 4542 1746 4612 injustitizn
1778 4515 1832 4575 D

156 4634 383 4700 retrahit,
416 4633 641 4689 ﬂamma
667 4632 949 4688 charitatis
970 4632 1415 4701 accendit.504
1481 4632 1613 4688 llaec
1668 4641 1748 4687 est

159 4720 286 4777 enim
317 4721 605 4777 cbaritatis
635 4721 862 4777 evidens
888 4720 1151 4792 probatio,
1183 4729 1241 4776 ut
1268 4722 1357 4777 cui
1389 4737 1486 4790 per
1512 4709 1746 4791 gratiam

157 4807 242 4864 Dei
266 4809 560 4881 contigerit
588 4825 626 4864 a
654 4817 1002 4879 peccatorum
1056 4808 1288 4867 vinculis
1316 4809 1475 4880 eripi,
1526 4809 1641 4880 ipse
1678 4825 1747 4864 ex

157 4897 259 4953 zelo
277 4898 511 4968 justitias
537 4898 757 4953 studeat
783 4897 855 4952 ad
885 4913 1039 4968 spem
1067 4898 1209 4954 vinas
1236 4898 1575 4967 deliquentes
1606 4898 1746 4953 hor-

156 4985 264 5040 tari.
296 4987 527 5042 Nullum
556 4985 760 5056 quippe
790 4994 897 5041 tam
926 4994 1139 5058 gratum
1170 4987 1285 5042 Deo
1314 4994 1397 5042 est
1424 4985 1747 5041 sacriﬁcium

158 5088 299 5142 quam
330 5075 484 5131 zelus
513 5075 851 5130 animarum.
890 5075 1156 5130 Exerceat
1172 5090 1305 5146 ergo
1326 5091 1389 5129 se
1419 5075 1476 5128 in
1504 5074 1590 5129 via
1622 5074 1741 5149 Dei,

156 5162 233 5215 cui
257 5163 403 5219 Deus
433 5170 659 5234 peccata
688 5162 914 5231 dimisit,
969 5163 1288 5234 ctcxemplo
1305 5179 1403 5221 suo
1432 5171 1749 5232 peccatores

158 5262 385 5322 quosque
409 5253 483 5306 ad
512 5250 849 5321 paenitentia:
882 5252 1178 5323 confugere
1206 5251 1510 5307 remedium
1540 5253 1741 5309 admo-

156 5349 290 5393 neat.
326 5340 458 5397 Non
471 5339 541 5395 sit
567 5339 731 5394 arbor
745 5339 1101 5408 infructuosa,
1119 5348 1211 5396 aut
1226 5341 1433 5397 otiosus
1462 5342 1743 5411 cperarius

158 5425 339 5491 (lath.
364 5440 487 5496 xz),
518 5427 696 5483 sciens
724 5428 849 5496 quia
876 5444 986 5482 non
1012 5429 1188 5483 solum
1217 5445 1376 5484 mane
1404 5431 1745 5485 venientibus

158 5512 217 5569 ad
239 5515 498 5571 vineanrn
526 5531 738 5571 merces
765 5515 1093 5587 promittiur,
1110 5516 1207 5572 sed
1223 5518 1386 5573 etiam
1404 5518 1548 5573 circa
1576 5519 1744 5573 unde-

161 5600 347 5659 cimam
362 5603 560 5660 horam
584 5603 791 5661 vocatis
806 5605 930 5667 vitae
946 5613 1165 5662 aeternae
1179 5605 1436 5662 denarius
1447 5606 1742 5676 praebetur.

1877 3654 2001 3710 ideo
2039 3670 2108 3710 ex
2138 3655 2452 3725 vaniloquio
2478 3664 2767 3727 peccatum
2797 3659 3251 3717 contraxit.Nunc
3279 3678 3408 3719 vero
3421 3673 3481 3719 ut

1878 3748 1933 3795 tu
1979 3743 2191 3812 aperias
2236 3744 2511 3809 desidero,
2543 3744 2819 3814 quianihil
2833 3745 2939 3801 nisi
2969 3747 3121 3819 quod
3134 3752 3478 3822 suggesseris

1877 3830 2028 3902 loqui
2057 3832 2401 3902 concupisco.
2432 3832 2580 3887 Illius
2608 3833 2754 3888 labia
2817 3835 2965 3890 Deus
2988 3836 3184 3905 aperit,
3242 3839 3334 3908 qui
3362 3855 3477 3895 non

1875 3920 2050 3975 solum
2079 3919 2207 3990 quid
2236 3920 2495 3991 loquitur,
2524 3921 2621 3976 sed
2650 3921 2816 3977 etiam
2838 3923 3080 3992 quando,
3103 3932 3158 3979 et
3176 3925 3291 3995 ubi,
3317 3935 3373 3983 et
3389 3928 3475 3983 cui

1873 4007 2128 4079 loquatur
2152 4008 2403 4063 attendit.
2431 4008 2714 4078 Sapientia
2740 4024 2980 4080 namque
3009 4010 3115 4066 Dei
3141 4011 3283 4070 dicit
3316 4015 3474 4072 :Do-

1870 4098 2063 4153 minus
2080 4096 2210 4152 dedi
2246 4098 2391 4153 mihi
2449 4097 2704 4169 linguam
2760 4098 3050 4155 eruditam
3107 4100 3264 4170 (Isai,
3307 4118 3357 4156 ι..
3389 4102 3469 4173 4).

1871 4185 2085 4258 quando
2114 4184 2326 4241 scilicet
2354 4193 2599 4256 oporteat
2657 4201 2969 4242 sermonem
3035 4187 3236 4257 dicere,
3276 4190 3472 4245 Merito

1869 4289 2003 4345 ergo
2029 4275 2249 4345 sapiens
2276 4282 2381 4345 est,
2410 4274 2538 4345 quia
2555 4275 2768 4347 accepit
2794 4290 2829 4331 a
2848 4276 3085 4333 Domino
3098 4291 3206 4348 quo
3221 4285 3471 4349 tempore

1866 4363 1971 4417 sibi
2001 4362 2332 4435 loquendum
2362 4363 2448 4418 sit.
2505 4363 2662 4420 Unde
2737 4380 2847 4421 non
2913 4365 3362 4423 inconvenienter
3389 4369 3472 4424 ait

1867 4450 2142 4523 Scriptura
2166 4472 2179 4509 :
2202 4455 2371 4509 Homo
2391 4455 2614 4525 sapiens
2662 4454 2867 4511 tacebit
2900 4470 3074 4528 usque
3108 4456 3182 4511 ad
3241 4459 3466 4528 tempus

1860 4543 2055 4612 (Eccli.
2079 4559 2168 4609 xx,
2199 4545 2276 4611 7).
2307 4543 2447 4597 Hinc
2492 4558 2701 4597 rursum
2744 4542 3005 4613 scriptum
3072 4550 3188 4599 est:
3223 4544 3322 4600 0ri
3362 4549 3462 4602 tuo

1854 4637 1947 4702 [ac
1963 4631 2173 4688 ostium
2183 4634 2240 4686 et
2261 4634 2496 4695 vectem,
2521 4634 2577 4685 et
2598 4631 2662 4685 ia
2684 4630 2868 4686 verbis
2882 4632 2996 4688 tuis
2999 4632 3211 4703 jugum
3228 4638 3288 4689 et
3302 4637 3458 4691 state

1856 4735 1980 4774 ram
2000 4720 2214 4786 (Eccli.,
2247 4733 2447 4787 xxviii,
2475 4718 2587 4789 28).
2620 4719 2685 4773 Ει
2713 4720 2944 4775 fortasse
2970 4721 3075 4776 hoc
3119 4722 3316 4777 ostium
3346 4723 3453 4779 sibi

1855 4809 2123 4878 Propheta
2150 4808 2457 4879 postulabat
2484 4824 2516 4863 a
2544 4808 2801 4875 Domino,
2838 4825 2963 4864 cum
2989 4810 3205 4866 dicebat
3237 4830 3249 4867 :
3274 4815 3449 4881 Pone,

1854 4898 2109 4963 Domine,
2121 4898 2435 4954 custodiam
2451 4898 2538 4954 ori
2547 4902 2753 4963 memet
2773 4900 2985 4954 ostium
2996 4899 3451 4955 circumstantia:

1857 4985 2023 5041 labiis
2040 4986 2178 5042 meis
2199 4985 2375 5056 (Psal.
2398 4988 2604 5056 ch,3).
2638 4987 2915 5042 Debemus
2943 4987 3090 5040 enim
3110 5002 3174 5041 os
3197 4995 3443 5042 nostrum

1854 5074 2127 5141 claudere,
2158 5081 2212 5129 et
2239 5074 2553 5145 diligentius
2581 5075 2894 5143 observare,
2960 5088 3031 5129 ne
3094 5074 3216 5146 quis
3242 5074 3297 5128 in
3334 5074 3449 5129 ira-

1853 5164 2109 5218 cundiam
2138 5162 2332 5218 excitet
2358 5178 2549 5218 vocem
2615 5170 2877 5231 nostram,
2945 5170 2999 5218 et
3060 5162 3443 5218 contumeliam

1848 5252 2208 5321 rependamus
2244 5251 2612 5306 contumeliae.
2677 5251 2879 5321 Jugum
2941 5250 3106 5306 etiam
3171 5252 3227 5306 in
3254 5249 3440 5307 verbis

1850 5342 2047 5395 nostris
2075 5355 2198 5395 esse
2226 5348 2279 5395 et
2306 5348 2508 5394 statera
2538 5337 2847 5409 praecipitur
2872 5344 2930 5392 ut
2987 5353 3149 5394 omne
3178 5340 3322 5409 quod
3351 5340 3442 5396 lo-

1852 5429 2071 5501 quimur
2099 5436 2152 5483 et
2182 5428 2478 5482 humilitate
2508 5425 2771 5492 conditur,
2803 5434 2855 5480 et
2912 5441 3162 5479 mensura
3224 5430 3439 5498 ponde-

1850 5526 2018 5572 retur.
2051 5516 2393 5573 Proferamus
2422 5529 2554 5586 ergo
2592 5528 2841 5569 sermone
2905 5513 3236 5571 examinatOs
3302 5519 3442 5578 libra

1846 5605 2089 5676 justitiae,
2121 5613 2176 5660 ut
2206 5604 2249 5659 si
2279 5602 2524 5675 gravitas
2552 5602 2607 5657 in
2637 5617 2818 5671 sensu,
2884 5602 3082 5659 modus
3127 5605 3185 5660 in
3233 5608 3439 5678 verbis,
