4034 6166
528 317 630 370 595
1737 314 1986 370 SANCTI
2026 313 2368 370 GREGORll
2408 311 2633 368 MAGNI
3704 317 3796 374 596

529 459 694 526 505
731 456 943 528 pondus
972 458 1026 512 in
1057 473 1328 515 sermone.
1360 459 1474 515 Nec
1540 457 1688 529 prius
1751 457 2025 529 loquendo
2052 472 2114 513 os
2143 439 2198 499 Α
2227 464 2570 528 peccatorum
2601 471 2823 512 suorum
2856 455 3233 511 recordatione
3263 455 3551 525 quamdam
3591 457 3790 526 spiritus

529 545 856 616 aperiamus,
924 563 1085 618 quam
1151 547 1423 619 expediat,
1509 547 1882 602 examinemus
1946 546 2118 602 verba
2227 545 2626 601 tribulationem
2655 561 2766 600 non
2794 546 2974 600 sentit.
3009 543 3167 615 Quod
3197 543 3414 614 quidem
3444 545 3681 614 reprobis
3709 547 3787 602 ia-

529 643 734 702 nostra,
767 635 810 689 si
879 636 1164 690 tacendum
1232 637 1356 702 hoc,
1423 638 1469 690 si
1499 635 1793 692 dicendum
1860 635 2118 692 adversus
2224 634 2434 689 miliare
2464 641 2580 697 est;
2615 634 2741 704 quia
2770 633 2867 688 etsi
2893 632 3188 704 aliquando
3218 639 3436 704 peccata
3482 648 3577 688 sua
3628 633 3788 690 conﬁ-

526 723 690 791 hunc,
725 726 769 778 si
798 733 1006 794 tempus
1035 725 1103 779 sit
1130 725 1398 780 sermonis
1464 724 1638 793 hujus,
1705 733 1978 794 postremo
2007 724 2052 778 si
2085 739 2118 778 a
2225 731 2453 792 teantur,
2485 738 2550 778 ea
2579 730 2759 778 tamen
2790 722 3050 778 districta;
3079 720 3560 776 animadversionis
3594 721 3790 779 ﬂetibus

523 813 719 868 virtute
747 813 1028 868 modestiae
1091 829 1198 868 non
1255 814 1552 868 dissentiat.
1623 813 1769 867 Nihil
1835 811 2113 878 indecens,
2224 828 2331 868 non
2363 820 2776 887 persequuntur.
2808 811 2977 868 Electi
3008 825 3140 866 vero
3183 810 3349 866 etiam
3379 810 3422 864 si
3453 811 3663 864 minima
3692 813 3789 868 sint

521 901 658 958 nihil
686 902 1050 971 inhonestum,
1081 901 1215 956 nihil
1249 902 1490 956 invidum
1561 916 1764 956 sonans
1830 909 2105 970 erumpat.
2224 917 2345 972 quae
2373 901 2428 956 in
2459 916 2516 955 se
2544 900 2818 971 punienda
2847 899 3144 968 inveniunt,
3174 899 3290 954 zelo
3319 898 3650 954 rectitudinis
3677 916 3790 955 con-

520 992 716 1046 Verum
750 990 877 1060 quia
904 991 973 1046 ad
1004 992 1119 1046 haec
1139 991 1323 1045 omnia
1345 991 1529 1045 idonei
1543 1006 1663 1044 esse
1676 1005 1782 1044 non
1802 1005 2111 1060 possumus,
2226 999 2304 1046 tra
2334 1005 2392 1046 se
2421 991 2606 1054 erecti,
2639 990 2705 1043 ad
2736 989 3070 1060 poenitentia:
3098 1003 3158 1043 se
3187 988 3419 1042 lamenta
3447 986 3615 1041 studio
3642 1003 3668 1043 e
3687 1002 3791 1044 suc-

523 1079 630 1134 nisi
659 1081 763 1135 hoc
793 1095 826 1134 a
856 1080 1111 1150 largitore
1141 1080 1320 1134 omnis
1349 1079 1542 1150 gratiae
1599 1078 1976 1150 percipiamus,
2012 1094 2113 1131 ex-
2222 1079 2474 1135 cendum.
2507 1077 2608 1150 Qui
2637 1079 2765 1133 dum
2794 1084 2994 1134 sancta:
3047 1075 3512 1146 contemplationis
3558 1075 3702 1145 penis
3727 1078 3788 1131 ad

523 1169 868 1224 clamandum
897 1177 980 1223 cst
1010 1169 1165 1222 nobis
1193 1183 1313 1222 cum
1346 1169 1612 1238 propheta
1644 1169 1918 1234 :Domine,
1961 1167 2109 1222 labia
2222 1167 2461 1222 cmlestia
2488 1183 2544 1223 se
2575 1167 2831 1222 intuenda
2861 1166 3093 1238 erigunt,
3152 1181 3219 1221 eo
3277 1165 3523 1220 subtilius
3555 1165 3708 1233 506
3748 1172 3787 1225 si

519 1275 645 1315 mea
665 1259 965 1330 aperies,et
989 1273 1045 1312 os
1066 1273 1255 1313 meum
1277 1256 1652 1312 annuntiabil
1677 1256 1904 1312 laudem
1930 1261 2112 1311 tuam.
2221 1257 2353 1327 quid
2383 1256 2437 1310 in
2468 1256 2601 1326 ipsis
2628 1255 2879 1310 vitiosum
2909 1254 3115 1310 latebat
3144 1253 3443 1322 inveniunt,
3474 1267 3580 1323 quo
3608 1252 3672 1308 ad
3713 1249 3791 1302 di-

517 1347 651 1402 NON
666 1351 750 1402 est
771 1347 1024 1418 speciosa
1044 1347 1169 1402 laus
1189 1346 1252 1400 in
1274 1362 1368 1402 ore
1381 1346 2110 1416 peccatoris(Eccli.xv,9).
2210 1345 2360 1422 vium
2390 1344 2527 1399 lucis
2556 1344 2858 1400 claritatem
2907 1343 3138 1399 vicinius
3195 1343 3478 1398 accedunt.
3536 1342 3793 1410 Tantaque

518 1437 758 1506 Ideoque
787 1436 1058 1506 Propheta
1086 1434 1477 1505 indulgentiam
1499 1442 1852 1504 peccatorum
1873 1433 2110 1506 primum
2220 1434 2296 1490 eis
2321 1433 2573 1504 displicet
2604 1433 2749 1504 quod
2781 1432 3048 1488 inﬁrmum
3079 1447 3145 1488 ex
3170 1447 3336 1488 carne
3365 1430 3794 1501 tolerant,quanto

516 1539 550 1580 a
581 1524 811 1579 Domino
841 1523 1064 1593 expetit,
1083 1531 1136 1578 et
1165 1523 1512 1593 postmodum
1542 1523 1757 1577 laudem
1789 1539 1844 1577 se
1873 1522 1976 1578 Dei
2007 1537 2110 1576 an-
2219 1538 2316 1578 eos
2336 1523 2576 1578 delectat
2605 1521 2750 1594 quod
2779 1520 3287 1591 cxincormptibilis
3315 1520 3442 1575 vita:
3460 1518 3797 1574 suavitatede~

517 1613 888 1667 nuntiaturum
942 1627 1062 1666 esse
1091 1611 1356 1680 promittit
1378 1629 1389 1672 ;
1411 1610 1566 1665 nobis
1582 1615 1832 1681 patenter
1860 1610 2105 1678 innuens,
2217 1615 2461 1684 gustant.
2496 1611 2650 1667 Unde
2679 1609 2736 1664 ﬁt
2766 1609 2909 1684 quod
2940 1609 3092 1680 gravi
3108 1609 3160 1663 in
3179 1609 3392 1680 seipsos
3411 1607 3495 1663 vel
3513 1623 3608 1679 pro
3629 1606 3797 1662 otiosis

517 1703 644 1772 quia
674 1701 754 1754 illi
785 1701 886 1756 soli
915 1700 1089 1754 laudis
1122 1700 1222 1754 Dei
1249 1707 1478 1769 possunt
1508 1699 1707 1754 sentire
1738 1699 2104 1767 dulcedinem,
2216 1699 2416 1765 verbis,
2451 1699 2535 1754 vel
2565 1714 2662 1770 pro
2694 1700 2853 1754 vanis
2911 1698 3336 1771 cogitationibus
3383 1696 3675 1752 invectionc
3703 1695 3794 1750 de-

516 1789 605 1861 qui
627 1794 982 1860 peccatorum
1003 1803 1222 1843 suorum
1238 1787 1822 1858 meruerintpercipere
1835 1787 2108 1843 remissio-
2134 1795 2191 1859 Β
2217 1787 2443 1843 saeviant
2469 1806 2482 1851 ;
2514 1796 2566 1843 et
2595 1803 2718 1860 qua
2748 1787 2890 1842 levia
2919 1795 3042 1843 ante
3071 1786 3432 1856 crediderant,
3463 1800 3588 1840 mox
3619 1790 3671 1838 ut
3685 1798 3797 1856 gra-

514 1895 661 1934 nem.
688 1877 842 1933 Unde
871 1877 1131 1946 scriptum
1165 1884 1243 1931 est
1269 1893 1282 1930 :
1324 1879 1518 1934 Rectos
1546 1877 1703 1932 decet
1767 1876 2108 1933 collaudatio
2218 1877 2309 1932 via
2327 1881 2382 1931 et
2410 1876 2690 1932 mortifera
2707 1875 3142 1946 perhorrescant.
3161 1873 3431 1931 Beneﬁcia
3445 1873 3544 1928 sibi
3560 1871 3794 1928 divinitus

512 1967 688 2035 (Psal.
710 1966 972 2034 xxxn,l).
1003 1964 1106 2034 Qui
1130 1965 1348 2020 hautem
1365 1965 1688 2019 laudabilius
1716 1966 1776 2019 in
1811 1966 1924 2021 Deo
1945 1981 2106 2038 quam
2216 1966 2410 2023 collata
2439 1964 2820 2035 conspiciunt,
2851 1964 3039 2034 culpas
3093 1961 3494 2019 nihilhominus
3543 1967 3793 2016 anteactae

507 2055 910 2110 misericordia?
941 2053 1998 2126 Scriptumnamqueest:Conﬁteantur
2017 2055 2111 2111 Do.
2221 2054 2292 2110 ad
2324 2053 2645 2110 memoriam
2696 2053 2974 2108 reducunt.
3037 2052 3174 2107 Vitae
3231 2050 3396 2120 hujus
3450 2047 3792 2120 corruptibilis

505 2146 660 2200 mino
683 2143 1088 2199 misericordiae
1103 2144 1224 2212 ejus
1240 2144 1416 2211 (Psal.
1437 2143 1992 2216 cxuv,10).Denique
2006 2143 2110 2198 ml-
2223 2158 2560 2199 aerumnosas
2587 2142 2941 2198 necessitates
2971 2149 3312 2206 enumerant,
3339 2146 3534 2211 quanta
3576 2139 3642 2190 sit
3693 2151 3791 2190 cie-

504 2234 1096 2304 seratinesejussuper
1125 2235 1316 2286 omnia
1339 2247 1505 2304 opera
1530 2229 1951 2303 ejus.Quamvis
1965 2231 2110 2286 enim
2222 2233 2374 2289 lestis
2402 2231 2590 2304 gloriae
2621 2231 2871 2297 felicitas,
2904 2230 2960 2284 in
2986 2229 3344 2285 meditatione
3393 2231 3724 2299 pertractant.
3759 2225 3800 2278 Δ

504 2321 780 2377 laudabile
810 2321 877 2375 sit
905 2319 1052 2392 quod
1074 2320 1356 2375 hominem
1383 2319 1450 2373 de
1482 2320 1613 2375 limo
1643 2328 1800 2375 terra:
1845 2320 2110 2382 condidit.
2223 2335 2332 2393 qua
2378 2321 2504 2391 quia
2531 2336 2630 2391 per
2657 2319 2834 2374 carnis
2861 2317 3202 2391 ﬁagilitatem
3230 2317 3432 2372 retrahi
3461 2331 3519 2370 se
3557 2314 3792 2376 sentiunt,

513 2409 842 2466 laudabilius
874 2417 1052 2464 tamen
1067 2416 1146 2463 est
1165 2409 1304 2478 quod
1323 2407 1599 2477 perditum
1612 2407 1921 2478 prapriiﬁlii
1939 2417 2114 2465 morte
2224 2409 2544 2466 validissimi
2577 2408 2792 2479 seipsos
2821 2406 3043 2462 interius
3071 2406 3232 2462 vulne
3289 2421 3323 2460 e
3379 2403 3580 2460 doloris
3629 2410 3795 2457 trans-

500 2498 1014 2567 redemit.Denique
1032 2496 1163 2550 illud
1178 2497 1462 2567 potestatis
1482 2504 1596 2562 est,
1618 2497 1720 2553 hoc
1740 2499 1951 2569 gratiae.
1974 2499 2040 2553 Et
2055 2514 2114 2554 os
2224 2497 2414 2570 ﬁgunt.
2450 2499 2590 2552 Dum
2620 2513 2754 2567 ergo
2783 2497 2902 2552 haec
2931 2495 3114 2551 omnia
3143 2503 3269 2550 ante
3301 2493 3499 2550 mentis
3525 2491 3703 2547 oculos
3726 2491 3796 2544 in-

513 2585 1845 2643 mcumannuntiabillaudemluam.Suntenim
1869 2587 2116 2657 plerique
2227 2595 2369 2642 tenta
2426 2586 2860 2642 consideratione
2915 2585 3263 2657 recolligunt,
3334 2580 3802 2639 vehementissimae

521 2677 615 2746 qui
644 2691 752 2730 non
782 2689 882 2729 suo
911 2689 1010 2729 ore
1024 2673 1252 2728 laudant
1267 2675 1457 2730 Deum.
1486 2676 1792 2744 Numquam
1812 2691 1912 2729 suo
1933 2675 2119 2731 laudat
2226 2675 2591 2730 tribulationis
2621 2676 2748 2746 igne
2779 2675 3109 2728 intrinsecus
3139 2671 3513 2728 inardescunt.
3570 2669 3693 2724 Haec
3730 2674 3805 2722 est

521 2779 615 2820 ore
644 2765 814 2818 Deum
833 2778 1325 2834 avarus,nunquam
1343 2777 1447 2818 suo
1463 2779 1556 2818 ore
1578 2763 1763 2818 laudat
1787 2763 2114 2819 luxuriosus.
2227 2764 2321 2819 illa
2351 2764 2607 2835 spiritalis
2635 2770 2946 2820 sanctorum
2977 2760 3274 2826 tribulatio,
3306 2775 3469 2832 quam
3500 2759 3554 2814 in
3573 2755 3807 2815 cordibus

508 2852 706 2908 Nonne
725 2851 877 2924 quasi
898 2851 1136 2906 alienum
1148 2867 1211 2906 os
1229 2851 1324 2905 tibi
1347 2851 1440 2907 vid
1456 2859 1576 2906 etur
1592 2866 1889 2921 assumere,
1909 2853 2038 2906 dum
2055 2868 2122 2908 ea
2229 2867 2420 2909 eorum
2451 2860 2675 2925 generat
2702 2851 3039 2921 pmnitentias
3067 2857 3122 2906 et
3151 2849 3412 2904 desiderii
3448 2847 3598 2903 dilati
3619 2845 3802 2901 amari-

513 2949 742 2996 conatur
757 2956 879 3012 quin
900 2939 955 2994 in
975 2939 1139 2995 corde
1162 2953 1270 2994 non
1301 2941 1465 2994 sentit
1511 2939 1786 3010 proferre!
1806 2941 1886 2996 De
1921 2941 2122 3012 quibus
2234 2941 2384 2996 tudo.
2417 2941 2566 2996 lianc
2596 2939 2853 2995 nimirum
2882 2940 2985 2995 Job
3015 2938 3304 3002 sentiebat,
3366 2952 3488 2993 cum
3546 2933 3750 2990 dicebat
3793 2947 3803 2984 :

510 3029 758 3101 proiecto
774 3029 1040 3101 scriptum
1063 3037 1141 3083 est
1167 3045 1178 3082 :
1208 3029 1314 3085 Cor
1337 3044 1532 3084 eorum
1581 3030 1742 3100 longe
1783 3033 1866 3084 est
1887 3046 1924 3082 a
1947 3028 2121 3084 disci-
2235 3032 2526 3103 Loquarin
2541 3031 2916 3085 tribulatione
2928 3029 3166 3100 spiritus
3177 3025 3450 3094 mei_(Job.
3471 3029 3588 3092 vn,t
3605 3021 3813 3092 t).Eleo~

510 3119 675 3191 plina
693 3121 990 3189 :proterea
1013 3133 1127 3174 non
1151 3116 1528 3174 exsultabant
1545 3117 1684 3188 (Job.
1717 3133 1854 3184 xvii,
1890 3120 1966 3186 i):
1991 3116 2122 3190 quia
2153 3144 2204 3209 α
2235 3127 2411 3174 torum
2441 3117 2640 3174 etenim
2670 3119 2886 3190 linguas
2917 3117 3190 3171 tribulatio
3219 3115 3444 3188 spiritus
3501 3115 3807 3174 commovet,

517 3207 778 3262 nimirum
793 3222 982 3262 eorum
1002 3206 1118 3261 laus
1133 3207 1200 3260 ad
1223 3207 1613 3276 omnipotentis
1631 3206 1729 3260 Dei
1748 3221 1906 3261 aures
1918 3221 2121 3276 nequa-
2162 3202 2203 3209 ⁷
2232 3215 2290 3261 ut
2317 3215 2525 3262 reatum
2556 3207 2708 3276 pravi
2738 3205 2918 3276 operis
2947 3220 3052 3260 vox
3101 3203 3464 3259 confessionis
3517 3202 3804 3272 impugnet.

528 3310 694 3367 quam
718 3295 1013 3362 extollitur,
1033 3310 1259 3364 quorum
1277 3308 1373 3349 cor
1387 3295 1623 3349 asemita
1635 3295 1862 3365 justitise
1880 3311 1979 3363 per
2011 3310 2129 3365 pra-
2237 3297 2340 3353 Cor
2358 3297 2673 3352 contritum
2694 3303 2751 3350 et
2778 3293 3207 3362 humilitatum,
3231 3295 3522 3359 Deus,non
3542 3288 3811 3361 despicies.

523 3400 608 3440 vas
633 3384 946 3439 intentionis
974 3383 1209 3436 studium
1241 3383 1550 3453 elongatur.
1590 3383 1747 3438 Tales
1775 3391 1928 3438 erant
1947 3382 2124 3450 ,iliide
2305 3387 2394 3438 22.
2418 3383 2566 3438 Multi
2599 3383 2804 3438 habent
2832 3397 2929 3438 cor
2958 3382 3263 3450 contritum,
3316 3381 3412 3452 qui
3468 3395 3577 3436 non
3633 3376 3814 3432 habent

528 3472 725 3544 quibus
740 3471 1002 3527 Dominus
1015 3469 1263 3526 dicebat:
1293 3472 1539 3540 Populus
1555 3471 1644 3526 hic
1675 3471 1836 3527 labiis
1849 3486 1940 3525 me
1953 3469 2124 3526 hono-
2235 3487 2332 3528 cor
2362 3472 2729 3528 humiliatum.
2763 3471 2898 3526 Sunt
2926 3472 3069 3526 enim
3102 3470 3349 3542 plerique
3378 3469 3494 3542 qui,
3549 3466 3644 3524 etsi
3695 3476 3815 3534 pec-

531 3564 625 3616 rat
649 3576 745 3616 ρον
765 3563 963 3616 autem
985 3573 1182 3614 eorum
1205 3559 1366 3629 longe
1389 3563 1474 3615 est
1505 3558 2120 3628 ame(llatth.,xv,8).
2238 3569 2352 3615 cata
2403 3574 2502 3615 sua
2544 3559 2760 3615 ﬂetibus
2813 3560 3062 3629 puniant,
3122 3573 3397 3630 pauperes
3454 3566 3598 3612 tamn
3646 3550 3816 3624 oppri-

600 3647 900 3719 (Vers.i7.)
923 3647 1198 3715 Quoniam
1218 3647 1269 3703 si
1289 3648 1556 3704 voluisses
1577 3647 2130 3716 sacriﬁcium,dedis-
2239 3665 2387 3704 mere
2415 3650 2692 3719 potestatis
2721 3663 2832 3703 suae
2876 3647 3248 3703 dominatione
3297 3663 3410 3702 non
3476 3650 3697 3704 cessant,
3725 3640 3817 3693 Hi-

533 3751 648 3792 sem
666 3737 860 3808 utique
888 3736 1389 3793 :holocaustisnon
1425 3735 1810 3792 delectaberis.
2240 3739 2488 3793 nimirum
2520 3753 2860 3809 nequaquam
2888 3752 3080 3809 purum
3112 3735 3443 3792 sacriﬁcium
3522 3735 3630 3788 Deo
3687 3729 3812 3786 oile-

602 3825 691 3878 20.
725 3824 943 3880 Sciebat
974 3826 1239 3895 PrOpheta
1270 3840 1367 3895 per
1390 3824 1659 3894 spiritum,
1702 3824 1827 3894 quia
1851 3823 1944 3879 illa
1974 3823 2132 3896 lega-
2240 3835 2394 3882 runt:
2428 3828 2553 3898 quia
2577 3826 2916 3882 detestabilis
2973 3824 3242 3898 superbiae
3324 3823 3460 3879 illud
3519 3820 3818 3877 admistiona

535 3913 680 3968 lium
710 3914 952 3968 instituta
981 3913 1388 3982 sacriﬁciorum,
1419 3913 1488 3968 ad
1518 3913 1806 3968 invisibilis
1831 3923 2011 3969 essent
2041 3913 2136 3968 ob-
2240 3923 2614 3986 corrumpunt.
2649 3915 2744 3971 Vel
2776 3915 2912 3970 sicut
2945 3914 3133 3969 beatus
3161 3913 3529 3984 Hieronymus
3559 3911 3644 3984 [In
3687 3909 3819 3964 hunc

539 4001 1176 4073 lationisintelligentiam
1203 4002 1767 4072 transferenda;quia
1789 4002 1923 4056 illud
1943 4016 2135 4056 verum
2240 3999 2663 4072 psalm.]hunc
2713 4000 2889 4054 locum
2947 3999 3194 4068 exponit,
3251 3997 3331 4052 illi
3388 4012 3486 4052 cor
3540 3997 3819 4056 conterunt,

537 4098 590 4144 et
617 4091 948 4161 acceptabile
977 4099 1058 4145 est
1093 4090 1417 4147 sacriﬁcium
1431 4089 1577 4162 quod
1595 4090 1797 4160 aliquis
1810 4105 1947 4161 pure
1976 4089 2138 4145 corde
2245 4088 2340 4143 sed
2371 4104 2477 4144 non
2503 4087 2808 4152 humiliant,
2843 4087 2931 4157 qui
2962 4091 3194 4157 peccata
3222 4085 3447 4156 quidem
3479 4099 3602 4157 qua
3628 4078 3823 4137 commi-

542 4178 726 4234 laudat
759 4181 952 4234 Deum.
986 4179 1142 4235 Unde
1173 4187 1226 4236 et
1254 4179 1362 4235 alio
1393 4180 1448 4233 in
1497 4179 1620 4234 loco
1672 4179 1808 4234 dicit
1843 4196 1856 4232 :
1931 4179 1997 4233 1η
2045 4194 2138 4233 me
2247 4185 2429 4232 serunt
2458 4176 2676 4243 deﬂent,
2703 4177 2800 4230 sed
2834 4183 3009 4230 tamen
3042 4175 3229 4230 eadem
3288 4173 3627 4230 committere
3681 4168 3824 4224 etiam

540 4271 678 4322 sunt
705 4269 868 4331 Deus,
895 4271 1021 4325 vola
1054 4272 1154 4324 tua
1176 4285 1297 4340 quae
1352 4266 1606 4332 reddam,
1663 4267 2020 4322 laudationes
2039 4265 2142 4320 tibi
2249 4272 2374 4337 post
2403 4265 2558 4319 ﬂetus
2585 4278 2693 4318 non
2726 4263 2930 4319 timeni.
2962 4265 3102 4318 Dum
3161 4263 3307 4317 enim
3357 4275 3597 4317 errorum
3627 4268 3825 4312 suorum

543 4355 717 4424 (Psal.
743 4371 830 4422 ιγ,
865 4359 976 4425 12).
999 4357 1067 4409 Et
1117 4355 1308 4410 iterum
1353 4355 1608 4411 :lmmola
1655 4356 1763 4410 Deo
1797 4355 2142 4423 sacriﬁcium
2253 4352 2685 4409 consideratione
2715 4353 2974 4418 revocati,
3008 4353 3079 4407 ad
3109 4367 3174 4406 ea
3215 4367 3340 4420 quas
3390 4351 3699 4404 dimiserant
3748 4359 3828 4396 re-

544 4443 730 4497 lauds‘s
751 4444 926 4511 (Psal.
951 4443 1308 4513 xux.ii).Et
1332 4459 1543 4498 rursum
1563 4443 1944 4510 :Sacriﬁcium
1963 4443 2145 4498 laudis
2174 4505 2218 4513 ﬁ
2259 4443 2442 4508 deunt,
2474 4456 2532 4495 se
2561 4448 2748 4495 contra
2769 4441 3103 4495 conditorem
3132 4457 3289 4494 suum
3320 4455 3423 4510 per
3450 4454 3615 4510 opera
3660 4431 3824 4505 pravi-

549 4505 943 4601 honorilicabit
965 4548 1072 4589 me.
1094 4505 1228 4586 Cum
1242 4547 1373 4603 ergo
1391 4533 1714 4588 dixisset'Os
1733 4505 1920 4588 meum
1939 4547 2145 4586 annua
2174 4505 2227 4565 D
2259 4531 2381 4584 tatis
2409 4505 2697 4585 extollunt.
2737 4530 2813 4583 Ex
2844 4528 3118 4600 superbiae
3145 4505 3385 4601 namque
3414 4505 3551 4583 vitio
3579 4523 3827 4592 εει,ιίωο-

555 4619 720 4674 tiabit
743 4620 968 4676 laudem
986 4622 1336 4690 tuam,illico
1357 4621 2034 4689 subjunxitzQuoniamsi
2057 4635 2150 4675 vo-
2261 4634 2373 4674 rem
2406 4618 2502 4672 Dei
2553 4626 2923 4682 contemnere,
2985 4617 3284 4672 conditoris
3338 4622 3615 4686 praecepta
3665 4619 3828 4681 prava

557 4707 756 4762 luisse:
768 4709 1134 4778 sacriﬁcium,
1155 4711 1429 4766 dedissem
1445 4711 1742 4782 utique.Ac
1754 4709 1795 4763 si
1815 4709 1958 4762 dicat
1977 4725 1989 4761 :
2007 4708 2151 4762 Lau-
2261 4707 2492 4762 actionis
2521 4705 2950 4778 transgressione
2979 4705 3216 4770 calcare,
3246 4705 3486 4760 ccclestis
3510 4704 3633 4758 vita;
3649 4696 3827 4771 gaudia

546 4794 2153 4868 distibioﬂ‘eramsacriﬁcium,sciensquia,carnaliumnolis
2261 4809 2515 4850 mansura
2541 4793 2844 4865 negligere:
2897 4793 3261 4848 damnationis
3313 4800 3594 4862 perpetuae
3645 4784 3831 4842 inﬁnita

551 4884 950 4941 observantiam
963 4886 2154 4955 ceremoniarum.Quoniamsivoluissessa-
2263 4884 2488 4955 suplicia
2519 4898 2627 4937 non
2657 4882 2869 4936 timere.
2908 4881 3131 4936 Illorum
3162 4896 3299 4952 ergo
3325 4879 3644 4935 sacriﬁcium
3698 4875 3826 4929 Deus

555 4973 1146 5044 criﬁcium,dedissem
1163 4979 1352 5046 utique
1367 4975 1831 5033 holocaustisnon
1848 4972 2160 5029 delectabe-
2264 4988 2371 5027 non
2402 4971 2616 5040 accipit,
2659 4971 2747 5039 qui
2777 4971 3025 5040 lacrymis
3049 4967 3268 5041 quidem
3311 4985 3370 5023 se
3421 4959 3833 5037 compunctionis

565 5063 665 5117 ris.
692 5064 820 5118 Ideo
843 5064 968 5120 nolo
990 5064 1259 5119 conﬁdere
1278 5065 1329 5117 in
1349 5064 1580 5117 carnalis
1599 5064 1702 5116 ritu
1721 5060 1988 5127 sacriﬁcii,
2028 5061 2159 5132 quia
2266 5060 2504 5123 abluunt,
2539 5057 2633 5113 sed
2658 5058 2882 5123 eisdem,
2915 5073 2946 5112 a
3003 5058 3200 5127 quibus
3255 5065 3382 5111 ante
3443 5054 3676 5110 mundati
3727 5061 3834 5104 esse

554 5151 668 5208 scio
693 5159 741 5206 te
762 5152 1033 5208 hircorum
1056 5162 1108 5208 et
1123 5155 1359 5209 arietum
1375 5151 1652 5208 occisione
1703 5165 1808 5205 non
1867 5149 2145 5204 delectari.
2263 5149 2533 5215 videntur,
2564 5155 2907 5216 peccatorum
2940 5145 3169 5201 maculis
3198 5146 3251 5199 in
3280 5145 3516 5215 idipum
3535 5145 3833 5198 revertentes

558 5240 638 5295 Tu
660 5257 718 5295 es
738 5241 885 5296 enim
917 5242 1007 5312 qui
1029 5241 1206 5297 dixisti
1237 5261 1249 5296 :
1276 5243 1392 5298 Non
1411 5240 1689 5311 accipiam
1702 5239 1768 5294 de
1789 5237 1948 5294 domo
1969 5242 2065 5293 tua
2084 5239 2155 5292 vi-
2265 5237 2600 5292 sordescunt.
2631 5235 2711 5290 De
2738 5234 2936 5289 talibus
2967 5234 3221 5304 scriptum
3242 5241 3319 5288 est
3343 5233 3474 5300 :Qui
3489 5230 3833 5303 baptizatum

563 5329 928 5398 tulos,neque
943 5331 1009 5385 de
1023 5331 1280 5401 gregibus
1320 5331 1437 5384 luis
1475 5329 1658 5384 hircos
1690 5327 1847 5394 (Ibid.
1879 5340 2031 5391 xux,
2065 5330 2148 5393 9).
2265 5329 2489 5381 mortuo
2525 5327 2582 5378 et
2601 5324 2813 5378 iterum
2835 5323 3022 5391 tangit
3043 5337 3192 5389 eum,
3215 5321 3349 5394 quid
3382 5320 3605 5393 prodest
3643 5312 3833 5370 lavatio

640 5417 816 5480 (Vers.
841 5419 946 5485 18).
965 5419 1328 5487 Sacri/icium
1344 5416 1709 5489 Deo,spiritus
1737 5414 2158 5471 contribulatus
2259 5416 2380 5484 eius
2408 5412 2602 5484 (Eccli.
2627 5413 2888 5475 xxxiv,3o
2911 5409 2940 5465 τ
2958 5409 3055 5463 ille
3074 5411 3274 5481 quippe
3305 5409 3518 5463 lavatur
3550 5421 3582 5460 a
3615 5408 3827 5489 mortuo,

564 5517 660 5557 cor
677 5484 990 5561 contritum
1014 5510 1069 5562 et
1093 5484 1459 5562 h'ums'tiatum
1473 5484 1625 5560 Deus
1641 5519 1752 5559 non
1775 5502 2067 5574 despicies.
2265 5503 2358 5572 qui
2387 5517 2485 5570 per
2516 5498 2886 5570 panitentiam
2916 5498 3204 5552 mundatur
3231 5511 3263 5550 α
3288 5496 3550 5567 peccatio.
3592 5492 3752 5561 Quem
3786 5484 3826 5540 si

633 5592 721 5643 2t.
768 5592 1133 5665 Nequaquam
1197 5610 1322 5652 vere
1375 5591 1748 5664 paenitentiam
1785 5591 1918 5661 agit,
1948 5589 2040 5660 qui
2079 5603 2152 5644 ex
2264 5587 2549 5658 contigerit
2599 5586 2792 5643 eadem
2831 5603 2952 5657 qua:
3003 5587 3270 5659 punierat,
3325 5583 3566 5640 iterando
3614 5582 3818 5651 pecul!
