4034 6166
193 356 285 410 597
887 357 962 413 IN
1006 355 1277 414 SEPTEM
1314 354 1554 412 PSALM.
1598 352 1859 412 PCENIT.
1900 352 2308 411 EXPOSITIO.
2340 385 2408 397 —
2448 357 2634 412 PSAL.
2680 356 2769 412 ιν.

3375 358 3481 411 ὕ98

190 477 534 546 committere,
562 477 696 534 nihil
726 480 1022 543 contulisse
1069 481 1284 539 videtur
1326 480 1574 537 adhibita
1602 480 1767 536 satis-
1797 479 1852 542 A
1885 477 2084 535 bitasse
2133 479 2488 550 perhibentur
2533 478 2815 551 (Ibidem).
2871 478 3005 535 Cum
3054 481 3196 536 enim
3242 480 3484 536 Christus

193 568 436 625 factionis
463 568 688 632 lavatio.
712 586 877 642 quem
900 571 1189 627 maculavit
1215 570 1554 627 inhonestius
1583 571 1780 627 iterata

192 656 434 712 facinoris
478 658 780 729 turpitudo.
828 658 967 729 Quia
995 660 1160 734 igitur
1185 661 1444 732 scriptum
1470 668 1554 715 est
1585 676 1597 713 :
1634 659 1778 715 Deus

196 746 437 817 superbis
474 748 714 815 resistit,
744 747 1053 805 humilibus
1089 753 1281 805 autem
1319 750 1418 805 dat
1458 750 1703 821 gratiam
1732 747 1780 816 (l

192 835 333 891 Petr.
357 851 411 899 v,
432 836 492 904 5)
513 853 527 897 ;
560 836 683 892 illos
704 837 796 908 qui
815 837 1182 909 superbiendo
1203 836 1274 893 ad
1289 844 1506 909 peccata
1527 837 1774 909 redeunt,

193 922 365 979 divina
384 923 603 993 iustitia
629 927 853 997 respuit.
887 927 1015 983 lllos
1039 942 1173 983 vero
1217 926 1307 997 qui
1355 926 1682 983 continendo
1723 934 1777 984 et

190 1011 515 1069 bumiliando
560 1022 680 1085 post
728 1024 944 1087 tergum
990 1031 1099 1072 non
1140 1016 1455 1086 respiciunt,
1488 1016 1777 1073 clementia

188 1100 278 1156 Dei
329 1116 441 1156 non
499 1102 756 1173 despicit,
813 1105 939 1175 quia
992 1105 1250 1177 scriptum
1294 1110 1422 1160 est:
1456 1106 1635 1177 Prope
1690 1109 1777 1162 est

184 1191 453 1247 Dominus
500 1192 590 1248 his
620 1195 717 1265 qui
746 1194 1021 1251 tribulato
1051 1197 1188 1250 sunt
1218 1194 1409 1261 corde,
1441 1196 1499 1249 et
1526 1192 1774 1251 humiles

184 1280 380 1351 spiritu
409 1280 660 1338 salvabit
688 1284 926 1353 (Psalm.
960 1299 1151 1348 xxxm,
1186 1288 1298 1357 19).

246 1368 419 1435 (νει-ε.
455 1371 572 1441 19.)
601 1373 849 1445 Benigne
877 1374 990 1443 fac,
1019 1376 1273 1442 Domine,
1304 1375 1366 1431 in
1399 1375 1539 1432 bona
1577 1375 1771 1431 volun-

183 1460 291 1513 tate
321 1462 423 1515 tua
453 1460 609 1525 Sion,
642 1465 708 1516 ut
737 1461 1098 1531 aediﬁcentur
1126 1464 1279 1520 muri
1307 1465 1643 1521 Jerusalem.

244 1547 327 1601 23.
352 1547 493 1603 Sion
518 1549 817 1620 speculatio
847 1552 1245 1622 interpretatur,
1268 1569 1364 1624 per
1391 1570 1548 1624 quam
1581 1559 1770 1608 sancta

177 1632 503 1708 signiﬁcatur
518 1638 776 1694 Ecclesia.
802 1638 938 1709 Quia
960 1642 1016 1695 in
1036 1640 1487 1698 eminentioribus
1507 1641 1766 1698 virtutum

178 1724 489 1781 etscientiae
519 1727 695 1783 locata
724 1729 989 1802 vestigiis,
1039 1739 1091 1786 et
1137 1731 1413 1787 caelestem
1457 1730 1689 1801 patriam
1735 1745 1765 1785 a

175 1809 321 1884 longe
346 1815 643 1907 prospicit,
672 1824 725 1907 et
752 1817 1018 1874 irruentes
1061 1818 1380 1891 spiritalium
1430 1819 1765 1875 inimicorum
1796 1844 1850 1907 Β

177 1915 365 1957 cuneos
394 1902 647 1960 interiori
675 1905 868 1963 intuitu
915 1908 1289 1979 deprehendit.
1343 1907 1438 1963 Cui
1471 1909 1612 1964 Deus
1641 1917 1767 1963 tunc

178 1987 399 2063 benigne
427 1990 579 2061 fecit,
604 1995 827 2066 quando
858 1996 1027 2052 tilium
1058 2013 1215 2053 suum
1237 1995 1292 2051 in
1314 1996 1573 2053 mundum
1598 1997 1776 2068 misit.

180 2078 397 2135 Veniens
448 2089 629 2137 autem
662 2083 828 2139 Filius
856 2085 976 2153 Dei,
1009 2102 1171 2161 quam
1208 2087 1369 2154 507
1403 2086 1474 2141 de
1502 2087 1775 2144 diabolica

177 2171 430 2235 potestate
462 2166 639 2236 eripit,
674 2177 918 2225 sanctam
966 2170 1073 2226 sibi
1123 2173 1425 2230 Ecclesium
1472 2175 1528 2230 in
1569 2177 1772 2233 unitate

181 2253 383 2323 spiritus
443 2256 860 2314 confoederavit.
912 2259 990 2316 De
1047 2278 1152 2332 quo
1204 2263 1439 2319 Joannes
1482 2264 1555 2320 ait
1604 2283 1616 2321 :
1670 2266 1776 2334 Qui

179 2341 327 2399 habet
366 2360 660 2417 sponsam,
705 2363 945 2421 sponsus
984 2354 1069 2406 est
1112 2350 1338 2423 (Ioann.
1369 2368 1452 2418 ιιι,
1488 2353 1597 2423 19).
1631 2352 1771 2424 Quid

177 2438 341 2487 autem
372 2433 692 2506 benignius,
718 2453 879 2507 quam
915 2438 1103 2494 Filium
1130 2440 1225 2496 Dei
1255 2441 1506 2498 servilem
1539 2442 1770 2499 formam

176 2519 385 2577 induere
406 2523 651 2597 (Philip.
674 2525 761 2596 ιι),
784 2527 971 2582 mortis
993 2527 1206 2602 legibus
1227 2528 1528 2599 subjacere,
1555 2533 1773 2603 preprio

177 2610 428 2682 sanguine
481 2626 584 2667 nos
630 2613 918 2685 redimere,
950 2624 1168 2674 aeterne
1198 2617 1323 2674 vita:
1352 2618 1577 2685 aditum,
1613 2637 1772 2692 quem

179 2697 326 2770 culpa
353 2699 716 2769 obstruxerat,
740 2705 989 2775 aperire;
1021 2720 1247 2777 corpore
1268 2723 1368 2763 suo
1398 2724 1498 2763 nos
1527 2723 1770 2779 pascere,

183 2794 231 2873 et
257 2787 319 2843 de
349 2788 703 2845 tenebrarum
733 2800 1005 2862 potestate
1034 2804 1240 2862 erutos,
1264 2796 1334 2850 ad
1355 2796 1632 2853 cmlestem
1653 2798 1773 2870 glo-

177 2874 297 2930 riam
317 2883 369 2932 et
390 2878 465 2933 ad
483 2893 713 2950 regnum
731 2896 832 2936 nos
849 2881 987 2937 lucis
1011 2885 1311 2941 transferre
1327 2885 1355 2938 ‘l
1378 2884 1518 2954 Quid
1542 2886 1775 2959 denique

179 2962 458 3039 benignius
491 2982 652 3039 quam
685 2970 831 3039 quod
863 2969 1009 3026 Deus
1054 2972 1270 3029 tradidit
1313 2973 1503 3041 ﬁlium,
1535 2983 1593 3030 ut
1622 2976 1769 3030 redi-

179 3062 335 3110 meret
362 3057 636 3111 servum?
657 3056 1050 3131 Benignitatem
1080 3061 1431 3118 nihilominus
1462 3063 1559 3118 Dei
1590 3064 1772 3135 quoti-

178 3139 253 3196 die
276 3145 441 3200 sentit
495 3145 769 3213 Ecclesia,
817 3163 939 3203 eum
989 3148 1137 3205 illam
1185 3152 1336 3207 Deus
1373 3151 1612 3208 claritate
1660 3169 1772 3209 sua?

1887 584 2015 626 vere
2056 569 2123 623 sit
2154 569 2372 638 Oriens,
2420 569 2688 640 propheta
2735 576 3018 624 attestante
3063 570 3153 640 qui
3193 570 3309 625 ait:
3346 570 3481 625 Ecce

1885 660 1973 714 uir
2006 658 2202 715 Oriens
2246 674 2455 715 nomen
2486 660 2607 729 ejus
2637 658 2834 728 (Zach.
2869 675 2941 725 v1,
2976 658 3100 728 12);
3148 659 3215 713 de
3260 657 3482 714 Oriente

1883 746 2127 814 veniunt,
2160 748 2254 817 qui
2283 762 2315 801 a
2346 747 2534 801 Christi
2567 747 2840 802 consortio
2871 747 3012 800 male
3042 747 3278 802 vivendo
3325 763 3480 802 rece-

1883 834 2034 891 dunt.
2059 836 2298 891 Senuaar
2324 843 2505 891 autem
2535 835 2916 905 interpretatur
2941 835 3188 889 excussio
3218 834 3477 904 dentium,

1882 924 1999 979 sive
2029 924 2191 979 laetor
2213 940 2423 980 eorum.
2466 925 2527 979 In
2556 938 2754 993 campo
2785 938 2916 993 ergo
2946 922 3192 978 Senuaar
3218 924 3480 992 habitant,

1883 1012 1974 1084 qui
1999 1012 2166 1082 positi
2196 1028 2302 1068 non
2335 1013 2389 1067 in
2418 1012 2733 1068 celsitudine
2783 1012 3059 1079 virtutum,
3108 1013 3205 1067 sed
3251 1013 3303 1065 in
3352 1013 3477 1082 pla-

1880 1102 2013 1156 nitie
2062 1100 2333 1168 vitiorum,
2367 1109 2420 1156 et
2459 1102 2851 1157 detractionum
2897 1102 3166 1155 morsibus
3212 1101 3490 1172 proximos

1879 1191 2135 1258 lacerant,
2168 1198 2221 1245 et
2249 1191 2303 1245 in
2335 1191 2525 1246 otiosa:
2553 1192 2680 1245 vitae
2709 1189 2996 1245 volutabro
3035 1190 3302 1259 jacentes,
3338 1190 3487 1243 infa-

1881 1282 1985 1336 nite
2013 1296 2124 1335 sum
2161 1281 2584 1352 circumquaque
2632 1280 2884 1334 fetorem
2934 1280 3207 1334 exhalant.
3241 1277 3484 1347 Quorum

1878 1368 2070 1425 dentes
2099 1373 2222 1425 tunc
2252 1370 2594 1439 omnipotens
2640 1368 2861 1435 excutit,
2913 1384 3035 1422 cum
3084 1368 3298 1423 illorum
3346 1368 3485 1422 facta

1878 1458 2041 1513 simul
2070 1466 2125 1514 et
2154 1458 2320 1514 verba
2345 1457 2646 1513 confundit.
2680 1458 2836 1513 Unde
2869 1472 2966 1525 per
2994 1458 3313 1527 prophetam
3344 1457 3484 1511 scri-

1877 1554 2027 1616 ptum
2059 1554 2172 1601 est:
2198 1547 2402 1602 Dentes
2421 1550 2795 1618 peccatorum
2818 1547 3146 1602 contr-ivisti
3166 1547 3282 1615 (Ps.
3307 1561 3381 1614 ιιι,
3407 1549 3479 1616 8).

1877 1635 1943 1690 Et
1966 1635 2156 1691 iterum
2180 1651 2197 1688 :
2222 1637 2489 1692 Dominus
2509 1639 2767 1692 conteret
2786 1636 2982 1691 dentes
2996 1651 3191 1691 eorum
3209 1636 3269 1690 in
3283 1651 3381 1691 ore
3398 1637 3485 1708 ἰρ-

1876 1740 2096 1791 sarum;
2117 1724 2294 1781 molas
2319 1726 2539 1781 leonum
2563 1726 2881 1796 confringet
2900 1725 3173 1780 Dominus
3188 1726 3363 1793 (Psal.
3383 1741 3477 1793 vn,

1879 1815 1991 1881 57).
2024 1814 2160 1867 Nam
2211 1813 2277 1867 de
2327 1812 2515 1868 fcetore
2564 1828 2750 1868 eorum
2798 1829 2898 1883 per
2943 1812 3107 1867 alium
3154 1815 3479 1884 prophetam

1879 1903 2137 1972 scriptum
2166 1909 2283 1957 est:
2313 1901 2808 1975 Computruerunt
2829 1903 3099 1972 jumenta
3136 1903 3197 1957 in
3235 1907 3479 1959 stercore

1879 1991 2162 2062 suo(Joet.
2187 2007 2224 2058 ι,
2246 1993 2355 2060 17).
2377 1991 2823 2061 Computrescere
2843 1991 3109 2060 jumeuta,
3129 1999 3209 2046 est
3236 1992 3481 2047 carnales

1880 2079 2128 2134 homines
2155 2080 2209 2133 in
2240 2080 2433 2134 tmtore
2454 2079 2686 2133 luxuriae
2707 2079 2872 2134 vitam
2896 2077 3064 2133 ﬁnire.
3090 2081 3157 2134 Et
3180 2080 3346 2134 Isaias
3366 2080 3435 2133 ait
3464 2097 3476 2135 :

1880 2169 1951 2224 Et
1980 2169 2091 2223 erit
2115 2183 2221 2241 pro
2256 2170 2420 2224 suavi
2446 2168 2613 2225 odore
2644 2170 2841 2238 fmtor,
2876 2182 2977 2241 pro
3006 2185 3147 2223 zona
3177 2170 3480 2239 funiculus

1881 2257 2017 2325 (Isa.
2046 2272 2126 2323 ιιι,
2150 2258 2259 2327 ει).
2290 2256 2431 2326 Quia
2457 2256 2711 2310 nimirum
2743 2256 2795 2310 bi
2828 2256 2981 2325 pravi
3013 2256 3197 2325 operis
3228 2257 3473 2311 factorem

1883 2345 2151 2415 emittunt,
2184 2346 2275 2416 qui
2321 2344 2534 2416 abjecto
2582 2344 2800 2417 cingulo
2848 2345 3129 2413 castitatis,
3179 2345 3475 2400 funiculum

1881 2435 2130 2490 intexunt
2157 2435 2413 2491 lascivia.
2438 2434 2515 2489 De
2545 2433 2743 2506 quibus
2771 2432 2968 2489 dicitur
2998 2450 3097 2505 per
3114 2433 3436 2504 prolibetam
3462 2451 3474 2487 :

1891 2524 1986 2579 Vm
2005 2525 2101 2597 qui
2126 2524 2306 2579 trahit
2324 2526 2559 2597 peccata
2580 2526 2729 2579 sicut
2750 2526 2959 2578 restem
2984 2524 3207 2594 longam
3226 2524 3384 2593 (lsai.
3421 2540 3473 2591 v,

1882 2613 1993 2682 18).
2026 2613 2211 2668 Merito
2234 2627 2365 2683 ergo
2388 2612 2475 2682 qui
2496 2611 2549 2665 in
2574 2610 2818 2667 Senuaar
2844 2610 3105 2680 habitant,
3131 2612 3199 2666 de
3221 2611 3483 2667 lateribus

1882 2701 2153 2757 civitatem
2185 2699 2484 2769 aediﬁcant,
2535 2700 2663 2772 quia
2713 2700 2803 2772 qui
2838 2690 3079 2755 terrenis
3125 2699 3290 2755 dediti
3340 2706 3480 2768 sunt,

1882 2789 2246 2860 voluptatibus
2293 2789 2474 2844 carnis
2518 2788 2856 2855 inserviunt,
2903 2788 2970 2843 de
3014 2789 3192 2860 fragili
3257 2788 3488 2843 materia

1882 2879 2078 2934 mentis
2107 2879 2459 2933 mutationem
2490 2877 2764 2932 attollunt.

1953 2970 2043 3022 25.
2078 2966 2348 3022 Caeterum
2384 2966 2471 3035 qui
2502 2973 2816 3035 contempta
2846 2972 3176 3020 terrenarum
3206 2979 3373 3035 opum
3402 2979 3489 3021 cu-

1882 3056 2106 3129 piditate
2139 3055 2303 3125 508
2314 3108 2331 3142 ,
2366 3062 2416 3109 et
2447 3053 2682 3109 carnalis
2732 3055 2855 3109 vitm
2902 3053 3165 3109 abdicatis
3193 3054 3484 3142 illecebris,

1883 3162 1984 3218 per
2031 3161 2201 3216 opera
2259 3141 2557 3199 sanctitatis
2610 3143 2862 3197 virtutum
2902 3142 2956 3196 in
2990 3142 3185 3214 seipsis
3244 3141 3488 3197 sanctiﬁ—

177 3232 495 3302 cognitionis
520 3197 810 3304 illuminat,
846 3236 985 3293 inter
1007 3238 1186 3294 δεδουιί
1220 3239 1461 3296 turbines
1499 3240 1767 3297 tlnctuan-
1799 3197 1850 3261 Ο
1880 3197 2143 3290 (tationem
2172 3232 2527 3296 accumulant,
2561 3231 2613 3285 bi
2645 3232 2888 3302 profecto
2928 3197 3125 3285 lateres
3176 3230 3229 3284 in
3279 3230 3488 3299 lapides

177 3325 270 3373 tem
294 3321 520 3391 spiritus
566 3323 649 3378 sui
693 3323 889 3380 virtute
920 3325 1219 3395 continuat,
1251 3329 1527 3384 suavitatis
1566 3329 1768 3385 intimas

176 3406 372 3465 deliciis
400 3408 602 3479 reﬁcit,
636 3420 796 3485 atque
838 3430 938 3485 per
977 3431 1094 3471 eam
1147 3417 1499 3487 peccantibus
1543 3425 1768 3488 peccata

179 3495 400 3555 dimittit.
454 3498 523 3553 Et
551 3502 851 3556 notandum
882 3504 1026 3573 quod
1057 3505 1131 3560 ait
1159 3521 1173 3558 :
1207 3504 1275 3562 In
1299 3506 1442 3563 bona
1472 3508 1767 3563 voluntate

179 3587 284 3653 tua,
315 3595 369 3641 ut
408 3587 693 3662 intelligas
742 3591 876 3646 nihil
920 3591 1219 3662 perfectum
1263 3594 1449 3649 haberi
1498 3610 1655 3667 posse
1698 3611 1766 3650 ex

177 3672 387 3737 meritis,
418 3675 522 3729 sed
552 3682 756 3730 tantum
785 3677 1021 3733 conferri
1050 3678 1285 3751 gratuito
1316 3695 1539 3735 munere
1567 3680 1767 3735 divinae

178 3759 549 3818 miserationis.
606 3765 673 3822 Ut
710 3765 1069 3835 aediﬁcentur
1095 3769 1249 3824 muri
1276 3766 1617 3825 Jerusalem.
1662 3770 1767 3824 Per

175 3847 482 3919 Jerusalem,
503 3868 625 3923 quae
644 3852 784 3909 visio
798 3855 949 3926 pacis
963 3855 1365 3926 interpretatur,
1378 3862 1567 3913 sancta
1584 3857 1766 3913 anima

176 3939 444 4009 accipitur,
502 3956 632 4011 quae
687 3941 925 3998 futuram
973 3953 1279 4000 sanctorum
1326 3959 1519 4016 pacem
1566 3945 1765 4008 mentis

174 4027 355 4083 lotuitu
385 4030 689 4100 conspicit;
723 4038 777 4086 et
806 4030 1062 4087 omnibus
1091 4032 1145 4087 in
1174 4050 1234 4089 se
1262 4032 1598 4090 mortiﬁcatis
1629 4036 1761 4090 hos-

175 4113 319 4182 tibus,
351 4117 672 4172 illicitorum
700 4127 940 4175 motuum
970 4121 1438 4194 impugnationem
1478 4137 1584 4177 non
1630 4138 1761 4176 sen-

172 4203 239 4259 tit.
291 4205 455 4275 Cujus
506 4208 643 4261 muri
702 4208 927 4265 virtutes
974 4218 1133 4279 sunt,
1185 4228 1323 4283 quos
1366 4210 1457 4266 ille
1505 4210 1759 4265 nimirum

170 4292 399 4361 aediﬁcet,
425 4295 520 4368 qui
548 4310 619 4351 ex
651 4297 1145 4368 operibusjustitiae
1176 4309 1230 4354 et
1260 4299 1491 4370 pietatis,
1516 4298 1758 4370 spiritale

171 4392 464 4440 construere
497 4383 791 4440 aediﬁcium
821 4402 929 4442 non
960 4396 1152 4443 cessat.
1178 4388 1554 4457 Unusquisque
1576 4395 1755 4441 autem

1877 3330 2105 3378 mutant.
2149 3323 2214 3376 Et
2263 3336 2438 3391 neque
2487 3319 2541 3374 in
2587 3335 2752 3374 arena
2799 3319 3091 3374 mundanae
3147 3318 3489 3375 conﬁdentiae

1876 3410 2178 3482 spiritalem
2211 3418 2530 3465 structuram
2553 3407 2768 3481 erigunt
2794 3408 2845 3475 (1
2866 3407 2986 3464 Cor.
3009 3406 3095 3479 κ),
3121 3408 3216 3462 sed
3248 3408 3303 3461 in
3335 3417 3488 3478 petra

1876 3500 2025 3566 ﬁdei,
2060 3514 2179 3571 qua:
2199 3498 2444 3555 Christus
2481 3505 2559 3552 est
2596 3497 2816 3563 (Matth.
2842 3497 2961 3562 vn),
2999 3496 3131 3550 atria
3163 3496 3293 3550 nulli
3326 3496 3483 3550 exci-

1877 3590 1967 3643 dio
1998 3586 2255 3654 obnoxia,
2275 3588 2341 3641 ad
2365 3586 2775 3641 similitudinem
2800 3585 3142 3656 Evangelicaz
3165 3584 3309 3639 illius
3328 3600 3485 3655 para-

1874 3676 2018 3732 bole
2073 3673 2424 3730 constituunt.
2464 3674 2621 3729 Tales
2669 3674 2922 3728 nimirum
2970 3682 3116 3728 recte
3167 3689 3293 3728 cum
3346 3672 3485 3728 lsaia

1872 3772 2098 3836 possunt
2118 3764 2297 3818 dicere
2317 3781 2328 3817 :
2350 3764 2573 3818 Latere:
2594 3762 2947 3829 ceciderunt,
2969 3762 3065 3817 sed
3085 3762 3317 3834 quadris
3342 3760 3485 3834 lapi-

1872 3853 2038 3910 dibus
2058 3853 2460 3923 (ediﬁcabimus
2483 3871 2501 3908 :
2532 3867 2841 3924 sgeomoros
2867 3853 3255 3919 succiderunt,
3270 3852 3368 3907 sed
3383 3862 3479 3908 ce-

1871 3943 1999 3998 dros
2039 3941 2469 3997 immutabimus
2508 3939 2660 4008 (Isai.
2704 3955 2780 4007 ix,
2821 3942 2929 4009 10).
2966 3939 3243 3994 Lateribus
3272 3942 3476 4010 quippe

1871 4030 2216 4093 cadentibus,
2275 4027 2541 4097 lapidibus
2587 4028 2809 4098 quadris
2859 4026 3112 4096 aediﬁcat,
3169 4028 3473 4097 quicunque

1868 4119 2047 4175 carnis
2077 4117 2351 4172 lasciviam
2384 4116 2684 4186 disciplinae
2706 4113 2992 4170 strictioris
3014 4116 3199 4186 rigore
3222 4117 3468 4187 castigat,

1868 4208 1962 4280 qui
1991 4207 2363 4262 membrorum
2394 4205 2573 4277 legem
2604 4203 2799 4259 mentis
2825 4203 2948 4275 lege
2976 4211 3211 4273 superat,
3238 4203 3325 4272 qui
3356 4220 3472 4257 cor-

1866 4297 2016 4369 poris
2064 4294 2432 4352 fortitudinem
2483 4294 2699 4363 spiritus
2743 4292 2936 4347 virtute
2982 4299 3298 4348 commutat.
3330 4292 3471 4347 Hinc

1865 4400 2096 4455 namque
2129 4400 2223 4455 per
2253 4383 2572 4455 prophetam
2607 4381 2835 4435 dicitur:
2864 4380 3272 4450 Quiconﬁdunt
3296 4382 3353 4435 in
3370 4381 3468 4435 Do-

169 4468 471 4542 Jerusalem,
505 4480 598 4527 aut
628 4473 921 4546 Babylonis
967 4475 1100 4532 civis
1139 4484 1239 4530 est.
1286 4475 1434 4532 Sicut
1480 4475 1621 4532 enim
1662 4492 1759 4547 per
1862 4468 2365 4537 mino,mutabunt
2388 4466 2793 4538 fortitudinem
2814 4466 2945 4532 (lsa.
2967 4466 3191 4532 xn,3l).
3218 4465 3466 4534 Quiunm

169 4573 394 4616 amorem
426 4558 534 4617 Dei
564 4570 782 4617 sanctus
809 4562 1039 4634 quisque
1066 4563 1362 4619 Jerusalem
1407 4564 1543 4621 civis
1586 4563 1759 4619 efﬁci-
1791 4547 1844 4611 D
1870 4575 1977 4613 non
2010 4558 2165 4625 dixit,
2198 4555 2480 4626 accipient,
2512 4556 2606 4609 sed
2641 4553 2949 4621 mutabunt,
2997 4561 3182 4623 aperte
3226 4554 3471 4609 ostendit

170 4652 281 4709 tur;
312 4647 387 4704 ita
417 4665 517 4721 per
539 4664 779 4706 amorem
810 4652 1014 4719 saeculi,
1048 4652 1233 4708 omnis
1260 4652 1478 4725 iniquus
1506 4652 1561 4706 in
1591 4651 1762 4723 Baby-

170 4731 317 4792 lonia
346 4745 621 4794 structura
650 4748 918 4811 operatur.

231 4823 315 4880 24.
349 4825 440 4881 Ad
470 4828 897 4882 construendum
939 4836 1117 4885 autem
1166 4830 1326 4900 hujus
1370 4830 1625 4901 spiritalis
1656 4832 1761 4886 Ba—

171 4910 392 4982 bylonia
441 4913 753 4983 artiﬁcium,
800 4917 1040 4987 perversi
1088 4919 1289 4991 quique
1336 4919 1478 4975 illius
1524 4922 1762 4992 antiquae

173 4999 319 5059 Babel
369 5003 534 5073 (Gen.
585 5006 670 5073 χι)
721 5003 998 5061 imitantur
1039 5007 1365 5078 exemplum.
1407 5008 1596 5078 Cujus,
1627 5019 1762 5066 teste

171 5100 338 5147 sancta
386 5090 670 5163 Scriptura
698 5133 713 5154 .
763 5093 997 5150 civitatis
1048 5104 1329 5163 auctores,
1375 5105 1428 5152 et
1468 5113 1570 5168 pro
1618 5099 1762 5153 saxis

170 5175 369 5245 lateres,
402 5189 457 5235 et
480 5196 581 5251 pro
614 5190 877 5238 cmmento
908 5183 1149 5239 bitumen
1194 5184 1448 5241 habuisse
1490 5186 1760 5258 leguntur.

173 5262 259 5319 Per
285 5266 431 5338 quod
463 5267 790 5340 intelligitur
813 5271 956 5341 quod
989 5273 1176 5326 mundi
1216 5281 1489 5329 amatores
1535 5275 1765 5330 carnalis

175 5353 285 5409 vitae
323 5363 651 5412 construunt
698 5359 1074 5431 municipium,
1107 5360 1249 5432 quod
1299 5361 1371 5416 ad
1418 5362 1525 5419 vim
1572 5371 1767 5419 vento—

176 5453 301 5510 rum,
334 5453 390 5499 et
430 5445 667 5515 impetus
712 5446 881 5516 ﬂuvii,
914 5447 1058 5503 facili
1101 5448 1337 5520 impulsu
1380 5450 1642 5507 velociter
1689 5462 1769 5509 est

178 5528 569 5588 subruendum.
608 5533 916 5591 Notandum
948 5552 1077 5592 vero
1107 5545 1187 5592 est
1214 5537 1339 5607 quia
1368 5537 1446 5593 illi
1475 5539 1541 5593 de
1571 5539 1768 5611 quibus

183 5617 365 5689 agitur,
396 5619 469 5675 de
497 5620 724 5678 Oriente
754 5623 991 5693 venisse,
1023 5633 1075 5679 et
1105 5625 1158 5680 in
1189 5641 1382 5695 campo
1407 5626 1651 5683 Senuaar
1674 5630 1768 5683 ba-

1867 4647 1994 4718 quia
2025 4646 2134 4701 alia
2164 4652 2245 4700 est
2276 4644 2532 4699 fortitudo
2564 4659 2683 4714 quae
2702 4643 3008 4712 deponitur,
3031 4650 3082 4697 et
3105 4643 3213 4698 alia
3234 4658 3353 4713 quae
3376 4658 3471 4696 no-

1869 4743 2005 4798 viter
2034 4742 2338 4797 inchoatur.
2372 4740 2584 4794 Habent
2613 4740 2756 4794 enim
2790 4739 2956 4795 sancti
2979 4740 3074 4794 viri
3098 4757 3250 4795 suam
3284 4742 3335 4795 in
3370 4742 3471 4798 hac

1870 4847 2031 4887 carne
2055 4830 2215 4901 positi
2243 4828 2636 4895 fortitudinem,
2659 4844 2777 4883 cum
2811 4828 2893 4884 vel
2927 4845 3023 4899 pro
3052 4827 3159 4884 ﬁde
3179 4838 3467 4898 certantes,

1870 4927 2133 4975 tormenta
2159 4917 2343 4973 omnia
2364 4917 2679 4972 constantia:
2698 4918 2892 4970 virtute
2909 4916 3231 4985 despiciunt,
3256 4917 3340 4972 vel
3364 4925 3471 4972 ten-

1873 5010 2102 5065 tationes
2130 5006 2430 5062 diabolicas
2461 5005 2627 5060 armis
2658 5004 2987 5074 spiritalibus
3016 5005 3240 5073 protecti
3286 5005 3466 5074 repel-

1872 5100 2006 5153 lunt.
2052 5099 2133 5152 De
2163 5096 2240 5152 eis
2268 5111 2506 5166 numque
2536 5110 2634 5165 per
2661 5094 3005 5148 Salomonem
3036 5093 3293 5162 scriptum
3336 5099 3419 5145 est
3452 5112 3465 5151 :

1874 5189 1955 5242 En
1990 5183 2269 5242 lectulum
2299 5182 2613 5241 Salomonis
2638 5181 2943 5251 sexaginta
2987 5181 3166 5250 fortes
3208 5179 3471 5233 ambiunt

1874 5292 1948 5331 ex
1976 5274 2305 5347 fortissimis
2342 5273 2517 5327 Israel
2538 5270 2728 5339 (Cant.
2753 5285 2833 5335 ιιι,
2857 5266 2931 5337 ‘7).
2967 5266 3239 5321 Lectulum
3271 5266 3472 5338 quippe

1875 5362 2182 5420 Salomonis
2197 5360 2360 5416 fortes
2371 5358 2638 5424 ambiunt,
2653 5356 2779 5427 quia
2796 5355 3038 5408 intimam
3056 5355 3227 5407 nostri
3253 5354 3479 5409 Redem-

1874 5451 2048 5523 ptoris
2069 5450 2336 5521 requiem,
2356 5446 2523 5502 sancti
2546 5444 2742 5514 quique
2760 5442 3033 5496 indefessa
3046 5441 3297 5496 desiderii
3311 5442 3470 5497 sedu-

1874 5539 2025 5594 litate
2054 5535 2501 5606 contemplantur.
2533 5533 2672 5586 Hinc
2703 5531 2770 5585 de
2800 5538 2984 5584 sancta
3012 5528 3254 5586 Ecclesia
3276 5533 3475 5588 electo—

1875 5644 1995 5685 rum
2028 5627 2222 5681 dicitur
2255 5642 2269 5679 :
2297 5621 2585 5679 Fortitudo
2625 5624 2680 5677 et
2717 5621 2881 5676 decor
2910 5617 3314 5676 indumentum
3347 5623 3467 5691 ejus
