4034 6166
510 324 614 378 599

1709 317 1958 374 SANCTI
1999 317 2341 375 GREGORII
2379 316 2615 374 MAGNI

3695 330 3789 385 600

516 449 703 518 (Prov.
738 459 898 513 xxxx,
928 444 1038 514 25).
1063 443 1169 514 Qui
1199 444 1343 499 enim
1373 446 1447 500 ita
1477 460 1537 501 se
1565 444 1620 499 in
1649 443 1933 500 virtutibus
1959 443 2117 499 deco-
2145 443 2202 505 A
2231 451 2455 516 peccato
2485 439 2680 498 orabit.
2712 442 2774 495 In
2807 447 3013 497 tantum
3044 458 3279 516 namque
3305 454 3572 518 peccatum
3599 450 3793 523 delebi-

515 550 639 589 rum
670 533 912 600 exhibet,
938 541 995 588 ut
1024 540 1206 588 tamen
1237 535 1590 590 tentationum
1622 532 2123 606 impugnationibus

516 639 626 679 non
658 631 950 694 repugnet,
982 623 1069 677 hic
1098 622 1350 677 nimirum
1381 623 1581 679 decore
1610 622 1677 678 ad
1710 630 1921 693 tempus
1947 621 2123 678 indui-

519 719 626 777 tur,
660 712 756 765 sed
789 710 1102 767 fortitudine
1151 726 1494 783 nequaquam
1536 710 1781 768 vestitur.
1830 709 1965 779 Quia
1994 725 2122 766 vero

521 801 692 856 sancti
726 800 823 855 Dei
856 807 908 854 et
937 815 1006 855 ex
1034 800 1292 870 cperibus
1322 800 1550 870 justitia
1588 799 1804 871 fulgidi,
1835 807 1888 854 et
1915 815 1984 855 ex
2018 798 2122 854 ad-

520 888 881 945 versariorum
913 895 1177 959 apparent
1205 887 1708 959 impugnationibus
1736 888 1940 954 vestiti,
1975 896 2124 943 recte

526 977 595 1033 de
625 964 706 1033 eis
736 976 835 1030 sub
867 984 992 1047 typo
1012 976 1273 1031 Ecclesia
1296 976 1493 1032 dicitur
1516 992 1528 1032 :
1553 976 1847 1033 Fortitudo
1877 981 1932 1032 et
1959 976 2126 1032 decor

524 1066 932 1121 indumentum
948 1067 1089 1136 ejus.
1111 1064 1369 1137 Quisquis
1389 1081 1521 1136 ergo
1544 1064 1757 1120 inﬁrma
1770 1064 1951 1120 carnis
1973 1064 2124 1120 forti-

525 1154 717 1209 tudine
748 1160 1079 1223 contempta,
1126 1153 1179 1207 in
1222 1154 1381 1207 virile
1426 1153 1646 1223 spiritus
1685 1153 1850 1208 robur
1888 1152 2121 1210 animam

526 1242 744 1307 excitat,
770 1241 921 1312 quasi
954 1241 1148 1296 lateres
1175 1241 1230 1296 in
1260 1258 1409 1309 saxa,
1431 1242 1624 1312 quibus
1652 1242 1793 1297 muri
1820 1242 2124 1297 Jerusalem

524 1329 878 1397 adiﬁcentur,
911 1337 1228 1385 commutat.
1276 1331 1564 1386 Possumus
1590 1345 1807 1401 quoque
1834 1346 1935 1400 per
1966 1330 2125 1385 Jeruo

522 1420 712 1485 salem,
756 1418 903 1473 illam
948 1425 1190 1473 sanctam
1239 1419 1518 1475 civitatem
1568 1418 1842 1488 accipere,
1886 1435 2007 1490 qua
2054 1434 2124 1473 ex

520 1508 659 1564 vivis
706 1507 983 1577 lapidibus
1013 1508 1065 1561 in
1105 1507 1260 1563 calis
1308 1506 1640 1563 construitur
1678 1507 1869 1579 (Apoc.
1901 1508 2039 1576 xxx),
2072 1514 2125 1562 et

519 1597 660 1655 sicut
683 1611 887 1666 sponsa
923 1604 1113 1651 ornata
1150 1596 1271 1652 viro
1302 1611 1399 1652 suo
1429 1612 1461 1651 a
1490 1597 1611 1652 Deo
1640 1603 1884 1667 paratur.
1922 1597 2002 1651 De
2031 1595 2126 1649 illa

523 1696 758 1752 namque
789 1679 917 1735 dicit
946 1688 1259 1750 apostolus:
1282 1682 1390 1737 Illa
1410 1685 1607 1737 autem
1626 1697 1748 1752 quae
1777 1696 2005 1737 sursum
2039 1684 2126 1735 est

520 1770 838 1825 Jerusalem
865 1770 1040 1825 libera
1069 1774 1175 1835 est,
1191 1786 1313 1841 qua:
1329 1773 1413 1825 est
1431 1772 1619 1825 mater
1647 1773 1845 1825 nostra
1869 1767 2022 1835 (Gal.
2048 1784 2124 1836 xv,

519 1860 629 1926 26).
652 1857 788 1926 Qua
817 1858 1014 1913 merito
1046 1858 1242 1914 dicitur
1262 1858 1456 1925 libera,
1475 1857 1602 1929 quia
1628 1857 1699 1912 ab
1729 1857 1881 1912 omni
1897 1872 2121 1927 corrup-

519 1947 681 2001 tionis
710 1945 957 2001 molestia
987 1946 1258 2002 invenitur
1287 1946 1486 2001 aliena.
1510 1947 1626 2001 Nec
1645 1946 1943 2017 incongrue
1966 1947 2120 2001 Jeru-

519 2034 690 2089 salem
707 2034 920 2101 dicitur,
941 2050 1061 2104 (ina
1087 2050 1271 2089 veram
1289 2034 1344 2088 in
1362 2034 1540 2105 seipsa
1562 2049 1754 2105 pacem
1770 2033 1889 2088 sine
1908 2034 2124 2090 defectu

519 2122 818 2195 experitur.
850 2123 947 2177 llla
977 2130 1059 2178 est
1088 2122 1232 2177 enim
1265 2123 1462 2178 civitas
1481 2121 1653 2193 pacis,
1675 2122 1732 2177 in
1751 2137 1915 2194 quam
1947 2123 2124 2178 nullus

518 2211 695 2266 hostis
725 2210 1045 2282 ingreditur,
1078 2219 1131 2265 et
1160 2226 1228 2265 ex
1270 2226 1375 2282 qua
1416 2209 1596 2265 nullus
1634 2210 1766 2266 civis
1805 2210 2112 2282 egreditur.

523 2298 742 2367 Civitas,
775 2298 1016 2369 inquam,
1050 2298 1207 2368 cujus
1235 2297 1428 2369 platea
1455 2313 1587 2354 auro
1625 2297 1828 2353 mundo
1866 2306 2120 2353 sternun-

521 2395 608 2443 tur
636 2389 825 2459 (Apoc.
860 2390 1009 2455 xxx),
1044 2393 1096 2440 et
1124 2386 1179 2440 in
1209 2400 1315 2457 qua
1354 2385 1622 2442 canticum
1661 2385 1864 2441 latitia
1910 2385 2119 2442 indesi-

526 2483 715 2530 nenter
742 2482 1006 2529 cantatur.
1049 2472 1185 2541 Qua
1231 2473 1484 2545 quidem,
1528 2473 1575 2528 si
1618 2482 1676 2529 ut
1720 2474 1984 2545 scriptum
2013 2482 2118 2542 est,

527 2577 639 2618 non
668 2565 797 2633 eget
825 2560 958 2627 sole,
1008 2576 1187 2631 neque
1229 2562 1394 2629 luna;
1443 2562 1570 2632 quia
1611 2577 1735 2619 cum
1779 2562 1926 2617 illam
1972 2563 2122 2618 Deus

525 2649 815 2721 prasentia
842 2665 954 2704 sua
980 2648 1241 2705 claritatis
1268 2648 1553 2719 illuminet,
1585 2649 1918 2722 impossibile
1947 2659 2035 2707 est
2063 2659 2122 2707 ut

522 2754 638 2793 eam
671 2738 854 2808 aliqua
883 2736 1133 2809 caliginis
1151 2736 1492 2794 obumbratio
1512 2738 1783 2795 obscuret.
1804 2740 1948 2797 Deus
1965 2740 2121 2797 enim

534 2826 640 2880 lux
670 2828 773 2893 est,
795 2824 935 2878 sicut
963 2825 1037 2878 ait
1058 2824 1114 2878 in
1142 2824 1391 2895 Epistola
1414 2841 1512 2881 sna
1538 2827 1772 2882 Joannes
1799 2827 2117 2898 apostolus;

525 2918 580 2969 et
606 2913 852 2969 tenebra:
880 2915 944 2969 in
973 2929 1035 2969 eo
1064 2929 1180 2971 non
1205 2917 1344 2969 sunt
1373 2915 1509 2970 ulla
1539 2915 1727 2985 (Joan.
1751 2931 1789 2984 x,
1822 2916 1922 2985 vx).
1956 2914 2121 2985 Quod

519 3002 567 3055 si
606 3008 752 3057 tanta
781 3009 864 3056 est
894 2999 1112 3058 claritas
1152 3001 1285 3057 solis
1315 3010 1374 3057 ut
1406 3010 1571 3059 totam
1617 3008 1738 3058 ortu
1785 3019 1881 3059 suo
1928 3011 2121 3059 terram

515 3089 809 3155 illuminat,
842 3098 1041 3159 quanta
1070 3090 1401 3145 astimanda
1428 3098 1507 3146 est
1534 3091 1638 3146 Dei
1667 3091 1904 3158 claritas,
1939 3092 2028 3163 qui
2070 3103 2125 3150 et

2228 540 2332 597 tur,
2362 539 2419 586 ut
2447 531 2613 588 etiam
2641 544 2800 602 pana
2828 532 3031 602 peccati
3061 534 3284 590 omnino
3327 535 3639 606 destinatur,
3669 540 3796 597 sicut

2228 621 2488 691 scriptum
2511 627 2589 675 est
2615 637 2627 673 :
2651 620 2925 691 Absorpta
2943 624 3029 677 est
3053 636 3206 678 mors
3231 640 3265 678 a
3299 625 3548 682 victoria.
3580 628 3672 686 Ubi
3695 633 3791 698 est,

2228 724 2402 776 mors,
2416 709 2655 767 victoria
2667 711 2767 764 tua
2780 708 2810 761 ?
2822 708 2917 766 ubi
2937 713 3044 777 est,
3063 725 3235 780 mors,
3251 713 3479 770 aculeus
3499 719 3628 771 tuus
3645 717 3674 769 ?
3687 717 3795 773 Sti-

2229 800 2422 856 mulus
2446 799 2601 855 enim
2627 798 2827 854 mortis
2856 803 3153 870 peccatum
3166 802 3426 871 est(lbid.
3443 820 3532 873 xv,
3556 806 3658 875 55).
3692 807 3797 861 Ne-

2230 886 2471 943 cessario
2498 885 2575 941 ibi
2602 894 2886 956 peccatum
2914 886 3112 943 deesse
3140 889 3500 959 convincitur,
3522 890 3610 946 ubi
3630 895 3800 951 mortis

2231 972 2455 1029 aculeus
2484 986 2593 1027 non
2622 970 2906 1026 invenitur.
2947 972 3071 1027 Non
3101 972 3268 1046 igitur
3291 983 3501 1045 oportet
3530 976 3604 1033 ibi
3630 977 3796 1035 offerri

2231 1072 2329 1128 pro
2351 1063 2573 1127 peccato
2596 1053 2949 1119 sacriﬁcium,
2970 1055 3064 1110 ubi
3086 1072 3185 1113 nec
3204 1058 3258 1112 in
3276 1058 3598 1131 cogitatione
3623 1061 3801 1118 admit-

2232 1141 2362 1195 titur
2389 1139 2666 1195 delictum.
2704 1136 3049 1195 Sacriﬁcium
3094 1140 3278 1212 itaque
3308 1142 3534 1212 justitiae
3566 1146 3726 1202 sancti
3749 1148 3801 1202 in

2230 1233 2431 1280 aterna
2472 1224 2582 1278 vita
2626 1223 2742 1278 Deo
2787 1220 3031 1292 offerent,
3081 1224 3208 1295 quia
3253 1227 3312 1281 in
3360 1226 3477 1282 solo
3527 1229 3803 1286 conditoris

2232 1324 2419 1365 amore
2449 1306 2658 1373 intenti,
2690 1305 2996 1362 indefessas
3026 1310 3425 1366 remuneratori
3453 1327 3550 1368 suo
3565 1311 3617 1366 in
3636 1313 3803 1369 latitia

2231 1397 2413 1455 cordis
2441 1394 2634 1451 laudes
2665 1395 2865 1451 dicent.
2899 1394 3053 1452 Unde
3084 1396 3355 1469 Scriptum
3382 1406 3462 1455 est
3498 1419 3510 1455 :
3544 1402 3692 1458 Beati
3718 1402 3804 1473 qui

2231 1482 2497 1539 habitant
2518 1480 2579 1535 in
2598 1479 2757 1535 domo
2781 1484 2901 1550 tua,
2915 1480 3168 1548 Domine,
3182 1481 3244 1535 in
3265 1484 3473 1540 saecula
3488 1486 3803 1541 surculorum

2235 1567 2546 1623 laudabunt
2586 1569 2641 1621 te
2684 1565 2922 1632 (Psalm.
2956 1581 3176 1633 Lxxxm,
3210 1567 3287 1636 5).
3335 1567 3403 1622 Et
3434 1567 3623 1625 iterum
3652 1588 3664 1623 :
3698 1572 3806 1627 Vox

2233 1654 2643 1712 exsultationis
2672 1658 2730 1710 et
2761 1653 2969 1708 salutis
3007 1654 3070 1708 in
3118 1654 3505 1713 tabernaculis
3539 1659 3806 1729 justorum

2237 1741 2472 1808 (Psalm.
2487 1753 2658 1806 cxvn,
2685 1738 2790 1808 15).
2806 1737 2958 1793 Tunc
2975 1736 3269 1793 electorum
3292 1755 3513 1795 suorum
3532 1740 3809 1798 oblationes

2236 1828 2381 1883 Deus
2409 1833 2664 1896 acceptas
2694 1824 2938 1893 habebit,
2971 1824 3099 1898 quia
3128 1834 3346 1881 sanctas
3377 1843 3561 1883 eorum
3596 1828 3809 1885 medita-

2231 1917 2403 1971 tiones
2434 1915 2633 1970 nullius
2662 1913 2945 1986 pravitatis
2975 1914 3232 1970 admistio
3262 1917 3691 1973 commaculabit.
3717 1919 3811 1975 llo-

2228 2004 2474 2061 locausta
2491 2002 2839 2058 nihilominus
2860 2017 3047 2058 eorum
3071 2003 3321 2075 accipiet,
3345 2004 3472 2076 quia
3487 2013 3653 2062 totum
3681 2007 3813 2079 quod

2228 2093 2284 2147 in
2310 2092 2389 2148 eis
2419 2091 2551 2160 erit,
2602 2090 2821 2146 ﬂamma
2870 2090 3076 2147 divina
3126 2091 3414 2149 charitatis
3461 2095 3723 2150 accendet.
3753 2095 3813 2150 Et

2230 2185 2367 2237 tunc
2385 2182 2682 2253 imponent
2698 2195 2870 2252 super
2880 2181 3068 2236 altare
3085 2185 3246 2238 tuum
3258 2181 3495 2240 vitulos.
3510 2183 3704 2253 Altare,
3724 2182 3811 2239 Dei

2230 2269 2380 2324 ﬁlius
2409 2277 2509 2338 est,
2538 2269 2606 2324 de
2637 2284 2744 2340 quo
2774 2268 2893 2338 ipse
2922 2269 3188 2324 Dominus
3216 2270 3326 2325 ait:
3352 2272 3553 2328 Altare
3580 2271 3642 2328 de
3670 2276 3813 2328 terra

2227 2358 2453 2427 facietis
2476 2355 2620 2412 mihi
2652 2356 2856 2426 (Exod.
2894 2372 3042 2425 xxxv,
3076 2359 3185 2427 2ο).
3228 2357 3377 2426 Quid
3406 2367 3482 2413 est
3508 2360 3649 2413 enim
3679 2358 3811 2414 aliud

2223 2445 2391 2501 altare
2409 2446 2478 2500 de
2496 2454 2636 2500 terra
2659 2444 2968 2513 facere,nisi
2988 2446 3055 2500 de
3076 2446 3176 2501 Dei
3196 2445 3294 2501 ﬁlii
3313 2446 3687 2503 incarnatione
3716 2462 3811 2502 non

2226 2534 2513 2589 dubitare?
2542 2535 2667 2603 Ipse
2696 2541 2779 2589 est
2806 2550 3041 2605 namque
3071 2534 3155 2590 cui
3183 2534 3237 2588 in
3285 2536 3391 2592 hac
3439 2535 3549 2591 vita
3594 2535 3813 2590 cordium

2227 2631 2534 2679 nostrorum
2551 2620 2811 2678 sacriﬁcia
2828 2622 3178 2694 imponimus,
3196 2630 3254 2679 et
3274 2624 3330 2678 in
3352 2640 3460 2695 quo
3482 2623 3815 2697 cogitationes

2228 2711 2444 2766 illicitas
2490 2726 2555 2766 ne
2604 2710 2990 2766 convalescant
3036 2719 3361 2768 mactemus.
3394 2713 3546 2768 Unde
3574 2711 3812 2783 scriptum

2229 2806 2306 2856 est
2334 2817 2347 2854 :
2380 2802 2582 2855 Beatus
2598 2800 2695 2872 qui
2714 2799 2925 2855 tenebit
2936 2804 2993 2855 et
3008 2800 3211 2855 allidet
3221 2802 3490 2873 parvulos
3514 2817 3639 2857 suos
3659 2799 3725 2855 ad
3731 2814 3817 2870 pe-

2230 2895 2381 2944 tram
2407 2887 2582 2956 (Psal.
2611 2902 2832 2956 cxxxvx,
2858 2890 2933 2958 9).
2966 2887 3056 2941 Ad
3086 2896 3293 2959 petram
3328 2889 3538 2962 quippe
3574 2887 3809 2959 parvulos

2228 2982 2443 3031 nostros
2472 2973 2772 3042 allidimus,
2804 2988 2928 3031 cum
2957 2976 3195 3031 orientes
3224 2984 3411 3031 motus
3460 2975 3688 3045 illicitos,
3715 2973 3823 3029 imi-

2229 3062 2452 3118 tationis
2483 3061 2676 3117 Christi
2704 3062 3000 3119 intentione
3025 3062 3436 3119 mortiﬁcamus.
3463 3064 3717 3135 Scriptum
3738 3068 3809 3116 est

519 3178 699 3249 ipsum
725 3151 896 3232 solem
945 3178 1205 3247 condidit,
1239 3185 1293 3234 et
1338 3178 1388 3235 ei
1436 3180 1507 3234 ad
1553 3179 1839 3235 utilitatem
1884 3151 2121 3236 nostram
2149 3152 2198 3218 Ο
2225 3152 2369 3209 enim
2404 3169 2416 3205 ⁵
2448 3153 2621 3249 Pe"?
2650 3155 2843 3249 aufem
2874 3159 3001 3209 εναε
3034 3152 3295 3249 (ξῆνξειῑιε
3319 3154 3371 3224 (l
3392 3160 3574 3219 Cor.x,
3607 3155 3675 3223 t).
3698 3151 3807 3222 Ipse

518 3266 659 3320 hanc
688 3281 852 3337 quam
882 3266 1153 3321 cernimus
1191 3266 1413 3321 luminis
1448 3275 1794 3323 venustatem
1838 3268 2122 3324 infundit?

520 3353 691 3423 Hujus
721 3352 884 3425 igitur
911 3353 1213 3410 Jerusalem
1240 3355 1381 3409 muri
1408 3352 1766 3423 adiﬁcantur,
1790 3370 1912 3412 cum
1934 3355 2125 3413 ﬁdeles

517 3443 589 3496 ad
617 3442 787 3498 vitam
815 3442 1210 3514 pradestinati,
1242 3443 1313 3498 ad
1340 3443 1728 3513 perfectionem
1768 3445 1992 3515 justitia
2021 3446 2127 3500 de-

524 3530 809 3584 ducuntur.
858 3531 1110 3602 Figuram
1140 3538 1319 3586 autem
1350 3531 1514 3601 hujus
1539 3532 1774 3588 civitatis
1802 3532 1934 3588 illud
1963 3534 2125 3589 Salo-

522 3618 702 3673 monis
730 3619 999 3688 templum
1027 3620 1265 3691 gestavit
1294 3620 1395 3691 (lll
1423 3622 1550 3693 Reg.
1584 3623 1686 3690 vx),
1719 3621 1774 3676 in
1804 3622 1957 3692 cujus
1983 3622 2125 3677 adi-

522 3704 777 3762 ﬁcatione
804 3706 1079 3777 lapidibus
1108 3715 1406 3774 exstructa,
1438 3708 1623 3765 mallei
1653 3705 1866 3764 sonitus
1910 3710 2129 3764 auditus

525 3810 636 3851 non
668 3794 785 3849 fuit.
829 3797 892 3850 In
920 3796 1085 3850 sacris
1113 3797 1259 3850 enim
1287 3795 1531 3852 adiﬁciis
1556 3798 1920 3867 permansuri,
1951 3796 2132 3854 adhuc

533 3882 666 3938 foris
688 3899 788 3952 per
809 3883 1028 3956 ﬂagella
1046 3884 1347 3951 tundimur,
1362 3891 1421 3939 ut
1439 3885 1495 3939 in
1516 3886 1717 3956 templo
1732 3886 1952 3943 Domini
1978 3890 2131 3956 post-

531 3970 751 4027 modum
802 3973 966 4041 509
1010 3971 1127 4027 sine
1186 3972 1367 4043 aliqua
1422 3973 1778 4043 percussione
1832 3974 2133 4046 disciplina

532 4058 914 4130 disponamur,
932 4068 1202 4134 quatenus
1221 4061 1485 4133 quidquid
1514 4062 1570 4117 in
1598 4062 1755 4119 nobis
1781 4063 2133 4135 superﬂuum,

539 4156 633 4203 aut
678 4148 973 4205 distortum
1005 4157 1105 4220 est,
1134 4150 1300 4205 modo
1343 4154 1623 4220 percussio
1672 4159 1897 4217 resecet,
1931 4159 1986 4207 et
2014 4159 2139 4207 tunc

538 4237 655 4293 sola
684 4237 739 4292 in
768 4237 973 4293 calesti
1002 4237 1239 4294 adiﬁcio
1264 4238 1562 4294 concordia
1582 4239 1829 4295 veritatis
1847 4239 1997 4312 liget.
2023 4240 2141 4295 Nec

537 4325 734 4380 mirum
764 4326 811 4380 si
840 4326 1103 4395 templum
1134 4326 1324 4380 eadem
1355 4325 1548 4383 civitas
1571 4326 1801 4396 dicatur,
1823 4344 1946 4399 qua
1976 4329 2141 4384 etiam

542 4413 961 4468 tabernaculum
989 4413 1207 4483 dicitur,
1225 4413 1364 4470 sicut
1381 4414 1640 4485 scriptum
1665 4423 1749 4471 est
1771 4434 1782 4469 ε
1804 4418 1943 4473 Ecce
1965 4417 2141 4474 taber-

539 4499 814 4554 naculum
844 4498 945 4553 Dei
972 4514 1103 4554 cum
1133 4498 1453 4555 hominibus
1483 4498 1670 4570 (Apoc.
1692 4515 1813 4565 xxx,
1849 4500 1921 4569 3).

612 4585 785 4654 (Vers.
820 4587 933 4654 2ο.)
970 4587 1120 4641 Tunc
1149 4586 1466 4659 acceptabis
1500 4587 1853 4656 sacriﬁcium
1886 4587 2141 4656 iustitia,

551 4673 885 4748 oblationes,
943 4677 1017 4748 et
1058 4672 1425 4748 holocausta,-
1486 4679 1625 4732 tunc
1653 4676 1948 4748 imponent
1977 4692 2146 4748 super

550 4745 737 4799 altare
771 4748 935 4799 tuum
968 4746 1192 4800 vitulos.

612 4832 702 4888 26.
735 4830 1017 4886 Ediﬁcata
1046 4832 1253 4887 caelesti
1282 4833 1603 4902 Jerusalem,
1637 4834 1959 4891 sacriﬁcium
2000 4835 2145 4889 dun-

548 4928 694 4975 taxat
719 4919 944 4988 justitia
974 4928 1257 4990 acceptum
1308 4922 1409 4977 erit
1452 4922 1706 4990 Domino,
1739 4923 1866 4994 quia
1916 4923 1990 4977 ibi
2039 4939 2146 4979 non

546 5009 646 5065 erit
675 5025 809 5079 opus
837 5006 1020 5063 oﬁ'crri
1050 5007 1373 5064 sacriﬁcium
1396 5026 1496 5079 pro
1518 5020 1761 5080 peccato.
1794 5013 1855 5065 In
1877 5012 1981 5068 hac
2001 5011 2143 5067 enim

542 5095 654 5151 vita
681 5096 803 5166 quia
845 5096 899 5149 in
947 5096 1128 5150 multis
1159 5097 1397 5166 quotidie
1425 5098 1811 5171 delinquimus,
1843 5108 2060 5170 oportet
2088 5115 2149 5169 ιιι

542 5185 757 5241 contriti
778 5184 961 5240 cordis
992 5192 1045 5239 et
1073 5185 1413 5240 contribulati
1434 5186 1656 5257 spiritus
1672 5188 1788 5243 Deo
1810 5187 2143 5243 sacriﬁcium

545 5272 858 5329 offeramus.
892 5275 956 5327 In
988 5273 1382 5329 resurrectione
1412 5282 1613 5343 autem,
1645 5292 1767 5330 cum
1795 5275 2146 5345 corruptibile

553 5362 657 5416 hoc
688 5363 921 5417 induerit
944 5361 1423 5433 incorruptionem,
1447 5371 1499 5417 et
1528 5364 1755 5418 mortale
1781 5363 1885 5418 hoc
1910 5363 2146 5419 induerit

547 5448 1007 5503 immortalitatem
1029 5451 1075 5518 (ι
1099 5449 1226 5505 Cor.
1252 5453 1367 5518 xv),
1388 5465 1488 5507 nec
1519 5450 1658 5506 ullus
1683 5460 1991 5506 sanctorum
2020 5467 2146 5523 pec-

539 5550 660 5590 care
690 5536 1041 5604 postmodum
1062 5539 1283 5608 poterit,
1308 5555 1409 5596 nec
1437 5540 1727 5610 quisquam
1758 5539 1827 5596 ad
1847 5540 2021 5598 Deum
2039 5556 2143 5611 pro

2235 3255 2371 3313 ergo
2402 3248 2482 3295 est
2509 3248 2662 3311 petra
2676 3240 2746 3294 ad
2764 3256 2923 3310 quam
2940 3241 3301 3314 cogitationes
3317 3249 3535 3298 nostras
3556 3249 3806 3300 tenemus;

2238 3331 2360 3400 ipse
2390 3329 2580 3398 altare,
2604 3330 2758 3399 cujus
2776 3328 3082 3386 clementia
3103 3338 3453 3401 peccatorum
3476 3329 3709 3388 victimas
3727 3327 3815 3382 im-

2238 3433 2448 3489 ponere
2476 3417 2876 3486 prasumimus.
2910 3418 3155 3488 Denique
3197 3423 3440 3490 peccatu
3483 3422 3673 3475 nostra
3712 3417 3817 3488 ipse

2228 3506 2481 3579 portavit
2502 3505 2560 3572 (1
2582 3508 2736 3561 Petr.
2765 3506 2954 3576 11,24).
2981 3507 3157 3577 Super
3183 3506 3362 3578 ipsum
3395 3522 3528 3579 ergo
3559 3506 3746 3559 vitulos
3771 3502 3819 3557 in

2236 3600 2439 3650 atema
2453 3593 2565 3649 vita
2593 3594 2768 3649 sancti
2798 3594 3006 3666 seipsos
3026 3595 3337 3665 imponent,
3354 3594 3482 3667 quia
3500 3610 3597 3666 per
3607 3592 3819 3666 gratiam

2235 3681 2337 3737 Dei
2368 3679 2583 3735 liberati
2611 3696 2642 3735 a
2672 3681 2795 3753 lege
2824 3681 3034 3754 peccati
3056 3690 3107 3738 et
3124 3683 3338 3752 mortis,
3365 3683 3511 3756 quod
3541 3681 3669 3737 nulli
3690 3680 3819 3750 jugo

2238 3767 2378 3842 legis
2398 3775 2521 3840 P081
2541 3770 2763 3830 modum
2786 3778 2949 3827 erunt
2968 3769 3193 3839 subditi,
3217 3779 3396 3827 totum
3419 3771 3823 3841 attribuentgra-

2242 3864 2335 3922 tia
2365 3863 2459 3918 ﬁlii
2472 3863 2593 3919 Dei.
2614 3862 2806 3917 Nullus
2824 3859 2969 3916 enim
2999 3860 3279 3915 hominum
3299 3860 3357 3914 in
3370 3858 3570 3915 coelum
3591 3855 3825 3914 ascende-

2243 3960 2347 4021 ret,
2366 3952 2470 4007 nisi
2488 3951 2632 4007 ﬁlius
2647 3950 2745 4006 Dei
2761 3963 2861 4022 pro
2878 3948 3049 4003 salute
3066 3956 3249 4004 nostra
3264 3963 3490 4004 carnem
3507 3946 3823 4019 sumpsisset.

2245 4039 2343 4097 Vel
2372 4047 2520 4096 certe
2550 4038 2747 4096 vitulos
2768 4052 2933 4109 super
2953 4036 3120 4092 altare
3136 4036 3440 4108 imponent,
3466 4052 3589 4091 cum
3606 4031 3828 4105 deposita

2245 4129 2411 4200 primi
2440 4127 2678 4184 hominis
2705 4133 2988 4192 vetustate,
3011 4133 3063 4181 et
3092 4125 3419 4181 mortalibus
3449 4124 3590 4181 exuti
3622 4118 3826 4186 exuviis,

2247 4217 2378 4274 facti
2395 4217 2567 4285 vituli,
2592 4216 2645 4270 id
2664 4222 2742 4270 est
2762 4214 3005 4272 innovati
3028 4221 3080 4269 et
3092 4213 3217 4286 puri
3234 4214 3289 4268 in
3309 4222 3626 4285 perpetuum
3642 4211 3825 4267 vivent.

2317 4308 2408 4364 27.
2442 4304 2601 4374 Quod
2642 4304 2707 4371 si,
2737 4311 2796 4358 ut
2823 4302 3159 4374 pramissum
3190 4311 3296 4372 est,
3328 4303 3625 4359 secundum
3665 4309 3829 4354 mora-

2249 4394 2358 4450 lem
2384 4392 2805 4465 intelligentiam
2837 4390 3257 4448 adiﬁcationem
3287 4390 3587 4447 Jerusalem
3607 4386 3827 4456 accipere

2168 4507 2223 4568 D
2250 4482 2526 4549 volumus,
2556 4481 2698 4536 hunc
2726 4494 2943 4551 quoque
2973 4495 3183 4535 versum
3214 4479 3394 4535 eidem
3426 4474 3708 4568 intellectui
3734 4474 3826 4567 hoc

2250 4569 2412 4625 modo
2442 4568 2827 4625 convenienter
2854 4575 3123 4639 aptamus.
3167 4567 3387 4624 Dictum
3420 4574 3501 4622 est
3526 4562 3694 4620 David
3721 4556 3822 4630 regi

2251 4673 2286 4714 a
2312 4657 2583 4713 Domino:
2618 4657 2740 4713 Non
2773 4660 2839 4712 tu
2865 4655 3164 4725 adiﬁcabis
3183 4656 3330 4711 mihi
3346 4652 3731 4726 domum,quia
3750 4648 3825 4702 vir

2250 4748 2601 4818 sanguinum
2629 4749 2714 4801 est
2730 4745 2779 4816 (1
2805 4745 2999 4800 Paral.
3028 4760 3167 4814 xvxx,
3202 4743 3254 4815 t)
3280 4761 3292 4798 :
3330 4744 3521 4799 Postea
3549 4756 3672 4798 vero
3698 4736 3824 4791 ﬁlius

2252 4835 2370 4905 ejus
2404 4850 2465 4890 re
2493 4841 2545 4889 et
2573 4832 2794 4888 nomine
2833 4830 3111 4903 paciﬁcus,
3142 4840 3193 4888 et
3224 4830 3512 4903 sapientia
3557 4826 3770 4901 gratiam
3796 4836 3824 4875 a

2253 4924 2489 4979 Domino
2522 4924 2689 4992 510
2721 4920 2857 4976 ultra
2888 4921 3143 4975 mortales
3190 4920 3442 4986 obtinuit,
3489 4925 3541 4973 et
3584 4912 3822 4983 templum

2251 5011 2469 5067 mirifici
2497 5012 2696 5081 operis,
2724 5010 2864 5065 sicut
2885 5009 3026 5065 liber
3044 5007 3385 5063 historiarum
3415 5012 3705 5063 attestatur.
3723 5001 3822 5055 Deo

2253 5099 2417 5155 Israel
2446 5098 2737 5154 adiﬁcavit
2768 5097 2872 5168 (ιιι
2894 5100 3025 5169 Reg.
3060 5098 3156 5166 vx).
3191 5097 3249 5149 In
3274 5110 3382 5168 quo
3414 5095 3570 5149 datur
3598 5085 3821 5159 intelligi,

2253 5189 2379 5259 quia
2408 5188 2537 5243 dum
2568 5204 2690 5243 cum
2737 5185 3024 5241 hostilibus
3065 5184 3320 5239 vitiorum
3362 5182 3568 5247 cuneis,
3598 5179 3822 5237 virtutum

2251 5276 2597 5348 oppositione
2646 5274 3015 5347 conﬂigimus,
3046 5274 3267 5328 domum
3312 5270 3590 5343 sapientia
3632 5277 3821 5336 nequa-

2253 5380 2415 5435 quam
2446 5362 2714 5419 adiﬁcare
2746 5363 3025 5425 valemus;
3059 5360 3153 5415 ubi
3182 5374 3313 5417 vero
3343 5357 3611 5430 superatis
3641 5352 3822 5409 adver—

2252 5452 2512 5509 sariorum
2544 5451 2853 5525 agminibus
2880 5459 2935 5507 et
2962 5450 3282 5522 passionum
3315 5445 3543 5518 depulsa
3569 5437 3817 5525 barbarie,

2250 5556 2440 5613 pacem
2476 5541 2531 5596 in
2571 5524 2765 5596 nostris
2808 5539 3033 5603 factam,
3077 5537 3328 5594 omnibus
3372 5532 3561 5591 mentis
3598 5524 3817 5598 imperiis
