4034 6166
293 307 391 364 601

985 311 1062 369 ΙΝ
1103 309 1374 369 SEPTEM
1415 309 1662 368 PSALM.
1709 311 1881 368 PGEN

2011 307 2414 365 EXPOSITIO.
2459 339 2522 351 —
2561 310 2756 368 PSAL.
2802 312 2876 366 ν.

3470 312 3577 365 602

296 447 458 488 carne
506 433 623 504 jam
651 434 1069 506 obtemperante
1113 437 1461 505 senserimus,
1517 440 1645 493 tunc
1689 452 1889 508 corpus
1915 437 1970 498 A
1999 434 2122 490 dam
2175 434 2275 506 ipsi
2303 434 2658 491 attribuuntur
2683 437 3128 510 capiti,qua2dam
3157 442 3356 490 nostra
3381 447 3592 490 conve-

296 530 536 576 nostrum
561 523 875 581 inviolabile
897 525 1158 599 templum
1179 526 1414 582 Domino
1431 526 1814 592 construimus,
1837 526 1893 580 in

296 625 401 678 quo
462 618 515 665 et
569 611 901 668 sacriﬁcium
931 616 1077 688 quod
1107 631 1174 670 ex
1203 614 1318 670 zelo
1334 615 1557 686 justitiae
1608 613 1893 670 veritatem

291 699 662 769 praedicantes
714 701 1016 772 oﬂ’erimus,
1064 704 1211 760 Deus
1259 704 1476 775 accipit,
1497 712 1552 758 et
1579 703 1893 760 oblationes

293 797 604 844 sanctarum
635 791 1068 861 meditatiouum,
1099 801 1154 848 et
1180 792 1309 865 igne
1337 793 1598 849 ferventis
1644 791 1896 852 desiderii

293 876 602 931 ardentium
621 879 928 935 orationum
955 881 1270 937 holocausta
1299 880 1542 936 assumit.
1597 880 1780 951 Super
1807 879 1894 934 al-

293 970 408 1018 tare
471 981 688 1036 quoque
749 969 992 1024 eordium
1049 977 1357 1026 nostrorum
1412 970 1670 1042 ponimus
1699 968 1897 1024 vitulos

293 1053 467 1116 (Psal.
521 1056 736 1124 LXVIII),
771 1072 979 1113 cornua
1007 1059 1366 1129 producentes
1421 1066 1474 1114 et
1524 1057 1780 1132 ungulas,
1848 1053 1893 1112 si

289 1140 667 1199 haereticorum
699 1146 992 1202 sententias
1013 1147 1292 1218 utriusque
1333 1146 1664 1203 Testamenti
1707 1152 1894 1203 aucto-

292 1229 453 1285 ritate
511 1233 826 1289 noverimus
879 1236 1268 1304 comminuere,
1297 1245 1351 1292 et
1402 1236 1625 1293 virtutes
1660 1252 1692 1290 a
1748 1235 1894 1291 vitiis

289 1333 392 1388 per
414 1319 656 1376 studium
680 1321 1016 1379 discretionis
1044 1340 1320 1394 separare.
1355 1326 1456 1380 Per
1481 1325 1712 1397 ungulas
1739 1325 1893 1380 enim

291 1408 610 1475 vitulorum,
643 1425 763 1479 quae
793 1411 1088 1480 finduntur,
1129 1413 1517 1470 discretionem
1548 1413 1842 1484 accipimus
1873 1428 1888 1482 ;

288 1512 392 1567 per
451 1512 659 1553 cornua
715 1515 866 1568 vero,
927 1501 1203 1574 utriusque
1250 1502 1578 1557 Testamenti
1613 1509 1892 1573 praecepta

287 1593 561 1640 notamus.
598 1586 696 1642 Vel
724 1592 876 1642 certe
906 1604 1108 1644 cornua
1152 1591 1518 1661 producimus,
1552 1589 1596 1644 si
1643 1589 1807 1645 etiam
1835 1590 1891 1644 in

283 1673 371 1727 his
402 1689 526 1743 quae
555 1676 733 1730 carnis
761 1685 904 1745 sunt,
954 1678 1070 1733 Deo
1098 1677 1322 1748 placere
1353 1679 1680 1734 studeamus.
1712 1681 1890 1734 Cornu

2000 525 2152 578 niunt
2179 521 2492 578 inﬁrmitati.
2525 524 2640 581 Nec
2670 527 2976 582 mirandum
3009 523 3054 579 si
3077 540 3141 580 ea
3169 540 3291 596 quae
3313 521 3472 580 nobis
3501 537 3591 579 so-

2000 612 2282 668 lummodo
2311 623 2636 686 congruunt,
2670 615 2819 684 quasi
2846 615 2953 670 sint
2974 628 3072 668 sua
3094 612 3335 667 Christus
3347 627 3588 682 pronun-

1999 701 2117 757 tiat.
2150 702 2328 758 Unum
2359 701 2562 773 quippe
2585 717 2779 773 corpus
2805 710 2890 758 est
2912 710 3024 757 tota
3052 708 3235 756 sancta
3266 699 3586 756 universalis

2000 789 2259 858 Ecclesia,
2292 789 2392 845 sub
2440 790 2650 846 Christo
2666 791 2813 858 Jesu,
2832 806 2928 846 suo
2949 789 3198 846 videlicet
3225 790 3422 859 capite,
3453 804 3590 844 con-

2000 879 2202 935 stituta.
2222 879 2378 936 Unde
2392 878 2468 934 ait
2496 879 2793 952 Apostolus
2817 899 2835 933 :
2856 879 2974 951 Ipse
3015 885 3100 935 est
3127 882 3298 949 caput
3341 879 3588 949 corporis

1999 969 2280 1036 Ecclesiae,
2301 969 2396 1040 qui
2412 972 2494 1024 est
2509 969 2878 1041 principium,
2912 967 3322 1040 primogenitae
3342 982 3416 1021 ex
3445 982 3592 1021 mor-

2004 1059 2116 1112 tuis
2146 1056 2286 1127 (Coi.
2305 1072 2344 1124 ι,
2369 1057 2477 1128 18).
2499 1058 2620 1127 Ipsa
2633 1066 2710 1112 est
2727 1057 2870 1112 enim
2887 1073 3008 1128 quae
3032 1072 3127 1127 per
3144 1055 3463 1125 Prophetam
3485 1054 3585 1125 ju-

1999 1145 2285 1215 cundatur,
2302 1153 2353 1200 et
2371 1145 2501 1200 dicit
2524 1163 2537 1200 :
2556 1147 2716 1202 Nune
2730 1146 3014 1202 exultavit
3031 1149 3199 1216 caput
3223 1159 3410 1200 meum
3422 1159 3591 1216 super

1999 1235 2262 1292 inimicos
2281 1249 2432 1290 meos
2455 1235 2630 1304 (Psat.
2649 1250 2802 1302 xxvi,
2825 1235 2900 1304 6).
2926 1235 3081 1288 Pater
3095 1233 3239 1288 enim
3257 1231 3470 1299 Filium,
3496 1229 3590 1303 qui

2001 1330 2085 1376 est
2113 1331 2275 1392 caput
2301 1322 2576 1390 Ecclesiae,
2626 1338 2792 1394 super
2843 1321 3094 1377 inimicos
3149 1321 3268 1390 ejus
3313 1319 3587 1386 exaltavit,

2000 1427 2121 1468 cum
2152 1413 2424 1467 destructo
2453 1411 2640 1466 mortis
2668 1411 2920 1482 imperio,
2953 1410 3010 1464 in
3025 1425 3136 1465 suae
3157 1409 3309 1464 illum
3329 1408 3584 1478 majesta-

2001 1502 2068 1557 tis
2097 1500 2406 1572 aequalitate
2431 1499 2728 1570 constituit,
2746 1499 2832 1554 cui
2852 1507 2904 1554 et
2935 1499 3109 1554 dixit:
3133 1498 3268 1554 Sede
3295 1515 3331 1553 a
3359 1498 3582 1554 dextris

1997 1593 2160 1659 meis,
2182 1591 2356 1646 donec
2373 1605 2582 1661 ponam
2612 1590 2874 1645 inimicos
2905 1593 3028 1644 tuos
3055 1587 3363 1643 scabellum
3375 1586 3585 1658 pedum

2000 1685 2230 1736 tuorum
2250 1680 2427 1748 (Psal.
2443 1693 2596 1747 cvm,
2617 1679 2697 1745 1).
2728 1678 2970 1733 Christus
2998 1676 3180 1748 itaque
3197 1692 3319 1730 cum
3351 1682 3464 1729 tota
3483 1691 3584 1729 sua

281 1776 522 1855 namque
552 1778 675 1817 cum
713 1764 782 1819 de
810 1780 972 1820 carne
1027 1767 1114 1833 sit,
1173 1781 1393 1821 carnem
1450 1766 1883 1837 superexcedens
1911 1795 1964 1855 Β
1997 1769 2263 1834 Ecclesia,
2294 1768 2410 1824 sive
2439 1783 2560 1838 quae
2579 1766 2757 1822 adhuc
2785 1773 3031 1821 versatur
3056 1765 3112 1819 in
3131 1764 3310 1828 terris,
3334 1763 3450 1818 sive
3470 1779 3590 1832 qum

283 1849 550 1906 durescit.
593 1852 851 1924 Quisquis
878 1869 1030 1927 ergo,
1062 1856 1241 1910 carnis
1273 1854 1582 1910 inﬁrmitate
1609 1855 1879 1926 deposita,

283 1937 448 1994 etiam
478 1955 581 2008 per
618 1941 794 1996 carnis
823 1941 1143 2013 obsequium
1173 1959 1341 2015 opera
1369 1944 1579 2000 virtutis
1622 1942 1886 2012 eﬂecerit,

281 2027 434 2098 quasi
463 2041 672 2084 cornua
701 2029 771 2085 de
800 2045 962 2087 carne
991 2031 1259 2102 producit.

874 2118 1300 2178 PROOEMIUM.

497 2221 557 2259 IN
589 2221 841 2269 QUINTUI
869 2223 1128 2265 ΡεΑωιωι
1158 2224 1664 2267 Ρωητεκτωκι.

283 2292 488 2350 Oratio
523 2297 795 2368 pauperis
831 2312 963 2353 cum
998 2298 1280 2354 anxiatus
1324 2301 1528 2370 fuerit,
1585 2307 1644 2356 et
1695 2315 1885 2356 coram

600 2385 835 2441 Domino
857 2385 1121 2457 eﬂ‘uderit
1146 2403 1373 2459 precem
1393 2404 1580 2445 suam.

348 2468 490 2538 Quis
518 2478 602 2525 est
630 2471 734 2527 iste
773 2487 982 2544 pauper
1008 2473 1163 2543 cujus
1192 2476 1250 2529 in
1280 2477 1386 2532 hoc
1432 2475 1647 2548 psalmo
1671 2483 1887 2530 notatur

284 2560 487 2627 oratio,
521 2559 626 2614 nisi
653 2560 748 2616 ille
774 2562 844 2618 de
871 2578 980 2632 quo
1010 2563 1420 2635 aitApostolus:
1458 2565 1562 2633 Qui
1591 2579 1720 2620 cum
1738 2567 1885 2620 esset

283 2647 460 2715 dives,
491 2665 713 2720 pauper
739 2667 840 2722 pro
862 2652 1018 2708 nobis
1049 2654 1243 2722 factus
1267 2657 1352 2710 est
1382 2654 1436 2719 (Ι
1461 2654 1581 2710 Cor.
1615 2669 1734 2721 vm,
1767 2656 1820 2723 9)
1849 2654 1878 2707 ?

282 2736 412 2807 Ipse
432 2738 583 2791 enim
612 2744 670 2791 ut
698 2753 804 2793 nos
824 2739 1135 2795 divitiarum
1155 2756 1377 2796 suarum
1407 2740 1643 2798 efﬁceret
1667 2741 1886 2811 partici-

281 2841 400 2895 pes,
433 2841 617 2896 paupe
636 2827 760 2881 tatis
780 2835 978 2884 nostris
993 2830 1229 2901 suscepit
1255 2831 1606 2886 necessitates
1626 2851 1640 2886 :
1661 2831 1883 2888 Exind-

279 2915 428 2968 nivit
451 2929 690 2984 namque
706 2918 1091 2988 semetipsum,
1097 2921 1338 2988 formam
1353 2920 1500 2974 servi
1510 2919 1884 2988 accipiens,in

281 3002 726 3058 similitudinem
738 3003 1030 3062 hominum
1042 3009 1135 3077 fac
1143 3011 1316 3074 tus,et
1329 3007 1530 3063 habitu
1541 3008 1600 3062 in
1607 3011 1808 3063 ventus
1820 3009 1884 3063 ut

284 3089 442 3148 homo
459 3111 481 3159 ;
499 3090 1426 3165 humiliavitsemetipsum,factus
1438 3096 1696 3152 obediens
1713 3109 1885 3168 usque

1995 1874 2121 1916 cum
2141 1873 2207 1913 eo
2230 1857 2348 1927 jam
2383 1862 2575 1927 regnat
2602 1855 2656 1909 in
2686 1854 2856 1922 caelis,
2889 1869 2996 1910 una
3026 1869 3257 1925 persona
3283 1855 3391 1908 est.
3431 1853 3499 1906 Et
3514 1849 3588 1905 si-

1995 1955 2086 2004 cut
2103 1954 2182 2002 est
2204 1960 2307 2000 una
2333 1944 2510 1998 anima
2541 1960 2658 2014 que
2678 1943 2895 1998 diversa
2935 1942 3182 2013 corporis
3209 1941 3456 1996 membra
3508 1939 3587 1995 vi-

1996 2035 2192 2102 viﬁcat,
2224 2034 2294 2088 ita
2317 2041 2481 2088 totam
2511 2032 2669 2087 simul
2689 2030 2992 2087 Ecclesiam
3029 2046 3168 2084 unus
3197 2029 3428 2100 Spiritus
3456 2044 3585 2083 san-

1995 2129 2112 2180 ctus
2141 2130 2358 2195 vegetat
2385 2130 2436 2177 et
2455 2121 2701 2176 illustrat.
2735 2120 2884 2175 Sicut
2913 2134 3143 2188 namque
3173 2117 3430 2185 Christus,
3491 2117 3586 2186 qui

1993 2221 2075 2268 est
2101 2219 2265 2282 caput
2294 2209 2568 2278 Ecclesiae,
2596 2209 2664 2264 de
2695 2207 2904 2278 Spiritu
2933 2215 3117 2262 sancto
3160 2214 3455 2275 conceptus
3481 2214 3584 2272 est,

1991 2301 2070 2357 sic
2097 2309 2283 2356 sancta
2308 2298 2556 2356 Ecclesia
2585 2313 2705 2368 qua:
2733 2311 2934 2366 corpus
2962 2295 3080 2365 ejus
3109 2302 3215 2362 est,
3239 2292 3436 2349 eodem
3463 2293 3584 2364 Spi-

1990 2392 2095 2448 ritu
2125 2398 2311 2445 sancto
2340 2387 2575 2458 repletur
2603 2395 2662 2442 ut
2696 2385 2844 2439 vivat
2864 2403 2876 2447 ;
2896 2385 3015 2454 ejus
3070 2383 3264 2439 virtute
3320 2380 3580 2447 ﬁrmatur,

1991 2488 2050 2536 ut
2103 2480 2158 2534 in
2208 2477 2368 2534 unius
2407 2475 2534 2530 ﬁdei
2584 2482 2640 2530 et
2690 2473 2967 2531 charitatis
3012 2485 3279 2543 compage
3303 2469 3583 2526 subsistat.

1993 2565 2292 2626 Undedicit
2306 2564 2599 2635 Apostolus
2618 2581 2630 2617 :
2651 2565 2738 2618 Ex
2759 2577 2863 2635 quo
2877 2565 3058 2617 totum
3071 2575 3274 2632 corpus
3285 2575 3388 2630 per
3397 2573 3586 2614 nexus

1991 2663 2050 2715 et
2095 2654 2524 2726 conjunctiones
2540 2651 3040 2708 subministratum
3091 2653 3149 2703 et
3193 2650 3586 2704 constructum

1991 2746 2166 2804 crecit
2188 2748 2250 2801 in
2266 2746 2633 2814 augmentum
2655 2741 2754 2797 Dei
2771 2738 2912 2809 (Cat.
2931 2754 2990 2807 ιι,
3010 2739 3083 2807 2).
3101 2737 3251 2791 Istud
3269 2744 3586 2806 estcorpus,

1991 2841 2144 2890 extra
2171 2832 2318 2903 quod
2355 2846 2464 2886 non
2495 2828 2729 2885 viviﬁcat
2757 2828 2995 2898 spiritus.
3027 2825 3182 2882 Unde
3213 2824 3348 2880 dicit
3391 2823 3584 2879 beatus

1990 2920 2318 2994 Augustinus
2342 2937 2355 2974 :
2378 2920 2438 2975 Si
2467 2919 2547 2974 vis
2576 2921 2758 2974 vivere
2778 2917 2846 2972 de
2861 2916 3070 2988 spiritu
3103 2914 3342 2976 Christo,
3374 2915 3492 2968 esto
3519 2911 3584 2967 in

1994 3025 2224 3084 corpore
2245 3006 2767 3079 Christi[Tract.26
2797 3007 2856 3060 in
2890 3004 3105 3074 Joan.].
3145 3003 3228 3057 De
3257 3002 3359 3057 hoc
3395 2999 3582 3072 spiritu

1993 3115 2108 3155 non
2143 3097 2276 3154 vivit
2305 3096 2606 3162 haereticus,
2635 3109 2743 3149 non
2759 3090 3306 3158 vivitschismaticus,
3325 3103 3435 3144 non
3452 3088 3588 3145 vivit

281 3179 350 3234 ad
369 3148 1092 3248 mortem,mortemuutem
1110 3148 1296 3241 crucis
1309 3184 1540 3256 (Philip.
1558 3199 1616 3247 ιι,
1637 3185 1713 3254 7).
1735 3148 1888 3240 Βὶἶοιη
1913 3148 1964 3212 C
1997 3148 2532 3247 excomm—un—icatusﬁ;
2549 3148 2663 3239 non
2685 3148 2840 3238 enim
2872 3188 2994 3236 sunt
3013 3179 3082 3234 de
3102 3148 3354 3248 corpore.
3393 3176 3586 3234 Eccle-

288 3275 471 3320 autem
502 3283 712 3338 pauper
738 3284 838 3338 pro
866 3269 1026 3324 nobis
1056 3270 1234 3326 factus
1265 3279 1363 3337 est,
1416 3271 1487 3326 ita
1516 3279 1571 3326 et
1601 3286 1702 3341 pro
1729 3270 1888 3326 nobis

283 3354 537 3410 anxiatus
558 3363 659 3410 est.
682 3356 928 3426 Denique
955 3365 1008 3413 et
1033 3374 1136 3428 pro
1165 3359 1324 3414 nobis
1353 3359 1608 3416 estmorti
1638 3359 1883 3424 traditus,

285 3451 336 3497 et
355 3459 462 3512 pro
488 3444 646 3498 nobis
669 3443 724 3498 in
755 3445 902 3516 ligno
931 3462 1240 3516 suspensus.
1260 3447 1509 3504 Mortuus
1531 3452 1616 3504 est
1634 3449 1811 3515 enim,
1829 3455 1887 3502 ut

285 3531 352 3584 ait
381 3532 702 3600 Apostolus,
739 3537 978 3604 prapter
1002 3534 1213 3590 delicta
1242 3539 1438 3591 nostra
1460 3535 1508 3604 (I
1525 3535 1648 3591 Cor.
1681 3553 1772 3603 xv,
1805 3540 1882 3606 3),

286 3624 340 3673 et
363 3621 690 3676 resurrexit
697 3629 924 3692 propter
947 3623 1421 3692 iustiﬁcationem
1433 3629 1692 3680 nostram
1705 3627 1858 3694 (Rom
1868 3667 1881 3680 .

285 3722 358 3776 tv,
379 3707 498 3779 25).
523 3709 606 3762 Ex
628 3709 861 3764 humana
890 3718 1073 3765 autem
1102 3719 1296 3767 natura
1327 3712 1517 3769 habuit
1545 3721 1602 3768 ut
1628 3714 1883 3769 anxiare-

288 3803 384 3862 tur,
419 3812 494 3851 ex
516 3813 624 3867 qua
672 3797 865 3853 habuit
910 3798 1079 3854 etiam
1141 3809 1195 3854 ut
1237 3809 1563 3858 moreretur.
1598 3801 1731 3858 Orat
1751 3819 1884 3874 ergo

287 3893 449 3954 caput
480 3891 724 3940 nostrum
754 3885 808 3941 in
846 3887 1064 3957 psalmo
1095 3890 1221 3957 hoc,
1272 3898 1329 3944 ut
1379 3889 1508 3946 illuc
1562 3891 1886 3947 reducantur

285 3988 380 4042 per
407 3972 668 4045 gratiam,
700 3975 844 4029 unde
872 3991 972 4044 per
999 3976 1160 4047 primi
1190 3977 1428 4049 parentis
1456 3979 1754 4035 cecidimus
1773 3979 1886 4036 cul-

285 4077 431 4131 pam.
467 4062 648 4118 Potest
676 4063 836 4118 etiam
866 4065 984 4119 haec
1014 4066 1190 4121 oratio
1225 4067 1516 4123 convenire
1570 4068 1880 4141 unicuique,

288 4151 373 4221 qui
404 4165 709 4221 pauperem
731 4167 791 4207 se
819 4169 938 4208 esse
969 4153 1224 4226 intelligit
1253 4162 1301 4210 et
1326 4171 1549 4212 suarum
1608 4157 1885 4212 miseriam

286 4239 679 4294 necessitatum
709 4241 959 4312 agnoscit
989 4261 1005 4309 ;
1037 4243 1133 4315 qui
1156 4243 1376 4300 fallaces
1404 4261 1525 4300 esse
1555 4245 1883 4301 divitiassae-

287 4327 391 4382 culi
419 4326 576 4381 istius
605 4328 936 4397 considerat,
963 4338 1019 4386 et
1045 4347 1206 4400 quam
1235 4333 1564 4388 horrendum
1594 4334 1662 4388 sit
1679 4334 1735 4390 in
1763 4353 1886 4391 ma-

288 4431 386 4469 nus
416 4414 517 4470 Dei
539 4415 771 4470 viventis
791 4416 1048 4484 incidere,
1079 4428 1286 4490 pensat.
1307 4419 1548 4490 Quipost
1564 4430 1776 4494 tergum
1792 4440 1886 4480 re-

1994 3276 2077 3331 sia
2105 3283 2284 3331 autem
2337 3272 2584 3344 spiritum
2619 3269 2977 3327 viviﬁcantem
3007 3268 3189 3333 habet,
3239 3267 3367 3337 quia
3423 3265 3588 3334 capiti

1993 3379 2093 3420 suo
2120 3363 2330 3420 Christo
2384 3359 2826 3432 inseparabiliter
2865 3357 3136 3412 adhaeret.
3186 3353 3457 3425 Scriptum
3503 3361 3587 3408 est

1993 3454 2140 3509 enim
2160 3470 2174 3508 :
2205 3453 2311 3520 Qui
2330 3450 2584 3506 adhaeret
2601 3449 3010 3515 Domino,unus
3022 3446 3261 3518 spiritus
3276 3447 3359 3500 est
3377 3459 3507 3498 cum
3525 3457 3586 3498 eo

1992 3543 2042 3610 (ι
2072 3543 2193 3598 Cor.
2224 3556 2301 3607 γι,
2327 3540 2434 3609 17).
2495 3539 2598 3594 Pro
2628 3536 2894 3592 membris
2940 3535 3121 3606 itaque
3150 3541 3270 3589 orat
3322 3537 3485 3603 caput
3531 3529 3588 3584 in

1991 3632 2097 3686 hoc
2125 3629 2358 3701 psalmo,
2390 3634 2448 3682 ut
2493 3625 2736 3697 corporis
2783 3624 2862 3678 sui
2894 3623 3191 3678 orationem
3233 3622 3379 3676 Deus
3432 3627 3588 3690 pater

1992 3717 2268 3783 exaudiat,
2301 3724 2356 3771 et
2383 3723 2442 3770 ut
2469 3714 2587 3784 ejus
2615 3714 2821 3769 clamor
2849 3712 2918 3766 ad
2949 3711 3147 3766 divinae
3176 3709 3478 3780 majestatis
3499 3723 3591 3762 au-

1993 3821 2078 3862 res
2107 3805 2384 3860 ascendat.
2417 3801 2674 3872 Quotidie
2702 3802 2845 3857 enim
2861 3807 2984 3856 orat
3007 3799 3256 3855 Christus
3276 3813 3384 3868 quo
3404 3795 3592 3852 Eccle-

1992 3894 2096 3960 sia,
2154 3893 2224 3948 de
2253 3906 2360 3961 quo
2392 3898 2618 3946 testatur
2649 3889 2927 3960 apostolus
2958 3888 3192 3942 Paulus:
3227 3885 3368 3954 Quia
3390 3885 3590 3942 sedens

1991 3981 2064 4037 ad
2091 3982 2386 4038 dexteram
2406 3979 2598 4034 Patris
2614 3977 2947 4048 interpellat
2968 3991 3069 4047 pro
3090 3975 3440 4045 nobis(ltom.
3462 3988 3581 4041 vin,

1995 4071 2102 4138 3L).
2136 4067 2378 4138 Denique
2406 4075 2460 4122 et
2479 4067 2599 4136 ipse
2628 4073 2712 4122 est
2739 4063 3054 4136 propitiatio
3084 4077 3185 4133 pro
3213 4062 3454 4131 peccatis
3481 4077 3585 4117 no-

1993 4158 2118 4213 stris
2150 4157 2196 4226 (ι
2213 4155 2378 4213 Joan.
2412 4155 2487 4226 2).
2525 4155 2704 4210 Potest
2735 4164 2915 4209 autem
2943 4153 3056 4207 haec
3084 4150 3265 4206 oratio
3293 4149 3588 4218 unicuique

1993 4245 2286 4302 convenire
2314 4243 2484 4310 ﬁdeli,
2507 4241 2648 4314 quia
2669 4242 2786 4297 Deo
2807 4238 3040 4312 postulat
3067 4239 3122 4293 in
3148 4238 3290 4293 bono
3321 4251 3588 4307 perseve-

1992 4335 2242 4400 rantiam,
2293 4341 2345 4388 et
2383 4339 2492 4386 tam
2547 4330 2720 4387 sancti
2751 4327 3005 4385 desiderii
3035 4343 3196 4400 quam
3226 4326 3391 4382 etiam
3446 4324 3584 4379 irre-

1995 4423 2175 4478 misse
2193 4420 2522 4492 operationis
2548 4419 2744 4475 emittit
2767 4419 3094 4474 clamorem.
3131 4415 3353 4471 Clamor
3406 4422 3584 4469 autem

287 4499 459 4554 ductis
489 4500 660 4554 oculis
686 4501 891 4572 cogitat
906 4503 1049 4557 unde
1065 4504 1342 4572 ceciderit,
1381 4510 1436 4559 et
1476 4505 1878 4578 circumspectis
1906 4498 1961 4559 D
1989 4510 2282 4583 aliquando
2311 4509 2366 4563 in
2395 4509 2558 4570 bona,
2590 4506 2882 4580 aliquando
2921 4506 2978 4560 in
3009 4504 3153 4559 mala
3181 4503 3580 4576 signiﬁcatione

289 4587 540 4641 omnibus
569 4604 690 4657 quae
719 4589 1027 4657 imminent,
1062 4607 1196 4660 quas
1224 4593 1490 4649 invenerit
1545 4595 1887 4652 calamitates

288 4676 537 4730 attendit.
572 4677 700 4730 Haec
729 4676 911 4748 itaque
936 4679 1115 4733 omnia
1141 4688 1265 4737 ante
1293 4682 1492 4736 mentis
1507 4683 1694 4738 oculos
1711 4685 1889 4740 omnis

291 4775 496 4832 pauper
524 4772 809 4833 congerat,
870 4773 924 4820 et
977 4781 1270 4837 pauperem
1302 4768 1571 4824 Christum
1601 4785 1703 4841 pro
1733 4771 1890 4826 nobis

290 4850 566 4904 anxiatum
600 4851 968 4917 considerans,
993 4854 1333 4910 miseriarum
1351 4873 1569 4911 suarum
1590 4859 1886 4914 multitudi-

291 4952 412 4992 nem
432 4939 702 5001 attendat;
729 4950 926 5008 quanta
945 4941 1118 5013 gloria
1131 4943 1185 4996 in
1203 4945 1382 4998 Adam
1403 4945 1567 5000 fuerit
1586 4956 1795 5002 creatus
1808 4964 1889 5003 re-

291 5023 587 5097 colligat,et
608 5027 662 5080 in
680 5028 763 5081 his
781 5029 1032 5083 omnibus
1051 5031 1441 5098 anxiatus,non
1457 5032 1510 5086 in
1531 5033 1702 5088 oculis
1717 5035 1888 5090 homi-

292 5114 542 5181 num,sed
557 5130 741 5170 coram
755 5116 988 5172 Domino
1002 5134 1221 5186 precem
1239 5136 1389 5173 suam
1400 5119 1884 5195 eﬂ'undat,dicens;

757 5206 805 5270 5
830 5212 856 5270 ι
879 5208 915 5271 1
961 5205 1428 5262 ΕΧΡιΑΝΑΤιΟ.

629 5307 822 5352 QUINTI
852 5307 1048 5348 PSALMI
1077 5309 1548 5352 νωτιτεκτιλωε.

365 5378 527 5442 (Psal.
554 5380 678 5435 tOt.
699 5410 770 5418 —
800 5380 958 5436 Vers.
1007 5386 1076 5448 t.)
1121 5384 1381 5450 Domine,
1410 5386 1627 5442 exaudi
1671 5389 1889 5444 oratio-

296 5479 424 5519 nem
445 5483 652 5532 meam,
674 5472 729 5523 et
753 5469 968 5524 clamor
997 5486 1155 5526 meus
1182 5472 1254 5527 ad
1285 5476 1340 5529 te
1362 5475 1582 5529 veniat.

364 5551 414 5601 1.
473 5549 533 5603 In
585 5551 685 5606 hac
711 5552 954 5607 oratione
998 5557 1470 5626 quamexposituri
1499 5574 1702 5627 sumus,
1736 5577 1881 5631 quae-

1993 4599 2280 4668 accipitur.
2307 4598 2512 4652 Clamat
2539 4597 2686 4652 enim
2727 4595 2924 4665 justus,
2975 4610 3100 4649 cum
3130 4601 3386 4665 operatur
3427 4591 3582 4661 justi-

1991 4687 2121 4742 tiam
2150 4703 2218 4742 ex
2255 4685 2522 4741 desiderio
2553 4704 2568 4751 ;
2601 4685 2800 4739 clamat
2828 4692 2880 4739 et
2908 4683 3126 4752 impius,
3159 4698 3280 4739 cum
3310 4689 3590 4754 peccatum

1995 4783 2246 4856 adjungit
2274 4790 2516 4854 peccato.
2551 4781 2834 4837 Clamabat
2880 4781 3100 4852 Moyses
3152 4796 3275 4834 cum
3325 4780 3588 4850 populum

1995 4883 2066 4937 de
2096 4880 2679 4953 Egyptiacaservitute
2714 4879 3023 4933 libertatum
3053 4880 3120 4931 ad
3141 4881 3339 4930 terram
3366 4874 3590 4943 promis-

1996 4979 2165 5034 sionis
2213 4995 2310 5049 per
2324 4979 2596 5033 desertum
2627 4976 2919 5031 deduceret
2954 4973 3232 5028 Clamabat
3273 4978 3324 5026 et
3353 4969 3588 5038 pOpulus

1999 5075 2407 5140 Gomorrhaeus,
2439 5090 2562 5130 cum
2592 5089 2657 5127 ex
2686 5068 3128 5142 frequentissima
3161 5064 3359 5135 peccati
3389 5079 3590 5134 perpe-

2000 5173 2226 5228 tratione
2254 5173 2429 5226 Deum
2453 5172 2522 5225 ad
2553 5168 2888 5224 iracundiam
2911 5172 3252 5238 provocarct.
3274 5163 3522 5232 Denique
3541 5168 3594 5216 et

1998 5270 2168 5342 Moysi
2200 5269 2393 5324 tacenti
2426 5269 2626 5322 dictum
2645 5274 2728 5320 est
2747 5281 2779 5320 a
2800 5264 3028 5319 Domino
3054 5280 3065 5314 :
3095 5262 3235 5329 Quid
3271 5265 3485 5318 clamas
3512 5265 3585 5319 ad

1997 5382 2088 5422 me
2117 5367 2314 5436 (Exod.
2336 5380 2454 5432 xxv,
2477 5365 2564 5432 15)
2588 5363 2615 5414 ‘P
2637 5363 2696 5416 Et
2717 5363 2782 5416 de
2805 5361 2911 5414 illis
2941 5361 3015 5415 ait
3045 5359 3342 5414 Dominus:
3371 5360 3594 5416 Clamor

1998 5463 2362 5518 Sodomorum
2379 5463 2433 5516 et
2460 5459 2941 5515 Gomorrhworum
2959 5457 3217 5513 ascendit
3231 5457 3304 5512 ad
3318 5473 3407 5514 me
3424 5457 3583 5528 (Gen.

2001 5575 2151 5629 xvm,
2171 5561 2280 5628 20).
2316 5557 2472 5615 Unde
2499 5556 2718 5627 quidam
2746 5571 2844 5612 nos
2871 5555 3147 5627 admonet,
3171 5556 3358 5614 dicens
3383 5571 3395 5611 :
3421 5558 3594 5628 Au/e-
