4034 6166
0 4299 14 4552 ἒ

0 4581 14 4622 I

0 4767 14 4794 μ

7 4805 16 4846 l

0 4917 4 4944 ι

0 5003 26 5116 ι,

425 359 524 414 603

1609 351 1866 407 SANCTI
1908 349 2255 407 GREGORII
2297 351 2519 407 MAGNI
3613 355 3708 409 604

432 486 603 538 ratur
629 479 848 536 clamor
863 479 930 534 de
947 477 1128 534 medio
1141 480 1392 534 vestrum
1435 474 1539 547 (ιι).
1559 475 1660 532 Hic
1700 482 1879 532 autem
1927 491 2027 544 pro
2055 474 2111 537 Α
2142 479 2278 530 trata
2334 476 2403 530 ad
2449 492 2510 531 se
2537 491 2659 532 cum
2717 477 2911 533 reverti
2943 477 3249 549 persuadet.
3282 475 3568 533 Audiamus
3595 494 3713 552 ergo

431 568 711 625 irremisse
753 567 1066 638 operatione
1083 567 1285 622 clamor
1310 566 1592 637 accipitur,
1621 581 1744 620 cum
1773 564 1972 619 dicitur
2012 583 2023 619 :

435 659 660 714 Clamor
677 673 838 713 meus
852 657 924 711 ad
947 659 998 712 te
1024 656 1234 711 veniat.
1270 654 1578 710 Notandum
1609 669 1739 710 vero
1770 657 1852 708 est
1880 653 2028 723 quod

433 763 555 803 cum
573 745 926 816 praemisisset
949 762 962 798 :
989 744 1214 800 Exaudi
1238 746 1555 800 orationem
1593 759 1814 809 meam;
1845 742 2026 796 statim

433 835 628 905 adjicit
651 852 663 890 :
684 839 740 890 et
759 836 1145 890 clamor-meus
1158 833 1230 889 ad
1255 837 1307 888 te
1325 835 1535 888 veniat.
1555 832 1639 886 Illi
1673 832 1816 886 enim
1846 847 1877 885 a
1906 832 2024 886 Do-

435 924 586 980 mino
619 923 862 979 exaudiri
895 930 1181 989 merentur,
1203 925 1251 991 5
1276 925 1366 990 12
1392 921 1482 990 qui
1499 921 1666 976 divini
1684 921 1797 976 zelo
1827 919 2026 976 amoris

427 1013 666 1082 accensi,
699 1012 882 1066 omnia
913 1027 1034 1081 quas
1061 1019 1294 1081 possunt
1347 1011 1492 1066 bona
1531 1017 1843 1081 operantur.
1879 1011 2021 1066 Nam

428 1102 520 1174 qui
551 1101 818 1172 perversis
846 1100 1148 1155 actionibus
1174 1107 1442 1167 assuetus,
1474 1100 1733 1171 operibus
1759 1099 2021 1170 iniquita-

424 1191 492 1246 tis
520 1190 788 1261 invigilat,
819 1204 1159 1261 nequaquam
1191 1189 1387 1260 dignus
1415 1195 1498 1244 est
1527 1189 1869 1244 exauditione
1899 1205 2022 1246 cum

434 1287 577 1334 orat.
615 1279 757 1333 Hinc
786 1293 1022 1348 namque
1041 1292 1142 1346 per
1163 1278 1502 1347 semetipsam
1526 1277 1730 1332 Veritas
1750 1278 1824 1332 ait
1857 1293 1868 1332 :
1901 1279 2023 1334 Non

432 1367 617 1423 omnis
636 1368 734 1439 qui
744 1367 883 1422 dicit
903 1367 1590 1432 mihi,Domine,Domine,
1609 1367 1922 1422 intrabitin
1939 1382 2024 1423 re—

431 1471 606 1528 gnum
631 1457 897 1511 caelorum
916 1457 1134 1525 (Matth.
1169 1471 1264 1523 vn,
1285 1458 1393 1524 21).
1421 1456 1477 1510 Si
1506 1455 1762 1511 volumus
1791 1456 1954 1528 igitur
1969 1464 2026 1510 ut

428 1545 498 1599 ad
527 1559 682 1600 aures
709 1544 808 1599 Dei
836 1552 1016 1600 nostra
1037 1544 1313 1615 perveniat
1342 1545 1540 1612 oratio,
1585 1543 1897 1600 studeamus
1922 1559 2023 1599 ne-

431 1649 581 1688 cesse
631 1641 714 1688 est
739 1641 797 1688 ut
851 1634 920 1687 ab
973 1635 1124 1689 omni
1153 1633 1478 1688 admistione
1507 1634 1787 1703 pravitatis
1840 1642 2026 1689 nostra

429 1722 720 1777 mandetur
748 1722 1016 1792 operatio,
1049 1730 1107 1776 ut
1135 1723 1411 1792 possimus
1451 1723 1562 1777 Deo
1601 1738 1722 1777 cum
1756 1724 2027 1792 Propheta

428 1810 607 1866 dicere
631 1828 644 1865 :
677 1812 901 1868 Clamor
919 1826 1073 1866 meus
1094 1812 1167 1867 ad
1183 1820 1234 1866 te
1251 1813 1464 1868 veniat.

486 1900 686 1968 (Vers.
718 1903 796 1968 2.)
817 1901 934 1956 Νοη
955 1905 1178 1957 avertas
1189 1901 1394 1968 faciem
1414 1905 1574 1956 tuam
1590 1917 1625 1956 a
1643 1917 1733 1958 me
1752 1921 1775 1964 ;
1805 1902 1867 1958 in
1879 1918 2022 1974 qua-

433 2003 651 2059 cunque
682 1987 770 2043 die
791 1989 1052 2056 tribulor,
1073 1990 1293 2045 inclina
1319 1991 1391 2046 ad
1418 2006 1508 2046 me
1538 2007 1737 2046 aurem
1767 1996 1947 2048 tuam.

501 2077 557 2133 2.
589 2077 673 2131 Ad
695 2076 1098 2132 similitudinem
1127 2077 1471 2133 dominorum
1532 2080 1736 2136 dictum
1794 2089 1900 2150 est,
1932 2081 2022 2151 qui

436 2181 557 2220 cum
589 2180 687 2234 pro
717 2165 948 2234 alicujus
984 2181 1205 2222 suorum
1229 2167 1386 2238 culpa
1401 2169 1642 2240 graviter
1661 2169 2022 2238 offenduntur,

430 2252 602 2308 solent
631 2269 750 2308 eum
782 2267 815 2308 a
843 2263 1135 2323 conspectu
1166 2270 1266 2310 suo
1310 2257 1600 2325 expellere.
1633 2264 1688 2312 et
1715 2274 1746 2312 a
1783 2258 2026 2313 familia-

433 2341 576 2396 rium
632 2342 998 2398 assistentium
1053 2343 1285 2415 collegio
1327 2359 1604 2414 separare,
1636 2347 2028 2418 asupplicante

429 2429 626 2486 faciem
649 2439 910 2498 avertere,
935 2431 1150 2503 roganti
1172 2432 1386 2486 veniam
1405 2432 1694 2504 denegare.
1713 2436 1859 2489 Deus
1874 2451 2023 2502 vero,

434 2518 560 2574 licet
588 2534 711 2573 cum
742 2518 1115 2587 superbiendo
1146 2519 1216 2574 ab
1237 2535 1302 2574 eo
1331 2521 1650 2590 avertimur,
1691 2537 1721 2576 a
1752 2523 1911 2578 nobis
1929 2541 2027 2595 per

424 2606 694 2677 justitiam
751 2615 1020 2661 avertatur
1049 2625 1064 2674 ;
1092 2615 1275 2662 tamen
1332 2623 1453 2664 cum
1484 2610 1748 2665 humiliati
1777 2613 1847 2667 ad
1903 2628 2024 2667 cum

438 2694 823 2760 convertimur,
881 2694 951 2749 ad
1025 2711 1125 2749 nos
1177 2711 1276 2766 per
1329 2697 1757 2754 misericordiam
1787 2703 2026 2757 converti

432 2797 541 2837 non
569 2782 920 2853 dedignatur.
979 2785 1104 2853 Ipse
1131 2793 1213 2838 est
1241 2784 1383 2840 enim
1411 2786 1498 2856 qui
1530 2787 1660 2842 dicit
1684 2805 1696 2842 :
1733 2787 2026 2846 Converti-

433 2871 583 2926 mini
619 2870 692 2926 ad
713 2887 821 2938 me,
840 2875 896 2926 et
915 2885 1011 2944 ego
1041 2877 1339 2929 convertar
1359 2875 1430 2929 ad
1453 2891 1543 2930 vos
1562 2877 1756 2946 (Zuch.
1773 2893 1811 2944 ι,
1830 2881 1910 2949 3).
1959 2880 2026 2934 Et

431 2958 624 3014 iterum
661 2976 673 3013 :
720 2960 780 3016 Si
819 2961 1031 3033 impius
1071 2964 1247 3032 egerit
1263 2964 2026 3034 pwniientiamdeomnibus

433 3049 681 3116 peccatis
701 3051 819 3104 suis
837 3063 960 3120 qua:
979 3055 1244 3122 operatus
1261 3056 1365 3118 est,
1385 3057 1442 3107 et
1453 3054 1657 3123 fecerit
1670 3056 1952 3124 judicium
1969 3064 2030 3114 et

429 3138 688 3208 fustium,
710 3137 826 3192 vita
842 3138 1069 3205 vivet,et
1087 3155 1202 3194 non
1221 3140 1527 3196 morietur:
1545 3145 1801 3199 omnium
1817 3145 2026 3218 iniqui-

435 3229 623 3280 tatum
640 3227 924 3297 ejus,quas
944 3232 1208 3298 operatus
1224 3233 1450 3294 est,non
1467 3232 1799 3288 recordabar
1828 3253 1848 3301 ;
1879 3242 1936 3290 et
1964 3236 2025 3290 in

432 3315 661 3380 iustitia
682 3329 786 3369 sua
832 3330 999 3385 quam
1019 3323 1281 3384 aperatus
1302 3319 1560 3385 est,vivet
1603 3321 1821 3389 (Ez-ech.
1863 3338 2022 3391 xvm,

431 3404 542 3469 21).
558 3403 696 3457 Ecce
707 3409 853 3472 patet.
868 3402 1026 3457 nobis
1036 3403 1190 3458 sinus
1206 3405 1584 3462 misericordiae
1595 3409 1712 3463 Dei.
1734 3409 1912 3478 Quare
1925 3413 2025 3465 mi-

427 3490 783 3546 sericordiam
813 3491 912 3545 Dei
931 3507 960 3545 a
988 3491 1147 3546 nobis
1176 3493 1517 3550 excludimus
1537 3498 1565 3549 ‘?
1581 3495 1762 3565 Quare
1778 3502 2024 3556 vocatio-

428 3595 555 3634 nem
575 3579 692 3648 ejus
703 3578 889 3633 audire
907 3579 1316 3636 dissimulamus
1329 3585 1358 3636 ?
1375 3584 1496 3639 Non
1511 3586 1652 3640 enim
1666 3587 1837 3643 solum
1853 3605 1884 3643 ιι
1895 3605 2024 3646 con-

433 3667 608 3723 versis
627 3681 733 3722 non
767 3668 1040 3735 avertitur,
1099 3670 1195 3724 sed
1225 3671 1383 3726 etiam
1430 3688 1652 3730 aversos
1681 3684 1738 3730 ut
1791 3693 2023 3734 conver-

433 3764 630 3824 tantur,
663 3758 924 3811 hortatur.
959 3756 1102 3814 Hinc
1123 3767 1201 3813 est
1221 3760 1365 3814 enim
1395 3764 1541 3833 quod
1572 3780 1672 3832 per
1700 3768 2024 3836 prepbetam

432 3844 602 3899 dicit:
634 3845 693 3902 Si
709 3846 995 3902 dimiserit
1016 3849 1104 3903 vir
1118 3863 1359 3905 uxorem
1379 3857 1623 3918 suam,et
1642 3855 1746 3909 illa
1763 3857 2027 3912 recedens

427 3933 666 3988 duxerit
684 3935 866 3989 virum
883 3935 1352 4006 alium,nunquid
1369 3946 1685 3998 revertetur
1704 3944 1776 3998 ad
1796 3961 1921 4001 eam
1939 3947 2024 4002 ut-

433 4025 521 4077 tra
540 4022 838 4094 ?nunquid
848 4038 962 4078 non
973 4025 1198 4096 polluta
1211 4031 1266 4082 et
1278 4032 1676 4086 contaminata
1691 4035 1802 4088 erit
1814 4036 2026 4091 mulier

431 4111 583 4166 ilia?
606 4112 682 4166 Tu
702 4117 895 4167 autem
935 4115 1227 4183 fornicata
1267 4131 1324 4171 es
1362 4133 1493 4173 cum
1532 4122 1883 4178 amatoribus
1913 4124 2024 4180 tuis

430 4199 634 4255 multis
658 4218 671 4261 ;
694 4205 886 4257 tamen
910 4207 1187 4260 revertere
1199 4205 1272 4261 ad
1290 4221 1404 4274 me,
1435 4207 1577 4263 dicit
1609 4210 1882 4266 Dominus
1909 4214 2024 4282 (Je-

432 4303 571 4343 rem.
591 4303 674 4355 III,
694 4290 767 4360 1).
790 4290 1028 4346 Mulieris
1045 4291 1314 4348 derelictae
1327 4303 1376 4347 et
1397 4296 1712 4350 fornicantis
1727 4299 2025 4354 Similitudi-

430 4391 552 4430 nem
569 4376 869 4444 adducit,ut
889 4379 1003 4445 ejus
1024 4393 1419 4448 cognoscamus
1434 4381 1770 4455 pietatem,et
1786 4387 2026 4442 sciamus

434 4479 498 4518 eo
529 4479 627 4519 nos
656 4463 806 4518 illum
829 4466 1052 4534 gravius
1067 4465 1366 4533 oﬂ‘endere,
1405 4484 1511 4540 quo
1553 4487 1662 4525 non
1705 4483 1882 4530 cessat
1919 4491 2023 4531 nos

2055 3187 2107 3252 C

2135 580 2327 621 vocem
2364 573 2489 636 post
2518 573 2724 634 tergum
2756 566 3046 634 monentis,
3079 575 3132 622 et
3161 567 3230 622 ad
3261 567 3582 622 invitantem
3620 584 3712 624 nos

2134 653 2331 721 Deum,
2359 654 2549 710 saltem
2579 663 2699 725 post
2727 664 2947 726 peccata
2987 663 3351 712 revertamur:
3383 663 3440 709 ut
3467 656 3512 709 si
3560 655 3714 725 justi-

2133 741 2264 796 tiam
2289 741 2610 799 vindicantis
2625 743 2924 800 formidare
2941 745 3295 816 negligimus,
3314 745 3497 801 saltem
3518 759 3713 801 vocan-

2134 830 2202 888 tis
2231 839 2285 886 et
2314 832 2617 888 miserentis
2643 833 2898 904 pietatem
2922 834 3335 890 erubescamus.

2204 923 2258 976 3.
2283 921 2346 976 In
2362 938 2696 994 quacunque
2715 921 2806 978 die
2827 923 3089 991 tribulor,
3107 923 3412 979 inelinaad
3426 938 3510 978 me
3524 940 3711 979 aurem

2135 1016 2314 1067 tuam.
2361 1011 2502 1066 Ecce
2519 1012 2633 1080 jam
2663 1020 2826 1081 caput
2853 1019 3092 1067 nostrum
3122 1011 3275 1066 sedet
3302 1025 3336 1067 a
3365 1010 3564 1066 dextris
3600 1011 3708 1076 Dei,

2131 1107 2186 1153 et
2214 1107 2396 1154 tamen
2423 1099 2626 1154 sedicit
2656 1100 2931 1156 tribulari.
2981 1100 3086 1157 Ubi
3103 1116 3234 1172 ergo
3265 1099 3564 1169 tribulatur,
3613 1100 3709 1155 nisi

2130 1188 2184 1242 in
2214 1203 2440 1259 corpore
2464 1189 2492 1242 ἢ
2512 1189 2652 1243 Nam
2681 1188 2826 1260 quod
2857 1189 2910 1244 in
2942 1205 3178 1260 corpore
3215 1189 3510 1255 tribuletur,
3541 1189 3712 1244 mani-

2132 1277 2266 1333 festo
2323 1278 2560 1333 ostendit
2587 1294 2708 1332 cum
2739 1278 2904 1334 Saulo
2952 1279 3281 1350 persecutori
3309 1279 3447 1333 dixit
3476 1296 3488 1331 :
3524 1278 3712 1347 Saule,

2129 1365 2320 1432 Saule,
2339 1367 2472 1436 quid
2487 1383 2577 1421 me
2591 1368 2940 1439 persequeris
2955 1368 3102 1437 (Act.
3121 1383 3196 1432 Ix,
3220 1368 3269 1436 ι)
3286 1368 3314 1421 ‘I
3337 1367 3400 1422 Et
3422 1368 3573 1422 Petro
3601 1366 3670 1420 ait
3699 1385 3712 1420 :

2137 1456 2312 1511 Venio
2335 1457 2562 1512 Romam
2582 1456 2796 1512 iterum
2812 1456 3072 1527 cruci/Egi
3107 1455 3378 1528 [Hegesip.
3408 1457 3444 1511 ι.
3463 1471 3541 1524 ιιι,
3571 1470 3613 1509 e.
3644 1455 3713 1528 2].

2133 1542 2237 1611 Qui
2258 1544 2401 1599 enim
2433 1545 2485 1599 in
2508 1545 2692 1614 seipso
2717 1545 3050 1615 jampridem
3075 1544 3363 1601 cruciﬁxus
3419 1545 3609 1610 fuerat,
3668 1544 3718 1598 in

2134 1635 2288 1689 Petro
2311 1634 2500 1689 iterum
2532 1649 2592 1688 se
2613 1631 3039 1704 cruciﬁgendum
3069 1633 3317 1689 decebat.
3343 1631 3604 1701 Quamvis
3655 1631 3720 1687 sit

2131 1722 2186 1777 in
2215 1723 2508 1778 electorum
2538 1722 2793 1777 cordibus
2812 1723 2980 1778 etiam
3014 1722 3122 1777 alia
3153 1721 3450 1787 tribulatio,
3481 1737 3639 1792 quam
3667 1722 3720 1775 in

2049 1833 2104 1895 Β
2135 1812 2212 1868 eis
2238 1820 2458 1883 generat
2480 1811 2732 1867 continua
2748 1811 3078 1882 paenitentia
3097 1811 3428 1867 amaritudo.
3459 1810 3563 1880 Qui
3583 1810 3720 1866 enim

2135 1901 2278 1958 mala
2307 1917 2428 1972 qua:
2465 1904 2610 1968 513
2634 1901 2936 1967 commisit,
2967 1908 3092 1956 ante
3121 1900 3320 1954 mentis
3351 1899 3538 1955 oculos
3590 1914 3719 1955 con-

2131 2005 2350 2062 gerens,
2382 2005 2481 2061 pro
2509 1989 2742 2061 singulis
2769 1989 3177 2060 quibuscunque
3218 1988 3615 2061 compung'itur,
3669 1987 3722 2042 in

2132 2094 2332 2135 arcano
2369 2079 2547 2134 cordis
2601 2093 2800 2149 magna
2858 2085 2913 2133 et
2955 2092 3141 2134 amara
3185 2077 3392 2132 doloris
3447 2086 3500 2133 et
3553 2085 3720 2132 metus

2134 2168 2404 2222 anxietate
2434 2166 2843 2222 contribulalur.
2889 2165 3075 2221 Solent
3104 2179 3336 2237 namque
3394 2165 3547 2221 electi
3599 2165 3712 2232 viri,

2133 2258 2202 2311 ad
2233 2272 2297 2312 ea
2319 2272 2550 2326 quorum
2579 2254 2684 2310 sibi
2715 2259 2840 2310 sunt
2871 2255 3073 2310 conscii
3114 2263 3355 2326 peccata,
3414 2254 3608 2309 mentis
3635 2255 3719 2307 in-

2136 2346 2328 2400 tuitum
2349 2347 2630 2412 reducere,
2663 2351 2716 2400 et
2745 2344 2922 2400 modis
2967 2359 3154 2400 comm
3201 2349 3361 2400 cauta
3419 2342 3721 2414 singulatim

2134 2434 2574 2491 consideratione
2609 2433 2923 2505 perspectis,
2955 2433 3171 2504 singula
3201 2448 3432 2504 quaeque
3485 2431 3677 2487 deflere
3708 2449 3720 2495 ;

2134 2533 2192 2578 ut
2223 2525 2326 2578 hoc
2353 2523 2517 2578 modo
2549 2522 2729 2578 cordis
2748 2522 2832 2576 sui
2847 2530 3153 2592 praeparent
3188 2521 3571 2587 habitaculum,
3603 2520 3720 2574 dum

2135 2627 2232 2683 per
2284 2611 2709 2682 unumquodque
2753 2610 2953 2665 erroris
2980 2610 3062 2664 sui
3107 2610 3390 2680 deplorant
3415 2624 3717 2664 excessum.

2133 2700 2271 2755 Hinc
2297 2715 2536 2768 namque
2563 2699 2828 2753 Jeremias
2845 2699 2951 2752 ait:
2980 2698 3294 2754 Divisiones
3325 2713 3611 2770 aquarum
3630 2697 3724 2752 de-

2134 2790 2305 2845 duxit
2337 2791 2535 2845 oculus
2567 2804 2725 2844 meus
2751 2787 2977 2856 (Thren.
3001 2803 3082 2854 III,
3107 2788 3220 2854 48).
3255 2787 3473 2842 Divisas
3529 2786 3723 2857 quippe

2134 2894 2305 2948 aquas
2361 2894 2425 2932 ex
2457 2877 2627 2933 oculis
2659 2876 2948 2943 deducere,
2981 2885 3064 2931 est
3095 2875 3407 2945 dispertitas
3461 2875 3724 2945 lacrymas

2134 2966 2425 3037 unicuique
2445 2974 2671 3036 peccato
2697 2965 2953 3030 tribuere,
2986 2973 3042 3020 et
3069 2964 3366 3035 iniquitatis
3405 2965 3607 3036 gaudia
3632 2977 3720 3017 sa-

2136 3054 2458 3111 tisfactionis
2515 3053 2796 3110 doloribus
2850 3068 3222 3123 compensare,
3282 3061 3553 3124 quatenus
3596 3051 3720 3106 dum

2135 3161 2276 3199 nunc
2305 3145 2484 3214 hujus,
2515 3159 2658 3198 nunc
2685 3143 2834 3197 illius
2848 3143 3028 3199 delicti
3053 3141 3315 3197 memoria
3364 3157 3524 3196 mens
3551 3141 3724 3197 acrius

2137 3232 2394 3305 tangitur,
2428 3232 2589 3286 simul
2617 3231 2688 3286 de
2711 3232 2962 3286 omnibus
2979 3230 3209 3303 singulis
3237 3239 3515 3286 commota
3534 3241 3724 3300 purge-

2133 3330 2237 3377 tur.
2271 3320 2429 3388 Quod
2451 3335 2578 3377 vero
2599 3319 2674 3374 ait
2698 3340 2710 3376 :
2738 3322 2960 3376 Inclina
2975 3319 3052 3375 ad
3087 3336 3175 3375 me
3194 3334 3395 3374 aurem
3420 3323 3601 3384 tuam,
3627 3318 3726 3371 tale

2133 3415 2217 3465 est
2239 3411 2391 3483 quasi
2408 3409 2552 3464 dicat
2583 3427 2595 3463 :
2629 3410 2794 3479 Eger
2822 3425 2962 3476 sum,
2997 3424 3106 3464 non
3138 3423 3358 3479 possum
3411 3423 3498 3462 me
3527 3406 3725 3478 erigere

2131 3499 2201 3554 ad
2229 3508 2302 3566 te,
2326 3500 2451 3569 quia
2472 3514 2578 3554 non
2596 3505 2675 3552 est
2690 3498 2926 3553 hominis
2947 3497 3189 3568 dirigere
3210 3497 3356 3551 viam
3384 3511 3561 3551 suam.
3622 3495 3723 3550 Sed

2130 3598 2206 3658 tu,
2234 3602 2384 3644 more
2404 3586 2581 3642 ﬁdelis
2611 3587 2828 3654 medici,
2852 3585 3054 3641 inclina
3082 3585 3151 3640 ad
3197 3601 3283 3640 me
3340 3599 3532 3640 aurem
3563 3592 3720 3639 tuam.

2130 3677 2340 3732 Inclina
2393 3690 2598 3745 aurem,
2630 3675 2758 3744 quia
2800 3689 2919 3750 ego
2946 3688 3055 3729 non
3085 3673 3238 3746 erigo
3280 3674 3573 3729 cervicem.
3609 3671 3724 3727 Scio

2131 3765 2277 3821 enim
2309 3764 2433 3836 quia
2471 3765 2518 3818 si
2548 3778 2640 3818 me
2669 3777 2916 3829 erexero,
2942 3762 3166 3834 longius
3196 3761 3437 3817 discedis
3467 3758 3725 3824 ;sibumi—

2130 3854 2357 3921 liavero,
2377 3853 2603 3923 prepius
2630 3852 2866 3907 accedis.
2884 3850 3032 3906 Sicut
3047 3850 3188 3906 enim
3210 3850 3496 3906 humiliato
3526 3865 3722 3920 appro-

2131 3944 2378 4015 pinquas,
2411 3943 2482 3996 ita
2513 3950 2563 3996 te
2593 3941 2662 3995 ab
2691 3941 2832 3995 elato
2877 3941 3116 4011 elongas.
3152 3939 3283 3996 Ideo
3313 3955 3451 4013 ergo
3482 3938 3720 4003 tribulor,

2131 4040 2190 4086 ut
2218 4032 2284 4086 ad
2313 4046 2400 4086 me
2429 4030 2654 4085 inclines
2680 4043 2865 4084 aurem
2896 4038 3062 4085 tuam.

2202 4121 2379 4192 (Vers.
2399 4121 2476 4189 3.)
2509 4119 2571 4173 ln
2591 4133 2924 4190 quacunque
2936 4118 3025 4174 die
3039 4120 3369 4176 invocavero
3385 4119 3724 4185 te,velociter

2130 4209 2347 4266 exaudi
2388 4224 2494 4264 me.

2201 4299 2254 4352 4.
2288 4299 2409 4352 Νοιι
2433 4297 2550 4365 jam
2582 4303 2824 4350 terrenus
2853 4304 3064 4350 terrena
3093 4295 3366 4365 desidero,
3388 4297 3488 4352 sed
3509 4313 3539 4352 a
3557 4295 3721 4366 prima

2129 4386 2439 4457 captivitate
2483 4384 2759 4447 liberatus,
2819 4384 3060 4439 caelestia
3113 4385 3460 4455 concupisco.
3521 4382 3723 4439 Exaudi

2133 4491 2268 4546 ergo
2305 4489 2390 4530 me
2421 4481 2666 4528 orantem
2716 4487 2822 4527 non
2856 4487 2952 4543 pro
3009 4472 3209 4528 divitiis
3245 4473 3448 4540 saeculi,
3483 4488 3589 4529 non
3627 4485 3719 4544 pro

429 4552 592 4607 etiam
609 4558 732 4620 post
750 4550 1000 4607 delictum
1019 4568 1239 4611 vocare.
1259 4556 1387 4614 Haec
1407 4567 1588 4613 autem
1603 4563 1906 4617 vocationis
1928 4565 2023 4620 Dei
2048 4540 2100 4603 Π
2132 4540 2306 4635 gloria
2346 4561 2656 4630 temporali,
2715 4576 2823 4615 non
2858 4540 2981 4630 'pro
3037 4561 3366 4617 fecunditate
3409 4540 3716 4635 pignorum,

429 4639 716 4694 clementia
747 4652 778 4693 a
799 4645 954 4708 parte
975 4643 1310 4711 exprimitur,
1326 4661 1447 4700 cum
1471 4649 1676 4703 homini
1706 4666 1895 4707 averso
1924 4670 2022 4724 per

432 4726 599 4780 alium
620 4727 942 4798 prOpbetam
965 4730 1162 4786 dicitur
1181 4747 1193 4786 :
1219 4735 1284 4788 Et
1305 4739 1636 4792 eruntoculi
1659 4741 1746 4795 tui
1764 4741 1928 4797 viden
1938 4747 2021 4799 tes

427 4819 829 4888 preeeptorem
844 4821 1092 4886 tuum,et
1103 4836 1271 4877 aures
1291 4829 1404 4879 tute
1418 4825 1658 4881 audient
1692 4844 1875 4884 vocem
1895 4834 2021 4902 post

426 4909 649 4974 tergum
669 4908 1099 4974 monentis(lsa.
1134 4925 1267 4974 xxx,
1286 4915 1394 4979 20).
1431 4913 1685 4979 lllegenim
1715 4932 1896 4972 coram
1916 4935 2017 4986 po-

425 4993 558 5048 situs
587 4994 759 5050 verba
788 4995 887 5050 Dei
907 4995 1155 5067 percipit,
1184 4997 1576 5070 quiantequam
1594 5013 1871 5072 peccatum
1889 5023 2017 5076 per-

423 5081 586 5150 ﬁciat,
618 5083 912 5139 voluntatis
940 5085 1062 5154 ejus
1081 5095 1356 5157 praecepta
1375 5091 1674 5161 cognoscit.
1699 5090 1862 5160 Quasi
1876 5096 2018 5149 enim

426 5171 606 5226 adhuc
635 5181 757 5227 ante
786 5173 981 5228 faciem
1014 5175 1129 5243 ejus
1161 5184 1322 5241 stare,
1357 5186 1436 5232 est
1475 5180 1705 5234 necdum
1737 5197 1854 5236 eum
1887 5198 2019 5253 pec-

426 5259 605 5315 cando
635 5269 993 5316 contemnere.
1031 5263 1294 5317 Cieterum
1333 5265 1376 5318 si
1435 5267 1648 5336 abjecto
1694 5269 1888 5324 timore
1921 5271 2018 5325 Dei

424 5346 759 5416 iniquitatem
791 5351 1005 5418 operari
1033 5351 1275 5421 coeperit,
1309 5353 1466 5423 quasi
1499 5362 1706 5425 tergum
1738 5357 1790 5410 in
1823 5358 2019 5415 faciem

428 5435 548 5502 ejus
593 5434 772 5490 mittit.
826 5436 930 5491 Sed
989 5447 1041 5492 et
1072 5448 1191 5509 post
1239 5448 1450 5512 tergum
1508 5441 1847 5515 subsequens
1878 5448 2023 5502 Deus

427 5521 852 5577 abscendentem
884 5525 1154 5594 admonet,
1189 5529 1315 5600 quia
1345 5529 1510 5584 etium
1549 5532 1787 5602 nequitia
1817 5551 2022 5608 perpe-

2130 4667 2241 4708 non
2271 4665 2368 4722 pro
2397 4648 2941 4704 morteinimicorum.
2961 4649 3232 4704 Velociter
3256 4657 3446 4705 autem
3507 4648 3714 4714 exaudi,

2129 4749 2186 4794 ut
2214 4740 2267 4793 in
2298 4737 2699 4807 meadimpleas
2720 4737 2863 4807 quod
2884 4737 3064 4791 dixisti
3095 4738 3330 4794 :Adhuc
3351 4741 3614 4810 loquente
3642 4742 3712 4805 te,

2127 4829 2354 4885 dicam:
2386 4827 2519 4882 Ecce
2575 4826 2774 4880 adsum
2831 4826 2958 4896 (lsa.
3020 4842 3169 4891 LVIII,
3215 4827 3289 4895 9).
3340 4827 3490 4881 Multi
3531 4834 3717 4883 vocant

2127 4918 2323 4984 Deum,
2383 4915 2479 4969 sed
2511 4929 2617 4968 non
2647 4913 2917 4982 invocant,
2951 4915 3076 4984 quia
3131 4915 3292 4970 labiis
3323 4915 3712 4981 tantummodo,

2129 5020 2235 5060 non
2279 5003 2457 5058 cordis
2493 5001 2688 5058 affectu
2719 5018 2873 5057 orare
2903 5012 3214 5072 procurant.
3257 5002 3362 5071 Qui
3387 5020 3516 5059 vero
3555 5005 3717 5058 Deum

2129 5103 2241 5148 toto
2271 5092 2436 5148 corde
2463 5092 3112 5158 desiderat,contidenter
3133 5092 3364 5147 clamat:
3387 5095 3456 5148 In
3479 5106 3719 5165 quacun-

2129 5197 2232 5254 que
2267 5181 2356 5236 die
2383 5181 2709 5235 invocavero
2749 5183 2823 5244 te,
2855 5181 3116 5235 velociter
3149 5180 3362 5236 exaudi
3407 5197 3517 5235 me.
3541 5179 3602 5233 In
3632 5179 3716 5233 die

2127 5270 2363 5335 invocat,
2397 5266 2487 5338 qui
2519 5268 2572 5320 in
2603 5267 2796 5322 mentis
2818 5268 3048 5336 puritate
3097 5269 3270 5322 Deum
3300 5272 3520 5322 exorat.
3560 5267 3719 5336 Cujus

2127 5356 2352 5428 justitia,
2379 5371 2502 5409 eum
2530 5355 2650 5410 vias
2666 5369 2792 5409 suas
2812 5355 3047 5410 Domino
3074 5355 3432 5423 revelaverit,
3461 5356 3598 5412 sicut
3655 5354 3722 5406 lu-

2132 5459 2257 5499 men
2287 5443 2547 5511 educitur,
2581 5447 2637 5498 et
2646 5443 2953 5513 judicium,
2987 5444 3122 5498 sicut
3162 5443 3235 5498 ait
3265 5445 3553 5514 Pmpbets,
3587 5447 3717 5498 tan-

2133 5548 2300 5608 quam
2331 5531 2595 5588 meridies
2615 5533 2953 5588 illustratur
2969 5532 3150 5603 (Psal.
3187 5547 3384 5602 xxxVI,
3409 5531 3648 5602 6).Unde
3669 5537 3717 5584 et

496 5643 582 5717 (α)
618 5645 778 5705 Forte
807 5651 1012 5724 Ephes.
1047 5670 1123 5724 Iv,
1157 5656 1249 5724 31,
1283 5656 1378 5710 ubi
1409 5655 1648 5728 legitur:
1683 5661 1876 5718 Omnis
1897 5662 2220 5720 amaritudo
2236 5667 2293 5719 et
2322 5664 2605 5720 clamor...
2640 5665 2880 5721 tollatur
2907 5682 2942 5720 a
2963 5661 3132 5721 vobis.
