4034 6166
342 344 441 400 6οὸ

334 557 707 631 simplicitate
734 558 921 617 cordis
949 561 1183 633 quierite
1200 561 1369 619 illum
1392 563 1549 635 (Sap.
1572 579 1612 633 ι,
1638 564 1711 636 1).
1735 563 1925 621 Cordis

329 643 470 701 enim
497 644 828 717 simplicitas
857 648 971 705 dies
1000 655 1098 718 est,
1128 666 1291 722 quam
1322 650 1472 709 fraus
1490 668 1598 709 non
1620 652 1918 722 obnubilat,

325 748 434 788 non
480 734 807 791 obtenebrat
852 729 1212 809 mendacium,
1246 754 1356 795 non
1393 738 1646 797 obscurat
1691 743 1916 808 invidia,

323 834 434 877 non
462 822 715 879 obfuscat
755 823 944 896 dolus;
996 842 1156 899 quam
1203 826 1298 884 lux
1344 829 1584 885 veritatis
1628 830 1917 900 illuminat,

323 911 630 981 praesentiae
686 912 887 970 divinae
941 915 1158 970 claritas
1210 915 1465 973 illustrat.
1512 918 1783 994 Scriptum
1840 932 1919 979 est

323 999 477 1054 enim
502 1017 513 1053 :
543 999 681 1056 Cum
700 1002 1055 1075 simplicibus
1073 1010 1471 1065 sermocinatio
1493 1010 1614 1082 ejus
1629 1011 1811 1080 (Prov.
1834 1027 1913 1082 Ill,

320 1086 430 1154 32).
462 1083 585 1140 Deo
613 1093 794 1142 autem
823 1091 1194 1159 sermocinari,
1226 1098 1308 1147 est
1344 1108 1446 1165 per
1471 1110 1582 1150 sue
1611 1098 1915 1166 prmsentiae

316 1171 775 1231 illuminationem
802 1177 1053 1234 humanis
1078 1181 1349 1237 mentibus
1374 1183 1664 1241 voluntatis
1690 1202 1803 1242 suae
1831 1203 1913 1242 ar-

316 1276 454 1319 cana
484 1264 750 1320 revelare.
775 1262 908 1321 Cum
929 1267 1267 1340 simplicibus
1295 1270 1462 1344 igitur
1483 1274 1627 1330 Deus
1653 1278 1913 1333 sermoci-

317 1353 434 1405 nari
462 1350 680 1420 dicitur,
705 1353 833 1426 quia
860 1355 1079 1411 illorum
1110 1365 1321 1416 mentes
1349 1360 1416 1416 de
1443 1364 1656 1418 arcanis
1685 1366 1911 1421 coelesti-

313 1438 415 1527 bus
439 1456 556 1497 suae
585 1441 951 1513 inspirationis
990 1445 1235 1505 claritate
1272 1449 1562 1518 illuminat,
1595 1469 1733 1527 quos
1764 1455 1911 1511 nulla

312 1522 493 1602 caligo
541 1529 873 1603 duplicitatis
914 1534 1227 1593 obumbrat.
1275 1537 1395 1607 Quo
1442 1522 1632 1598 contra
1679 1545 1748 1599 de
1799 1561 1909 1602 non

1046 346 1122 401 1N
1159 345 1434 404 serram
1469 347 1722 405 PSALM.
1763 347 2024 405 Pauor.
2065 328 2476 409 nxeosrrto.
2504 383 2577 395 —
2612 352 2808 411 essu.
2850 356 2914 411 v.

336 468 595 540 scriptum
626 475 709 526 est
739 487 753 526 :
779 468 1009 529 Sentite
1037 470 1104 528 de
1133 472 1366 529 Domino
1394 474 1457 529 in
1488 472 1762 544 bonitate,
1784 478 1842 532 et
1865 477 1927 533 in
1956 474 2013 538 Α

3524 355 3626 409 606

2042 506 2237 559 vatum
2260 505 2410 563 sicut
2441 503 2637 564 cedros
2664 508 2866 565 Libani
2884 526 2902 573 ;
2923 510 2979 563 et
3005 506 3262 573 transivi,
3289 508 3345 562 et
3376 519 3499 561 ecce
3511 522 3627 563 non

2031 596 2187 655 erat.-
2217 594 2448 665 quasiet
2475 611 2626 664 eum,
2656 600 2711 653 et
2746 612 2861 653 non
2891 600 2978 653 est
3004 595 3272 651 inventus
3305 593 3458 651 locus
3501 593 3625 663 eius

2031 679 2205 749 (Psal.
2238 697 2434 749 xxxvi,
2468 684 2578 756 35).
2604 681 2724 751 Qua
2753 683 2807 738 in
2837 699 2892 739 re
2915 683 3253 754 pensandum
3285 689 3386 749 est,
3408 696 3626 752 perver-

2028 784 2209 824 sorum
2238 772 2483 841 potentia
2507 771 2735 842 qualiter
2757 771 3069 836 destruitur,
3093 786 3323 842 quorum
3348 785 3446 825 nec
3476 769 3626 825 locus

2030 856 2249 927 quidem
2281 868 2409 933 post
2432 860 2705 916 modicum
2750 859 3035 918 invenitur.
3072 858 3323 932 Sequitur
3354 877 3366 914 :
3400 860 3468 915 Et
3498 873 3620 915 ossa

2026 961 2154 1001 mea
2183 948 2335 1004 sicut
2361 950 2639 1006 cremium
2669 951 2977 1006 aruerunt.

2098 1033 2150 1085 6.
2185 1029 2284 1086 Per
2312 1048 2452 1102 ossa,
2485 1033 2744 1089 rationem
2784 1040 2838 1090 et
2879 1031 3293 1105 intelligentiam
3334 1046 3622 1101 possumus

2024 1118 2276 1191 accipere
2303 1137 2427 1193 qua:
2459 1122 2607 1192 quasi
2639 1122 2785 1178 sicca
2804 1129 3102 1191 remanent,
3126 1119 3254 1176 dum
3279 1118 3547 1173 factorum
3570 1125 3623 1173 et

2020 1206 2277 1262 virtutum
2309 1209 2699 1283 pinguedinem
2729 1227 2837 1267 non
2870 1209 3084 1266 habent.
3136 1210 3215 1264 De
3244 1223 3349 1280 qua
3380 1206 3622 1278 profecto

2018 1290 2349 1364 pinguedine
2379 1294 2826 1368 dicitPropheta:
2854 1293 3192 1365 Sicutadipe
3205 1297 3261 1350 et
3274 1291 3622 1367 pinguedine

2018 1379 2319 1453 repleatur
2345 1384 2541 1439 anima
2573 1400 2695 1440 mea
2731 1384 2903 1455 (Psal.
2938 1399 3068 1449 ιλιι,
3107 1386 3182 1453 6).
3215 1380 3325 1437 Vel-
3350 1397 3448 1454 per
3475 1395 3622 1449 ossa,

2018 1468 2273 1526 fortiores
2303 1471 2391 1542 qui
2421 1480 2546 1527 sunt
2576 1473 2628 1527 in
2662 1473 2925 1539 Ecclesia,
2958 1471 3276 1546 accipimus,
3310 1468 3435 1542 quia
3478 1468 3620 1524 sicut

2017 1573 2116 1629 per
2145 1574 2270 1614 ossa
2300 1575 2500 1633 corpus
2529 1569 2771 1617 nostrum
2800 1569 3101 1634 vegetatur,
3124 1559 3199 1615 ita
3229 1576 3329 1631 per
3356 1556 3478 1614 illos
3501 1572 3618 1613 cor-

310 1616 660 1720 SiPl-‘tlifibfli
678 1620 875 1720 dicitur
958 1623 1158 1720 Virum
1185 1630 1534 1720 sanguinum
1563 1638 1621 1689 et
1650 1634 1907 1697 dolosam
2013 1616 2117 1716 pus
2145 1644 2360 1717 Christi,
2392 1616 2536 1720 quod
2566 1616 2647 1704 est
2677 1616 2938 1715 Ecclesia,
2970 1616 3174 1719 regitur
3192 1616 3247 1704 et
3268 1652 3613 1703 sustentatur.

312 1705 735 1765 abominabitur
753 1709 1029 1768 Dominus
1052 1715 1225 1779 (Psal.
1249 1733 1303 1784 v,
1323 1720 1396 1784 8).
1422 1719 1485 1775 Et
1508 1721 1762 1780 Salomon
1787 1730 1901 1785 ait:

2012 1731 2190 1788 Habet
2221 1733 2363 1788 enim
2393 1742 2444 1789 et
2470 1751 2667 1806 corpus
2696 1733 2891 1791 Christi
2923 1751 3141 1791 carnem
3173 1749 3346 1800 suam,
3371 1730 3617 1788 infirmos

311 1795 569 1889 Spiritus
583 1801 829 1889 sanctus
853 1799 1173 1874 disciplima
1192 1803 1422 1877 effugiet
1440 1809 1663 1879 ﬁctum,
1683 1817 1911 1887 etau/e-
1943 1821 1998 1881 B
2026 1815 2251 1886 scilicet,
2285 1818 2539 1874 virtutum
2565 1795 2810 1875 carentes
2849 1819 3186 1885 fortitudine,
3220 1817 3310 1889 qui
3334 1795 3617 1887 perfecto-

311 1886 402 1939 ret
429 1899 497 1941 se
526 1901 562 1940 a
592 1887 1031 1957 cogitationibus
1079 1908 1202 1965 qua:
1247 1900 1389 1950 sunt
1432 1900 1563 1953 sine
1609 1886 1915 1963 intellectu

308 1970 481 2046 (Sap.
516 1988 555 2043 ι,
600 1976 678 2045 5).
736 1974 962 2032 Constat
1017 1994 1152 2053 ergo
1208 1980 1329 2052 quia
1380 1983 1511 2040 istos
1565 1986 1914 2049 inbabitando

312 2059 615 2131 illuminat,
647 2060 781 2119 illos
798 2066 1109 2124 recedendo
1137 2079 1395 2127 exuerat.

376 2148 565 2219 (Vera.
589 2150 664 2215 ι.)
689 2151 833 2219 Quia
860 2152 1196 2226 defecerunt
1221 2160 1372 2216 sicut
1399 2163 1597 2234 fumus
1626 2162 1746 2223 dies
1776 2172 1912 2241 mei,

317 2242 374 2291 et
404 2251 536 2293 ossa
567 2253 692 2295 mea
720 2241 871 2297 sicut
895 2245 1173 2301 cremium
1204 2254 1513 2306 aruerunt.

375 2324 432 2380 5.
469 2325 692 2396 Spectat
719 2330 824 2384 hoc
853 2329 921 2385 ad
950 2330 1005 2386 id
1031 2333 1177 2406 quod
1208 2333 1379 2392 dixit:
1414 2331 1684 2399 Velociter
1702 2348 1915 2404 exaudi

304 2428 415 2470 me.
473 2412 641 2484 Quasi
671 2416 875 2474 diceret
908 2436 922 2474 :
955 2419 1108 2492 Opus
1137 2430 1222 2478 est
1251 2432 1307 2479 ut
1336 2426 1592 2484 velociter
1621 2448 1708 2488 me
1737 2448 1912 2491 exau-

308 2499 454 2571 diaa,
479 2505 608 2574 quia
637 2505 753 2560 dies
781 2508 889 2562 mei
920 2508 1254 2578 defecerunt,
1278 2512 1530 2573 videlicet
1551 2520 1617 2575 ad
1640 2520 1913 2580 defectum

306 2590 457 2647 velut
489 2592 667 2648 fumus
695 2593 1045 2653 devenerunt.
1068 2599 1171 2654 Per
1198 2599 1315 2656 dies
1341 2619 1470 2660 suos
1500 2606 1591 2664 bic
1613 2610 1726 2665 vult
1754 2611 1913 2667 intel-

307 2679 403 2769 ligi
453 2695 622 2737 omne
664 2689 900 2755 tempus,
933 2682 1045 2757 quo
1078 2688 1331 2746 mandata
1362 2692 1459 2749 Dei
1490 2683 1826 2769 postposuit,
1860 2704 1916 2756 et

310 2768 556 2824 funestis
584 2770 950 2841 pariturarum
979 2790 1157 2832 rerum
1187 2794 1444 2836 accensus
1475 2783 1775 2854 desideriis,
1798 2768 1913 2844 sibi

302 2871 414 2946 non
444 2857 567 2913 Deo
599 2856 837 2916 militans
863 2864 1154 2920 carnaliter
1180 2867 1333 2923 vixit.
1364 2869 1541 2927 Habet
1569 2875 1711 2930 enim
1744 2879 1792 2946 5
1811 2878 1911 2946 14

302 2945 355 3000 in
386 2945 502 3003 bac
534 2948 646 3002 vita
677 2949 823 3006 diem
849 2963 1007 3007 suum
1037 2954 1214 3011 anima
1243 2971 1523 3028 perversa,
1556 2978 1679 3034 quae
1711 2945 1910 3020 transi:

306 3036 445 3092 torio
476 3036 689 3108 gaudet
715 3039 770 3093 in
801 3046 1066 3113 tempore,
1100 3051 1151 3099 et
1181 3042 1431 3103 letbilera
1475 3052 1710 3107 carnalis
1753 3052 1909 3109 dele-

303 3124 559 3233 c‘ta‘tionis
612 3126 973 3196 perfruuntur
1016 3132 1382 3233 iucunditate.
1441 3136 1579 3194 Hinc
1634 3148 1720 3197 est
1767 3141 1990 3233 quoda

303 3211 564 3270 Salvator
593 3223 776 3272 noster
800 3218 1217 3287 praevaricatrici
1246 3223 1563 3293 Jerusalem,
1596 3211 1913 3285 destructio-

300 3301 384 3356 nis
412 3319 534 3359 sum
549 3303 761 3373 justum
790 3306 1059 3362 excidium
1081 3311 1436 3383 comminans,
1462 3316 1569 3371 ait:
1596 3317 1662 3372 Et
1687 3318 1911 3390 quidem

300 3390 364 3445 in
394 3391 508 3449 hac
536 3391 628 3450 die
659 3397 780 3464 tua,
813 3411 936 3469 quae
963 3396 1037 3453 ad
1060 3412 1259 3471 pacem
1290 3400 1395 3456 tibi
1439 3402 1596 3474 (Luc.
1629 3416 1754 3476 nx,
1783 3408 1900 3477 L2).

302 3479 468 3536 Diem
502 3483 701 3537 etenim
740 3498 893 3538 suam
924 3484 1014 3541 ille
1046 3494 1170 3542 tunc
1217 3489 1452 3559 populus
1496 3494 1750 3561 habebat,
1783 3494 1912 3565 quia

304 3567 358 3623 in
394 3584 585 3625 rerum
642 3568 938 3627 labentium
982 3575 1254 3644 opulentia
1306 3577 1602 3650 confidens,
1635 3583 1814 3653 quiete
1860 3592 1914 3638 et

304 3672 563 3714 successu
594 3661 890 3733 gaudebat.
915 3661 1157 3731 Quorum
1187 3667 1446 3723 nimirum
1468 3671 1659 3726 oculos
1686 3686 1914 3745 prospe-

302 3745 431 3801 ritas
482 3749 772 3818 clauserat,
804 3758 993 3806 utnec
1020 3753 1345 3812 visitationis
1391 3772 1505 3813 suae
1556 3765 1769 3830 tempus
1810 3776 1909 3816 co-

302 3844 657 3907 gnoscerent,
680 3853 783 3894 nec
811 3839 1204 3898 imminentium
1235 3845 1502 3901 malorum
1527 3848 1909 3904 contritionem

302 3923 574 3980 viderent.
608 3926 763 3982 Sicut
792 3928 935 3982 enim
967 3929 1148 3985 cordis
1176 3931 1363 3987 oculos
1392 3933 1611 4007 ﬂagella
1640 3938 1909 4008 aperiunt,

302 4013 384 4069 sic
412 4014 613 4069 mentis
640 4015 812 4071 aciem
844 4008 1132 4090 aliquoties
1153 4034 1435 4075 successus
1456 4025 1702 4096 prosperi
1732 4033 1916 4081 retun-

305 4102 459 4172 dunt,
493 4102 635 4159 adeo
664 4112 721 4158 ut
750 4103 986 4176 seipsam
1029 4121 1183 4161 mens
1209 4118 1541 4181 cognoscere
1571 4126 1679 4167 non
1707 4113 1907 4182 valeat,

304 4206 469 4259 quam
510 4191 887 4263 prosperitatis
943 4196 1235 4251 mundanas
1288 4197 1580 4254 oblectatio
1637 4202 1901 4272 captivat.

305 4278 443 4335 Hinc
468 4295 706 4351 namque
733 4280 992 4338 Salomon
1021 4284 1132 4339 ait:
1165 4289 1396 4343 Aversio
1425 4289 1793 4360 parvulorum
1826 4291 1913 4345 in-

307 4368 554 4436 terﬁciet
589 4383 701 4438 eos,
747 4375 803 4425 et
842 4373 1188 4445 prosperitas
1234 4375 1544 4431 stultorum
1581 4377 1778 4448 perdet
1817 4392 1908 4433 eos

304 4456 489 4523 (Prov.
526 4471 565 4524 ι,
600 4458 707 4527 32).
742 4459 1094 4515 Israeliticum
1129 4476 1265 4534 ergo
1294 4463 1554 4533 populum
1578 4464 1911 4536 prosperitas
1940 4512 1995 4572 Β

305 4545 549 4572 unum.
607 4546 839 4572 ,,,ε,,,ε,
877 4548 959 4572 λε,
1008 4565 1096 4572 ,,,,
1154 4550 1331 4572 μη.--
1378 4566 1441 4572 μ
1498 4551 1663 4572 θυεμ-ε

302 4545 570 4613 perdidit,
603 4546 759 4615 cujus
787 4547 841 4602 in
873 4548 962 4603 die
1007 4565 1103 4603 sua
1150 4550 1335 4605 oculos
1378 4566 1445 4607 ne
1498 4551 1665 4607 futuri
1709 4553 1913 4610 excidii

308 4634 627 4689 vastitatem
652 4645 1063 4706 cognoscerent,
1089 4638 1301 4692 clausit.
1326 4639 1424 4694 Ha:
1448 4646 1528 4694 est
1548 4641 1682 4702 dies.
1716 4641 1784 4695 de
1813 4655 1921 4710 qua

308 4721 579 4776 Jeremias
608 4722 680 4776 ait
706 4739 719 4776 :
743 4724 900 4780 Diem
921 4725 1168 4781 hominis
1197 4742 1315 4782 non
1344 4725 1656 4784 desideravi
1678 4728 1910 4797 (Jerem.

310 4823 452 4878 xvn,
490 4811 602 4879 16).
635 4810 791 4866 Dicat
818 4819 872 4866 et
899 4811 1077 4868 ﬁdelis
1103 4813 1288 4868 anima
1338 4828 1350 4869 :
1390 4815 1733 4887 Defecerunt
1770 4818 1920 4873 sicut

311 4900 514 4967 fumus
544 4898 664 4955 dies
689 4902 824 4956 mei.
858 4900 1081 4969 Fumus,
1111 4901 1248 4957 sient
1297 4912 1378 4959 est
1425 4904 1682 4959 omnibus
1709 4913 1919 4973 notum,

312 4985 371 5039 in
404 4987 573 5042 altum
597 4988 815 5057 quidem
832 5004 890 5044 se
908 4989 961 5043 in
986 4988 1178 5061 primis
1197 4990 1381 5062 erigit.
1397 4992 1493 5047 sed
1513 4991 1619 5047 cito
1642 4990 1917 5060 deficiens,

314 5073 467 5142 quasi
498 5090 607 5130 non
640 5076 805 5131 fuerit
833 5078 1126 5134 evanescit.
1179 5079 1268 5135 Sic
1299 5078 1550 5133 nimirum
1579 5078 1657 5135 sic
1680 5081 1923 5135 humana

313 5163 573 5233 superbia
603 5178 725 5219 cum
756 5180 933 5220 rerum
965 5165 1242 5237 opulentia
1269 5165 1630 5223 intumescens
1661 5182 1718 5223 se
1746 5168 1799 5223 in
1832 5168 1919 5224 al-

313 5258 430 5306 tum
452 5252 725 5317 extulerit,
745 5268 777 5307 a
794 5260 929 5309 statu
949 5270 1059 5310 suae
1077 5254 1413 5310 celsitudinis
1432 5270 1707 5321 corruens,
1728 5256 1795 5311 ad
1813 5256 1922 5311 ima

314 5342 445 5395 ruit.
463 5340 564 5396 Hic
590 5356 833 5413 namque
858 5355 955 5412 per
972 5344 1320 5410 semetipsam
1339 5342 1560 5399 Veritas
1588 5344 1699 5399 ait:
1727 5344 1922 5401 Omnis

318 5431 418 5502 qui
465 5444 522 5485 se
576 5431 827 5493 exultat.
860 5430 1278 5496 humiliabitur,
1312 5436 1368 5487 et
1413 5432 1510 5506 qui
1537 5445 1594 5489 se
1627 5432 1917 5500 humiliat,

320 5518 681 5575 exaltabitur
728 5517 892 5588 (Luc.
942 5536 1057 5585 xlv,
1108 5520 1218 5590 li).
1260 5519 1398 5575 Hinc
1443 5536 1543 5590 per
1598 5521 1921 5591 PrOphetam

321 5605 590 5677 scriptum
618 5613 733 5662 est:
760 5607 886 5662 Vidi
916 5606 1160 5682 impium
1189 5609 1696 5681 supersmltatttu
1723 5613 1783 5666 et
1811 5611 1920 5667 als-

2025 1915 2143 1954 rum
2173 1900 2420 1975 indigent
2449 1903 2870 1960 sustentatione.
2910 1904 2985 1959 De
3008 1903 3109 1958 bac
3130 1918 3291 1958 carne
3313 1901 3366 1955 in
3386 1912 3621 1971 persona

2023 1988 2219 2045 Christi
2249 1999 2393 2047 recte
2422 2006 2517 2062 per
2535 1992 2640 2046 Job
2661 1992 2860 2048 dicitur
2884 2010 2896 2046 :
2923 1992 3069 2048 Pelii
3096 2008 3237 2046 mea:
3266 1988 3621 2060 consumptis

2020 2075 2311 2144 carnibus,
2357 2075 2605 2132 adhasit
2651 2091 2711 2133 os
2759 2091 2949 2132 meum
2981 2074 3123 2147 (Job.
3163 2091 3282 2140 xix,
3314 2077 3425 2144 20).
3458 2070 3618 2141 Quod

2021 2164 2273 2220 nimirum
2323 2167 2379 2219 in
2428 2168 2679 2235 passione
2709 2164 2902 2219 Christi
2950 2164 3231 2238 impletum
3263 2169 3367 2231 est,
3398 2161 3616 2233 quando

2022 2253 2299 2327 discipulis
2329 2253 2658 2326 fugientibus
2688 2252 2940 2309 mulieres
2968 2260 3246 2321 steterunt,
3271 2259 3323 2307 et
3347 2264 3515 2322 usque
3545 2248 3614 2303 ad

2020 2354 2234 2395 crucem
2262 2346 2461 2394 secutae
2489 2345 2613 2392 sunt
2642 2338 2798 2405 (Luc.
2831 2338 3010 2407 χχιιι).
3059 2336 3273 2393 Scimus
3312 2335 3457 2390 enim
3489 2331 3616 2405 quia

2022 2428 2076 2482 in
2106 2440 2331 2498 corpore
2361 2425 2595 2481 hominis
2626 2426 2782 2495 pellis
2812 2424 3048 2481 exterius
3077 2423 3295 2492 eminet,
3328 2432 3455 2478 caro
3486 2434 3614 2476 vero

2021 2514 2242 2573 ossibus
2270 2516 2530 2570 introrsus
2559 2515 2818 2570 adhaeret.
2848 2513 2977 2569 Pelli
2998 2528 3129 2586 ergo
3150 2510 3482 2583 consumptis
3503 2523 3616 2565 car-

2020 2605 2179 2660 nibus
2203 2619 2265 2658 os
2293 2603 2486 2657 Christi
2525 2602 2783 2670 adhmret,
2816 2602 2943 2673 quia
2970 2600 3304 2675 fugientibus
3348 2608 3401 2654 et
3446 2597 3613 2653 dubi-

2019 2691 2259 2749 tantibus
2282 2692 2562 2763 apostolis,
2591 2691 2683 2765 qui
2724 2690 2773 2746 ei
2822 2690 3137 2745 familiarius
3162 2688 3457 2757 astiterant,
3490 2702 3614 2741 mu-

2019 2781 2179 2837 lieres
2207 2796 2329 2851 quaa
2356 2780 2508 2853 quasi
2548 2778 2866 2836 remotiores
2918 2794 3036 2834 esse
3082 2777 3423 2844 videbantur,
3455 2789 3556 2831 nec
3585 2790 3617 2829 a

2020 2886 2177 2925 cruce
2194 2870 2458 2942 suspensi,
2482 2886 2585 2926 nec
2605 2882 2637 2923 a
2658 2866 2855 2939 sepulti
2877 2874 3224 2923 monumento
3242 2863 3609 2920 discedebant.

2020 2958 2157 3026 Quia
2184 2974 2311 3016 vero
2339 2959 2507 3014 sancti
2536 2958 2637 3012 viri
2666 2955 2992 3027 imperfectis
3021 2952 3458 3027 delinquentibus
3486 2966 3616 3009 con-

2018 3048 2224 3116 dolent,
2247 3052 2507 3103 eteorum
2534 3042 2830 3099 inﬁrmitati
2852 3043 3269 3114 compatiuntur,
3303 3048 3448 3096 recte
3470 3055 3611 3095 nunc

2017 3136 2248 3191 dicitur:
2295 3134 2427 3192 Ossa
2462 3150 2590 3190 mea
2628 3135 2777 3190 sicut
2811 3135 3090 3191 cremium
3122 3133 3422 3188 aruerunt.
3455 3126 3613 3199 Quod

2017 3225 2297 3280 evidenter
2315 3223 2690 3290 ostendemus,
2711 3221 2753 3276 si
2771 3236 2940 3276 unum
2953 3219 3266 3290 exemplum
3286 3218 3355 3274 ad
3378 3217 3614 3273 medium

2018 3313 2366 3368 deducamus.
2393 3313 2687 3368 Videamus
2716 3325 2876 3365 unum
2911 3309 2978 3365 de
3008 3309 3223 3365 ossibus
3243 3305 3444 3360 Chi-isti
3474 3319 3609 3378 quo-

2017 3402 2183 3458 modo
2212 3412 2333 3455 eum
2360 3399 2754 3455 infirmantibus
2796 3396 3111 3465 inﬁrmatur,
3142 3410 3270 3450 cum
3302 3392 3611 3449 dolentibtis

2017 3489 2218 3554 doleat,
2252 3505 2375 3543 cum
2419 3487 2789 3544 arescentibus
2835 3493 3063 3541 arescat.
3121 3482 3206 3539 Ait
3253 3482 3395 3538 enim
3428 3498 3442 3537 :
3479 3481 3607 3550 Quis

2015 3577 2366 3648 inﬁrmatur,
2391 3580 2448 3634 et
2459 3592 2552 3648 ego
2568 3593 2685 3632 non
2698 3576 2958 3646 inﬁrmor
2972 3574 3002 3627 ?
3022 3575 3143 3646 quis
3158 3570 3609 3635 scandalizatur,

2016 3670 2071 3722 et
2113 3682 2209 3739 ego
2248 3682 2364 3722 non
2402 3681 2538 3721 uror
2574 3665 2645 3736 (Il
2689 3665 2810 3721 Cor.
2854 3681 2931 3731 XI,
2968 3663 3097 3733 19)?
3131 3659 3295 3717 Vides
3340 3657 3614 3729 quomodo

2015 3753 2261 3810 omnium
2283 3754 2339 3808 in
2359 3770 2416 3809 se
2438 3752 2773 3808 inﬁrmitates
2796 3751 3155 3816 transtulerat,
3183 3751 3229 3819 5
3252 3750 3346 3816 15
3372 3748 3615 3802 omnium

2014 3859 2171 3899 casus
2201 3843 2344 3898 velut
2369 3843 2622 3915 proprios
2644 3840 2896 3898 deﬂebat.
2918 3842 3241 3912 Idcoqueait
3270 3853 3280 3892 :
3304 3840 3369 3897 Ut
3390 3840 3613 3910 lugeam

2015 3948 2209 3989 omnes
2226 3932 2319 4003 qui
2337 3934 2735 4003 peccaverunt,
2756 3934 2812 3986 et
2828 3945 2941 3986 non
2963 3935 3198 3997 egerunt
3207 3928 3361 4001 paeni
3370 3930 3611 3984 tentiam

2018 4021 2069 4089 (i
2094 4021 2218 4076 Cor.
2244 4034 2342 4085 xtl,
2373 4022 2483 4090 2t).
2529 4020 2774 4090 Denique
2812 4028 2864 4074 et
2910 4018 3160 4074 omnibus
3207 4018 3396 4072 omnia
3442 4017 3614 4071 factus

2018 4115 2118 4175 est,
2150 4114 2207 4162 ut
2237 4123 2425 4163 omnes
2453 4107 2793 4163 lucrifaceret
2829 4107 2885 4175 (Ι
2919 4106 3041 4163 σον.
3076 4106 3178 4175 1x).
3205 4103 3338 4160 Ossa
3378 4120 3511 4176 ergo
3540 4100 3612 4158 si-

2019 4205 2108 4253 cut
2136 4196 2393 4253 cremium
2444 4203 2764 4265 consumpto
2809 4194 2971 4261 adipe
3019 4201 3192 4263 arent,
3224 4207 3346 4247 cum
3388 4191 3611 4263 perfecti

2019 4287 2216 4357 quique
2271 4281 2568 4341 carnalium
2614 4281 3017 4337 inﬁrmitatibus
3083 4279 3410 4349 condolent,
3456 4285 3509 4334 et
3554 4294 3612 4332 se

2016 4374 2168 4445 quasi
2228 4372 2454 4444 spiritali
2506 4370 2834 4443 pinguedine
2883 4369 3149 4425 aestimant
3201 4384 3423 4436 vacuos,
3483 4368 3612 4422 dum

2022 4461 2145 4518 illos
2174 4462 2442 4533 aspiciunt
2469 4461 2722 4514 virtutum
2754 4458 2968 4514 auxiliis
2997 4458 3297 4514 destitutos.
3332 4456 3495 4527 Cujus
3525 4455 3615 4510 in-

2027 4548 2302 4604 felicitatis
2332 4564 2548 4604 causam
2579 4547 2855 4602 manifeste
2894 4547 3085 4617 aperit,
3118 4558 3242 4600 cum
3285 4543 3566 4616 aubjungit
3598 4559 3613 4600 :

2098 4638 2273 4706 (Vera.
2306 4640 2385 4706 5.)
2425 4635 2731 4692 Percussus
2754 4650 2881 4691 sum
2911 4638 2974 4690 ut
2998 4636 3218 4707 fenum,
3248 4638 3305 4690 et
3333 4635 3491 4689 aruit
3520 4644 3617 4688 car

2025 4742 2236 4793 meum,
2270 4727 2401 4797 quia
2431 4724 2635 4780 oblitus
2665 4738 2790 4778 sum
2820 4723 3103 4779 comedere
3130 4738 3336 4796 panem
3367 4736 3577 4777 meum.

2097 4816 2150 4868 7.
2185 4813 2456 4883 Scriptum
2486 4819 2566 4867 est
2595 4811 2651 4866 in
2690 4810 2827 4866 lsaia
2872 4829 2883 4865 :
2925 4811 3119 4868 Omnis
3149 4827 3282 4866 caro
3305 4812 3527 4882 fenum,
3559 4813 3616 4865 et

2026 4904 2210 4959 omnis
2237 4903 2421 4974 gloria
2442 4903 2564 4974 ejus
2582 4902 2741 4973 quasi
2767 4900 2870 4969 ﬂos
2895 4900 3022 4972 agri
3044 4898 3172 4968 (Isa.
3197 4914 3290 4967 XL,
3312 4901 3387 4967 6).
3411 4899 3480 4953 Et
3500 4914 3617 4951 rur-

2028 5006 2146 5046 sum
2177 5008 2188 5044 :
2219 4999 2356 5049 Vere
2383 4993 2583 5062 fenum
2605 4993 2690 5044 est
2710 4989 2948 5061 papulas
2970 4987 3149 5056 (lbid.,
3173 4988 3250 5055 '7).
3275 4985 3447 5040 Homo
3468 5001 3619 5038 nam-

2028 5095 2132 5150 que
2162 5079 2289 5134 feno
2317 5076 2701 5149 comparabilis
2729 5084 2828 5143 est,
2851 5075 2976 5144 quia
3004 5088 3103 5144 per
3126 5073 3453 5126 nativitatem
3488 5071 3622 5125 viret
3682 5128 3695 5140 κ

2028 5168 2083 5223 in
2131 5183 2322 5233 carne,
2377 5180 2475 5239 per
2507 5166 2853 5235 juventutem
2903 5160 3179 5217 candescit
3220 5161 3271 5214 in
3314 5162 3480 5227 tlnre,
3527 5173 3620 5228 per

2028 5265 2256 5313 mortem
2287 5265 2399 5311 aret
2431 5256 2484 5310 in
2532 5253 2785 5326 pulvere.
2832 5252 2955 5320 Ipse
2996 5257 3074 5304 est
3115 5249 3281 5315 enim,
3328 5248 3431 5303 Job
3474 5253 3618 5303 atte-

2028 5353 2225 5411 stante,
2244 5345 2338 5421 qui
2350 5344 2511 5417 quasi
2528 5343 2631 5412 ﬂos
2645 5336 2934 5413 egreditur
2950 5340 3004 5393 et
3020 5335 3488 5406 conteritur(.lob.
3509 5353 3619 5406 xiv,

2028 5436 2106 5502 2).
2138 5434 2272 5489 Haec
2301 5440 2480 5486 autem
2506 5445 2653 5484 mors
2682 5436 2735 5482 et
2763 5424 3038 5491 contritio,
3064 5439 3185 5497 quae
3215 5425 3282 5478 ad
3313 5439 3503 5480 omnes
3528 5427 3624 5482 hoc

2028 5523 2204 5575 mines
2234 5535 2302 5575 ex
2327 5521 2486 5589 justas
2532 5514 2901 5570 damnationis
2947 5512 3213 5568 sententia
3256 5514 3523 5584 pervenit,
3557 5528 3625 5569 ex

2026 5609 2187 5678 primi
2213 5606 2449 5663 hominis
2473 5613 2699 5676 peccato
2731 5602 3037 5661 descendit.
3083 5600 3241 5659 Unde
3284 5611 3339 5658 et
3381 5608 3621 5674 Aposto-
