4034 6166
388 290 492 345 607

1590 278 1838 338 SANCTI
1875 273 2222 335 GREGORII
2255 268 2480 331 MAGNI

3581 259 3677 312 608

394 411 482 469 lus
511 412 610 468 ait:
631 415 740 470 Per
755 413 1007 486 primum
1037 412 1322 470 hominem
1339 413 1637 483 peccatum
1653 405 1916 476 intrauit,
1929 404 1988 459 et
2017 400 2083 462 Α
2102 396 2281 486 Habet
2308 395 2362 449 in
2379 408 2447 486 Δελ)
2476 387 2858 486 unusquisque
2883 384 3059 441 Adam
3086 390 3140 484 fit
3158 384 3350 439 Evam-
3375 381 3520 486 Sict}!
3543 380 3681 486 cuitu

390 515 497 573 per
511 505 809 574 peccatum
836 517 1009 571 mors,
1031 506 1091 558 et
1119 502 1207 557 ita
1227 503 1289 557 in
1321 514 1516 557 omues
1554 499 1807 556 homines
1834 507 1987 552 mors

390 589 733 664 pertransiit
755 591 931 660 (Rom.
947 607 1000 658 v,
1025 591 1137 659 12).
1156 588 1332 645 Homo
1348 602 1480 661 ergo
1495 587 1584 657 qui
1615 586 1661 642 si
1690 586 1747 641 in
1761 585 1989 642 Creato-

396 677 469 734 ris
497 677 804 734 obedientia
832 679 1174 750 perstitisset,
1194 684 1386 748 posset
1417 675 1473 731 in
1496 683 1758 733 aeternum
1778 674 1989 743 vivere,

395 774 624 838 propter
648 766 1036 823 inobedientiae
1056 766 1272 838 culpam
1306 779 1600 837 percussus
1632 772 1715 820 est
1742 763 1992 819 mortali-

395 861 524 910 tate.
580 855 665 911 De
695 870 798 926 qua
828 854 1079 911 nimirum
1108 854 1455 926 percussione
1483 853 1541 909 in
1568 853 1672 909 hoc
1699 852 1821 909 loco
1850 851 1993 908 dici-

398 948 528 999 tur:
553 945 859 1000 Percussus
887 959 1015 1000 sum
1044 947 1112 999 ut
1140 945 1361 1015 fenum,
1384 946 1441 999 et
1468 943 1627 999 aruit
1654 957 1752 999 cor
1777 958 1991 1000 meum.

398 1029 539 1101 Quia
566 1046 705 1103 ergo
732 1031 938 1101 primus
966 1034 1130 1088 homo
1159 1031 1434 1103 peccando
1454 1030 1510 1085 in
1527 1038 1754 1086 mortem
1783 1029 1992 1097 incidit,

399 1127 703 1192 propagata
730 1121 946 1192 generis
975 1120 1208 1176 humani
1239 1119 1509 1177 successio
1539 1136 1572 1175 a
1595 1119 1821 1174 rationis
1859 1117 1995 1173 inti-

399 1223 506 1263 ma:
561 1207 830 1265 viriditate
888 1217 1281 1280 consequenter
1324 1209 1552 1265 exaruit.
1595 1206 1776 1278 Quare
1816 1215 1997 1263 autem

401 1310 496 1353 cor
522 1295 818 1351 humanum
848 1297 917 1352 ab
947 1297 1042 1354 illo
1072 1298 1212 1353 aruit
1253 1298 1430 1355 virore
1474 1297 1530 1352 in
1577 1313 1683 1369 quo
1719 1297 1996 1354 conditum

402 1382 520 1450 fuit,
540 1383 827 1441 subdendo
846 1385 1175 1448 manifestat,
1197 1386 1272 1441 ait
1289 1385 1434 1442 enim
1455 1400 1468 1441 :
1489 1386 1630 1454 Quia
1646 1388 1853 1444 oblitus
1872 1402 1998 1444 sum

403 1471 691 1529 comedere
716 1489 924 1545 panem
937 1490 1148 1531 meum.
1195 1475 1395 1530 Panem
1438 1490 1593 1530 suum
1639 1474 1695 1530 in
1739 1474 1999 1547 paradiso

352 1598 362 1609 .
403 1559 610 1632 primus
636 1562 802 1616 homo
821 1562 1073 1617 conditus
1092 1562 1298 1629 habuit,
1328 1563 1564 1633 quandiu
1579 1562 1661 1636 (a)
1676 1563 1998 1620 inconcusso

404 1649 603 1703 mentis
648 1648 880 1721 vestigio
928 1649 1237 1706 Conditoris
1279 1650 1362 1706 sui
1404 1659 1682 1723 praecepta
1728 1650 1989 1708 servavit.

2095 486 2152 543 in
2185 484 2280 540 illa
2306 481 2483 555 prima
2512 476 2749 534 hominis
2777 473 3209 546 transgressione
3258 469 3524 543 suggessit
3568 483 3682 523 ser-

2097 590 2259 648 pens,
2292 571 2559 628 delectata
2589 574 2669 623 est
2697 566 2832 632 Eva,
2860 562 3124 620 consentit
3143 558 3341 622 Adam;
3380 560 3470 648 sic
3483 564 3536 612 et
3561 572 3684 629 quo-

2097 645 2230 722 tidie
2258 660 2371 718 ﬁeri
2392 660 2659 725 videmus,
2684 657 2812 712 dum
2832 651 3074 727 suggerit
3093 649 3363 715 diabolus,
3388 645 3683 703 delectatur

2097 768 2248 822 caro,
2279 748 2544 809 consentit
2572 745 2812 818 spiritus.
2845 744 2961 799 Nos
2990 740 3191 812 quippe
3233 751 3355 792 cum
3400 743 3682 802 tentamur,

2097 844 2423 914 plerumque
2446 836 2503 893 in
2532 833 2971 898 delectationem,
2994 836 3087 885 aut
3105 826 3269 883 etiam
3299 825 3354 880 in
3364 838 3683 914 consensum

2097 913 2351 988 labimur.
2407 926 2559 984 Sicut
2600 930 2780 978 autem
2809 926 3100 992 peccatum
3135 915 3266 971 illud
3295 913 3582 969 subsecuta
3609 918 3687 966 est

2099 1037 2265 1089 mors,
2298 1016 2375 1073 sic
2403 1021 2456 1070 et
2486 1018 2714 1085 peccato
2734 1007 3079 1066 consentiens
3096 1003 3324 1060 moritur
3345 1001 3545 1089 anima,
3568 998 3685 1071 quia

2102 1125 2139 1168 a
2166 1088 2284 1164 vita
2310 1120 2425 1175 sua,
2458 1118 2579 1174 quae
2598 1101 2744 1156 Deus
2773 1105 2875 1165 est,
2894 1101 3189 1168 separatur.
3214 1089 3406 1146 Mortui
3437 1088 3578 1144 enim
3607 1103 3688 1142 su-

2102 1215 2242 1267 mus,
2273 1191 2493 1268 quando
2523 1189 2809 1261 implemur
2837 1184 3048 1241 ossibus
3068 1177 3685 1268 mortuorumrldortuus

2102 1297 2183 1348 est
2209 1264 2390 1344 sermo
2421 1280 2612 1346 malus,
2644 1276 2736 1350 qui
2777 1292 2846 1330 ex
2893 1290 2986 1331 ore
3015 1283 3195 1328 nostro
3243 1266 3512 1341 procedit.
3543 1264 3687 1320 Scri-

2102 1388 2259 1452 ptum
2290 1386 2529 1443 namque
2555 1376 2674 1424 est:
2698 1364 3033 1436 Sepulcrum
3049 1362 3252 1433 patens
3281 1358 3485 1428 guttur
3503 1368 3689 1410 eorum

2104 1467 2283 1539 (Psal.
2316 1481 2375 1530 v,
2399 1462 2510 1531 11).
2535 1456 2812 1513 Habemus
2841 1460 3026 1507 autem
3054 1455 3237 1519 portas
3262 1460 3363 1517 per
3390 1458 3523 1539 quas
3551 1456 3692 1539 rnor-

2106 1530 2180 1615 tui
2209 1530 2503 1616 efferimur,
2550 1542 2793 1617 corporis
2833 1539 3089 1598 videlicet
3136 1550 3351 1597 sensus,
3393 1532 3464 1587 de
3502 1530 3692 1601 quibus

2106 1648 2182 1703 ait
2193 1644 2465 1716 Propheta
2480 1657 2492 1694 :
2510 1635 2614 1707 Qui
2626 1632 2853 1692 exultas
2867 1645 2953 1685 me
2965 1628 3031 1684 de
3039 1625 3219 1699 portis
3232 1620 3605 1716 mortis(Psa
3621 1633 3691 1687 Ix,

405 1734 566 1791 Panis
611 1707 819 1792 autem'
847 1737 970 1808 ejus
1023 1737 1124 1793 fuit
1176 1707 1420 1795 visionis.
1445 1707 1644 1797 divinae
1686 1738 1997 1810 delectatio,
2025 1752 2081 1813 Β
2112 1738 2222 1808 l5).
2254 1707 2351 1789 Hie
2381 1735 2503 1785 sunt
2530 1724 2677 1782 enim
2705 1728 2881 1813 portae
2911 1732 3011 1789 per
3039 1729 3173 1813 quas
3200 1727 3347 1766 mors
3378 1707 3694 1813 ingreditur,

408 1823 563 1879 verbi
590 1824 691 1879 Dei
736 1824 982 1893 satietas,
1031 1826 1255 1884 internas
1298 1826 1492 1900 quietis
1534 1827 1814 1900 gaudium,
1863 1828 2001 1884 lucis

408 1907 798 1965 inaccessibilis
838 1910 1114 1982 splendor,
1145 1911 1424 1984 sapientiae
1470 1912 1718 1982 refectio,
1768 1912 2000 1986 angelo-

407 2011 529 2052 rum
569 1997 821 2066 societas,
854 2014 1009 2054 amor
1032 1999 1156 2071 Dei,
1180 2000 1418 2071 jubilum
1457 2001 1704 2073 spiritus,
1753 2010 2005 2059 contem-

412 2083 671 2156 plationis
697 2086 953 2156 suavitas,
977 2087 1354 2145 collocutionis
1372 2089 1723 2159 desiderium,
1744 2090 2006 2149 securitas

411 2173 629 2240 mentis,
684 2175 968 2246 praesentia
1024 2176 1325 2235 Creatoris.
1396 2177 1572 2249 Quem
1625 2195 1828 2251 panem
1884 2187 2011 2235 tunc

408 2259 663 2334 profecto
689 2263 946 2335 perdidit,
968 2281 1089 2321 cum
1116 2265 1390 2337 serpentis
1417 2267 1753 2342 suggestioni
1771 2283 2007 2324 consen-

416 2346 669 2417 sit(Gen.
693 2355 795 2420 ιιι).
814 2350 1068 2424 Tangens
1094 2353 1240 2408 enim
1269 2354 1516 2424 vetitum,
1547 2354 1749 2410 oblitus
1779 2361 1860 2411 est
1881 2371 2011 2427 prae-

417 2443 654 2507 ceptum.
712 2438 869 2495 Unde
924 2438 1128 2495 factum
1170 2449 1247 2496 est
1292 2450 1352 2497 ut
1396 2442 1488 2513 qui
1552 2442 1771 2498 tenebat
1833 2459 2011 2499 arcem

420 2524 837 2597 beatitudinum,
867 2526 922 2582 in
952 2527 1126 2584 lacum
1150 2528 1412 2586 incideret
1439 2529 1777 2587 miseriarum
1802 2549 1816 2586 :
1840 2536 1897 2587 et
1921 2530 2015 2605 qui

418 2610 625 2668 intimae
651 2612 991 2670 reﬁciebatur
1006 2617 1269 2673 suavitate
1297 2618 1619 2689 dulcedinis,
1641 2634 1839 2692 panem
1867 2627 2016 2692 post-

419 2700 645 2757 modum
690 2702 1040 2760 manducaret
1075 2704 1300 2762 doloris.
1332 2706 1649 2781 Quicunque
1690 2724 1825 2781 ergo
1868 2707 2017 2765 illius

423 2796 604 2862 portat
630 2789 957 2864 imaginem,
990 2791 1161 2849 factus
1205 2793 1275 2849 de
1322 2802 1466 2852 terra
1516 2804 1787 2868 terrenus,
1818 2812 2018 2869 panem

423 2892 581 2933 suum
606 2879 900 2937 comedere
927 2881 1288 2953 obliviscitur,
1321 2885 1450 2959 quia
1480 2892 1705 2942 terrente
1727 2885 2019 2957 voluptatis

425 2977 614 3039 captus
644 2967 935 3039 illecebris,
965 2970 1022 3026 in
1052 2971 1219 3030 verbo
1233 2973 1330 3029 Dei
1349 2974 1420 3044 (ὑ)
1440 2989 1549 3031 non
1577 2973 1888 3031 delectatur.
1913 2975 2021 3029 Pa-

426 3055 513 3111 nis
543 3056 741 3113 etenim
769 3065 978 3127 noster,
999 3059 1226 3117 verbum
1247 3061 1348 3118 Dei
1376 3070 1475 3120 est.
1504 3062 1644 3119 Hinc
1670 3078 1907 3133 namque
1924 3078 2024 3135 per
2050 3103 2101 3169 Ο

427 3145 770 3169 --...-a:..--...
803 3146 1087 3169 π-..ε.---ε.
1110 3165 1121 3169 -
1149 3150 1252 3169 |1_,,
1280 3151 1331 3169 3,,
1367 3152 1467 3169 --ιι
1514 3168 1545 3169 ,,
1576 3168 1597 3169 η
1624 3167 1635 3169 _
1675 3167 1682 3169 Α
1710 3151 1737 3169 ·γ
1766 3154 1805 3169 η
1846 3150 1864 3169 ι
1892 3168 1900 3169 ,
1980 3166 1995 3169 -

425 3145 775 3216 semetipsam
803 3146 1091 3205 Veritasait
1108 3165 1121 3206 :
1138 3150 1260 3208 Non
1278 3151 1338 3207 in
1354 3152 1472 3209 solo
1486 3167 1639 3224 pane
1670 3151 1807 3208 vivit
1838 3150 2022 3219 horno,

426 3233 522 3290 sed
542 3234 605 3291 in
627 3235 786 3291 omni
805 3237 962 3293 verba
972 3237 1117 3310 quod
1133 3239 1388 3311 procedit
1407 3239 1474 3296 de
1485 3254 1581 3297 ore
1597 3241 1698 3296 Dei
1710 3238 1934 3311 (Matth.
1950 3254 2030 3307 tv,

426 3318 512 3389 4).
560 3318 833 3392 Sequatur
883 3338 1016 3396 ergo
1065 3321 1399 3380 oblivionem
1443 3322 1890 3380 commemoratio
1914 3364 1929 3392 ,
1980 3330 2036 3379 et

430 3408 665 3464 esuriem
708 3409 931 3467 refectio
978 3410 1286 3480 comitetur,
1314 3420 1370 3467 ut
1399 3427 1594 3483 panem
1633 3410 1783 3466 illum
1831 3410 1923 3482 qui
1964 3410 2035 3467 de

428 3495 569 3565 ctelo
598 3497 897 3568 descendit,
930 3498 1320 3555 manducantes
1346 3500 1531 3571 (Joan.
1566 3501 1666 3571 v1),
1715 3507 1770 3556 et
1815 3514 2034 3571 poenam

429 3584 723 3642 evadamus
777 3586 968 3643 mortis
1010 3596 1286 3660 perpetuas
1307 3630 1322 3655 ,
1371 3596 1426 3644 et
1472 3588 1600 3644 vita:
1647 3587 2037 3660 participemus

429 3679 674 3744 sternte,
695 3674 833 3732 sicut
847 3675 1115 3733 Dominus
1129 3676 1205 3733 ait
1219 3677 1275 3731 ia
1296 3675 1595 3750 Evangelia
1612 3694 1625 3731 :
1642 3673 1706 3734 Si
1734 3677 1859 3748 quis
1878 3691 2037 3731 man.

430 3761 723 3820 ducaverit
747 3780 822 3821 ea:
839 3765 940 3822 hoc
951 3781 1124 3838 pane,
1142 3767 1291 3822 vivet
1319 3768 1382 3822 in
1407 3770 1689 3822 (sternuas
1706 3764 1889 3834 (Ibid.,
1915 3764 2032 3833 ut).

503 3852 681 3921 (Vers.
713 3854 793 3924 6.)
844 3859 890 3909 Α
923 3870 1051 3912 uoce
1072 3855 1318 3927 gemitus
1346 3854 1459 3911 mei
1483 3852 1726 3911 adhtesit
1755 3868 1812 3910 os
1842 3868 2035 3909 meum

431 3941 599 3997 carni
625 3956 783 3999 mere.

500 4030 553 4083 8.
585 4031 879 4088 Arescente
907 4031 1070 4088 corde
1098 4038 1323 4104 propter
1350 4030 1509 4104 panis
1537 4040 1589 4088 et
1622 4029 1739 4085 vini
1785 4027 2032 4101 inopiam

431 4123 484 4173 et
511 4117 860 4187 oblivionem,
895 4134 1001 4177 v0x
1030 4120 1264 4192 gemitus
1291 4119 1575 4187 emittitur,
1597 4117 1724 4192 quia
1753 4116 1846 4172 ubi
1878 4132 1910 4170 a
1940 4116 2034 4171 de-

430 4205 632 4263 siderio
662 4208 785 4264 vitae
809 4216 1025 4265 aeternae
1056 4208 1315 4265 defecerit
1343 4207 1597 4276 intentio,
1629 4211 2032 4276 consequenter

429 4295 499 4351 de
526 4295 692 4353 corde
718 4297 962 4369 procedit
988 4297 1252 4353 malarum
1274 4296 1659 4369 cogitationum
1682 4293 2020 4351 vociferatio.

431 4383 491 4439 In
522 4400 635 4455 qua
653 4386 949 4441 nuimirum
979 4402 1040 4441 os
1067 4386 1310 4442 adhaeret
1338 4385 1507 4454 carni,
1525 4384 1570 4439 si
1587 4382 1726 4439 ratio
1755 4380 2026 4453 subigitur

2109 1795 2290 1896 et'per
2330 1833 2468 1892 quas
2512 1820 2758 1869 mortuus
2799 1805 3040 1896 effertur.
3081 1803 3222 1857 Nam
3261 1799 3405 1896 quod
3452 1812 3553 1896 per.
3580 1795 3696 1896 illas

2110 1891 2263 1971 mors
2309 1891 2659 1980 ingrediatur,
2691 1904 2916 1954 testatur
2958 1893 3098 1948 alius
3147 1891 3435 1980 propheta,
3466 1891 3556 1956 qui
3581 1891 3694 1980 ait:

2112 1974 2549 2061 Intravit'mors
2578 2006 2683 2063 per
2707 1989 2993 2060 fenestras
3017 1974 3696 2047 nostras(lerem.tx,21).

2115 2091 2220 2162 Qui
2250 2086 2393 2144 enim
2423 2082 2560 2139 vidit
2597 2077 2876 2135 mulierem
2924 2072 2995 2127 ad
3042 2066 3702 2162 θοιιοξιρξδςνθῐξέιιξῖδιθδφν

2117 2151 2347 2237 mortem
2379 2190 2475 2247 per
2501 2168 2781 2227 oculorum
2816 2163 3080 2219 fenestras
3122 2154 3340 2247 admisit
3370 2151 3586 2247 (Matth.
3621 2154 3698 2247 v).

2117 2268 2223 2339 Qui
2249 2241 2394 2322 νέω-ο⁷
2407 2260 2640 2319 seminat
2666 2256 2805 2310 inter
2832 2253 3031 2307 fratres
3074 2244 3397 2339 discordias,
3428 2250 3480 2296 et
3510 2241 3705 2312 iniqui-

2118 2334 2285 2414 tatem
2316 2354 2371 2410 in
2400 2347 2615 2407 excelso
2645 2340 2904 2417 loquitur,
2936 2353 3033 2410 per
3073 2334 3181 2391 oris
3218 2341 3434 2405 portam
3480 2341 3711 2385 mortuus

2122 2447 2358 2505 effertur.
2388 2439 2463 2495 Et
2489 2435 2714 2509 quidem
2742 2427 2874 2485 mihi
2903 2428 3008 2483 hoc
3049 2422 3361 2497 signiﬁcare
3398 2421 3599 2509 videtur
3632 2420 3713 2509 jt-

2122 2536 2274 2593 venis
2298 2538 2451 2589 extra
2477 2506 2710 2582 civitatis
2740 2527 2950 2592 portam
2979 2514 3207 2582 delatus,
3239 2527 3406 2583 quem
3449 2506 3715 2564 suscitavit

2122 2628 2280 2684 Jesus
2308 2622 2461 2689 (Luc.
2493 2614 2614 2684 vn).
2662 2609 2856 2682 Signat
2882 2604 3027 2662 cnim
3056 2602 3336 2658 hominem
3369 2597 3716 2654 delectatione

2127 2722 2396 2772 mortuum
2424 2715 2478 2762 et
2495 2719 2593 2776 per
2615 2700 2769 2772 pravi
2800 2695 2981 2768 operis
3001 2692 3210 2765 judicia
3236 2690 3356 2760 jam
3375 2696 3524 2743 extra
3546 2694 3718 2757 portas

2127 2803 2416 2877 perlatum.
2458 2794 2720 2857 Obsecro,
2764 2784 3000 2842 Domine
3038 2783 3186 2847 Jesu,
3235 2787 3287 2833 ut
3336 2783 3560 2875 cunctas
3588 2790 3718 2830 mea:

2128 2863 2361 2950 civitatis
2408 2892 2585 2958 portas
2625 2876 2853 2950 justitia:
2901 2872 3090 2939 facias,
3122 2877 3180 2958 ut
3208 2869 3494 2958 ingressus
3538 2863 3592 2958 in
3631 2877 3717 2958 eas

2129 2978 2388 3038 wnﬁtear
2408 2952 2634 3030 vnomini
2665 2976 2776 3034 tuo,
2807 2972 3020 3035 tuasque
3070 2956 3365 3028 majestati,
3397 2970 3521 3011 cum
3562 2952 3718 3024 justis

2127 3082 2350 3143 pereas
2379 3057 2735 3124 intrantibus,
2784 3062 2844 3109 ut
2879 3066 3026 3143 mors
3072 3048 3148 3143 ibi
3195 3047 3380 3143 aditus
3423 3044 3718 3143 ingressum

2131 3131 2240 3215 non
2269 3155 2490 3224 habeat,
2510 3146 2694 3222 passio
2722 3160 2834 3200 non
2864 3138 3191 3203 dominetur,
3217 3136 3316 3191 sed
3336 3131 3719 3205 occupetsalus

2133 3260 2321 3303 muros
2348 3242 2484 3313 ejus,
2513 3246 2569 3294 et
2596 3242 2782 3308 portas
2810 3229 2956 3286 illius
2982 3225 3244 3283 laudatio.

2206 3312 2706 3404 (Vers.7.)Similis
2734 3325 2925 3395 factus
2954 3334 3081 3375 sum
3096 3315 3356 3387 pelicano
3373 3312 3713 3404 solitudinis,

2133 3424 2188 3480 el
2213 3402 2406 3495 factus
2429 3433 2559 3474 sum
2587 3414 2741 3471 sicut
2770 3409 3111 3483 nycticoraa:
3138 3402 3541 3495 indomicilio.

2206 3490 2260 3566 ἐ).
2292 3506 2580 3564 Palicanus
2616 3500 2733 3557 avis
2781 3504 2864 3555 est
2910 3512 3099 3552 amans
3141 3491 3513 3558 solitudinem,
3545 3490 3599 3545 in
3625 3501 3723 3559 qua

2136 3594 2414 3660 venenatis
2441 3589 2774 3649 animalibus
2802 3585 3067 3650 vescitur;
3101 3589 3155 3638 et
3181 3581 3306 3637 ideo
3334 3596 3436 3653 per
3465 3594 3583 3634 eam
3610 3592 3726 3647 pec-

2134 3698 2285 3747 cator
2312 3683 2651 3756 designatur,
2683 3676 2774 3749 qui
2804 3675 2858 3730 in
2888 3674 3100 3730 deserto
3141 3670 3307 3740 hujus
3357 3666 3542 3756 mundi
3570 3664 3724 3756 corde

2135 3775 2410 3840 habitans,
2435 3752 2774 3826 aerumnosis
2826 3761 2983 3817 istius
3029 3758 3154 3815 vitae
3202 3764 3399 3827 captus
3437 3752 3723 3816 illecebris,

2138 3877 2349 3923 veneno
2379 3860 2676 3915 delectatur
2705 3849 2996 3908 diabolicae
3042 3844 3438 3918 persuasionis.
3477 3840 3721 3914 Nyctico-

2134 3970 2255 4021 rex,
2286 3949 2379 4021 qui
2406 3946 2513 4003 alio
2540 3942 2761 4000 nomine
2788 3938 2935 3995 bubo
2964 3934 3175 4000 dicitur,
3207 3934 3262 3988 in
3296 3933 3597 3988 dirutarum
3624 3927 3724 3984 do-

2142 4054 2328 4095 muum
2361 4034 2571 4092 aedibus
2592 4036 2864 4087 moratur.
2910 4024 3060 4081 Solet
3090 4030 3271 4077 autem
3315 4026 3477 4076 nocte
3524 4024 3728 4073 cantum

2136 4135 2380 4196 cantare,
2407 4138 2507 4196 per
2536 4119 2683 4192 quod
2711 4123 2965 4173 notantur
2992 4113 3069 4179 bi,
3102 4110 3192 4182 qui
3222 4109 3277 4163 in
3310 4103 3723 4196 tenebrosoAtri-

2134 4193 2373 4288 pudiant
2409 4193 2610 4282 opere,
2660 4214 2713 4262 et
2756 4205 2813 4259 in
2862 4202 3125 4257 mentium
3184 4214 3407 4288 suarum
3464 4193 3726 4288 exsultant

2136 4280 2525 4360 destructione.
2572 4296 2685 4354 Sed
2730 4294 2859 4367 quia
2902 4305 3109 4364 sagena
3155 4287 3418 4343 Ecclesiae
3461 4283 3624 4338 missa
3670 4280 3725 4334 in

2138 4406 2291 4448 mare
2318 4388 2600 4462 praesentis
2627 4383 2835 4450 saeculi,
2860 4396 2970 4436 non
2998 4379 3171 4434 solum
3194 4374 3369 4430 malos
3389 4373 3564 4462 pisces
3582 4367 3727 4425 colli-

431 4471 797 4530 delectatioui.
817 4473 954 4542 Quae
974 4474 1233 4530 nimirum
1260 4488 1367 4532 vox
1396 4473 1629 4545 gemitus
1659 4470 1875 4538 dicitur,
1896 4469 2023 4540 quia
2053 4473 2113 4536 D
2138 4479 2238 4552 είι,
2268 4460 2364 4534 se}:
2394 4476 2556 4531 etiam
2585 4472 2761 4528 bonos
2785 4467 2967 4535 trahit,
2998 4472 3145 4521 recte
3173 4478 3317 4518 nunc
3345 4460 3544 4517 dicitur
3574 4474 3587 4510 :

432 4574 534 4631 per
560 4576 682 4616 eam
711 4563 783 4617 ad
814 4562 1084 4618 tristitiam
1128 4562 1465 4634 pervenitur.
1526 4561 1689 4629 516
1736 4562 1841 4613 Aut
1882 4560 2027 4613 enim

431 4642 488 4698 in
512 4644 614 4698 hac
641 4644 752 4700 vita
797 4654 1025 4718 generat
1061 4647 1305 4704 dolorem
1344 4649 1698 4720 paenitentiae,
1729 4655 1822 4703 aut
1848 4647 1901 4702 in
1932 4646 2024 4702 fu-

432 4737 552 4787 turo
583 4734 883 4789 cruciatum
902 4736 1042 4807 parit
1077 4736 1346 4793 vindictae.
1372 4738 1665 4794 Possumus
1687 4751 1903 4809 quoque
1931 4751 2028 4807 per

431 4836 623 4878 vocem
646 4822 905 4894 gemitus,
936 4840 1123 4882 vocem
1156 4826 1422 4898 serpentis
1449 4825 1718 4898 accipere,
1753 4824 1880 4896 quia
1907 4823 2025 4895 pri-

430 4909 533 4965 mis
560 4911 875 4968 hominibus
904 4920 959 4968 ut
989 4913 1058 4970 de
1084 4914 1370 4971 interdicto
1419 4922 1697 4988 gustarent
1732 4912 2022 4986 persuasit,

428 5013 630 5070 eosque
659 5001 791 5056 deos
821 4999 1030 5057 futuros
1058 5002 1267 5058 fraudis
1295 5018 1406 5059 suae
1434 5002 1721 5059 dolositate
1768 5000 2031 5074 promisit

430 5088 594 5157 (Gen.
634 5092 744 5160 ιιι).
799 5089 901 5145 Illa
940 5094 1025 5145 est
1065 5091 1209 5146 enim
1252 5106 1361 5148 vox
1402 5091 1658 5164 gemitus,
1714 5107 1813 5163 per
1857 5106 2022 5163 quam

428 5191 626 5232 omnes
651 5178 1019 5249 peccavimus,
1050 5195 1149 5251 per
1177 5195 1340 5250 quam
1369 5181 1624 5236 mortales
1652 5189 1705 5235 et
1733 5180 2021 5251 passibiles

430 5263 557 5320 facti
577 5282 801 5329 sumus;
827 5283 936 5323 vox
964 5284 1065 5338 per
1084 5285 1248 5340 quam
1270 5283 1303 5323 a
1323 5269 1633 5324 cmlestibus
1651 5268 1866 5340 gaudiis
1886 5267 2022 5323 ceci-

428 5351 628 5419 dimus,
657 5364 710 5409 et
738 5355 793 5411 in
822 5357 950 5412 felle
980 5358 1341 5428 lacrymarum
1389 5360 1719 5413 exsulamus.
1753 5358 1853 5412 Per
1881 5354 2020 5411 hanc

432 5460 625 5504 vocem
656 5466 718 5505 os
737 5451 893 5507 carni
923 5450 1175 5518 adhaesit,
1208 5448 1337 5520 quia
1360 5448 1533 5504 Adam
1562 5448 1696 5503 Evaa
1725 5444 2016 5502 consensit.

495 5578 575 5648 (ο)
602 5574 817 5644 Remb.,
846 5558 1197 5632 inconcussa.-
1223 5577 1437 5632 mentis
1461 5575 1717 5645 vestigio.

2210 4568 2385 4636 (Vers.
2419 4567 2497 4634 8.)
2541 4560 2805 4633 Vigilaoi,
2837 4561 2893 4613 et
2925 4558 3124 4628 factus
3162 4568 3294 4608 sum
3342 4552 3499 4607 sicut
3538 4557 3725 4619 passer

2132 4655 2432 4712 solitarius
2458 4652 2523 4707 in
2555 4654 2720 4707 tecto.
3284 4728 3287 4729 γ
3402 4727 3409 4729 ξ
3460 4725 3469 4729 ἑ
3662 4719 3688 4729 ν,

2208 4747 2294 4799 10.
2327 4740 2532 4815 Vigilat
2570 4738 2668 4809 qui
2715 4736 2786 4791 ad
2828 4741 3107 4805 aspectum
3139 4730 3252 4785 veri
3281 4725 3502 4783 luminis
3533 4725 3720 4815 ment-is

2132 4831 2322 4888 oculos
2365 4807 2604 4901 apertos
2628 4832 2799 4881 tenet.
2847 4821 3044 4894 Vigilat
3090 4817 3180 4888 qui
3232 4824 3411 4872 servat
3459 4807 3718 4901 cperando

2134 4920 2281 4992 quod
2308 4897 2503 4986 credit,
2524 4915 2660 4970 sicut
2686 4911 2944 4981 scriptum
2966 4915 3049 4965 est
3072 4924 3084 4961 :
3107 4908 3311 4962 Beatus
3338 4903 3438 4976 qui
3458 4899 3646 4992 uigilat
3666 4897 3719 4949 et

2130 4990 2379 5066 custodit
2394 5005 2732 5061 vestimenta
2756 5016 2858 5055 sua
2870 5002 3057 5069 (Apoc.
3072 5011 3194 5060 xw,
3213 4996 3296 5063 15)
3308 5035 3321 5047 .
3338 4990 3712 5048 vestimentum

2127 5099 2280 5152 tuum
2309 5092 2446 5148 fides
2481 5099 2571 5146 tua
2599 5097 2699 5156 est,
2732 5085 3107 5143 vestimentum
3154 5092 3305 5138 tuum
3347 5076 3589 5150 operatio
3632 5080 3716 5125 tua

2127 5191 2230 5240 est.
2262 5180 2485 5238 Custodi
2514 5193 2668 5250 ergo,
2690 5192 2759 5232 ne
2786 5174 3042 5245 diripiant
3073 5169 3236 5227 alieni
3264 5168 3511 5223 laborem
3541 5170 3711 5250 tuum;

2125 5288 2198 5330 ne
2226 5268 2537 5333 denuderis,
2570 5249 2622 5322 et
2648 5271 2911 5335 appareat
2938 5259 3236 5334 ignominia
3266 5269 3376 5311 tua.
3424 5254 3551 5308 Esto
3580 5249 3714 5303 sicut

2124 5375 2317 5431 passer
2345 5355 2614 5413 solitarius
2641 5353 2695 5408 in
2726 5360 2887 5407 tecto.
2914 5352 3012 5405 Per
3029 5362 3308 5419 passerem
3340 5358 3459 5415 quze
3488 5346 3641 5431 cauta
3665 5340 3713 5387 et

2127 5428 2356 5521 querula
2384 5446 2502 5503 avis
2530 5451 2630 5513 est,
2663 5451 2716 5497 et
2742 5441 2799 5495 in
2822 5438 3078 5494 domibus
3109 5434 3372 5501 nidiﬁcat,
3391 5439 3530 5487 recte
3559 5428 3711 5481 homo

2200 5571 2275 5642 (ὁ)
2306 5568 2526 5637 Remb.,
2556 5583 2673 5626 non
2699 5565 3021 5624 deliciatus.
