4034 6166
377 308 480 366 609

1164 308 1238 366 IN
1269 309 1542 367 SEPTEM
1571 304 1820 365 PSALM.
1851 295 2113 366 PdiNi'l‘.
2140 299 2512 370 axeosﬁo.
2540 344 2612 355 —
2641 310 2825 372 PSAL.
2851 308 2914 372 v.

3575 325 3675 380 610

377 446 424 512 5
442 446 541 512 17
575 437 916 509 intelligitur,
951 435 1041 508 qui
1063 435 1117 490 in
1147 435 1375 492 excelsis
1408 434 1678 502 habitans,
1711 441 1763 488 et
1791 432 1973 489 solitu-
2001 432 2056 493 Α
2085 435 2554 502 resurrectionem,
2607 437 2751 494 sicut
2776 439 2894 510 ipse
2923 441 3033 498 ait:
3072 446 3178 515 Ego
3206 445 3476 518 occidam,
3496 452 3554 504 et
3581 463 3678 520 ego

371 531 555 587 dinem
605 529 866 597 incolens,
919 542 1020 598 pro
1049 524 1288 597 peccatis
1314 524 1425 579 suis
1454 524 1693 578 clamare
1722 537 1829 577 non
1856 537 1980 578 ces-

365 627 472 675 sat.
515 618 798 674 Prudentis
827 616 977 672 enim
1019 619 1074 670 et
1104 611 1480 682 circumspecti
1512 610 1615 665 viri
1647 618 1745 678 est,
1778 610 1833 664 in
1863 610 1975 666 alto

363 709 554 763 nidum
578 722 805 777 ponere,
839 713 891 760 et
921 719 1018 775 pro
1033 701 1268 774 peccatis
1282 700 1524 771 plorare,
1549 707 1604 754 et
1624 697 1970 754 solitudinem

363 796 694 862 inhabitare,
748 801 1011 864 quatenus
1039 792 1095 845 in
1141 805 1307 861 opere
1336 798 1552 844 terrena
1588 801 1696 843 non
1727 793 1969 857 appetat,

361 893 416 940 et
464 885 520 938 in
560 884 818 939 lamentis
867 879 1083 936 veniam
1131 877 1393 949 acquirat,
1443 885 1493 931 et
1542 875 1597 929 in
1640 874 1973 930 habitatione

358 972 608 1028 inanium
657 969 912 1040 strepitus
953 966 1342 1040 cogitationum
1393 963 1634 1036 effugiat,
1695 969 1758 1016 ut
1803 962 1974 1033 possit

359 1061 545 1117 dicere
568 1076 696 1116 cum
722 1059 1018 1128 Pmpheta:
1054 1056 1322 1126 Elongavi
1347 1054 1593 1125 fugiens,
1613 1055 1669 1107 et
1704 1052 1892 1106 mansi
1906 1052 1971 1106 in

357 1149 674 1206 solitudine
705 1148 886 1218 (Psat.
936 1161 1046 1212 LIV,
1081 1145 1154 1214 8).
1185 1143 1287 1198 Vel
1321 1143 1489 1197 etiam
1539 1147 1700 1211 caput
1729 1147 1970 1194 nostrum

357 1237 643 1310 pelicanus
675 1237 776 1291 fuit
805 1233 1128 1301 solitudinis,
1153 1231 1368 1302 quando
1386 1237 1546 1284 natus
1567 1233 1650 1283 est
1678 1228 1732 1282 in
1760 1226 1966 1296 Iudaea,

359 1343 482 1396 qua:
512 1333 629 1381 erat
659 1325 778 1380 sola
807 1322 1006 1380 civitas
1031 1321 1194 1392 plena
1214 1317 1439 1390 populo,
1472 1317 1753 1387 prophetis
1781 1314 1968 1370 videli-

357 1423 447 1470 cet
475 1423 529 1470 et
554 1415 718 1485 justis
747 1413 937 1468 orbata
973 1411 1204 1476 (Thren.
1229 1411 1291 1478 ι),
1324 1416 1377 1464 et
1406 1406 1641 1476 Spiritus
1662 1403 1830 1459 sancti
1859 1403 1966 1460 vir-

352 1507 468 1558 tute
498 1503 770 1559 destituta.
803 1500 1139 1572 Nycticorax
1169 1496 1394 1564 exstitit,
1428 1495 1642 1566 quando
1673 1492 1758 1548 his
1785 1491 1876 1564 qui
1905 1493 1963 1546 in

347 1593 596 1649 tenebris
648 1599 822 1656 erant,
875 1605 1102 1661 regnum
1162 1586 1259 1642 Dei
1305 1583 1715 1655 evangelizavit.
1758 1581 1839 1636 De
1865 1581 1961 1636 illo

344 1697 590 1752 namque
603 1680 865 1750 scriptum
895 1685 974 1733 est
993 1696 1004 1730 :
1025 1679 1150 1732 Lua:
1176 1677 1240 1731 in
1264 1673 1507 1731 tenebris
1523 1673 1693 1739 lucet,
1716 1674 1774 1726 et
1795 1675 1957 1726 tene-

345 1772 462 1828 brae
479 1787 606 1827 eam
623 1785 740 1825 non
761 1765 1310 1839 comprehenderunt
1327 1763 1512 1850 (Joan.
1532 1778 1568 1828 ι,
1600 1761 1678 1830 5).
1721 1757 1790 1850 Si
1803 1759 1956 1850 enim
1986 1788 2040 1850 Β

348 1876 488 1931 cogn
496 1859 767 1927 ovissent,
781 1869 1076 1928 nunquam
1094 1854 1227 1909 Dom
1235 1851 1399 1907 inum
1410 1849 1611 1922 gloria;
1628 1847 1957 1916 cruci/icis-

337 1953 479 2005 scnt
513 1948 562 2016 (ι
596 1948 716 2004 Cor.
751 1961 809 2013 ιι,
842 1944 919 2013 8).
954 1943 1055 1997 Per
1082 1938 1419 1998 domicilium
1450 1937 1677 1993 Judmos
1704 1933 1968 2006 intelligi-

341 2054 489 2104 mus,
546 2035 640 2106 qui
694 2051 758 2090 ex
792 2039 944 2105 parte
999 2031 1158 2085 diruti
1215 2035 1392 2096 erant,
1449 2034 1504 2084 et
1531 2041 1599 2081 ex
1626 2032 1780 2098 parte
1826 2029 1968 2078 stare

342 2125 700 2191 videbantur,
754 2137 853 2193 pro
883 2136 950 2176 eo
984 2117 1130 2192 quod
1176 2115 1651 2174 circumcisionem
1699 2120 1962 2181 tenentes,

344 2215 527 2287 legem
567 2221 620 2268 et
650 2212 950 2284 prophetas
970 2207 1264 2276 habebant,
1299 2205 1393 2262 sed
1417 2205 1473 2260 in
1503 2219 1626 2261 eum
1657 2217 1815 2273 quem
1837 2215 1964 2272 pro-

340 2304 526 2374 pheta:
585 2301 640 2356 in
673 2315 836 2356 carne
867 2306 1150 2354 venturum
1198 2294 1588 2368 praedixerant,
1611 2303 1960 2364 nequaquam

345 2390 679 2447 credebant.
737 2387 964 2445 Stabant
1011 2385 1232 2458 quidem
1265 2384 1318 2438 in
1357 2383 1435 2439 eis
1464 2381 1698 2452 parietes
1727 2376 1962 2434 carnalis

338 2480 734 2546 observantia,
758 2477 856 2533 sed
877 2481 1158 2532 corruerat
1174 2482 1376 2530 tectum
1397 2470 1523 2526 ﬁdei
1539 2477 1594 2526 et
1621 2465 1950 2537 disciplinae.

349 2568 688 2624 Occiderunt
736 2580 868 2638 ergo
914 2563 1081 2619 vitam
1130 2561 1347 2628 mortui,
1399 2567 1454 2616 et
1491 2559 1673 2614 lucem
1717 2554 1958 2610 tenebrae

338 2658 739 2714 exstinxerunt.
773 2654 880 2710 Sed
911 2652 1044 2725 quid
1091 2651 1233 2707 ultra
1263 2648 1452 2705 fecerit
1491 2647 1808 2703 audiamus:
1850 2641 1954 2696 Vi-

325 2746 539 2818 gilavi,
575 2748 633 2800 et
647 2747 842 2816 fartus
854 2759 980 2799 sum
997 2742 1146 2797 sicut
1160 2754 1356 2813 passer
1381 2736 1677 2794 solitarius
1705 2734 1770 2788 in
1784 2734 1948 2789 tecto.

330 2832 624 2906 Vigilavit,
659 2831 785 2902 quia
825 2847 858 2886 a
887 2829 1114 2886 mortuis
1145 2825 1470 2883 resurrexit.
1505 2822 1609 2892 Qui
1639 2821 1784 2878 enim
1815 2820 1948 2876 dor-

335 2922 495 2977 mivit
517 2921 574 2976 in
607 2927 806 2988 morte,
830 2919 1077 2992 vigilavit
1097 2917 1152 2971 in
1179 2914 1596 2972 resurrectione.
1630 2911 1768 2967 Hinc
1796 2925 1950 2964 nam-

335 3027 442 3082 que
473 3011 552 3066 ait
581 3027 594 3063 :
632 3011 738 3081 Ego
771 3008 1013 3064 dormivi
1042 3011 1374 3063 ctsomnum
1394 3004 1539 3076 cepi,
1570 3006 1627 3058 et
1656 3001 1950 3057 resurrexi

327 3100 511 3171 (Psat.
538 3113 624 3164 ιιι,
655 3101 736 3167 6).
774 3097 912 3152 Hinc
937 3096 1106 3151 Iacob
1147 3095 1202 3149 in
1229 3090 1605 3149 benedictione
1633 3089 1738 3144 ait:
1777 3088 1942 3144 Catu-

331 3189 423 3244 lus
449 3189 634 3244 leonis
663 3187 828 3254 Iuda,
860 3185 932 3241 ad
952 3185 1221 3258 prwdam,
1255 3182 1341 3251 ﬁli
1369 3181 1469 3249 mi,
1493 3177 1834 3242 ascendisti;
1859 3190 1945 3231 re-

327 3278 632 3349 quiescens
646 3273 966 3330 aecubuisti
980 3277 1045 3328 ut
1065 3274 1232 3336 leo,et
1248 3270 1411 3344 quasi
1428 3267 1752 3340 lewna:quis
1771 3265 1945 3320 susci-

326 3365 481 3420 tabit
505 3380 639 3421 eum
651 3363 816 3431 (Gen.
841 3377 1004 3429 χιιι,
1029 3363 1083 3431 9)
1099 3361 1129 3416 τ
1146 3359 1282 3430 Quis
1299 3367 1381 3414 est
1398 3357 1501 3413 iste
1522 3356 1731 3412 catulus
1752 3352 1944 3419 leonis,

323 3452 429 3507 nisi
462 3452 558 3507 ille
589 3452 659 3507 de
690 3467 796 3522 quo
826 3451 880 3504 in
933 3447 1271 3520 Apocalypsi
1315 3446 1384 3502 ad
1407 3447 1672 3502 Joannem
1705 3441 1901 3498 dicitur
1930 3457 1943 3493 :

331 3541 478 3596 Vicit
499 3541 584 3596 leo
604 3540 672 3596 de
695 3539 848 3595 tribu
865 3538 1014 3596 Iuda
1033 3539 1220 3610 (Apoc.
1259 3553 1314 3607 v,
1337 3537 1392 3606 ὃ)
1416 3535 1446 3588 ?
1472 3534 1578 3604 Qui
1607 3533 1677 3588 ad
1702 3530 1950 3602 pmdam

328 3629 602 3695 ascendit,
637 3628 764 3699 quia
793 3627 991 3683 fortem
1034 3633 1304 3682 armatum
1335 3621 1529 3680 fortior
1555 3622 1946 3694 superveniens

325 3717 684 3790 expugnavit
716 3718 870 3786 (Luc.
898 3716 985 3783 ιι).
1020 3718 1184 3770 Arma
1227 3713 1345 3784 ejus
1386 3711 1628 3779 abstulit,
1674 3711 1802 3783 quia
1828 3711 1951 3780 jure

325 3804 424 3861 illo
476 3805 626 3875 quod
676 3804 986 3860 hominibus
1036 3803 1238 3858 habere
1289 3801 1598 3870 videbatur,
1648 3815 1773 3856 eum
1823 3797 1940 3871 pri-

328 3893 511 3950 vavit.
551 3893 648 3949 Ille
678 3892 822 3948 enim
855 3893 984 3947 dum
1028 3890 1217 3946 ambiit
1245 3889 1450 3958 illicita,
1477 3888 1714 3961 perdidit
1745 3885 1940 3958 ecqui;

325 3980 455 4037 sita.
509 3980 694 4053 Spolia
742 3995 961 4052 quoque
1002 3980 1120 4050 ejus
1167 3978 1464 4045 distribuit,
1511 3979 1638 4048 quia
1683 3991 1816 4034 vasa
1844 3976 1940 4031 ira:

326 4070 464 4126 fecit
527 4085 662 4126 vasa
694 4068 1110 4125 misericordia.
1142 4067 1280 4124 Hinc
1315 4082 1447 4139 ergo
1476 4067 1564 4123 leo
1592 4065 1938 4136 requiescens

323 4158 606 4225 accubuit,
649 4158 778 4230 quia
811 4163 1046 4212 mortem
1090 4163 1283 4226 sponte
1329 4154 1552 4211 subivit.
1603 4153 1713 4209 Sed
1759 4151 1939 4208 nullus

324 4264 455 4303 cum
513 4246 822 4314 suscitavit,
872 4246 995 4318 quia
1026 4261 1123 4316 per
1161 4243 1457 4301 divinitatis
1498 4258 1607 4298 sua:
1635 4242 1933 4312 potentiam

321 4336 442 4407 ipse
475 4350 511 4392 a
540 4335 768 4391 mortuis
809 4335 1129 4390 resurrexit.
1161 4335 1229 4389 Et
1268 4332 1397 4406 quia
1425 4339 1549 4404 post
1577 4329 1932 4386 resurrectio-

321 4441 452 4480 nem
505 4439 664 4480 suam
694 4423 746 4478 in
778 4423 974 4480 omium
1005 4422 1262 4491 ascendit,
1303 4429 1448 4477 recte
1476 4435 1600 4477 cum
1628 4418 1928 4490 praemisis-

2086 522 2270 579 vivere
2287 526 2500 595 factum
2516 525 2708 595 (Deut.
2746 545 2924 596 xxxii,
2946 532 3054 592 39).
3074 533 3140 587 Et
3159 532 3227 588 de
3243 549 3309 589 eo
3330 551 3431 604 per
3444 536 3679 606 prophe-

2086 617 2195 664 tam
2225 612 2484 682 scriptum
2513 622 2595 669 est
2621 629 2634 668 :
2674 617 2981 685 Viviﬁeabit
3009 636 3111 676 nos
3130 628 3253 692 post
3281 623 3420 680 duos
3448 625 3586 693 dies,
3611 627 3676 681 in

2083 698 2175 755 die
2191 703 2366 756 tertia
2387 703 2689 759 suscitabit
2709 721 2812 761 nos
2835 706 2984 775 (Osee
3001 723 3075 776 τι,
3102 712 3173 778 3).
3196 709 3408 767 Clamat
3421 713 3599 771 adhuc
3617 713 3672 769 in

2080 786 2371 844 solitudine
2415 799 2578 860 caput
2614 800 2861 848 nostrum
2909 793 2994 850 vel
3041 797 3342 853 membrum
3383 801 3520 870 ejus,
3553 817 3675 857 cum

2078 888 2172 930 eos
2212 884 2388 946 vocat,
2423 878 2512 950 qui
2544 880 2786 936 nondum
2832 891 3170 953 agnoverunt
3206 887 3510 944 veritatem.
3546 891 3677 946 Cla-

2077 971 2188 1017 mat
2218 964 2276 1019 in
2304 965 2606 1033 domicilio,
2638 968 2769 1025 dum
2799 985 2893 1026 eos
2920 971 2990 1026 ad
3015 972 3390 1042 paenitentiam
3419 977 3509 1046 qui
3537 979 3677 1034 ceci-

2078 1049 2274 1107 derunt
2317 1054 2528 1110 invitat.
2572 1055 2784 1112 Clamat
2830 1059 2884 1112 in
2934 1066 3100 1127 tecto,
3141 1077 3266 1117 cum
3314 1063 3570 1122 admonet
3619 1075 3680 1123 ut

2077 1137 2224 1225 t'oras
2241 1141 2521 1198 mittamus
2535 1145 2805 1202 timorem.
2839 1147 2996 1203 Unde
3025 1148 3079 1203 in
3111 1149 3412 1222 Evangelia
3440 1153 3676 1225 discipu-

2075 1224 2142 1281 lis
2162 1228 2269 1283 ait:
2309 1231 2440 1299 Qua:
2469 1233 2533 1287 in
2561 1248 2703 1290 aure
2742 1235 2982 1303 auditis,
3002 1237 3313 1308 praedicata
3335 1253 3506 1312 super
3525 1224 3678 1298 tecta

2075 1317 2273 1384 (Marc.
2308 1334 2362 1385 x,
2395 1321 2504 1390 27).

2143 1404 2318 1472 (Vers.
2337 1408 2416 1478 9.)
2437 1410 2570 1465 Tota
2581 1411 2671 1466 die
2691 1413 3080 1484 exprobrabant
3105 1413 3256 1471 mihi
3267 1416 3490 1474 inimici
3524 1419 3635 1476 mei
3654 1439 3671 1474 :

2068 1495 2126 1547 et
2140 1494 2236 1564 qui
2267 1497 2315 1563 5
2333 1497 2431 1564 18
2465 1499 2772 1555 tondebant
2794 1516 2907 1566 me,
2942 1501 3240 1559 adversum
3269 1521 3358 1562 me
3368 1507 3669 1578 furabant.

2143 1581 2229 1639 12.
2261 1581 2404 1651 Quid
2444 1583 2724 1656 iniquius?
2769 1585 3001 1640 Venerat
3030 1586 3204 1642 Filius
3247 1589 3483 1647 hominis
3513 1612 3668 1665 quae-

2065 1683 2190 1725 rere
2234 1679 2288 1726 et
2329 1671 2539 1728 salvum
2585 1672 2776 1729 facere
2824 1675 2969 1743 quod
2998 1675 3251 1745 perierat.
3285 1678 3538 1752 Venerat,
3573 1685 3664 1740 in-

2069 1772 2252 1828 quam,
2298 1768 2357 1815 ut
2403 1761 2638 1817 auferret
2685 1763 2953 1834 gemitum
2996 1763 3316 1835 dolentium,
3349 1776 3406 1823 ut
3434 1773 3672 1830 reconci.

2078 1845 2232 1902 liaret
2259 1863 2358 1904 nos
2385 1849 2501 1905 Deo
2526 1851 2684 1918 (Luc.
2715 1853 2829 1920 xxx)
2859 1867 2873 1912 ;
2907 1851 3004 1906 sed
3031 1852 3224 1921 Judaei,
3259 1857 3671 1930 quosiniquita-

2078 1933 2150 1989 tis
2177 1951 2291 1991 suae
2321 1937 2502 2009 caligo
2524 1946 2858 2007 caacaverat,
2879 1955 2982 2009 pro
3011 1940 3170 1997 bonis
3196 1944 3342 1999 mala
3370 1947 3671 2006 retribuen-

2076 2029 2176 2088 tes,
2209 2024 2363 2079 illum
2392 2026 2542 2096 quasi
2574 2028 2784 2082 hostem
2807 2028 3058 2096 oderant,
3081 2030 3239 2101 eique
3268 2034 3669 2095 maledictionis

2075 2112 2324 2169 convicia
2370 2114 2758 2186 expmbrantes
2805 2114 3131 2185 inferebant,
3189 2135 3312 2174 cum
3357 2121 3602 2180 dicerent
3648 2143 3663 2184 :

2071 2201 2432 2258 Damonium
2455 2201 2623 2259 habes
2644 2204 2827 2272 (Joan.
2844 2218 2961 2269 vm,
2993 2206 3106 2274 48),
3132 2212 3185 2261 et
3212 2216 3411 2265 cetera
3439 2211 3666 2271 insaniae

2071 2289 2428 2345 deliramenta
2472 2307 2594 2362 quas
2621 2291 3048 2362 Evangeliorum
3091 2293 3234 2350 liber
3261 2297 3516 2355 continet.
3559 2301 3663 2370 Qui

2070 2378 2168 2432 etsi
2197 2379 2247 2434 ei
2289 2379 2579 2450 aliquando
2608 2379 2942 2436 extrinsecus
2968 2380 3357 2454 blandiremur,
3402 2387 3666 2446 intrinse-

2068 2481 2161 2522 cus
2206 2467 2520 2537 saaviebant,
2550 2467 2690 2524 sicut
2719 2467 2773 2522 hi
2804 2469 2894 2538 qui
2937 2484 3060 2524 eum
3091 2484 3289 2542 capere
3317 2473 3372 2528 in
3409 2490 3664 2534 sermone

2065 2554 2317 2612 volentes
2345 2555 2632 2612 dicebant:
2675 2557 2957 2628 Magister,
2988 2558 3197 2616 scimus
3224 2562 3358 2632 quia
3385 2579 3562 2621 verax
3581 2582 3660 2635 es,

2064 2651 2123 2700 et
2143 2646 2294 2700 viam
2309 2645 2409 2702 Dei
2421 2646 2484 2700 in
2502 2645 2749 2701 veritate
2765 2645 2948 2712 doces,
2980 2650 3039 2702 et
3065 2663 3181 2704 non
3201 2653 3287 2704 est
3317 2651 3420 2708 tibi
3438 2669 3579 2710 cura
3593 2655 3660 2712 de

2060 2733 2248 2804 aliquo
2279 2734 2506 2803 (Matth.
2535 2749 2674 2800 χιιι,
2726 2736 2837 2803 16).
2869 2734 3187 2806 Magistrum
3217 2751 3340 2792 eum
3368 2741 3656 2811 vocabant,

2060 2821 2150 2891 qui
2193 2830 2455 2878 venerant
2501 2836 2609 2878 non
2656 2821 2896 2877 discendi
2944 2822 3256 2892 intentione,
3305 2828 3400 2882 sed
3430 2831 3660 2887 nocendi

2056 2908 2368 2980 cupiditate.
2399 2910 2540 2965 Nam
2570 2909 2715 2980 quod
2743 2911 2819 2964 ita
2856 2925 2915 2965 se
2948 2925 3031 2965 res
3060 2911 3274 2980 habeat,
3310 2915 3515 2972 Veritas
3544 2935 3656 2975 ma-

2053 2998 2294 3065 nifestat,
2343 3013 2466 3054 cum
2512 3005 2790 3066 tentatore,
2850 3013 2948 3054 eos
3006 3006 3060 3053 et
3103 2999 3410 3071 hypocritas
3472 3015 3653 3064 vocat.

2055 3085 2222 3154 Quasi
2244 3101 2376 3160 ergo
2393 3086 2682 3142 adversum
2702 3101 2825 3141 eum
2842 3085 3180 3156 juraverant,
3212 3090 3302 3160 qui
3334 3105 3401 3147 ex
3430 3096 3656 3153 consilio

2059 3182 2246 3230 contra
2273 3191 2397 3231 eum
2420 3174 2707 3232 mendacia
2736 3172 3144 3248 contingebant.
3176 3177 3310 3234 Toto
3340 3181 3504 3237 etiam
3533 3184 3657 3242 vitae

2059 3262 2221 3333 hujus
2252 3271 2497 3334 tempore
2525 3261 2766 3319 veritatis
2793 3262 3000 3320 inimici
3030 3265 3288 3322 Ecclesiae
3317 3267 3416 3323 Dei
3443 3285 3651 3342 expro-

2057 3349 2238 3420 brant,
2269 3368 2393 3408 cum
2421 3368 2549 3409 eam
2582 3353 2843 3408 haeretica
2863 3352 3154 3423 pravitate,
3187 3362 3280 3410 aut
3306 3371 3522 3413 morum
3552 3361 3657 3416 dis-

2057 3439 2410 3497 similitudine
2461 3440 2803 3513 impugnant.

2133 3530 2219 3585 15.
2251 3530 2502 3601 Plerique
2530 3533 2713 3586 autem
2743 3531 2801 3585 in
2828 3545 2999 3586 causa
3027 3531 3126 3587 Dei
3155 3532 3387 3590 subdole
3415 3543 3470 3592 et
3487 3537 3650 3594 falla-

2058 3617 2193 3674 citer
2218 3617 2575 3686 intendentes,
2608 3626 2663 3674 et
2689 3634 2807 3674 esse
2829 3635 2888 3675 se
2914 3620 2970 3674 in
2999 3634 3226 3692 corpore
3255 3623 3451 3680 Christi
3480 3626 3655 3684 simu-

2056 3703 2188 3776 lant,
2239 3714 2293 3762 et
2320 3721 2512 3778 pacem
2557 3706 2816 3762 Ecclesiae
2856 3707 2956 3763 Dei
2999 3709 3210 3764 occulta
3253 3715 3652 3773 machinatione

2055 3795 2391 3864 perturbant.
2423 3796 2507 3851 De
2534 3795 2734 3865 quibus
2761 3795 3008 3866 profecto
3037 3797 3374 3855 hicdicitur:
3411 3804 3517 3871 Qui
3531 3806 3650 3862 lau-

2053 3882 2266 3938 dabant
2297 3899 2408 3952 me,
2431 3884 2729 3940 adversum
2742 3883 3135 3956 mejurabant.
3160 3887 3240 3943 Hi
3261 3897 3401 3946 sunt
3427 3894 3523 3965 qui
3551 3909 3651 3950 ve-

2050 3971 2226 4026 niunt
2242 3971 2314 4027 ad
2329 3988 2419 4028 vos
2431 3973 2496 4027 in
2506 3973 2860 4028 vestimentis
2869 3973 3436 4041 ovium,intrinsecus
3449 3985 3648 4039 autem

2049 4064 2188 4116 sunt
2209 4061 2332 4133 lupi
2342 4060 2939 4133 rapaeea(Matth.vn,t
2951 4060 3137 4131 5).Qui
3153 4063 3208 4118 in
3229 4066 3413 4122 verbis
3428 4069 3647 4138 quidem

2047 4148 2301 4204 socialem
2335 4149 2589 4206 videntur
2615 4148 2817 4204 habere
2861 4151 3346 4222 mansuetudinem,
3396 4155 3452 4210 in
3482 4159 3649 4214 corde

2045 4252 2176 4294 vero
2206 4237 2463 4294 hostilem
2483 4237 2978 4310 gestantfurorem.
3016 4239 3162 4294 Talis
3189 4249 3306 4296 erat
3333 4241 3426 4298 ille
3455 4245 3645 4302 Simon

2042 4326 2238 4400 Magna
2267 4327 2337 4382 ab
2365 4325 2630 4397 apostolis
2668 4326 2995 4398 baptizatus,
3043 4327 3146 4386 sed
3188 4337 3378 4400 postea
3407 4331 3478 4386 ab
3513 4349 3647 4404 apo-

2040 4415 2306 4471 stolorum
2337 4415 2602 4487 principe,
2626 4422 2848 4486 propter
2861 4415 3110 4472 nefandae
3136 4417 3445 4476 venalitatis
3473 4423 3646 4478 ambi-

320 4521 424 4581 set,
467 4512 724 4584 Vigilavi,
758 4511 1028 4581 subjecit:
1063 4512 1133 4566 Et
1166 4513 1357 4581 factus
1387 4526 1516 4565 sum
1548 4509 1697 4564 sicut
1732 4521 1928 4579 passer
1954 4498 2007 4559 D
2039 4503 2240 4559 tionem
2271 4505 2614 4576 reprobatus.
2649 4504 2805 4561 Unde
2844 4513 2900 4560 et
2928 4505 3133 4562 dictum
3165 4514 3248 4562 est
3289 4509 3372 4563 ei:
3405 4511 3529 4568 Non
3557 4516 3643 4569 est

318 4603 628 4657 solitarius
663 4600 727 4654 in
766 4604 933 4656 tecto.
969 4597 1109 4667 Quia
1145 4598 1290 4654 solus
1318 4598 1460 4653 inter
1500 4604 1745 4652 mortuos
1775 4595 1934 4661 liber,

322 4705 455 4745 cum
510 4689 667 4743 Patre
715 4695 911 4759 regnat
939 4687 992 4741 in
1022 4686 1184 4742 caelo.
1235 4686 1390 4742 Unde
1418 4693 1472 4741 et
1501 4685 1609 4740 ait:
1653 4685 1821 4741 Nemo
1847 4697 1936 4738 as-

321 4779 521 4834 cenatit
549 4779 614 4834 in
634 4778 858 4843 calum,
900 4777 1014 4832 nisi
1034 4777 1133 4849 qui
1158 4774 1447 4832 descendit
1479 4774 1546 4830 de
1567 4775 1722 4842 caelo,
1757 4773 1935 4828 Filius

326 4865 584 4922 hominis
615 4867 712 4938 qui
741 4869 826 4922 est
857 4865 918 4921 in
941 4867 1104 4922 caelo.

399 4959 494 5009 11.
550 4955 750 5008 Ferunt
794 4953 1114 5025 philosophi
1145 4952 1292 5025 quod
1334 4951 1616 5023 pelicanus
1642 4950 1782 5006 ﬁlios
1809 4965 1934 5004 suos

334 5042 523 5099 statim
554 5050 614 5097 ut
643 5041 756 5097 nati
802 5049 944 5110 sunt,
977 5041 1262 5103 interﬁcit;
1292 5049 1485 5112 postea
1528 5055 1659 5094 vero
1705 5055 1805 5109 per
1831 5037 1932 5092 tri-

325 5131 496 5187 duum
548 5131 719 5186 multo
750 5130 939 5186 dolore
985 5147 1046 5185 se
1077 5129 1256 5197 afﬁcit,
1288 5129 1475 5200 eisque
1495 5144 1604 5200 quo
1634 5127 1930 5184 dammodo

320 5227 533 5277 naturae
583 5219 833 5275 affectum
879 5219 1134 5275 ostendit.
1184 5219 1377 5273 Postea
1407 5233 1534 5273 vero
1577 5223 1750 5272 mater
1778 5216 1929 5286 seip-

324 5325 444 5365 sam
483 5309 753 5376 vulnerat,
787 5323 988 5380 eosque
1017 5306 1281 5380 sanguine
1327 5322 1426 5362 suo
1457 5305 1762 5362 resuscitat.
1793 5305 1929 5374 Quis

325 5413 458 5454 vero
486 5405 646 5469 pater
674 5404 856 5452 noster
886 5405 939 5452 et
967 5403 1159 5460 mater,
1192 5394 1298 5450 nisi
1328 5395 1594 5450 mediator
1620 5395 1720 5450 Dei
1750 5402 1804 5450 et
1832 5396 1926 5450 ho-

328 5486 537 5542 minum
569 5487 738 5541 homo
767 5484 1010 5541 Christus
1036 5485 1193 5540 Jesus
1220 5481 1276 5553 (Ι
1307 5485 1445 5540 Tim.
1467 5485 1528 5553 ιι)
1551 5484 1580 5535 σι
1609 5483 1701 5554 qui
1729 5479 1936 5538 occidit

326 5573 389 5628 in
407 5573 568 5632 nobis
597 5587 817 5630 omnem
837 5571 1199 5646 iniquitatem,
1219 5578 1278 5627 ut
1295 5571 1577 5629 meliorem
1596 5571 1935 5628 inveniamus

2046 4592 2151 4648 tibi
2176 4609 2320 4666 pars
2338 4596 2400 4649 in
2419 4609 2679 4650 sermone
2708 4593 2818 4650 isto
2845 4598 3005 4660 (Act.
3045 4610 3160 4663 vm,
3193 4597 3302 4667 21).
3336 4599 3480 4656 Dum
3499 4601 3645 4658 enim

2047 4680 2278 4751 Spiritus
2321 4682 2492 4738 sancti
2517 4681 2755 4754 gratiam
2781 4682 2960 4754 pretio
3005 4697 3328 4754 comparare
3375 4690 3562 4756 voluit,
3612 4707 3642 4746 a

2044 4768 2290 4826 doctrina
2345 4771 2538 4826 Christi
2595 4771 2764 4826 miser
2817 4786 2875 4827 se
2931 4771 3212 4830 alienavit.
3246 4775 3366 4846 Ipse
3407 4793 3640 4849 namque

2043 4867 2397 4931 praeceperat,
2443 4859 2667 4915 dicens:
2719 4859 2904 4916 Gratis
2943 4863 3265 4933 accepistis,
3296 4866 3478 4933 gratis
3505 4867 3638 4923 date

2044 4948 2260 5017 (Matth.
2311 4965 2368 5016 x,
2401 4949 2482 5019 8).
2522 4949 2650 5004 Haec
2678 4957 2780 5015 est,
2808 4948 3052 5020 inquam,
3087 4950 3330 5016 haeresis,
3367 4966 3486 5020 qua:
3515 4954 3637 5022 ipsa

2009 5045 2012 5051 ‘
2042 5037 2318 5093 nascentis
2343 5037 2607 5094 Ecclesiae
2653 5036 2962 5092 rudimenta
2990 5036 3231 5102 tentavit,
3263 5046 3317 5091 et
3342 5044 3466 5094 ante
3495 5040 3640 5096 alias

2038 5125 2274 5182 haereses
2317 5127 2493 5197 prima
2523 5124 2798 5197 apparuit.
2844 5124 3010 5194 Cujus
3039 5125 3235 5179 erroris
3264 5127 3484 5181 vesania
3513 5127 3637 5184 licet

2038 5228 2104 5269 ex
2156 5222 2281 5270 tunc
2307 5214 2566 5270 damnata
2613 5212 2793 5278 fuerit,
2841 5219 3031 5282 postea
3079 5219 3257 5267 tamen
3303 5211 3357 5266 in
3389 5215 3637 5272 Ecclesia

2036 5303 2284 5374 germine
2327 5303 2590 5374 pestifero
2633 5299 2938 5371 pullulavit.
2984 5298 3193 5354 Nostris
3224 5316 3350 5356 vero
3398 5304 3636 5362 maxime

2046 5392 2381 5463 temporibus
2401 5390 2624 5447 malitiae
2642 5405 2764 5444 suae
2796 5387 2950 5442 virus
2973 5387 3230 5456 exercuit,
3263 5397 3314 5446 et
3343 5392 3508 5448 totius
3536 5395 3636 5452 Ec-

2043 5479 2223 5538 clesia
2242 5495 2436 5552 pacem
2466 5474 3168 5535 schismaticainfestatione
3198 5479 3453 5536 turbavit.
3487 5483 3635 5539 Con-

2041 5569 2228 5626 citavit
2267 5568 2410 5624 enim
2439 5567 2699 5624 adversus
2737 5563 3037 5622 Ecclesium
3082 5565 3182 5623 Dei
3212 5584 3323 5626 non
3348 5569 3521 5626 solum
3552 5572 3639 5627 in-
