4034 6166
0 1743 4 1796 l

2 3980 27 4091 3".

16 4446 52 4677 ,ι

18 4682 54 4851 ·

0 4845 57 4971 ’ξ

0 4988 45 5297 ι

30 5308 45 5373 η

16 5482 51 5581 ii

18 5588 55 5731 ιι

20 5696 57 5837 ll

24 5834 59 5907 1':

445 335 541 398 611

1643 307 1890 372 SANCTI
1931 300 2274 368 GREGOPJI
2304 293 2532 359 MAGNI

3625 298 3725 358 612

446 459 840 524 numerabilem
871 453 1060 526 populi
1098 445 1514 511 multitudinem,
1543 455 1728 496 verum
1758 438 1920 494 etiam
1949 451 2034 491 re-
2063 434 2122 501 Α
2150 430 2304 488 Unde
2334 427 2717 526 aitApostolus
2740 425 2859 526 :‘Si
2886 425 3041 483 enim
3056 441 3188 482 cum
3455 442 3714 526 essemus,

442 556 613 629 giam,
650 548 695 603 si
728 547 810 602 fas
853 525 934 600 est
962 541 1163 605 dicere,
1193 541 1528 629 potestatem.
1560 528 1735 629 .N‘ulla
1763 525 1905 629 enim
1934 541 2030 629 ra-

453 611 530 699 :io
560 611 706 704 sinit,
746 639 808 690 ut
831 633 970 687 inter
995 644 1156 701 reges
1197 625 1457 680 habeatur
1483 619 1576 691 qui
1605 614 1828 673 destruit
1856 611 2038 684 potius

450 744 613 802 quam
645 730 796 796 regat
824 719 1134 790 imperium,
1166 722 1219 770 et
1265 719 1606 784 quotcunque
1625 705 2041 802 haberepotest

449 790 818 891 perversitatis
845 825 956 864 sua
985 806 1182 866 socios.
1224 817 1320 858 eos
1344 815 1375 853 a
1403 794 1675 891 consortio
1719 790 2038 891 Christi-ef-

448 879 560 963 iieit
588 903 823 960 alienos.
862 895 966 965 Qui
999 890 1292 963 turpissimi
1320 886 1455 944 lucri
1483 882 1775 953 cupiditate
1805 879 2037 945 illectus,

451 1007 712 1066 sponsam
732 985 927 1043 Christi
959 982 1231 1053 captivam
1263 975 1410 1046 cupit
1436 973 1729 1066 abducere,
1761 976 1814 1024 et
1841 967 2042 1066 passio:

447 1052 538 1139 alis
551 1077 849 1136 Dominica
867 1052 1267 1129 sacramentum
1298 1080 1430 1121 ausu
1457 1059 1742 1117 temerario
1769 1052 2046 1112 contendit

451 1181 748 1228 evacuare.
802 1161 1102 1220 Ecclesium
1145 1155 1370 1226 quippe,
1418 1165 1583 1221 quam
1635 1146 1717 1202 sui
1763 1143 2045 1216 sanguinis

454 1609 760 1684 principum
789 1600 1060 1671 exemplo,
1091 1595 1394 1654 devotionis
1420 1589 1742 1660 obsequium
1773 1585 2045 1684 exhibere,

455 1672 558 1756 nec
599 1672 786 1753 contra
815 1693 988 1747 Deum
1017 1689 1218 1743 fastum
1260 1681 1553 1738 extendere
1583 1672 1989 1740 dominationis,
2018 1687 2050 1728 a

2143 517 2509 577 reconciliati
2523 532 2720 574 sumus
2742 517 2852 572 Deo
2875 531 2976 583 per
2997 524 3232 572 mortem
3253 515 3386 570 Filii
3403 517 3726 584 eius,multo

2146 609 2322 680 magis
2339 604 2692 664 reconciliati
2701 605 2845 662 salvi
2855 605 3067 661 erimus
3079 604 3145 660 ab
3159 603 3247 660 ira
3253 621 3357 675 per
3367 605 3724 677 ipsum(Rom.

2148 714 2201 766 ν,
2233 700 2350 766 10).
2376 695 2518 763 Quia
2546 710 2680 765 ergo
2705 694 3043 765 Redemptor
3060 700 3248 748 noster
3276 692 3330 748 in
3360 693 3620 750 mundum
3641 711 3732 752 ve-

2147 786 2320 852 niens,
2352 799 2483 840 vasa
2513 784 2610 838 ira
2639 781 2767 837 fecit
2810 796 2940 837 vasa
2970 780 3376 849 misericordia,
3405 789 3460 837 et
3487 782 3732 838 omnibus

2148 875 2220 930 ad
2248 889 2308 928 se
2335 871 2677 928 venientibus
2717 870 2936 940 pietatis
2969 885 3080 924 sua
3126 868 3303 924 sinum
3333 871 3563 940 aperuit,
3594 879 3731 929 recte

2150 978 2292 1018 nunc
2307 961 2438 1016 dicit
2456 976 2468 1012 :
2495 961 2635 1030 Quia
2651 960 2901 1016 cinerem
2915 963 3188 1029 tanquam
3201 973 3407 1030 panem
3422 959 3732 1017 manduca-

2150 1052 2300 1116 bam,
2329 1054 2386 1106 et
2428 1050 2692 1121 poculum
2720 1064 2910 1105 meum
2940 1063 3070 1104 cum
3097 1047 3239 1116 ﬂetu
3267 1047 3592 1104 miscebam.

2223 1141 2312 1196 15.
2349 1140 2484 1208 Qua
2513 1145 2694 1194 autem
2723 1137 2928 1192 esuries
2965 1135 3109 1207 ejus,
3137 1135 3224 1190 vel
3253 1135 3378 1191 sitis
3407 1135 3584 1205 fuerit,
3616 1137 3731 1208 ipse

2153 1229 2433 1286 evidenter
2459 1226 2711 1293 ostendit,
2743 1241 2867 1280 cum
2896 1225 3004 1280 ait:
3034 1226 3182 1282 Heus
3213 1225 3368 1281 cibus
3397 1229 3485 1282 est
3511 1229 3578 1282 ut
3604 1227 3740 1297 faci-

2030 1361 2043 1385 ,
2153 1333 2248 1374 am
2264 1317 2617 1373 voluntatem
2629 1314 2818 1370 Patris
2833 1313 3068 1386 mei,qui
3083 1313 3250 1368 misit
3261 1312 3736 1386 me(Joau.rv,34).

1950 1407 2045 1470 ibi,
2155 1406 2223 1464 Et
2249 1406 2438 1460 iterum
2461 1422 2476 1459 :
2496 1405 2571 1460 Me
2596 1407 2812 1476 oportet
2836 1402 3064 1474 operari
3084 1417 3252 1474 opera
3272 1401 3479 1458 Patris
3503 1404 3630 1467 mei,
3648 1404 3740 1476 qui

2154 1510 2244 1550 me
2262 1493 2620 1559 misit,donec
2632 1492 2750 1547 dies
2765 1496 2871 1555 est;
2888 1490 3042 1547 venit
3060 1505 3178 1547 nox
3189 1491 3411 1556 quando
3432 1506 3596 1548 nemo
3608 1508 3736 1564 cpe-

2155 1582 2279 1636 rari
2285 1585 2471 1651 potest
2487 1578 2676 1650 (Joau.
2693 1595 2770 1645 rx,
2799 1582 2881 1649 L).
2911 1579 3044 1647 Qua
3073 1587 3198 1634 sunt
3217 1578 3341 1636 hac
3363 1580 3536 1635 Patris
3557 1595 3738 1651 opera,

2157 1684 2277 1738 qua
2292 1668 2446 1722 indie
2458 1668 2590 1724 dicit
2609 1676 2660 1722 et
2671 1683 2780 1723 non
2791 1667 2847 1722 in
2862 1676 3020 1724 nocte
3035 1667 3335 1736 operanda,
3353 1667 3460 1722 nisi
3471 1667 3743 1724 salutifera

453 1805 561 1860 quo
595 1801 706 1840 sua
745 1780 1034 1837 Dominum
1063 1774 1272 1844 accepit
1315 1768 1619 1841 potestatis.
1652 1767 1775 1836 Ipso
1797 1773 1877 1819 est
1904 1761 2052 1860 enimI
2076 1783 2132 1846 Β
2160 1756 2295 1855 ιιι-ἱ⁸
2323 1756 2702 1860 intellectualis
2735 1756 2945 1812 cultura
2970 1756 2996 1808 ‘l
3045 1755 3165 1826 Ipse
3195 1763 3274 1809 est
3303 1755 3448 1810 enim
3478 1756 3639 1812 homo
3657 1756 3743 1829 qui

665 1839 816 1926 :iPer
833 1883 923 1924 me
945 1881 1106 1937 reges
1129 1839 1371 1934 reqriaut
1406 1861 1593 1947 (Prov.
1617 1859 1669 1920 8,
1696 1849 1933 1947 15_)..Sed
1957 1839 2055 1947 ιωξ

2171 1844 2450 1901 seminavit
2473 1844 2674 1920 bonum
2695 1860 2882 1901 semen
2901 1844 2956 1898 in
2976 1859 3109 1916 agro
3124 1860 3221 1900 suo
3236 1846 3464 1914 (Matth.
3495 1848 3610 1915 arri)
3637 1860 3652 1910 ς
3679 1845 3744 1902 ad

455 1941 659 2020 mensa
702 1965 937 2016 cacatus
977 1951 1292 2022 cupiditatis
1330 1946 1587 2017 caligine,
1639 1948 1693 1998 et
1738 1941 1942 2006 divino,
2000 1942 2058 1991 ut

457 2059 622 2126 patet,
655 2049 900 2121 ingratus
926 2039 1210 2106 beneficio,
1242 2041 1296 2092 et
1325 2045 1513 2091 contra
1545 2035 1715 2126 Deum
1765 2029 2054 2092 fastuosus,

462 2121 724 2197 terminos
785 2148 921 2204 quos
964 2134 1268 2202 posuerunt
1299 2133 1486 2195 patres
1528 2121 1713 2188 nostri,
1747 2123 2058 2187 contempto

461 2229 646 2286 divino
690 2225 886 2278 timore
934 2215 1349 2289 transgreditur,
1399 2221 1452 2267 et
1493 2218 1686 2267 contra
1735 2205 2061 2265 catholicam

439 2316 744 2374 .veritatem
772 2325 884 2365 sua
910 2307 1094 2362 furore
1136 2301 1436 2374 tyrannidis
1463 2297 1734 2356 efferatur.
1768 2294 1829 2350 In
1860 2301 2063 2350 tantum

463 2413 647 2461 autem
706 2399 870 2468 519
899 2411 1011 2450 sua
1055 2391 1411 2449 temeritatem
1440 2387 1681 2444 extendit
1719 2383 1974 2453 vesania,
2006 2384 2065 2440 ut

459 2500 623 2562 caput
653 2487 894 2544 omnium
917 2480 1279 2540 Ecclesarium
1308 2479 1617 2534 Romanam
1641 2473 1946 2530 Ecclesium
1963 2472 2065 2528 sibi

466 2579 726 2646 vindicet,
758 2582 812 2630 et
838 2574 894 2628 in
916 2571 1137 2628 domina
1165 2567 1411 2642 gentium
1461 2574 1688 2622 terrena
1710 2563 1800 2632 jus
1826 2569 2066 2632 potesta-

469 2668 540 2724 tis
586 2671 833 2734 usurpet.
880 2661 1038 2731 Quod
1085 2657 1308 2714 omnino
1349 2655 1442 2710 ille
1470 2653 1590 2709 ﬁeri
1631 2651 1929 2724 prohibuit,
1969 2646 2056 2719 qui

467 2758 610 2812 hanc
638 2755 795 2810 beato
826 2752 987 2806 Petro
1018 2744 1277 2818 Apostolo
1321 2741 1630 2814 specialiter
1657 2738 1946 2807 commisit,
1977 2736 2065 2793 di-

467 2858 633 2902 cens:
675 2842 793 2898 Tibi
823 2839 960 2896 dabo
994 2835 1302 2894 Ecclesium
1341 2848 1524 2888 meam
1557 2828 1776 2900 (Matth.
1810 2842 1921 2892 xvr,
1954 2826 2064 2896 18).

470 2933 791 2991 Obstruatur
819 2942 950 3000 ergo
979 2942 1040 2982 os
1061 2922 1406 2995 loquentium
1437 2919 1644 2992 iniqua,
1675 2926 1729 2975 et
1757 2916 1934 2974 omnis
1963 2917 2066 2972 ha-

452 3022 762 3078 ,reticorum
784 3017 928 3072 acies
957 3014 1330 3070 obmutescet:
1367 3008 1495 3081 quia
1522 3008 1701 3063 nullas
1730 3006 1878 3063 vires
1908 3003 2074 3059 habet

484 3107 850 3174 mendacium,
910 3102 1054 3175 quod
1113 3100 1283 3172 ipsius
1311 3113 1447 3154 voce
1499 3095 1738 3153 veritatis
1799 3091 2074 3149 invenitur
2099 3141 2148 3206 Ο

475 3199 830 3255 destructum.
863 3192 1119 3264 Sequitur
1138 3207 1150 3243 :

455 3324 458 3326 η
545 3287 726 3356 (Vera.
745 3286 858 3350 10.)
877 3280 1020 3348 Quia
1033 3279 1286 3335 cinerem
1309 3280 1579 3346 tanquam
1596 3288 1808 3345 partem
1827 3271 2069 3327 mandu-

478 3377 696 3444 ccbam,
727 3378 788 3430 et
825 3370 1093 3444 poculum
1120 3382 1314 3432 meum
1343 3381 1476 3421 cum
1503 3364 1646 3432 ﬂetu
1673 3360 1996 3418 miscebant.

540 3465 626 3520 14.
652 3463 734 3518 Ex
754 3463 859 3516 hoc
877 3455 1116 3513 maxime
1135 3453 1350 3510 scriba
1378 3460 1431 3507 et
1459 3450 1718 3508 Pharisai
1747 3447 2071 3517 Redempto-

473 3569 591 3610 rem
621 3557 866 3606 nostrum
889 3543 1330 3608 criminabantur,
1354 3545 1485 3611 quia
1509 3539 1835 3610 publicanos
1864 3544 1917 3592 et
1943 3550 2073 3608 pec-

466 3649 678 3699 catores
723 3652 840 3693 non
865 3634 1048 3691 solum
1090 3647 1199 3688 non
1245 3629 1562 3702 respuebat,
1614 3628 1710 3683 sed
1758 3627 1926 3683 etiam
1950 3642 2070 3682 cum

472 3730 582 3786 illis
628 3727 686 3782 in
713 3725 838 3782 cibo
887 3729 942 3780 et
969 3729 1101 3793 potu
1143 3717 1608 3776 communicabat.
1658 3717 1812 3773 Unde
1851 3716 2074 3789 quidam

477 3831 671 3875 eorum
692 3815 919 3886 indigne
946 3812 1183 3867 ferentes
1200 3808 1492 3864 dicebant:
1530 3806 1710 3874 Quare
1729 3822 1860 3863 cum
1887 3805 2076 3861 Publi-

471 3906 638 3965 cauis
655 3909 712 3962 et
724 3900 1117 3976 peccatoribus
1137 3897 1452 3954 manducet
1463 3900 1520 3952 et
1531 3895 1668 3952 bibit
1681 3895 1953 3965 magister
1963 3906 2075 3950 ucs-

474 4001 564 4053 ter
576 3993 780 4068 (Matth
791 4032 804 4046 .
817 4008 894 4046 rx.
911 3991 937 4044 1
950 3989 1034 4058 t)?
1053 3987 1160 4045 Sed
1178 3987 1269 4041 ille
1285 3986 1374 4058 qui
1398 4001 1502 4040 non
1513 3985 1538 4056 j
1548 3983 1810 4052 ustus,sed
1829 3991 2077 4053 peccato-

471 4101 558 4141 res
585 4097 776 4138 vocare
799 4087 1042 4146 venerat,
1066 4076 1197 4148 quid
1229 4073 1493 4129 dicebat?
1522 4074 1642 4131 Non
1664 4076 1748 4128 est
1764 4088 1902 4144 opus
1921 4071 2077 4138 sani;

473 4172 748 4240 medicus,
765 4169 862 4226 sed
873 4169 1026 4224 male
1039 4163 1373 4222 habentibus
1391 4161 1545 4231 (Ibid.
1568 4164 1680 4230 12).
1696 4160 1743 4217 Ο
1758 4162 2077 4216 immensam

479 4260 581 4318 Dei
609 4257 956 4317 clementiam
986 4257 998 4310 l
1032 4270 1068 4308 ο
1095 4251 1534 4308 inastimabilem
1553 4250 1744 4321 gratia
1761 4249 2036 4304 caritatem
2064 4249 2076 4301 l

484 4350 614 4404 Illos
655 4347 872 4404 volebat
901 4358 1116 4410 curare,
1156 4341 1244 4410 qui
1279 4339 1508 4394 salutem
1549 4337 1808 4393 nolebant
1855 4338 2077 4423 habere,

478 4438 570 4508 qui
601 4437 860 4492 adversus
875 4432 1104 4487 salutem
1125 4445 1278 4484 suam
1312 4427 1526 4492 armati,
1554 4434 1608 4481 et
1635 4425 2075 4496 phreneticomm

2163 1936 2314 2002 cujus
2362 1935 2627 1991 culturam
2657 1942 2852 2004 postea
2880 1933 3162 2003 operarios
3191 1932 3502 1990 destinabat
3532 1934 3747 2004 (Matth:

2164 2025 2262 2094 rs),
2282 2039 2409 2078 cum
2426 2023 2658 2078 diceret:
2694 2022 2878 2078 Messi:
2895 2021 3119 2093 quidem
3147 2023 3356 2092 multa,
3387 2023 3746 2092 operariiau-

2168 2117 2284 2170 tem
2312 2112 2507 2184 pauci.
2533 2114 2733 2184 Rogata
2754 2125 2879 2182 ergo
2903 2109 3195 2166 dominum
3215 2112 3434 2179 messis,
3463 2116 3530 2167 ut
3559 2112 3749 2171 mittat

2169 2202 2451 2274 operarios
2472 2202 2534 2256 in
2549 2216 2788 2257 messem
2809 2216 2970 2256 suam
2983 2200 3139 2269 (Luc.
3160 2214 3274 2266 vnr,
3299 2202 3351 2269 2)
3363 2241 3376 2254 .
3392 2199 3529 2270 Quis
3543 2200 3611 2255 sit
3626 2215 3750 2272 ergo

2169 2291 2273 2347 iste
2302 2306 2434 2361 ager
2461 2291 2580 2361 ipse
2609 2288 2858 2356 ostendit,
2890 2303 3015 2344 cum
3055 2304 3248 2359 agrum
3279 2287 3572 2357 mundum,
3599 2297 3651 2344 et
3678 2305 3754 2344 se-

2171 2396 2296 2436 men
2312 2380 2447 2435 dixit
2466 2395 2589 2434 esse
2617 2378 2842 2434 verbum
2867 2377 2994 2434 Dei.
3023 2376 3327 2433 Seminavit
3348 2393 3487 2450 ergo
3514 2386 3571 2433 ut
3598 2386 3755 2434 mete-

2174 2478 2274 2537 ret,
2306 2467 2531 2524 messuit
2557 2476 2612 2522 ut
2642 2467 3012 2523 manducaret.
3037 2465 3208 2535 Hujus
3222 2465 3340 2538 agri
3370 2466 3607 2522 fructum
3636 2479 3759 2536 quo-

2176 2558 2305 2613 tidie
2354 2556 2580 2628 colligit,
2626 2564 2676 2610 et
2721 2555 2874 2627 quasi
2923 2571 2990 2611 eo
3018 2554 3278 2624 pascitur,
3317 2571 3445 2610 cum
3473 2554 3754 2610 electorum

2176 2645 2502 2718 profectibus
2519 2644 2839 2701 delectatur.
2862 2642 3017 2700 Unde
3044 2658 3279 2714 sponsus
3307 2643 3365 2697 in
3393 2643 3633 2700 Canticis
3644 2659 3759 2700 can-

2174 2735 2402 2792 ticorum
2417 2734 2545 2791 dicit
2568 2752 2580 2788 :
2617 2732 2838 2792 Comedi
2860 2737 3054 2805 [avum
3077 2749 3209 2790 cum
3231 2733 3404 2790 melle
3425 2748 3549 2790 meo
3564 2730 3757 2803 (Cant.

2176 2841 2236 2892 ν,
2270 2825 2378 2892 15).

2250 2917 2337 2968 16.
2366 2911 2538 2968 Habet
2565 2911 2664 2967 iste
2691 2911 2856 2967 homo
2885 2919 2940 2967 et
2966 2910 3204 2980 vineam,
3236 2918 3484 2967 sanctam
3512 2907 3761 2967 videlicet

2179 3001 2497 3068 Ecclesium,
2540 2999 2606 3066 ad
2638 3016 2801 3070 quam
2841 2999 3199 3056 excolendam
3231 3000 3412 3070 primo
3441 3015 3605 3056 manu
3633 3013 3762 3069 ope—

2175 3092 2348 3148 rarios
2366 3090 2523 3146 misit
2541 3088 2767 3162 (Matth.
2791 3095 2912 3162 xx),
2936 3097 2989 3144 et
3011 3096 3198 3158 postea
3218 3089 3452 3161 singulis
3477 3087 3759 3160 quibusque

2180 3179 2511 3250 temporibus
2552 3179 2762 3234 mittere
2812 3193 2925 3233 non
2965 3178 3221 3234 cessavit.
3273 3177 3428 3234 Patet
3470 3192 3600 3248 ergo
3643 3175 3760 3246 quia

2172 3273 2316 3326 sicut
2343 3271 2509 3338 520
2537 3283 2728 3340 agrum
2775 3266 3012 3322 excoluit
3041 3274 3098 3321 ut
3134 3266 3410 3336 comedat,
3441 3267 3520 3322 ita
3545 3265 3749 3322 videam

2177 3357 2512 3432 plantavitut
2526 3356 2697 3410 bibat.
2734 3357 2878 3412 Bona
2906 3355 3082 3423 vinea,
3109 3369 3229 3424 qua
3257 3370 3494 3413 uvarum
3509 3354 3752 3412 decorata

2175 3448 2466 3516 coloribus,
2496 3455 2552 3503 et
2575 3444 2884 3503 dilectionis
2911 3457 2976 3500 ac
3002 3444 3434 3514 perseverantia
3462 3442 3758 3515 palmitibus

2178 3543 2500 3610 prepagata,
2546 3534 2680 3605 Regi
2724 3532 2964 3589 omnium
2989 3547 3217 3588 suavem
3259 3531 3317 3586 in
3363 3532 3624 3590 fructibus
3648 3531 3755 3586 suis

2179 3628 2430 3684 haustum
2472 3623 2700 3695 prabet.
2742 3622 2894 3679 Bona
2946 3622 3166 3691 inquam
3207 3621 3390 3688 vinea,
3439 3637 3559 3692 qua
3601 3626 3761 3690 potest

2181 3715 2396 3771 dicere:
2427 3711 2608 3770 Vinea
2622 3710 2716 3781 fui
2737 3710 2993 3783 paciﬁca,
3019 3707 3080 3765 in
3103 3724 3172 3766 ea
3199 3725 3321 3781 quas
3350 3708 3522 3766 habet
3537 3708 3756 3782 populos

2181 3806 2368 3874 (Cant.
2409 3817 2530 3872 vni,
2582 3801 2692 3871 11).
2742 3799 2877 3868 Qua
2923 3805 3004 3853 est
3029 3797 3124 3852 illa
3169 3813 3290 3868 qua
3326 3797 3496 3854 habet
3522 3797 3760 3868 populos.

2185 3894 2288 3949 nisi
2316 3899 2505 3948 sancta
2547 3889 2791 3946 Ecclesia
2822 3901 2922 3958 per
2970 3893 3140 3941 totum
3168 3885 3358 3943 orbem
3407 3885 3643 3949 diffusa?
3667 3883 3759 3940 illa

2183 3997 2419 4054 namque
2466 3979 2628 4036 habet
2679 3975 2930 4048 populos,
2981 3975 3107 4046 quia
3134 3989 3204 4029 ex
3245 3974 3396 4030 omni
3425 3982 3576 4047 parte
3601 3981 3759 4030 terra-

2184 4088 2303 4128 rum
2347 4077 2492 4126 recte
2539 4066 2821 4123 credentes
2865 4062 3126 4124 continet.
3165 4063 3227 4117 In
3270 4062 3377 4120 hac
3418 4078 3550 4136 ει·εο
3577 4061 3762 4117 solum-

2184 4159 2349 4216 modo
2392 4159 2593 4214 electus
2638 4154 2868 4228 quisque
2912 4151 3071 4207 vinea
3114 4149 3366 4220 edicitur,
3411 4153 3541 4223 quia
3565 4149 3760 4206 nullum

2186 4247 2480 4320 aliquando
2521 4245 2756 4300 fructum
2785 4242 2927 4297 ferre
2975 4240 3192 4310 poterit,
3223 4240 3316 4311 qui
3343 4240 3413 4295 ab
3443 4239 3638 4296 unitate
3663 4237 3762 4293 Eo-

2114 4333 2116 4335 ’
2186 4337 2370 4393 clesia
2413 4334 2666 4391 discedit.
2714 4332 2793 4387 Eo
2843 4329 2986 4386 enim
3034 4329 3152 4385 Deo
3195 4328 3452 4398 poculum
3491 4325 3760 4392 subtrahit,

2187 4441 2295 4497 quo
2339 4422 2712 4480 hareticorum
2756 4420 2953 4489 inepta
2978 4417 3280 4490 garrulitati
3317 4417 3596 4474 consentit.
3629 4412 3762 4483 Quid

473 4491 624 4580 more
651 4523 917 4577 medicum
967 4521 1294 4583 incusantes,
1328 4515 1584 4571 volebant
1612 4491 1791 4584 potius
1821 4531 1890 4570 ex
1919 4515 2071 4569 inﬁr-
2105 4491 2158 4554 Ῑ)
2189 4491 2333 4572 enim
2353 4513 2465 4570 sitit
2491 4513 2658 4578 Deus,
2681 4509 2782 4565 nisi
2798 4507 2962 4564 ﬁdem
2992 4513 3233 4562 nostram
3257 4505 3452 4576 (Joan.
3473 4508 3547 4576 ιν)
3568 4505 3597 4559 ?
3615 4501 3758 4560 Unde

475 4613 662 4667 mitate
691 4618 918 4665 mortem
965 4607 1260 4673 incurrere,
1292 4620 1455 4675 quam
1482 4603 1651 4660 vitam
1679 4618 1747 4659 ex
1777 4603 1948 4660 salute
1978 4604 2068 4658 in-

481 4699 696 4756 venire.
738 4697 847 4754 Sed
875 4696 1087 4753 cineres
1118 4694 1452 4764 Redemptor
1479 4701 1663 4748 noster
1681 4693 2065 4762 manducabat,

475 4785 696 4860 quando
761 4786 816 4840 in
863 4800 1061 4855 corpus
1105 4799 1262 4838 suum
1313 4797 1406 4838 eos
1464 4781 1788 4852 trajiciebat.
1851 4783 2073 4838 Cineres

475 4891 714 4947 namque
733 4880 905 4939 erant,
936 4871 1058 4943 quia
1088 4872 1215 4927 dum
1246 4870 1547 4942 principem
1570 4871 1918 4928 tenebrarum
1949 4888 2072 4926 ma-

487 4969 574 5039 gis
601 4981 767 5039 quam
812 4972 1091 5019 auctorem
1123 4967 1475 5032 sequerentur
1504 4960 1746 5025 luminis,
1793 4962 1852 5015 in
1888 4976 2073 5016 eorum

472 5055 735 5113 cordibus
757 5053 913 5126 quasi
945 5051 1242 5109 exstinctus
1277 5049 1452 5104 fuerat
1481 5048 1648 5104 divini
1679 5065 1902 5119 prorsus
1932 5050 2075 5122 ignis

475 5145 704 5202 amoris.
738 5144 986 5207 Cineres,
1019 5140 1263 5210 inquam,
1297 5145 1473 5201 erant,
1505 5137 1760 5192 videlicet
1787 5138 1934 5193 nullo
1964 5140 2075 5210 apti

481 5234 625 5302 usui,
685 5240 742 5289 et
790 5231 905 5286 sine
951 5227 1232 5284 cbaritatis
1276 5225 1486 5298 glutino
1533 5226 1758 5282 omnino
1802 5226 2074 5284 dissoluti.

480 5322 613 5389 Quis
658 5337 774 5376 non
819 5320 916 5374 has
964 5317 1195 5372 miretur
1241 5313 1632 5370 misericordia
1676 5315 1776 5370 Dei
1806 5314 2023 5371 divitias
2049 5317 2078 5374 7

479 5409 614 5478 Quis
638 5410 752 5477 jam
781 5409 850 5463 de
878 5405 1206 5462 remissione
1230 5410 1578 5476 peccatorum
1614 5402 1912 5475 desperet?
1941 5403 2076 5473 Quis

479 5509 589 5551 non
611 5495 795 5551 credet
813 5510 897 5564 se,
930 5495 976 5549 si
1003 5500 1373 5561 convertatur,
1402 5491 1618 5548 veniam
1645 5492 1928 5567 consequi,
1955 5510 2079 5550 cum

483 5583 674 5644 cudiat
701 5583 870 5639 etiam
903 5581 1220 5640 incredulos
1259 5587 1414 5638 tanta
1457 5581 1800 5656 benignitate
1817 5584 2030 5641 adnutti
2054 5588 2083 5642 9

2178 4613 2233 4662 et
2258 4619 2292 4661 a
2339 4601 2563 4658 muliere
2593 4597 2932 4656 Samaritana
2979 4592 3226 4666 quasivit
3268 4594 3476 4661 bibere,
3521 4593 3589 4649 de
3616 4591 3755 4660 cujus

2179 4709 2306 4750 eum
2321 4707 2430 4748 non
2457 4689 2692 4763 legimus
2714 4702 2858 4758 aqua
2884 4685 3106 4750 bibisse,
3133 4684 3232 4740 sed
3259 4683 3556 4756 spiritalem
3583 4688 3755 4752 potura

2179 4783 2232 4839 ei
2263 4783 2455 4838 mulier
2472 4781 2691 4849 obtulit,
2715 4797 2836 4837 cum
2859 4780 3047 4836 mundi
3072 4794 3197 4835 eum
3227 4775 3564 4832 Salvatorem
3603 4781 3758 4840 agno-

2183 4871 2257 4927 vit
2288 4874 2472 4940 (Joan.
2505 4872 2638 4941 xxx).
2673 4871 2732 4924 ln
2766 4885 2927 4926 cruce
2969 4881 3184 4940 quoque
3214 4864 3426 4936 positus
3451 4858 3679 4922 sitiebat,
3707 4860 3758 4911 et

2182 4960 2554 5033 paenitentiam
2576 4958 2939 5030 peccantium,
2958 4964 3012 5012 et
3037 4955 3203 5012 ﬁdem
3225 4951 3516 5024 exoptabat
3542 4944 3762 5019 perﬁdo-

2184 5067 2327 5107 rum.
2374 5049 2482 5105 Sed
2510 5049 2666 5104 vinea
2703 5047 2926 5103 Domini
2975 5045 3208 5100 sabaoth
3250 5043 3306 5098 in
3333 5039 3570 5112 patribus
3595 5052 3626 5092 a
3651 5033 3757 5089 Deo

2183 5139 2445 5212 plantata,
2493 5145 2547 5193 et
2582 5137 2846 5194 doctrina
2883 5143 3063 5191 aratro
3106 5141 3161 5190 et
3187 5130 3340 5188 verbi
3381 5125 3758 5212 ligonibus-per

2186 5208 2377 5284 manus
2402 5227 2786 5299 prophetarum
2829 5223 3066 5292 exculta,
3101 5219 3398 5278 novissime
3426 5217 3478 5272 in
3508 5208 3758 5299 amaritu-

2185 5317 2375 5373 dinem
2402 5295 2605 5383 —versa,
2657 5314 2784 5370 dum
2832 5313 2881 5368 ei
2923 5313 3109 5369 vinum
3156 5308 3353 5366 latitia
3389 5305 3528 5361 ferre
3561 5295 3752 5360 debuit,

2185 5405 2371 5463 feralis
2415 5404 2632 5460 invidia
2675 5411 2889 5460 acetum
2930 5398 3193 5472 porrexit.
3227 5398 3541 5463 Plerumque
3566 5386 3750 5445 etenim

2186 5497 2393 5552 bonum
2433 5494 2616 5550 vinum
2660 5491 3042 5564 corrumpitur,
3074 5495 3130 5546 et
3171 5487 3230 5543 in
3257 5491 3465 5544 acetum
3510 5482 3748 5570 mutatut'i

2191 5583 2336 5654 Quia
2379 5597 2515 5655 ergo
2543 5582 2642 5638 ille
2663 5581 2910 5654 populus
2953 5577 3091 5636 asin
3113 5575 3605 5649 Mue-actus;
3630 5568 3754 5623 att]
