4034 6166
392 216 490 274 613

1121 211 1195 277 ΙΝ
1224 217 1496 277 SEPTEM
1524 222 1766 279 PSALM.
1800 212 2059 281 ΡΟΕΝΙΤ.
2094 221 2492 288 EXPOSITIO.
2525 263 2594 274 --
2625 234 2817 298 PSAL.
2859 226 2923 294 ν.

3582 258 3684 312 614

386 339 510 451 filiis
539 357 778 414 nequam
809 342 1030 451 exstitit,
1064 345 1215 451 quasi
1267 345 1447 416 primo
1494 347 1698 451 vinum,
1731 353 1983 446 postmo-
2013 349 2067 414 Α
2090 350 2202 451 bus
2231 353 2592 451 animantibus
2622 358 2881 430 incubuit,
2918 363 3043 434 quia
3069 365 3251 425 divina
3278 387 3412 431 voce
3441 377 3520 433 eis
3548 397 3689 451 pra.h

387 431 516 484 dum
549 445 675 486 vero
701 439 913 488 acetum
942 433 1059 488 fuit.
1096 434 1333 490 Fuerunt
1368 442 1549 491 tamen
1597 436 1763 508 aliqui
1821 436 1982 493 etiam

381 519 523 574 inter
552 519 694 587 illos,
746 521 836 591 qui
877 523 1021 577 hunc
1066 523 1308 577 omnium
1359 523 1695 580 Salvatorem
1735 525 1985 581 credide-

382 617 520 676 runt,
575 609 798 664 fuerunt
844 618 898 665 et
944 610 1034 681 qui
1082 611 1153 666 de
1198 620 1539 682 peccatorum
1592 613 1868 684 profundo
1912 614 1982 668 ad

381 696 887 753 misericordiarum
933 714 994 754 se
1021 706 1233 768 patrem
1271 701 1607 759 levaverunt.
1633 702 1768 770 Quis
1834 702 1980 758 enim

375 785 632 856 pluribus
662 796 754 842 aut
784 787 1086 858 majoribus
1113 788 1431 844 criminibus
1443 805 1681 861 unquam
1710 790 1980 860 obligatus

375 875 591 930 exstitit
620 889 786 945 quam
816 876 1009 931 mulier
1036 877 1130 932 illa
1158 878 1458 948 peccatrix,
1493 880 1561 934 de
1587 895 1693 948 qua
1745 889 1973 950 septem,

371 971 430 1017 ut
460 963 538 1019 ait
562 965 940 1036 Evangelista,
971 964 1244 1022 daemonia
1260 966 1417 1036 ejecit
1434 967 1626 1038 (Marc.
1651 968 1805 1037 xw)?
1827 968 1972 1023 Nam

372 1059 427 1107 et
458 1053 714 1107 Zachteus
741 1052 1045 1122 publicanis
1069 1061 1124 1108 et
1163 1054 1466 1124 raptoribus
1495 1055 1815 1126 publicanus
1857 1056 1975 1127 ipse

369 1147 424 1195 et
453 1149 642 1212 raptor
666 1141 900 1212 prefuit,
935 1146 990 1197 et
1023 1150 1203 1198 tamen
1232 1143 1300 1197 ad
1331 1143 1499 1213 ipsius
1531 1144 1821 1216 hospitium
1872 1144 1972 1200 Dei

371 1228 541 1283 Filius
573 1229 790 1285 divertit
819 1231 975 1301 (Luc.
999 1247 1118 1296 xix,
1153 1235 1250 1301 vi).
1283 1230 1392 1288 Sed
1430 1241 1483 1288 et
1511 1233 1698 1288 Simon
1746 1234 1972 1307 indigne

368 1317 492 1371 tulit
519 1317 591 1372 de
620 1317 954 1374 admissione
985 1320 1265 1375 mulieris:
1325 1329 1378 1376 et
1405 1321 1567 1376 turba
1617 1323 1971 1378 murmuravit

365 1406 433 1460 de
466 1405 712 1476 hospitio
733 1407 1036 1476 peccatoris
1064 1407 1229 1477 (Luc.
1265 1413 1402 1479 xix).
1439 1409 1691 1465 Poculum
1735 1425 1968 1482 namque

360 1508 522 1548 suum
552 1510 684 1550 cum
713 1494 843 1550 fletu
872 1495 1183 1566 miscuerat,
1229 1507 1280 1553 et
1311 1498 1432 1554 ideo
1474 1498 1578 1552 sibi
1623 1499 1962 1555 inimicorum

359 1583 692 1653 protervitas
721 1584 1115 1657 exprobrabat.
1150 1583 1307 1654 Quod
1339 1585 1579 1656 quotidie
1620 1587 1674 1640 in
1720 1586 1964 1643 Ecclesia

355 1668 475 1726 ﬁeri
525 1671 823 1738 cernimus,
869 1688 992 1726 cum
1036 1682 1354 1744 peccatores
1405 1690 1504 1746 pro
1558 1675 1795 1744 peccatis
1849 1675 1962 1730 suis
1987 1699 2040 1760 Β

354 1758 700 1831 plangentes,
733 1760 1002 1815 Christum
1032 1761 1202 1828 indui,
1235 1770 1288 1818 et
1317 1763 1388 1818 ad
1418 1763 1587 1834 ipsius
1615 1763 1812 1820 intrare
1833 1764 1962 1818 uni-

354 1855 525 1903 tatem
557 1848 822 1904 videmus.
860 1849 955 1904 Vel
985 1858 1131 1905 certe
1169 1851 1429 1921 poculum
1484 1852 1600 1908 Deo
1653 1869 1777 1908 cum
1833 1852 1962 1908 ﬂetu

353 1938 612 2007 miscere,
651 1947 732 1992 est
755 1937 894 1993 alios
923 1939 993 1994 ab
1021 1940 1382 1995 exterioribus
1409 1941 1678 1996 introrsus
1724 1936 1960 2015 trahere,

351 2026 493 2081 alios
519 2026 595 2082 ab
624 2025 970 2083 interioribus
999 2029 1235 2083 exterius
1259 2029 1496 2099 jactare.
1533 2031 1748 2086 Scimus
1788 2031 1957 2096 enim,

353 2115 486 2187 quia
517 2121 681 2185 potus
717 2115 786 2169 ab
832 2116 1188 2172 exterioribus
1228 2117 1452 2173 interius
1498 2118 1745 2189 trahitur,
1795 2119 1955 2174 fletus

348 2204 420 2258 ab
452 2205 698 2260 interiori
728 2205 968 2260 exterius
996 2205 1287 2262 derivatur.
1335 2206 1480 2276 Quia
1525 2223 1661 2280 ergo
1707 2209 1957 2264 conditor

347 2301 535 2348 noster
559 2294 771 2349 occulta
799 2299 978 2350 nostra
1008 2296 1302 2364 examinat,
1336 2305 1388 2350 et
1418 2311 1527 2351 non
1555 2297 1730 2352 solum
1766 2311 1949 2368 opera,

345 2397 542 2437 verum
587 2383 757 2437 etiam
800 2383 1127 2440 intentiones
1172 2384 1440 2440 radicitus
1496 2393 1706 2457 pensat,
1738 2386 1951 2442 occulto

343 2471 466 2540 ejus
492 2471 709 2540 judicio
739 2469 816 2540 ﬁt,
849 2479 907 2527 ut
934 2473 1201 2543 quosdam
1234 2473 1326 2544 qui
1367 2474 1422 2527 in
1452 2474 1625 2530 oculis
1668 2474 1950 2530 hominum

337 2559 471 2627 justi
504 2574 625 2614 esse
653 2560 927 2630 videntur,
984 2561 1257 2632 reprobet,
1308 2563 1576 2634 quosdam
1631 2562 1949 2619 criminibus

342 2661 469 2703 reos
500 2663 605 2719 per
632 2648 1009 2718 paenitentiam
1029 2659 1302 2706 correctos
1331 2650 1521 2706 salvet.
1553 2652 1623 2706 Et
1653 2665 1774 2707 cum
1791 2653 1950 2722 juxta

343 2737 600 2807 Apostoli
631 2739 1155 2813 sententiam,neque
1170 2742 1618 2814 volentis,nequo
1634 2743 1944 2809 currentis,

342 2826 436 2883 sed
455 2825 790 2884 miserantis
819 2829 891 2883 sit
919 2827 1212 2896 DeiUtom.
1237 2846 1312 2900 tx,
1339 2830 1448 2902 16),
1490 2829 1628 2886 alios
1671 2829 1762 2901 qui
1817 2845 1944 2887 cor-

340 2924 580 2983 ruerant,
616 2916 1040 2972 misericorditer
1065 2919 1267 2990 erigit;
1300 2919 1436 2976 alios
1478 2919 1571 2991 qui
1615 2926 1757 2975 stare
1788 2919 1943 2976 vide-

2090 437 2380 539 latus-fuit.
2419 445 2644 539 Mortem
2672 465 2887 519 quoque
2914 469 3255 528 nequaquam
3287 437 3605 539 incurreret,
3639 437 3685 529 si

2092 528 2289 622 divinis
2332 534 2614 622 praeceptis
2653 537 2913 594 obediens
2961 558 3235 615 nunquam
3279 563 3546 622 peccaret.

2089 618 2385 718 conditoris
2412 621 2496 675 sui
2527 625 2782 680 mandata
2812 634 3234 702 transgrediens,
3270 618 3415 698 tanto
3464 651 3685 718 gravius

2088 706 2314 795 corruit,
2341 717 2541 780 quanto
2570 715 2861 783 antequam
2905 719 3144 790 caderet,
3177 726 3336 783 altius
3378 706 3540 790 stetit.
3573 738 3684 795 Ca-

2086 793 2220 848 dens
2249 796 2420 897 igitur
2439 798 2627 897 aliisut.
2655 808 2752 870 est,
2785 804 2911 875 quia
2937 823 3167 876 peccare
3193 830 3304 871 non
3333 829 3594 897 metuens,
3622 793 3682 884 et

2085 894 2182 949 pro
2210 881 2379 936 salute
2407 882 2747 942 inﬁrmitates
2775 891 3016 961 pertulit,
3045 902 3098 950 et
3141 915 3240 969 pro
3292 903 3403 960 vita

2083 969 2336 1038 suscepit.

2156 1070 2332 1165 (Vers.
2366 1073 2478 1139 ιε.)
2508 1076 2633 1132 Dies
2652 1081 2765 1135 mei
2790 1079 2943 1139 sicut
2960 1087 3161 1146 umbra
3209 1092 3674 1165 declinaverunt:

2080 1161 2139 1212 et
2164 1173 2261 1230 ego
2279 1162 2432 1217 sicut
2461 1166 2664 1233 fenum
2693 1169 2844 1224 arui.

2153 1257 2238 1312 18.
2271 1256 2473 1349 Gravis
2503 1261 2698 1333 allislo,
2730 1281 2830 1336 per
2859 1285 3022 1339 quam
3048 1274 3139 1330 lux
3162 1276 3215 1332 in
3235 1283 3486 1342 tenebras
3517 1293 3677 1349 verti-

2079 1350 2184 1414 tur,
2218 1352 2269 1400 et
2299 1345 2353 1400 in
2383 1348 2696 1406 ariditatem
2727 1355 2873 1411 viror
2917 1369 3175 1419 mutatur.
3216 1368 3374 1426 Diem
3432 1345 3672 1454 nam—qlia

2079 1429 2215 1454 ,2---ι
2247 1435 2458 1454 ___-Lx_,
2484 1453 2492 1454 κ
2600 1439 2612 1450 ο
2767 1443 2779 1454 ι
2945 1449 2958 1454 -
3017 1449 3031 1454 -
3098 1453 3103 1454 ,

2075 1429 2218 1527 sicut
2247 1435 2501 1491 umbram
2532 1439 2736 1510 primus
2767 1443 2929 1502 homo
2945 1449 3149 1521 habuit,
3174 1461 3392 1527 quando
3409 1482 3465 1521 se
3488 1484 3518 1522 ε,
3539 1429 3679 1527 rga;

2073 1521 2372 1624 conditoris
2401 1525 2687 1624 abscondit
2716 1531 2875 1602 (Gen.
2898 1537 3008 1607 ιιι).
3036 1521 3343 1603 Nam-inter
3373 1521 3671 1624 Opaca

2074 1624 2287 1708 morum
2317 1612 2485 1670 latere
2516 1617 2702 1686 voluit,
2737 1629 2796 1676 ut
2825 1639 2889 1678 ex
2921 1625 3024 1682 hoc
3055 1646 3269 1703 quoque
3305 1612 3549 1708 patenter
3577 1612 3671 1705 os-

2071 1699 2310 1797 tenderet
2339 1717 2477 1797 quas
2507 1706 2765 1764 caecitatis
2792 1712 3014 1770 umbras
3062 1699 3285 1778 interius
3305 1699 3512 1797 pertuli
3552 1699 3658 1796 set.

2072 1785 2128 1841 Si
2161 1788 2304 1842 enim
2338 1791 2391 1844 in
2425 1794 2619 1849 umbra
2644 1812 2753 1852 non
2783 1805 3127 1870 esset,Deum
3159 1825 3284 1868 esse
3312 1785 3538 1878 localem
3552 1785 3666 1882 non

2069 1877 2333 1976 crederet,
2369 1891 2466 1978 nec
2496 1882 2564 1936 ab
2587 1884 2706 1954 ejus
2737 1888 2911 1943 oculis
2938 1900 3152 1962 putaret
3207 1915 3264 1955 se
3312 1877 3667 1982 abscondi—,3

2068 1965 2361 2075 quoLsciret
2391 1969 2557 2072 etiam
2584 1974 2764 2028 cordis
2795 1978 2973 2034 oculta
3003 1982 3192 2041 videri.
3235 1988 3500 2059 Quaesivit
3529 1965 3663 2075 ergo

2067 2054 2312 2149 umbram
2343 2059 2605 2128 corporis,
2639 2062 2730 2132 qui
2760 2064 2913 2136 prius
2934 2054 3418 2138 incurritumbram
3442 2054 3658 2149 mentis:

2062 2139 2190 2237 Dies
2221 2159 2454 2237 namque
2483 2149 2601 2237 ejus
2631 2149 2893 2209 inclinata
2923 2155 3116 2229 fuerat,
3150 2172 3202 2219 et
3232 2165 3357 2225 ideo
3388 2139 3659 2237 illi

2060 2233 2348 2324 sapientiae
2378 2235 2601 2292 interius
2627 2255 2734 2294 non
2765 2241 3027 2315 fulgebat.
3065 2250 3158 2305 Sol
3190 2257 3388 2313 etenim
3419 2262 3548 2320 dum
3563 2233 3658 2324 in:

2060 2317 2246 2388 clinat,
2271 2325 2506 2393 majores
2536 2326 2754 2382 umbras
2783 2328 2960 2400 eﬁicit,
2995 2342 3048 2390 et
3075 2337 3270 2397 caloris
3311 2349 3397 2403 sui

2059 2407 2297 2501 tudinem
2357 2411 2613 2480 paulatim
2643 2414 2934 2474 subtrahit.
2975 2423 3128 2480 Unde
3184 2439 3306 2499 post
3363 2407 3650 2501 meridiem

2055 2493 2230 2598 Adam
2264 2498 2439 2598 anDeo
2469 2509 2694 2558 vocatus
2725 2519 2842 2563 esse
2871 2493 3202 2570 describitur
3221 2493 3654 2598 (Ibidem),utva-b

2055 2585 2419 2681 exterioribus
2450 2602 2812 2661 agnoscamus
2853 2597 2978 2666 quid
3003 2585 3238 2662 interius
3255 2585 3565 2681 gereretur.
3586 2585 3655 2678 in

2053 2671 2280 2773 meridie
2306 2676 2449 2730 enim
2473 2676 2560 2732 lux
2616 2689 2695 2735 est
2741 2685 2947 2757 purior,
3001 2705 3095 2745 aer
3148 2671 3439 2773 limpidior,

2054 2759 2372 2862 ferventior.
2426 2764 2588 2834 Quasi
2628 2785 2760 2842 ergo
2806 2776 3061 2832 meridies
3109 2778 3164 2835 in
3213 2759 3391 2844 A-dam
3427 2759 3658 2862 pectore

2050 2848 2243 2919 inerat,
2279 2851 2408 2942 dum
2440 2853 2643 2912 lumine
2671 2858 2868 2917 divinae
2895 2870 3371 2938 contemplationis

2052 2945 2155 3005 tus,
2190 2939 2390 2995 amoris
2419 2945 2616 2999 summi
2649 2947 2858 3003 facibus
2888 2953 3134 3010 ardebat.
3169 2954 3278 3016 Sed
3311 2964 3455 3026 hunc
3486 2939 3654 3032 miser

337 3002 556 3072 bantur,
590 3005 783 3059 cadere
808 3006 950 3075 juste
978 3006 1263 3076 permittit.
1302 3008 1381 3062 Ex
1425 3016 1652 3079 peccato
1708 3023 1944 3082 namque

2146 3002 2153 3005 '
2843 3002 2850 3003 κ
2893 3002 2938 3006 __
2957 3002 3134 3010 ...η-..υ
3169 3002 3278 3016 νυνι
3311 3002 3455 3026 uqu;
3486 3002 3590 3029 ιιιιδ

2062 3027 2340 3085 meridiem
2368 3032 2607 3100 perdidit
2661 3049 2784 3091 cum
2826 3043 3091 3109 peccavit.
3139 3044 3218 3102 l'bi
3275 3053 3418 3112 enim
3456 3002 3655 3120 amori:

337 3092 504 3162 primi
534 3093 778 3163 parentis
805 3093 1139 3164 accepimus,
1189 3103 1247 3151 ut
1300 3111 1400 3152 nec
1454 3097 1508 3152 in
1565 3097 1684 3168 ipsa
1734 3099 1946 3168 justitia

341 3181 574 3236 stabiles
605 3196 728 3237 esse
755 3183 1050 3251 possimus,
1083 3184 1178 3239 sed
1208 3193 1299 3239 aut
1329 3193 1522 3241 contra
1550 3187 1747 3255 Deum,
1790 3186 1950 3242 nobis

349 3268 564 3323 bonum
598 3270 743 3341 quod
774 3270 1001 3326 facimus
1031 3271 1374 3343 imputando,
1397 3273 1676 3346 erigimur,
1709 3282 1951 3330 autcon-

346 3365 426 3413 tra
453 3357 743 3429 proximos
771 3358 825 3414 in
855 3360 1170 3430 superbiam
1213 3361 1474 3430 levamur,
1521 3363 1664 3418 unde
1711 3371 1762 3418 et
1813 3364 1950 3419 sub-

345 3447 492 3502 ditur
515 3463 529 3501 :

417 3553 598 3624 (Vers.
624 3554 737 3626 il.)
758 3554 796 3611 Α
817 3556 966 3628 [acie
986 3557 1088 3613 irw
1113 3561 1172 3614 et
1197 3551 1611 3631 indignationis
1645 3565 1777 3630 tum,
1811 3562 1948 3635 quia

343 3641 577 3699 elevans
602 3643 833 3700 altisisti
862 3660 970 3702 me.

411 3729 506 3787 i7.
542 3729 683 3800 Quia
721 3732 866 3788 enim
890 3733 1056 3803 justa
1084 3734 1446 3792 damnationis
1477 3738 1797 3794 sententiam
1836 3740 1945 3812 pri-

344 3836 467 3875 mus
499 3821 666 3877 homo
697 3822 974 3893 peccando
1003 3823 1248 3894 pertulit,
1281 3837 1439 3895 quam
1470 3828 1819 3897 postmodum
1841 3843 1943 3885 ne-

339 3918 531 3980 potum
555 3911 834 3968 successio
863 3922 1264 3982 consequenter
1287 3914 1531 3984 incurrit,
1555 3916 1678 3972 ideo
1699 3917 1942 3974 Christus

336 3995 496 4055 Iesus
548 3999 694 4054 venit
748 3996 804 4056 in
855 4000 1116 4054 mundum
1158 4009 1470 4072 peccatores
1518 4005 1698 4061 salvos
1738 4007 1937 4076 facere,

339 4088 443 4158 52
463 4091 502 4156 1
541 4094 596 4143 et
626 4088 694 4142 ab
725 4101 790 4144 ea
820 4103 924 4158 qua
950 4089 1270 4145 tenebantur
1295 4091 1642 4150 damnatione
1668 4094 1928 4152 liberare.

333 4173 590 4232 Ecclesia
620 4191 746 4232 vero
779 4193 898 4249 qua:
926 4194 1127 4248 corpus
1157 4179 1270 4248 ejus
1299 4188 1402 4248 est,
1436 4183 1523 4237 cui
1570 4183 1751 4239 claves
1784 4187 1937 4258 regni

331 4265 598 4320 caelorum
628 4264 834 4331 tribuit,
869 4273 922 4322 et
951 4267 1158 4339 ligandi
1191 4275 1351 4341 atque
1405 4270 1648 4327 solvendi
1689 4277 1935 4343 potesta-

2060 3115 2307 3211 refriguit
2336 3117 2669 3191 incendium,
2697 3125 2954 3199 caligavit
2981 3132 3215 3204 claritas,
3246 3138 3444 3200 defecit

2059 3203 2295 3259 Veniens
2317 3213 2496 3262 autem
2529 3209 2581 3263 in
2613 3213 2875 3270 mundum
2904 3215 2999 3273 lux
3033 3203 3658 3298 veraereiFilius'hant-t

2057 3291 2216 3347 nobis
2240 3293 2544 3351 claritatem
2574 3299 2835 3371 reddidit,
2870 3321 2992 3361 cum
3011 3310 3193 3367 cordis
3213 3319 3381 3374 nastri
3403 3291 3660 3386 tenebras

2054 3381 2501 3483 praesentiae-sum
2530 3383 2925 3483 illuminatione
2945 3387 3178 3483 fugavit.
3211 3401 3365 3460 Unde
3395 3381 3658 3483 scriptum

2055 3476 2166 3522 est:
2203 3471 2449 3564 Populus
2471 3474 2566 3545 qui
2583 3476 2908 3535 ambulabat
2932 3479 3280 3561 intenebris,
3314 3496 3453 3554 vidit
3470 3471 3654 3564 lucent

2053 3571 2323 3653 magnam
2345 3558 2470 3653 (ira.
2496 3575 2569 3653 Ix,
2605 3564 2895 3640 2).Magna
2926 3569 3014 3626 lux
3046 3558 3654 3653 remissiopeccatoruin

2052 3645 2255 3746 donum
2285 3650 2494 3746 gratiae,
2527 3650 2899 3746 intelligentia
2927 3660 3158 3734 claritas,
3184 3645 3654 3746 contemplationis

2049 3735 2340 3834 gaudium,
2373 3737 2591 3834 collatio
2623 3741 3076 3834 virtutum.Dedit
3099 3755 3255 3813 enim
3274 3735 3451 3834 nobis,
3486 3735 3652 3827 ut.

2050 3821 2377 3924 apostolus,
2389 3828 2599 3924 pignus
2615 3830 2852 3924 spiritus
2875 3837 2948 3904 (ΙΙ
2967 3836 3086 3895 Car.
3108 3859 3159 3910 v,
3193 3847 3284 3916 5):
3319 3821 3656 3924 gustavimus

2047 3909 2249 4009 bonum
2283 3911 2379 3968 Dei
2410 3916 2656 4009 verbum,
2691 3919 3028 3994 virtutesque
3057 3909 3238 3988 saeculi
3271 3909 3653 4009 supervenit;

2048 3998 2244 4093 (Hebr.
2274 4000 2373 4093 vt).
2395 4000 2470 4093 Alii
2503 4012 2628 4093 sunt
2657 4004 2776 4061 dies
2807 4010 3016 4080 gratiae,
3051 4033 3189 4088 quos
3219 3998 3376 4082 nobis
3426 3998 3654 4093 con—tulit

2046 4087 2366 4186 excellentia
2393 4089 2650 4190 bonitatis
2679 4093 2798 4194 Ιξθί.
2834 4097 2893 4151 in
2923 4087 3118 4172 quibus
3145 4107 3189 4162 si
3207 4117 3418 4171 noctem
3450 4087 3654 4194 nqui:

2047 4174 2136 4232 tim
2191 4179 2606 4248 contemnimus,
2655 4181 2722 4237 ad
2780 4185 3016 4244 caelestis
3058 4195 3210 4266 regni
3267 4174 3640 4268 hereditsign

2043 4262 2308 4320 inoffenso
2338 4266 2529 4324 itinere
2585 4269 2949 4340 ambulamus.
2982 4262 3352 4345 Hinc—etenim
3397 4262 3647 4358 Salvator

332 4359 438 4407 tem
470 4352 645 4422 dedit,
679 4354 804 4409 ideo
837 4362 1148 4425 peccatores
1203 4357 1444 4427 quotidie
1498 4362 1748 4432 suscipit,
1809 4363 1948 4440 quia,

2062 4353 2124 4406 tit
2147 4352 2233 4456 :sf'
2261 4354 2794 4456 qanambaiavertt
2812 4363 2875 4456 in
2886 4364 3120 4435 die,non
3141 4352 3650 4456 οίῙεηιιίωιιίᾶιῦξ

330 4437 481 4497 illam
513 4441 613 4497 ira:
643 4442 741 4498 Dei
773 4444 1094 4498 sententiam
1145 4447 1408 4516 agnoscit.
1462 4449 1597 4516 Quia
1642 4450 1784 4505 enim
1834 4467 1938 4521 per

329 4525 528 4587 faciem
568 4545 859 4602 personam
888 4531 1270 4604 {agnoscimus
1337 4535 1590 4606 hominis,
1638 4547 1780 4594 recte
1840 4553 1937 4612 per

327 4617 527 4675 faciem
561 4619 678 4686 irae,
720 4619 1085 4676 damnationis
1130 4620 1484 4694 intelligimus
1529 4627 1921 4700 cognitionem.

326 4705 463 4761 Nam
502 4709 647 4780 quod
691 4709 824 4764 iram
853 4709 1268 4782 gindignationis
1315 4720 1592 4784 agnoscat,
1644 4715 1930 4774 manifeste

327 4795 564 4850 ostendit
592 4811 716 4850 cum
745 4796 1031 4869 subjungit
1062 4815 1074 4851 :
1107 4797 1248 4865 Quia
1278 4800 1502 4856 elevans
1534 4803 1770 4859 allisisti
1800 4819 1915 4862 me.

327 4881 540 4939 Creatis
570 4884 782 4939 ca'teris
811 4884 1152 4955 animalibus,
1186 4887 1348 4944 homo
1376 4905 1490 4960 prae
1519 4892 1723 4947 cunctis
1745 4894 1926 4949 eleva-

329 4978 412 5025 tus
441 4972 567 5040 iuit,
601 4973 730 5042 quia
759 4980 811 5028 et
841 4973 1088 5030 libertate
1117 4976 1320 5032 exstitit
1375 4977 1583 5032 arbitrii
1639 4981 1926 5052 praeditus,

330 5067 382 5114 et
413 5060 638 5116 rationis
668 5061 867 5118 lumine
896 5062 1215 5119 illustratus.
1250 5064 1351 5120 Cui
1391 5067 1555 5122 etiam
1611 5067 1796 5124 datum
1853 5081 1933 5128 est

334 5156 391 5201 ut
419 5163 533 5204 non
561 5148 699 5204 sicut
726 5158 918 5206 caetera
948 5151 1239 5208 animantia
1269 5161 1470 5210 terram
1515 5172 1729 5228 semper
1776 5159 1930 5230 aspi-

329 5245 492 5304 ceret,
525 5236 625 5292 sed
657 5246 714 5292 ut
740 5238 861 5308 ipso
892 5238 1002 5294 situ
1031 5241 1276 5313 corporis
1305 5243 1474 5299 cmlos
1506 5253 1718 5301 erectus
1772 5247 1930 5305 vide-

328 5335 444 5387 ret;
477 5334 536 5381 ut
566 5342 634 5380 ex
664 5326 769 5383 hoc
815 5344 1031 5400 quoque
1078 5338 1265 5400 aperte
1307 5339 1664 5403 cognosceret
1712 5336 1838 5405 quia
1879 5345 1934 5393 et

329 5411 688 5470 intentionem
716 5415 786 5470 ad
817 5431 1037 5472 summa
1068 5416 1329 5492 dirigere,
1362 5428 1415 5476 et
1442 5431 1680 5479 mentem
1710 5423 1936 5483 deberet

328 5499 396 5555 ad
425 5502 605 5560 Deum
632 5503 832 5563 levare.
862 5507 1003 5562 Nam
1033 5513 1085 5563 et
1115 5515 1283 5566 terror
1311 5508 1431 5578 ejus
1447 5517 1499 5567 et
1527 5519 1728 5571 tremor
1747 5517 1932 5573 omni-

2046 4455 2167 4533 cent
2197 4442 2366 4533 hujus
2383 4446 2584 4501 mundi
2603 4449 2751 4504 videt
2773 4451 2957 4518 (Joan.
2991 4472 3064 4524 XI,
3095 4442 3316 4533 9).”Sed
3348 4442 3649 4533 hi‘diesﬁin

2042 4528 2198 4582 nobis
2229 4531 2362 4586 sicut
2392 4535 2587 4590 umbro
2635 4536 2926 4610 declinant,
2971 4561 3091 4602 cum
3128 4528 3502 4622 peccatorum
3524 4528 3647 4623 Vno:

2041 4623 2275 4721 atrorum
2297 4621 2522 4720 nebulas
2551 4627 2922 4721 propitiationi
2953 4621 3163 4696 divinaﬁ
3190 4658 3554 4721 opponentes,
3586 4621 3642 4713 et

2040 4707 2235 4814 mentis
2263 4709 2500 4806 patimur
2519 4712 2832 4786 caliginem,
2878 4727 2932 4775 et
2987 4723 3188 4784 divinae
3223 4707 3643 4814 exstinguimus

2036 4794 2319 4858 charitatis
2347 4798 2793 4870 ardorem.522
2819 4806 3030 4866 Scimus
3059 4825 3236 4872 autem
3268 4823 3396 4892 quia

2039 4897 2299 4990 occasum
2330 4895 2823 4986 vergente,umbra3
2854 4911 3097 4956 crescunt
3122 4903 3296 4964 donec
3309 4928 3418 4967 nox
3436 4917 3638 4990 veniat,

2039 4977 2092 5024 et
2120 4971 2303 5027 lumen
2331 4976 2552 5033 omnino
2584 4978 2689 5034 diei
2720 4981 2953 5040 deﬁciat.
2988 4986 3078 5043 Sic
3123 4991 3378 5052 nimirum
3419 4971 3541 5058 cum

2037 5060 2396 5165 reprobomm
2422 5067 2678 5165 cordibus
2724 5071 2802 5126 sol
2825 5071 3048 5141 justitiae
3083 5081 3334 5140 occidere
3387 5093 3636 5165 cceperit,

2039 5148 2298 5204 cazcitatis
2326 5153 2518 5208 umbra
2549 5157 2900 5215 vehementer
2931 5167 3211 5236 excrescit,
3243 5171 3378 5231 adeo
3433 5148 3492 5234 ut

2039 5234 2165 5292 vino
2197 5252 2304 5293 non
2337 5239 2703 5300 illuminentur
2724 5246 2952 5316 lumine,
2985 5253 3082 5306 sed
3127 5234 3406 5318 mortifera
3462 5234 3638 5328 noctis

2035 5322 2384 5381 involvantur
2402 5329 2750 5387 obscuritate.
2775 5333 3026 5406 Sequitur
3048 5359 3060 5394 :

2114 5433 2199 5531 lit.
2235 5432 2301 5488 Et
2331 5449 2428 5531 ego
2456 5436 2607 5531 sicut
2634 5442 2837 5509 fenum
2856 5447 3188 5509 arui.Nemo
3215 5458 3296 5512 est
3325 5460 3415 5531 qui
3430 5465 3638 5529 nesciat

2041 5519 2187 5590 quod
2216 5523 2609 5592 quantumlibet
2639 5533 2822 5586 tenera
2849 5540 2944 5607 aut
2969 5533 3322 5614 delectabilia,
