4034 6166
495 345 598 399 615

1712 326 1960 385 SANCTI
1992 324 2335 382 GREGORII
2361 323 2560 382 MAGN
2567 326 2586 381 Ι

3668 339 3759 391 616

443 522 446 524 γ
494 467 546 522 si
574 464 824 536 apposita
870 460 1008 517 falce
1062 457 1522 529 succiditur,(a)et
1563 453 1759 512 coloris
1801 457 2084 508 venustate
2111 449 2166 510 Α
2196 450 2610 507 misericordia?
2639 451 2721 507 De
2751 450 2844 507 illa
2873 467 3107 524 namque
3136 454 3397 527 scriptum
3426 465 3533 512 est:
3565 460 3762 516 Misera-

494 553 783 610 confestim
811 549 1052 615 exuitur,
1076 556 1130 604 et
1157 565 1188 603 a
1207 547 1407 603 radicis
1437 549 1660 600 humore
1687 543 1945 603 siccatur.
1995 538 2088 595 Sic

493 641 738 712 profecto
767 638 1090 710 quicumque
1121 653 1217 708 per
1245 651 1415 706 opera
1442 631 1726 706 pravitatis
1755 633 1788 684 ἑ).
1835 630 1947 684 Deo
1990 643 2084 682 re-

497 728 681 794 cessit,
713 726 1026 784 necessario
1057 740 1090 780 a
1118 724 1328 779 virtutis
1355 723 1562 778 intima
1589 722 1815 775 humore
1868 715 2083 771 arescit.

490 817 630 872 Hinc
656 816 854 871 etenim
873 813 1123 870 Salvator
1149 811 1426 882 discipulis
1453 811 1532 864 ait
1549 809 1725 864 :Sicut
1743 806 2087 878 palmesnon

489 908 678 977 potest
701 907 855 975 ferre
889 906 1145 974 fructum
1173 918 1208 956 a
1237 899 1556 971 semetipso,
1575 897 1692 952 nisi
1723 893 2004 950 manserit
2022 891 2087 945 in

491 994 712 1057 vite;sic
733 996 788 1048 et
806 1008 896 1048 vos
915 992 1030 1046 nisi
1048 991 1112 1044 in
1132 1005 1222 1044 me
1240 980 2088 1057 manseritionan.xv,t).Nam

495 1082 593 1138 etsi
626 1081 822 1136 ﬂorere
851 1079 906 1134 in
936 1077 1044 1135 hac
1072 1079 1183 1134 vita
1198 1085 1511 1149 peccatores
1525 1075 1841 1146 plerumque
1866 1069 2088 1127 videan-

491 1178 596 1239 tur,
650 1169 954 1224 ariditatem
1012 1175 1195 1222 tamen
1236 1182 1388 1220 suam
1430 1165 1484 1218 in
1543 1163 1650 1218 fine
1693 1156 2091 1232 recognoscunl

492 1259 620 1314 dum
642 1257 802 1312 simul
830 1257 962 1311 amit
993 1263 1114 1310 tunt
1142 1262 1194 1310 et
1234 1253 1459 1308 ridentis
1487 1251 1611 1309 vita
1640 1248 2005 1314 dulcedinem,
2039 1250 2092 1300 et

498 1346 828 1418 temporales
857 1343 1046 1416 gloria
1076 1342 1419 1415 dignitatem.
1453 1343 1514 1395 In
1557 1339 1841 1410 sapientia
1887 1333 2120 1408 quippe.

489 1451 604 1491 sua
633 1434 868 1490 vanitate
888 1431 1104 1503 conﬁsi,
1129 1431 1257 1486 dum
1286 1438 1514 1503 sperant
1543 1427 1709 1484 facile
1762 1425 1866 1481 sibi
1896 1429 2090 1480 cuncta

491 1529 802 1594 suppetere,
859 1522 1196 1576 arbitrantur
1240 1520 1427 1592 utique
1467 1534 1526 1574 se
1575 1513 1855 1588 religionis
1891 1514 2090 1568 virtute

490 1625 599 1666 non
629 1626 815 1683 egere.
848 1607 919 1664 Et
939 1609 1069 1664 dum
1088 1608 1314 1664 deinani
1344 1605 1609 1678 sapientia
1654 1620 1711 1659 se
1735 1604 1963 1673 jactant,
1996 1600 2087 1653 in-

493 1699 536 1754 si
547 1700 758 1770 pienter
784 1698 966 1753 vivere
985 1711 1329 1768 nequaquam
1363 1694 1673 1751 formidant.
1699 1693 1768 1747 Et
1795 1691 1922 1764 quia
1938 1706 1971 1744 a
1988 1704 2090 1744 ve—

2193 540 2375 596 tiones
2404 542 2580 612 ejus5
2592 542 2695 608 23
2720 556 2892 612 super
2909 540 3104 597 omnia
3123 558 3291 615 opera
3303 545 3761 616 ejus(Psal.cxuv,

2195 630 2269 698 9).
2292 626 2377 683 Et
2396 629 2786 686 misericordia
2819 629 3049 686 Domini
3083 632 3149 687 ab
3177 636 3393 688 aeterno
3434 637 3487 688 et
3522 651 3683 707 usque
3707 639 3764 692 in

2192 719 2474 772 aeternum
2484 733 2653 788 super
2668 719 2933 774 timentes
2948 719 3618 790 eum(Psat.cu,i7).Licet
3635 723 3764 779 enim

2195 803 2468 860 hominem
2527 806 2845 862 mirabiliter
2899 807 3218 876 condiderit,
3252 809 3558 865 mirabilius
3603 819 3766 867 tamen

2193 893 2467 963 perditum
2496 910 2599 965 per
2627 895 2748 948 Filii
2765 896 2847 950 sui
2879 904 3107 952 mortem
3139 897 3389 952 redemit.
3421 899 3550 955 Hac
3571 915 3768 956 memo-

2195 981 2345 1036 rialis
2370 982 2471 1038 Dei
2492 982 2874 1039 misericordia
2900 984 2956 1038 in
2984 985 3338 1056 generatione
3367 994 3420 1040 et
3474 988 3768 1059 generatio-

2193 1085 2318 1126 nem
2349 1080 2649 1142 permanet,
2683 1089 2806 1144 quae
2837 1073 3089 1128 omnibus
3117 1090 3220 1144 per
3251 1082 3548 1146 temporum
3602 1076 3766 1132 curri-

2196 1159 2316 1216 Cula
2346 1159 2651 1216 viventibus
2680 1178 2850 1233 usque
2878 1162 2936 1216 in
2966 1162 3133 1217 ﬁnem
3162 1163 3344 1228 saculi
3371 1172 3535 1235 patet.

2266 1248 2445 1317 (Vers.
2474 1251 2673 1319 tt.)Tu
2701 1266 3014 1323 exsurgens
3057 1254 3416 1309 misereberis
3471 1255 3620 1319 Sion.
3650 1255 3771 1327 quia

2199 1341 2421 1409 tempus
2445 1338 2751 1394 miserendi
2770 1341 2913 1411 ejus,
2931 1341 3064 1412 quia
3085 1342 3239 1397 venit
3263 1345 3513 1414 tempus.

2267 1430 2355 1480 2t.
2387 1426 2444 1482 Si
2473 1426 2604 1483 Sion
2634 1427 2704 1482 ad
2732 1427 2963 1483 litteram
3020 1428 3333 1500 accipimus,
3373 1431 3675 1486 Judaorum
3722 1431 3772 1485 in

2193 1515 2298 1570 hoc
2327 1515 2449 1571 loco
2477 1524 2532 1571 et
2549 1516 2794 1588 gentium
2824 1517 3164 1574 vocationem
3199 1526 3393 1574 notare
3435 1519 3684 1575 valemus.
3715 1520 3774 1574 Et

2196 1603 2474 1660 videbitur
2509 1605 2609 1659 hoc
2634 1605 2796 1660 modo
2827 1605 2979 1675 quasi
3004 1606 3365 1676 pracedentis
3392 1608 3540 1663 verbi
3569 1607 3776 1679 exposi-

2197 1691 2294 1758 tio,
2325 1699 2384 1747 ut
2402 1708 2524 1747 cum
2545 1692 2680 1747 duas
2707 1694 3084 1764 generationes
3135 1695 3403 1760 nominat,
3453 1696 3676 1767 qualiter
3725 1695 3774 1749 in

492 1803 567 1844 ra
590 1787 874 1858 sapientia
902 1787 1090 1842 radice
1119 1785 1331 1856 pracisi
1362 1792 1504 1850 sunt,
1538 1783 1592 1836 in
1643 1781 1807 1836 stulta
1835 1794 1930 1834 sua
1993 1793 2086 1832 sa-
2114 1797 2173 1862 Β
2199 1780 2548 1852 generatione
2577 1790 2630 1836 et
2657 1782 3063 1853 generationem
3087 1783 3567 1840 misericordiaDei
3584 1783 3651 1839 sit
3669 1799 3777 1854 per-

491 1875 695 1947 pientia
723 1881 998 1930 aruerunt.
1037 1874 1140 1942 Qui
1170 1873 1216 1928 si
1238 1872 1504 1929 voluerint
1531 1870 1586 1925 in
1640 1869 1762 1940 ipsa
1813 1865 2089 1938 sapientia

493 1961 670 2018 vitalis
697 1962 875 2017 radice
905 1961 1178 2030 revivisci,
1204 1975 1548 2030 summopere
1577 1957 1828 2013 studeant
1850 1955 1921 2010 ad
1960 1954 2086 2009 fon-

493 2055 610 2108 tem
634 2051 777 2119 vita,
803 2050 1001 2106 mentis
1029 2065 1281 2121 processu
1303 2063 1623 2120 pr0perare.

563 2139 739 2211 (Vers.
774 2140 885 2208 13.)
917 2139 994 2195 Tu
1013 2142 1228 2208 autem,
1260 2139 1512 2206 Domine,
1535 2139 1598 2193 in
1637 2139 1919 2192 aternum
1956 2147 2090 2204 per-

463 2239 710 2296 ‘manes,
773 2231 828 2284 et
859 2228 1191 2284 memoriale
1238 2231 1401 2284 tuum
1459 2228 1524 2282 in
1573 2225 1996 2298 generationem
2033 2223 2091 2277 et

491 2316 938 2385 generationem.

459 2406 470 2412 ’
564 2407 657 2460 20.
697 2405 915 2476 Spectat
943 2406 1045 2459 hoc
1073 2404 1144 2459 ad
1166 2404 1220 2458 id
1252 2404 1395 2475 quod
1422 2404 1528 2458 ait:
1560 2403 1681 2475 Ego
1719 2403 1867 2459 sicut
1889 2407 2090 2473 fenum

496 2493 654 2549 arui.
683 2492 852 2560 Quasi
872 2492 1018 2548 dicat
1039 2511 1050 2546 :
1069 2491 1176 2558 Qui
1198 2491 1435 2565 diligens
1463 2492 1837 2558 vanitatem,et
1851 2504 2090 2558 sequens

494 2580 862 2644 mendacium,
909 2580 964 2634 in
1019 2580 1318 2636 aternitate
1366 2588 1418 2635 et
1457 2579 1748 2635 stabilitate
1801 2578 2090 2649 persistere

496 2667 667 2736 nolui,
697 2668 1010 2739 temposalis
1035 2675 1088 2723 et
1117 2667 1382 2724 instabilis
1405 2668 1596 2734 iactus,
1645 2667 1834 2724 mortis
1863 2664 2091 2722 aridita-

502 2764 612 2811 tem
644 2755 865 2812 incurri.
896 2757 1006 2812 Sed
1037 2765 1112 2825 tu,
1135 2757 1383 2825 Domine,
1417 2759 1471 2812 in
1489 2765 1753 2814 aternum
1783 2769 2085 2826 permanes.

495 2844 625 2900 Hac
641 2860 777 2918 ergo
808 2852 887 2900 est
914 2845 1074 2900 unica
1094 2861 1220 2916 spes
1250 2846 1437 2901 salutis
1458 2862 1612 2912 mea,
1648 2854 1706 2901 ut
1762 2844 1859 2900 tibi
1916 2843 2089 2899 inha-

497 2948 646 2988 ream
674 2951 687 2998 ;
715 2939 771 2989 ut
799 2932 938 2989 sicut
968 2950 1066 3004 per
1086 2950 1174 2990 me
1201 2934 1378 2991 factus
1407 2951 1522 2989 sum
1557 2934 1761 3004 aridus,
1793 2933 1866 2988 ita
1895 2948 1993 3004 per
2039 2938 2090 2986 te

497 3015 622 3072 fiam
659 3025 922 3074 aeternus:
957 3026 1011 3074 et
1049 3018 1104 3073 in
1135 3026 1188 3074 te
1235 3019 1422 3074 vivens
1466 3027 1694 3075 mortem
1751 3017 2028 3089 eﬂugiam,
2060 3030 2094 3069 a

499 3121 606 3176 quo
627 3105 915 3162 discedens
941 3107 1160 3177 perdidi
1210 3107 1399 3162 vitam.
1432 3109 1544 3163 Nos
1599 3121 1812 3179 quoque
1866 3107 2094 3162 scientes

497 3193 630 3264 quia
656 3193 864 3263 primus
893 3195 1056 3251 homo
1089 3196 1265 3252 factus
1294 3203 1374 3251 est
1400 3195 1470 3252 de
1518 3203 1663 3252 terra
1710 3204 1969 3264 terrenus,
2000 3210 2094 3250 se-

464 3303 466 3306 ·
500 3280 711 3339 cundus
737 3282 805 3338 de
829 3282 967 3339 calo
998 3283 1238 3339 caelestis
1261 3285 1308 3354 (1
1338 3285 1465 3341 Cor.
1499 3287 1596 3354 xv)
1635 3300 1648 3340 :
1709 3284 1846 3340 sicut
1894 3283 2095 3340 terreni

498 3369 795 3443 imaginem
826 3371 1177 3444 portavimus,
1204 3372 1276 3426 ita
1305 3372 1546 3428 caelestis
1569 3371 1872 3446 imaginem
1907 3379 2092 3444 porte-

497 3475 642 3528 mus,
665 3468 857 3516 etcum
888 3476 1154 3516 corunum
1209 3459 1529 3529 eﬂiciamur,
1588 3462 1678 3532 qui
1735 3477 2026 3534 resurgens
2063 3477 2096 3516 a

496 3547 858 3617 mortuisjam
889 3564 996 3604 non
1026 3547 1278 3619 moritur,
1309 3557 1361 3605 et
1380 3563 1530 3604 mors
1560 3549 1636 3603 illi
1665 3548 1805 3604 ultra
1851 3565 1959 3606 non
1988 3549 2092 3606 do-

497 3635 794 3690 minabitur
821 3638 998 3705 (Rom.
1018 3637 1119 3708 vi).
1144 3636 1267 3709 Ipse
1297 3646 1380 3693 est
1397 3636 1541 3692 enim
1582 3637 1678 3711 qui
1721 3638 1898 3694 factus
1930 3646 2010 3694 est
2037 3639 2095 3693 in

495 3724 746 3795 spiritum
777 3723 1159 3793 vivificantem,
1191 3724 1346 3798 cujus
1390 3727 1437 3780 si
1502 3726 1750 3782 membra
1811 3726 2090 3792 fuerimus,

495 3828 606 3885 quo
630 3818 1056 3884 caputnostrum
1102 3814 1399 3885 praecessit,
1450 3815 1650 3886 pariter
1703 3816 2086 3872 ascendemus.

499 3901 663 3970 Cujus
690 3916 942 3958 ascensus
963 3917 1120 3973 epem
1152 3903 1270 3974 ipse
1326 3903 1486 3959 nobis
1539 3904 1786 3971 contulit,
1819 3904 1912 3976 qui
1969 3904 2044 3959 ait
2075 3923 2091 3958 :

495 3989 814 4057 Pater,volo
845 3995 911 4046 ut
928 3990 1028 4047 ubi
1046 4006 1140 4062 ego
1162 3995 1371 4058 sum,et
1400 3990 1638 4064 ipsisint
1656 4009 1880 4050 mecum
1899 3995 2088 4063 (Joan.

491 4093 628 4142 xvii,
653 4078 764 4151 2i).
801 4078 959 4148 Quod
991 4079 1036 4134 si
1065 4081 1134 4134 ab
1160 4080 1276 4150 ejus
1297 4080 1532 4151 separati
1562 4080 1828 4138 fuerimus
1843 4097 2086 4154 corpore,

493 4166 643 4222 velut
669 4166 913 4224 abscissa
939 4167 1184 4225 membra
1211 4167 1627 4240 participatione
1666 4170 1974 4227 carebimus
2001 4170 2088 4225 vi-

457 4262 460 4266 '
491 4261 579 4324 ta,
611 4271 710 4311 nec
739 4271 863 4312 cum
885 4271 950 4313 eo
983 4256 1035 4310 in
1061 4257 1259 4312 coelum
1289 4258 1663 4315 ascendemus.
1698 4259 1832 4315 Cum
1861 4274 1926 4314 eo
1957 4273 2088 4330 ergo

488 4359 658 4398 unum
689 4344 878 4414 simus,
913 4345 1044 4417 quia
1063 4345 1201 4402 sicut
1228 4346 1349 4418 ipse
1377 4347 1488 4402 ait:
1521 4349 1690 4405 Nemo
1725 4347 1982 4404 ascendit
2024 4348 2090 4402 in

486 4433 836 4501 calummisi
849 4435 946 4506 qui
974 4433 1265 4491 descendit
1291 4435 1357 4492 de
1377 4437 1716 4500 calo,Fitius
1727 4437 1972 4493 hominis
1993 4435 2090 4508 qui

457 4529 462 4534 ’
491 4524 579 4575 est
602 4522 664 4576 in
686 4522 819 4578 calo
844 4523 1622 4593 (Joan.m,l3).Etnotandum
1653 4525 1776 4595 quia
1805 4540 1912 4580 non
1929 4524 2086 4592 dixit,

490 4605 652 4673 vivis,
713 4609 830 4675 sed,
886 4625 1176 4680 permanes
1213 4612 1267 4666 in
1314 4621 1596 4668 atemum.
1655 4614 1832 4668 Homo
1878 4612 2088 4668 etiamsi

490 4694 663 4751 multo
693 4703 975 4767 tempores
1003 4698 1166 4768 vivat,
1199 4716 1307 4756 non
1330 4709 1514 4756 tamen
1532 4716 1646 4756 uno
1662 4701 1750 4756 die
1777 4709 2082 4772 permanet;

489 4782 621 4854 quia
650 4792 706 4839 ut
731 4800 946 4856 semper
964 4795 1217 4858 mutetur,
1249 4804 1315 4843 ex
1333 4788 1644 4846 conditione
1681 4789 1871 4846 mortis
1899 4789 2084 4846 habet.

489 4871 571 4928 De
599 4888 705 4943 quo
726 4873 947 4945 quidam
964 4874 1182 4947 sapiens
1209 4876 1479 4947 perhibet,
1511 4877 1737 4934 dicens:
1786 4878 1894 4946 Qui
1921 4878 2082 4952 quasi

487 4962 590 5032 ﬂos
616 4963 907 5035 egreditur
935 4970 990 5020 et
1011 4967 1348 5031 conteritur,
1372 4971 1428 5022 et
1450 4969 1602 5038 fugit
1628 4968 1779 5024 velut
1801 4967 2082 5035 umbra,et

487 5067 784 5124 nunquam
803 5055 862 5108 in
887 5054 1076 5110 eodem
1092 5055 1705 5127 statupermanet(.lob.
1731 5057 1922 5125 x1v,2).
1943 5056 2082 5110 Deus

485 5155 618 5196 vero
650 5140 739 5211 qui
769 5141 916 5196 solus
944 5158 1070 5197 vere
1097 5150 1354 5211 aternus,
1387 5159 1514 5198 vere
1544 5144 1866 5198 immortalis
1897 5152 1994 5212 est,
2021 5144 2077 5198 in

464 5237 742 5284 'aternum
771 5237 1070 5301 permanet,
1106 5231 1231 5301 quia
1261 5230 1315 5285 in
1345 5247 1410 5286 eo
1443 5232 1572 5285 nihil
1605 5239 1683 5287 est
1715 5231 2077 5287 transitorium

476 5316 611 5384 nihil
646 5318 926 5387 mutabile,
961 5317 1095 5374 nihil
1125 5319 1269 5390 quod
1289 5319 1527 5374 alienum
1559 5322 1631 5374 sit
1659 5337 1692 5376 a
1743 5320 2075 5390 sempiterna

480 5404 598 5473 ejus
635 5405 935 5462 divinitate.
969 5407 1287 5464 Memoriale
1307 5412 1471 5464 tuum
1494 5408 1557 5462 in
1575 5408 2000 5480 generationem
2021 5412 2077 5464 et

477 5494 924 5560 generationem.
957 5494 1098 5564 Quid
1131 5495 1300 5568 magis
1330 5495 1641 5552 memoriale
1661 5496 1715 5550 in
1745 5497 1881 5565 Deo,
1915 5513 2074 5566 quam

471 5705 475 5708 .
538 5660 620 5733 (α)
649 5661 844 5722 Reinh.
874 5665 1046 5722 Vatic.
1070 5666 1238 5724 Gilot.
1270 5683 1346 5724 ex
1366 5669 1590 5726 coloris.

2202 1884 2477 1934 mansura,
2497 1870 2768 1925 ostendat.
2801 1871 2892 1927 Ait
2919 1887 3056 1944 ergo
3081 1873 3187 1928 :Tu
3208 1888 3528 1944 exsurgens
3553 1873 3774 1928 misere-

2199 1955 2345 2014 beris
2373 1956 2533 2015 Sion'.
2563 1958 2673 2014 Per
2703 1957 2898 2014 Filium
2927 1959 3072 2015 Deus
3127 1961 3280 2016 Pater
3306 1961 3632 2029 exsurrexit,
3663 1959 3780 2032 quia

2199 2045 2289 2117 qui
2319 2055 2480 2102 antea
2507 2062 2617 2103 non
2646 2048 3098 2120 cognoscebatur,
3130 2065 3230 2120 per
3248 2066 3374 2105 eum
3433 2050 3487 2103 in
3516 2048 3781 2104 hominum

2203 2136 2450 2190 notitiam
2471 2135 2641 2191 venit.
2663 2136 2818 2192 Unde
2845 2143 2900 2192 et
2942 2137 3168 2192 verbum
3216 2137 3388 2194 Patris
3437 2146 3488 2193 et
3535 2136 3783 2208 Splendor

2198 2222 2395 2279 dicitur
2413 2223 2598 2295 (Hebr.
2619 2223 2663 2296 Ι)
2689 2242 2703 2289 ;
2735 2224 2866 2297 quia
2887 2241 2985 2295 per
2999 2241 3123 2282 eum
3139 2233 3192 2282 et
3222 2227 3477 2284 voluntas
3497 2225 3594 2281 Dei
3613 2239 3779 2298 agno-

2197 2311 2380 2380 scitur,
2404 2319 2455 2368 et
2502 2313 2622 2385 ipsa
2671 2313 2972 2370 divinitatis
3013 2314 3247 2371 essentia
3288 2315 3609 2372 declaratur.
3662 2313 3780 2370 Sion

2198 2415 2350 2470 vero,
2376 2401 2432 2457 id
2460 2413 2540 2458 est
2568 2404 2776 2460 Iudaici
2820 2404 3007 2476 populi
3039 2403 3288 2460 misertus
3316 2412 3426 2472 est,
3467 2403 3678 2474 quando
3719 2401 3780 2456 de

2197 2503 2389 2544 eorum
2417 2492 2686 2563 progenie
2715 2493 2868 2548 nasci
2897 2491 3086 2560 voluit,
3119 2501 3173 2548 et
3205 2491 3363 2564 prius
3383 2508 3481 2548 eos
3508 2491 3576 2546 ad
3628 2491 3780 2545 ﬁdem

2197 2579 2430 2636 vocavit.
2455 2582 2690 2652 Tempus
2717 2581 3267 2652 miserendi,tempus
3281 2579 3629 2651 plenitudinis
3640 2576 3783 2633 intel-

2197 2667 2328 2742 lige,
2360 2669 2488 2742 quia
2513 2671 2668 2741 juxta
2681 2670 2913 2740 apostoli
2930 2669 3252 2726 sententiam
3277 2684 3289 2722 :
3319 2670 3417 2727 Ubi
3437 2669 3589 2725 venit
3616 2667 3786 2740 pleni-

2199 2758 2332 2814 tudo
2345 2759 2794 2830 temporis,misit
2809 2761 2953 2816 Deus
2967 2759 3170 2814 Filium
3184 2773 3353 2814 suum
3371 2761 3577 2813 natum
3592 2771 3662 2812 ex
3674 2770 3784 2810 mu-

2201 2848 2358 2914 liere,
2390 2850 2612 2918 factum
2639 2848 2741 2904 sub
2770 2849 2983 2919 tege,ut
3001 2863 3094 2904 eos
3108 2848 3204 2918 qui
3233 2850 3402 2902 erant
3423 2846 3524 2902 sub
3558 2843 3668 2916 tege
3699 2858 3784 2899 re-

2204 2935 2932 3007 dimeret(Gal.1v,t).Quod
2961 2951 3092 2991 vero
3111 2936 3202 2990 ait:
3217 2935 3359 3005 Quia
3387 2936 3542 2991 venit
3562 2941 3784 3004 tempus,

2203 3032 2412 3096 tempus
2438 3024 2688 3079 nimirum
2711 3024 3024 3098 gratiavult
3045 3023 3296 3096 intelligi,
3327 3023 3400 3079 de
3421 3038 3528 3094 quo
3541 3019 3790 3077 Dominus

2125 3143 2177 3208 Ο
2205 3115 2650 3208 perprophetam
2669 3113 2805 3208 dicit
2822 3116 3108 3208 :Tempore
3124 3109 3640 3208 accepto‘exaudivi
3664 3109 3790 3175 te,et

2204 3205 2266 3259 in
2289 3202 2406 3258 dies
2429 3203 2636 3258 salutis
2649 3202 2843 3274 adjuvi
2867 3201 3067 3271 te(Isa.
3081 3216 3230 3268 χιιι,
3249 3203 3304 3270 8)
3319 3199 3506 3269 .Quod
3527 3210 3793 3269 exponens

2201 3292 2480 3364 apostolus
2499 3291 2608 3346 ait:
2659 3293 2796 3348 Ecce
2824 3307 2982 3348 nunc
3015 3295 3236 3361 tempus
3268 3287 3637 3361 acceptabile,
3673 3298 3790 3341 ecce

2204 3397 2358 3436 nunc
2379 3381 2496 3437 dies
2526 3381 2732 3436 salutis
2759 3380 3057 3448 (IlCor.v1,
3079 3381 3162 3448 2).

2274 3469 2456 3537 (Vers.
2489 3468 2569 3541 5.)
2594 3470 2871 3538 Quoniam
2896 3469 3242 3540 placuerunt
3261 3465 3441 3522 servis
3457 3464 3571 3522 tuis
3589 3461 3790 3536 lapides

2212 3558 2357 3629 ejus,
2377 3563 2434 3614 et
2458 3562 2624 3615 terra:
2643 3561 2764 3630 ejus
2788 3557 3230 3614 miserebantur.

2273 3651 2360 3702 22.
2397 3648 2497 3704 Per
2524 3647 2738 3718 lapides
2767 3647 2899 3703 Sion
2929 3644 3205 3718 apostolos
3234 3642 3551 3718 intelligere
3598 3655 3787 3712 possu-

2199 3750 2344 3798 mus,
2376 3735 2466 3808 qui
2487 3735 2557 3792 de
2582 3735 2809 3791 Judaico
2839 3734 2946 3789 nati
2977 3731 3204 3805 populo,
3237 3732 3540 3788 Ecclesiam
3585 3730 3788 3784 demum

2201 3834 2268 3874 ex
2297 3819 2492 3891 seipsis
2521 3819 2944 3876 adiﬁcaverunt.
2978 3817 3083 3886 Qui
3115 3815 3360 3888 profecto
3393 3813 3605 3886 lapides
3623 3809 3782 3868 servis

2201 3907 2302 3963 Dei
2329 3908 2664 3979 placuerunt,
2698 3923 2822 3965 cum
2846 3906 3036 3980 quales
3066 3904 3225 3961 futuri
3281 3913 3484 3972 essent,
3519 3901 3787 3974 prOpheta

2199 4012 2297 4069 per
2317 3998 2562 4070 spiritum
2593 3998 2864 4054 viderunt.
2887 3995 3003 4053 Nisi
3035 3995 3179 4052 enim
3230 3992 3518 4067 pr0phetis
3575 3985 3794 4062 apostoli

2200 4085 2549 4156 placuissent,
2583 4101 2920 4157 nequaquam
2953 4085 3020 4140 de
3069 4083 3146 4138 eis
3186 4083 3360 4138 Isaias
3405 4081 3649 4136 diceret:
3701 4073 3798 4145 Qui

2200 4179 2337 4231 sunt
2361 4175 2462 4232 isti
2490 4175 2588 4249 qui
2613 4184 2678 4232 ut
2700 4174 2875 4231 nubes
2896 4169 3630 4245 volant,etquasicolumbas
3645 4165 3712 4222 ad
3721 4171 3798 4237 {e-

2198 4269 2421 4321 nestras
2449 4280 2582 4321 suas
2602 4263 2731 4334 (Isa.
2764 4277 2858 4328 ιχ,
2883 4263 2968 4333 8)?
2989 4262 3055 4317 Et
3076 4261 3272 4316 iterum
3296 4278 3307 4315 :
3353 4259 3532 4326 Quam
3563 4249 3794 4328 speciosi

2195 4355 2363 4425 pedes
2383 4353 2751 4424 euangelizan
2761 4352 2904 4408 tium
2916 4365 3112 4423 pacem
3126 4345 3648 4418 evangelimntium
3663 4343 3793 4399 bona

2199 4441 2654 4512 (Rom.x,13,ex
2685 4439 2938 4511 Istum)?
2990 4438 3092 4508 Qui
3133 4445 3256 4493 sunt
3284 4453 3478 4507 pacem
3519 4429 3789 4504 evangeli-

2204 4537 2402 4596 zantes,
2437 4529 2537 4583 nisi
2571 4517 2801 4600 apoStoli
2824 4528 3093 4582 Christum
3125 4525 3490 4598 pradicantes
3511 4524 3539 4576 7
3573 4523 3690 4594 Ipse
3711 4521 3788 4575 est

2197 4619 2352 4675 enim
2364 4635 2484 4690 pax
2506 4629 2719 4685 nostra,
2741 4625 2799 4672 ut
2828 4616 2902 4672 ait
2928 4614 3340 4686 Apostolus,qui
3377 4614 3522 4685 fecit
3555 4614 3786 4677 utraque

2191 4709 2373 4764 unum
2399 4706 2718 4778 (Ephes.n,
2743 4707 2852 4776 14).
2881 4704 3036 4761 Unde
3062 4701 3226 4758 etiam
3257 4702 3379 4772 ipso
3409 4694 3784 4770 nato,homini-

2192 4794 2294 4850 bus
2318 4810 2509 4867 pacem
2530 4794 2798 4851 redditam
2827 4791 3020 4865 Angeli
3049 4789 3370 4846 Pastoribus
3409 4787 3783 4843 nuntiaverunt

2191 4880 2360 4954 (Luc.
2385 4884 2465 4954 ιι),
2497 4899 2660 4956 quam
2679 4888 2871 4953 postea
2898 4879 3131 4952 apostoli
3157 4873 3676 4948 omnibusgentibus
3691 4886 3780 4943 pu-

2188 4969 2329 5027 blice
2357 4970 2816 5042 pradicaverunt.
2849 4970 2954 5024 Per
2995 4967 3168 5038 pedes
3205 4980 3336 5021 vero
3394 4961 3772 5035 evangelizan-

2189 5060 2342 5126 tium,
2381 5059 2603 5114 affectus
2632 5057 2981 5130 intelligimus
3005 5054 3401 5127 apostolorum,
3437 5052 3528 5123 qui
3572 5047 3781 5120 quidem

2188 5149 2422 5220 speciosi
2453 5155 2625 5213 erant,
2658 5145 2874 5217 quando
2906 5161 3011 5200 non
3043 5159 3141 5199 sua
3168 5139 3585 5208 commoda,sed
3629 5134 3778 5191 audi-

2189 5246 2363 5292 torum
2384 5237 2668 5292 utilitatem
2699 5233 3032 5306 quarebant.
3059 5231 3320 5316 Speciosi,
3347 5229 3590 5299 inquam,
3612 5230 3776 5316 erant,

2186 5321 2276 5393 qui
2330 5321 2526 5377 terreni
2578 5318 2708 5376 lucri
2761 5317 3161 5390 inquinamenta
3191 5331 3263 5370 ex
3305 5313 3424 5383 ipso
3457 5309 3776 5383 operationis

2186 5427 2299 5466 sua
2315 5411 2534 5466 incessu
2563 5424 2676 5463 non
2702 5405 3113 5463 contrahebant.
3143 5403 3298 5458 Tunc
3322 5415 3558 5472 namque
3581 5410 3772 5466 corpo-

2184 5514 2307 5554 reos
2326 5498 2496 5569 pedes
2525 5497 2723 5552 habere
2752 5495 3027 5566 speciosos
3083 5490 3336 5555 dicimur,
3365 5487 3585 5560 quando
3639 5482 3775 5537 nulla
