4034 6166
256 297 354 353 617

962 290 1035 345 ΙΝ
1074 289 1347 346 SEPTEM
1392 286 1637 343 PSALM.
1672 284 1929 341 PCENIT.
1973 280 2374 343 EXPOSITIO.
2416 319 2484 327 —
2516 289 2717 344 PSAL.
2757 288 2822 343 ν,

3436 292 3537 346 618

249 437 480 478 annosae
525 421 625 477 viae
654 419 779 476 labe
830 418 1119 474 foedamur.
1160 414 1265 485 Qui
1296 428 1429 486 ergo
1459 430 1527 467 ex
1558 410 1834 482 prazdica—
1860 408 1919 471 A
1946 413 2316 467 nomenmtin
2332 414 2562 469 nomine
2575 415 2881 470 Jesuomne
2898 430 3048 485 genu
3062 415 3545 483 ﬂectatur,cazles-

248 512 405 567 tionis
452 508 634 566 oﬂicio
682 518 919 564 terrenas
966 506 1187 561 divitias
1228 502 1459 575 apostoli
1490 518 1597 557 non
1627 516 1840 571 quaere-

246 600 393 665 bant,
424 608 571 655 recte
600 598 668 653 de
698 599 777 653 eis
801 595 1002 651 dicitur
1030 596 1156 666 quia
1193 594 1362 666 pedes
1390 607 1576 647 eorum
1608 588 1840 660 speciosi

243 699 408 744 erant.
443 688 582 743 Hinc
631 702 867 757 namque
918 701 1064 740 anna
1095 685 1164 739 de
1196 684 1309 737 Deo
1357 679 1716 753 prophetavit,
1751 678 1839 733 di-

242 793 363 833 cens
381 794 393 830 :
411 777 926 832 Pedessanctorum
949 790 1180 829 suorum
1205 771 1511 840 servabittl
1525 772 1649 840 Reg.
1673 783 1731 835 ιι,
1758 767 1837 836 9).

241 864 375 934 Quia
404 882 543 938 ergo
571 864 763 937 quales
784 863 944 917 futuri
966 869 1151 917 essent
1172 861 1427 931 apostoli,
1453 874 1549 930 per
1578 856 1836 927 Spiritum

240 963 479 1009 sanctum
510 955 796 1025 propheta
824 952 1098 1013 vidernnt,
1131 957 1276 1004 recte
1307 964 1449 1002 nunc
1478 946 1676 1000 dicitur
1714 944 1839 1013 quia

237 1044 403 1099 servis
434 1041 538 1097 Dei
570 1041 778 1112 lapides
820 1040 951 1095 Sion
982 1039 1324 1109 placuerunt.
1360 1036 1464 1105 Qui
1495 1049 1663 1105 porro
1692 1032 1836 1102 lapi-

239 1133 331 1187 des
360 1140 521 1187 terrae
552 1129 758 1184 miserti
799 1136 944 1196 sunt,
977 1128 1103 1198 quia
1136 1126 1509 1196 pmnitentiam
1541 1130 1766 1194 agentes
1805 1135 1838 1175 a

240 1220 477 1292 peccatis
504 1218 877 1273 absolverunt.
924 1218 1022 1271 Per
1048 1220 1249 1272 terram
1294 1214 1493 1285 quippe
1525 1218 1837 1282 peccatores

239 1309 555 1378 accipimus.
576 1307 732 1363 Unde
754 1306 990 1376 serpenti
1022 1320 1054 1358 a
1076 1304 1309 1359 Domino
1330 1302 1529 1357 dictum
1561 1310 1641 1355 est
1667 1318 1678 1353 :
1706 1299 1836 1354 Ter-

239 1402 416 1466 ram5
435 1395 795 1466 24comedes
806 1395 1061 1450 omnibus
1076 1392 1268 1448 diebus
1288 1393 1416 1445 vita:
1439 1387 1833 1459 tua?(Gen.m,

242 1488 351 1555 14).
381 1487 651 1556 Antiquus
671 1484 815 1539 enim
837 1482 1010 1537 hostis
1036 1494 1234 1535 terram
1253 1479 1493 1535 comedit
1515 1493 1528 1545 ;
1554 1477 1679 1547 quia
1700 1493 1833 1547 pec-

240 1583 459 1630 catores
477 1589 722 1645 quosque
754 1573 809 1625 in
840 1579 1084 1625 ventrem
1116 1585 1229 1624 sum
1259 1568 1479 1623 malitiae
1506 1566 1831 1631 abscondit;

235 1664 382 1734 isque
405 1664 688 1717 hominum
713 1660 1071 1731 perditionem
1093 1658 1408 1713 desiderans
1429 1655 1833 1726 quodammodo

1951 501 2511 569 tium,terrestrium,
2536 507 2590 557 et
2608 505 2971 573 infernarum
2995 504 3166 572 (Phil.
3191 519 3250 571 ιι,
3267 502 3550 572 8).ν(ἶιοι·ἰδ.

1950 588 2149 641 Christi
2166 590 2490 644 resurrectio
2508 598 2606 657 est,
2624 606 2718 660 per
2733 608 2892 660 quam
2908 607 2938 645 a
2953 591 3172 646 diabolo
3185 606 3410 660 regnum
3425 590 3551 645 abs-

1952 676 2088 746 tulit,
2114 678 2362 732 etmortis
2377 678 2640 733 destruxit
2670 680 2981 749 imperium.
3009 678 3110 747 Qui
3132 681 3276 734 enim
3302 680 3355 733 in
3371 688 3546 735 morte

1953 767 2096 820 visus
2108 774 2191 820 est
2206 764 2467 832 inﬁrmus,
2488 766 2544 821 in
2565 768 2958 822 resurrectione
2984 768 3229 837 apparuit
3245 768 3535 837 gloriosus.

1948 854 2103 910 Unde
2133 855 2263 910 dicit
2295 856 2619 925 Apostolus:
2654 858 2721 911 Et
2751 859 2801 911 si
2830 864 3090 911 mortuus
3103 861 3186 911 est
3204 858 3543 925 exin/irmi-

1949 948 2087 1007 tate,
2122 944 2216 998 sed
2246 944 2380 999 vivit
2401 961 2475 1000 ex
2507 947 2716 999 virtute
2748 942 2831 1010 (II
2855 946 2980 1000 Cor.
3022 960 3138 1009 xm,
3172 946 3250 1014 4).

2019 1034 2197 1102 (Vers.
2240 1036 2352 1099 17.)
2391 1034 2527 1101 Quia
2559 1034 2860 1101 mdiﬁcavit
2889 1034 3160 1089 Dominus
3175 1035 3338 1102 Sion,
3371 1039 3426 1090 et
3456 1035 3541 1089 vi-

1946 1122 2168 1177 debitur
2197 1122 2254 1176 in
2279 1122 2461 1192 gloria
2485 1140 2614 1177 sua.

2020 1214 2104 1266 24.
2140 1212 2315 1266 Causa
2338 1220 2420 1265 est
2442 1227 2607 1281 quare
2637 1220 2826 1283 gentes
2856 1221 2909 1266 ct
2945 1213 3115 1269 Judaei
3148 1214 3217 1268 ad
3250 1212 3409 1269 ﬁdem
3441 1228 3544 1269 vo-

1946 1307 2152 1355 centur.
2207 1300 2287 1353 Ex
2317 1308 2546 1369 utroque
2573 1302 2716 1354 enim
2758 1302 2959 1371 populo
3007 1301 3271 1358 aediﬁcata
3296 1311 3383 1357 est
3414 1302 3545 1359 Sion

1945 1388 2221 1458 spiritalis,
2271 1404 2392 1458 qua}
2425 1389 2477 1441 in
2527 1389 2845 1444 celsitudine
2895 1391 3144 1445 virtutum
3193 1393 3391 1461 posita,
3426 1401 3537 1446 ter-

1942 1493 2075 1532 rena
2115 1476 2330 1538 deserit,
2376 1477 2689 1531 caelestibus
2737 1479 2984 1547 intendit,
3024 1479 3204 1534 futura
3255 1481 3540 1551 praevidet,

1943 1566 2172 1620 hostium
2221 1566 2468 1620 incursus
2516 1581 2623 1620 non
2674 1566 2841 1621 timet.
2893 1568 3066 1637 Hujus
3109 1569 3460 1624 fundamenta
3490 1571 3544 1624 in

1944 1654 2221 1710 montibus
2248 1654 2446 1708 sanctis
2477 1663 2604 1708 sunt
2635 1657 2813 1721 (Psal.
2860 1666 3106 1723 LXXXVI),
3140 1657 3263 1727 quia
3293 1660 3432 1712 sicut
3464 1659 3539 1712 ait

236 1752 494 1815 reﬁcitur,
520 1752 650 1805 dum
672 1750 854 1820 pravis
872 1764 1059 1803 eorum
1078 1746 1486 1818 operationibus
1507 1746 1824 1801 delectatur.
1857 1763 1911 1822 Β
1944 1743 2231 1812 Apostolus
2256 1760 2269 1795 :
2303 1745 2429 1799 Jam
2460 1759 2572 1800 non
2604 1760 2797 1798 sumus
2828 1746 3071 1815 hospites
3101 1750 3155 1800 et
3177 1747 3422 1809 advenas,
3444 1747 3542 1802 sed

238 1841 415 1895 Terrae
446 1855 580 1911 ergo
608 1839 743 1894 Sion
791 1837 1023 1908 apostoli
1055 1836 1259 1890 miserti
1299 1843 1442 1897 sunt,
1475 1834 1696 1904 quando
1723 1834 1825 1887 Ju-

236 1930 380 1984 daeos
424 1929 498 1983 ab
545 1943 729 1983 errore
778 1942 1074 1981 conversos
1103 1942 1133 1980 a
1180 1924 1415 1994 peccatis
1459 1923 1827 1989 absolverunt,

237 2013 370 2068 Ecce
392 2020 740 2067 constructus
762 2018 843 2065 est
863 2026 1009 2065 unus
1043 2010 1224 2078 paries
1242 2010 1435 2063 domus
1455 2008 1575 2075 Dei,
1608 2024 1731 2076 quae
1753 2015 1833 2061 est

239 2100 511 2168 Ecclesia,
543 2101 741 2169 paries,
774 2100 1015 2168 inquam,
1047 2114 1117 2152 ex
1140 2097 1612 2155 circumcissione:
1656 2095 1837 2151 veniet

234 2190 410 2258 paries
431 2205 500 2243 ex
513 2188 796 2259 praeputio,
817 2194 874 2241 ut
892 2187 1000 2240 duo
1030 2186 1260 2255 parietes
1289 2186 1339 2238 in
1373 2199 1537 2238 unum
1562 2184 1737 2253 juncti
1758 2183 1833 2237 la-

239 2277 418 2347 pidem
444 2276 784 2348 angularem,
806 2290 971 2329 uuam
984 2281 1300 2329 construant
1316 2273 1586 2327 civitatem
1610 2273 1830 2344 (Ephes.

232 2371 311 2430 ιι).
345 2365 643 2419 Videamus
671 2380 803 2435 ergo
833 2363 968 2434 quid
996 2370 1279 2431 sequatur:

299 2454 488 2521 (Vers.
516 2454 625 2522 16.)
649 2454 712 2507 Et
745 2451 1027 2507 timebunt
1061 2460 1257 2521 gentes
1288 2465 1492 2506 nomen
1527 2455 1709 2517 tuum,
1733 2451 1834 2505 Do-

243 2545 418 2609 mine,
444 2550 504 2597 et
535 2556 726 2597 omnes
744 2543 911 2612 Reges
941 2544 1108 2595 terra:
1122 2540 1360 2610 gloriam
1383 2546 1560 2594 tuam.

298 2629 386 2685 23.
422 2628 593 2699 Quasi
624 2628 769 2683 dicat
795 2644 808 2682 :
841 2628 963 2682 Non
980 2627 1153 2682 solum
1180 2627 1526 2681 misereberis
1547 2627 1697 2691 Sion,
1727 2627 1833 2679 Ju-

230 2719 376 2773 daeus
406 2717 683 2786 vocando,
701 2717 795 2771 sed
813 2716 970 2771 etiam
993 2715 1261 2786 gentium,
1295 2731 1388 2770 eas
1415 2716 1483 2770 ad
1513 2715 1677 2769 ﬁdem
1697 2731 1833 2770 con-

234 2807 520 2862 vertendo.
554 2804 687 2874 Quae
718 2806 938 2875 quidem
971 2819 1077 2860 non
1106 2805 1360 2859 resistent
1398 2804 1718 2875 Evangelio,
1741 2802 1836 2858 sed

231 2897 414 2967 agnita
433 2895 965 2959 veritate,timebunt
982 2910 1185 2950 nomen
1205 2893 1836 2959 tuum,Domine.Time-

230 2984 380 3048 bunt,
400 2985 655 3055 inquam,
679 2998 788 3037 non
810 2983 1008 3038 timore
1047 2981 1247 3051 servili,
1270 2982 1366 3036 sed
1400 2989 1550 3037 casto
1572 2989 1624 3036 et
1644 2979 1823 3035 ﬁliali.

231 3073 551 3128 Timuerunt
597 3080 791 3144 gentes
831 3072 1026 3139 Deum,
1077 3071 1295 3141 quando
1345 3078 1521 3141 spreta
1562 3070 1832 3125 idolorum

229 3160 463 3227 cultura,
506 3167 558 3214 et
586 3159 819 3229 antiquae
858 3159 1183 3228 contemptis
1212 3157 1609 3228 superstitionis
1630 3158 1834 3213 errori-

228 3248 344 3314 bus,
378 3247 659 3318 baptismo
697 3255 819 3301 sunt
853 3246 1120 3301 mundata:
1162 3245 1518 3315 penitentiae,
1553 3254 1608 3301 et
1636 3246 1831 3300 Chris-

229 3338 386 3405 tianae
416 3343 775 3405 susceperunt
804 3335 1044 3390 instituta
1074 3335 1353 3390 doctrinae.
1386 3336 1448 3388 In
1480 3335 1676 3404 quibus
1706 3351 1833 3389 ver-

229 3425 309 3478 bis
357 3424 667 3480 notandum
717 3424 845 3493 quia
890 3438 1000 3479 non
1048 3424 1159 3477 ait:
1213 3423 1343 3479 Sion
1387 3423 1607 3478 timebit
1635 3438 1836 3478 nomen

231 3521 397 3582 tuum,
424 3512 679 3579 Domine,
698 3513 793 3567 sed
819 3532 831 3567 :
859 3514 1064 3568 Gentes
1098 3512 1377 3568 timebunt
1410 3527 1616 3568 nomen
1650 3517 1831 3584 tuum,

228 3602 354 3672 quia
387 3602 496 3657 etsi
526 3605 729 3655 missus
767 3600 836 3655 sit
873 3600 1115 3654 Christus
1136 3601 1208 3655 ad
1246 3616 1377 3656 oves
1414 3616 1532 3670 quae
1562 3600 1839 3670 perierunt

227 3691 422 3746 domus
466 3689 657 3757 Israel,
683 3698 865 3744 tamen
903 3689 1009 3743 illis
1031 3690 1257 3744 verbum
1282 3690 1381 3743 Dei
1411 3688 1798 3758 repellentibus
1821 3730 1836 3757 ,

224 3787 276 3834 et
324 3780 594 3851 indignos
644 3793 702 3833 se
730 3786 948 3833 aeternas
994 3778 1119 3832 vita:
1158 3777 1548 3847 judicantibus,
1592 3778 1837 3832 conversi

232 3877 353 3922 sunt
372 3867 443 3922 ad
465 3873 657 3937 gentes
671 3866 906 3935 apostoli
926 3867 1139 3936 (Matth.
1159 3865 1273 3937 xv),
1293 3882 1411 3935 quae
1429 3881 1627 3920 nomen
1643 3866 1837 3919 Christi

238 3972 360 4011 cum
407 3955 619 4026 gaudio
657 3962 1014 4024 susceperunt
1055 3956 1199 4024 (Act.
1242 3955 1387 4023 xm).
1438 3954 1575 4009 Hinc
1606 3969 1843 4023 namque

235 4042 535 4115 Apostolus
545 4043 618 4097 ait
636 4060 648 4097 :
667 4043 798 4099 Dico
815 4042 1101 4099 Christum
1116 4043 1305 4098 Iesum
1321 4043 1652 4097 ministrum
1664 4043 1841 4114 fuisse

228 4132 707 4199 circumcisionis,
726 4131 1391 4202 propterveritatemDei,
1414 4131 1486 4186 ad
1497 4131 1842 4199 conﬁrman-

243 4222 344 4277 das
366 4220 715 4277 traditiones
728 4223 981 4292 patrum.
1006 4220 1208 4275 Gentes
1221 4223 1413 4275 autem
1429 4235 1597 4291 super
1608 4220 1841 4275 miseri-

244 4310 435 4367 cordia
447 4308 732 4365 honorare
744 4308 941 4373 Deum,
953 4307 1103 4363 sicut
1118 4309 1392 4379 scriptum
1411 4312 1518 4363 est:
1535 4309 1843 4378 Propterea

220 4398 525 4467 conﬁtebor
537 4397 712 4452 tibiin
723 4396 1293 4468 gentibus,etnomini
1308 4406 1404 4453 tuo
1414 4393 1840 4465 cantabo(Rom.

1941 1831 2090 1886 ciues
2131 1836 2461 1887 sanctorum
2511 1836 2567 1887 et
2598 1832 2893 1888 domestici
2922 1836 3038 1895 Dei,
3077 1850 3248 1905 super
3275 1835 3542 1903 testiﬁcati

1938 1937 2109 1992 super
2152 1920 2594 1989 fundamentum
2634 1922 3015 1991 apostolorum
3046 1927 3102 1976 et
3141 1925 3544 1995 prophetarum

1939 2010 2227 2079 (ΕρΙιεε.ιι,
2262 2009 2372 2076 19).
2414 2009 2471 2060 Ιι]
2498 2008 2599 2062 hac
2629 2009 2844 2063 civitate
2864 2010 3005 2063 Deus
3026 2012 3229 2065 homini
3251 2013 3542 2085 COnjungi-

1941 2097 2189 2163 tur,sicut
2211 2096 2466 2164 scriptum
2482 2105 2582 2150 est:
2595 2098 2728 2151 Ecce
2750 2099 3115 2153 tabernacqu
3128 2117 3181 2154 m
3196 2101 3293 2155 Dei
3307 2117 3433 2157 cum
3452 2102 3544 2159 ho-

1944 2186 2268 2248 minibus,et
2285 2184 2557 2240 habitavit
2575 2201 2703 2239 cum
2715 2187 3548 2263 eis(Apoc.xx1,3).Synagogam

1942 2277 2084 2329 enim
2094 2272 2785 2343 reprobavit,Ecclesiam5
2811 2284 2844 2336 δ
2860 2282 2895 2341 5
2910 2274 3098 2347 elegit.
3118 2277 3355 2347 Ideoque
3377 2280 3548 2349 scrip-

1939 2353 2048 2412 tum
2063 2370 2142 2416 est
2170 2379 2180 2414 :
2211 2363 2406 2431 Diligit
2438 2364 2717 2419 Dominus
2742 2368 2933 2434 portas
2973 2364 3113 2422 Sion
3144 2381 3316 2437 super
3347 2371 3542 2425 omnia

1946 2452 2311 2506 tabernacula
2332 2451 2496 2507 Iacob
2514 2452 2687 2519 (Psal.
2712 2468 2927 2520 Lxxxrt,
2949 2455 3024 2523 2).
3048 2453 3146 2509 Illa
3170 2471 3368 2524 nempe
3398 2457 3542 2511 Deus

1944 2539 2290 2594 tabernacula
2327 2539 2584 2612 deseruit,
2645 2541 2777 2596 Sion
2821 2557 2972 2609 vero,
3021 2541 3077 2596 id
3108 2551 3189 2598 est
3221 2544 3543 2614 Ecclesiam,

1943 2629 2229 2698 praesentia
2277 2645 2390 2684 sua:
2438 2630 2781 2685 habitationis
2829 2630 3135 2685 illustravit.
3189 2632 3343 2687 Unde
3389 2641 3442 2688 et
3470 2633 3543 2686 il-

1946 2715 2018 2770 lic
2066 2732 2410 2786 nequaquam
2454 2718 2802 2785 conspicitur,
2854 2719 2944 2773 hic
2994 2726 3172 2773 autem
3222 2720 3290 2774 ab
3344 2721 3427 2775 his
3457 2722 3550 2792 qui

1944 2804 2150 2858 mundo
2210 2812 2333 2859 sunt
2372 2805 2555 2868 corde,
2616 2806 2814 2860 mentis
2868 2805 3068 2861 iutuitu
3122 2808 3352 2873 videtur,
3423 2827 3548 2864 nam

1944 2893 2225 2946 subditur:
2272 2895 2336 2949 Et
2374 2893 2650 2949 videbitur
2685 2897 2746 2949 in
2776 2896 2964 2966 gloria
2998 2912 3120 2951 sua.
3154 2897 3215 2949 In
3245 2898 3420 2967 gloria
3453 2915 3549 2952 sua

1945 2982 2183 3036 Christus
2227 2982 2450 3036 videtur
2492 2982 2544 3035 in
2580 2983 2845 3050 Ecclesia,
2905 2984 3005 3053 qui
3037 2983 3093 3036 in
3124 2983 3431 3040 inﬁrmitate
3460 2986 3550 3041 vi-

1944 3087 2035 3124 sus
2065 3078 2144 3125 est
2171 3070 2222 3123 in
2254 3086 2552 3142 synagoga.
2585 3073 2645 3124 In
2676 3086 2781 3140 qua
2809 3070 3118 3127 inﬁrmitate
3148 3089 3492 3144 nequaquam
3513 3090 3547 3129 a

1943 3166 2118 3213 morte
2157 3158 2448 3226 videbitur,
2500 3159 2592 3230 qui
2624 3159 2955 3214 immortalis
2984 3167 3038 3214 et
3081 3160 3435 3232 impassibilis
3465 3163 3553 3217 fa-

1942 3255 2077 3315 ctus,
2109 3263 2235 3300 cum
2271 3248 2424 3301 Patre
2449 3247 2592 3302 Deus
2618 3247 2670 3301 in
2692 3247 2786 3303 illa
2812 3248 2921 3315 jam
2951 3248 3157 3303 sociasti
3188 3250 3316 3304 sede
3346 3251 3554 3322 gloria-

1945 3344 2048 3389 tur.
2069 3336 2151 3390 Un
2165 3336 2232 3389 de
2253 3334 2689 3405 dicitApostolus
2710 3354 2721 3391 :
2740 3336 2862 3391 Etsi
2878 3339 3141 3393 novi-mus
3159 3336 3444 3395 Christum
3467 3356 3555 3395 se-

1944 3428 2192 3479 cundum
2211 3440 2465 3491 carnem,
2486 3425 2587 3480 sed
2593 3425 2719 3495 jam
2734 3441 2849 3481 non
2866 3426 3051 3482 navim
3062 3443 3124 3482 us
3138 3427 3212 3498 (II
3229 3428 3349 3483 Cor;
3369 3445 3422 3497 v,
3444 3429 3551 3500 t6).

1945 3513 2234 3567 Possumus
2267 3528 2485 3583 quoque
2508 3529 2607 3584 per
2641 3514 2697 3568 id
2738 3514 2883 3583 quod
2925 3515 3178 3585 superius
3214 3516 3416 3572 dictum
3448 3526 3553 3587 est,

1951 3602 2029 3656 Tu
2048 3617 2329 3672 exurgens
2348 3601 2703 3657 misereberis
2725 3602 2877 3668 Sion,
2901 3603 3270 3660 remissionem
3293 3614 3554 3675 peccato-

1945 3706 2065 3744 rum
2095 3706 2216 3760 quae
2248 3689 2305 3743 in
2335 3689 2583 3745 Ecclesia
2618 3690 2795 3758 datur,
2845 3691 3167 3763 intelligere,
3201 3701 3253 3748 et
3281 3694 3558 3750 multifor-

1947 3778 2051 3832 mis
2072 3778 2215 3833 dona
2238 3778 2454 3849 gratiae,
2481 3794 2604 3851 quae
2626 3778 2952 3849 quotidianis
2971 3780 3228 3835 divinitus
3248 3781 3551 3839 incremen-

1949 3867 2017 3920 tis
2047 3866 2410 3937 consequitur.
2437 3865 2569 3933 Quae
2602 3866 2657 3919 in
2681 3865 2788 3920 illis
2812 3868 2955 3922 Deus
2976 3869 3321 3941 multiplicat,
3355 3871 3552 3941 quibus

1950 3954 2081 4010 Sion
2112 3954 2324 4023 placent
2354 3954 2587 4023 lapides,
2635 3953 2688 4008 id
2720 3962 2802 4008 est
2831 3956 2921 4026 qui
2953 3964 3005 4010 et
3031 3958 3403 4026 apostolorum
3436 3961 3544 4016 do—

1949 4042 2172 4097 ctrinam
2203 4041 2485 4112 recipiunt,
2519 4050 2572 4096 et
2609 4057 2794 4096 eorum
2826 4059 2924 4113 pro
2953 4060 3113 4113 posse
3141 4046 3395 4116 exempla
3416 4048 3546 4103 imi-

1956 4139 2147 4187 tantur.
2184 4130 2293 4185 Sed
2318 4130 2434 4199 jam
2468 4130 2539 4184 ad
2570 4130 2853 4200 sequentia
2882 4140 3239 4187 revertamur.

2023 4219 2210 4290 (Vers.
2247 4221 2356 4288 18.)
2391 4220 2656 4290 Respexit
2682 4220 2746 4273 in
2776 4221 3091 4276 orationem
3123 4222 3451 4295 humilium,
3485 4233 3543 4284 et

1951 4325 2068 4364 non
2088 4307 2296 4380 sprevit
2324 4323 2516 4379 preces
2545 4324 2759 4363 eorum.

2026 4400 2119 4453 25.
2146 4396 2204 4450 In
2223 4395 2503 4450 humilium
2535 4396 2680 4450 Deus
2709 4397 3008 4452 orationem
3040 4400 3297 4471 respexit,
3322 4405 3539 4473 quando

223 4487 546 4557 xv,8).Hinc
568 4502 751 4540 rursus
781 4486 890 4540 ait:
921 4485 1073 4553 Quod
1084 4485 1365 4558 quaerebat
1394 4485 1588 4553 Israel,
1608 4501 1722 4541 non
1741 4489 1826 4541 est
1854 4461 1907 4520 D
1937 4486 2008 4541 ad
2040 4488 2335 4540 humanam
2368 4492 2614 4539 naturam
2644 4484 3046 4540 reformandam
3078 4461 3358 4547 Filium'in
3384 4511 3542 4549 mun-

220 4575 782 4642 consecutus,electio
795 4577 990 4630 autem
1001 4576 1304 4630 consecuta
1319 4574 1729 4643 est(Rom.xr.7)
1740 4574 1829 4627 .Et

220 4678 416 4719 omnes
432 4678 591 4734 reges
611 4666 780 4718 terrae
793 4662 1033 4733 gloriam
1051 4666 1232 4718 tuam.
1261 4660 1476 4715 [nﬁrma
1498 4661 1685 4715 mundi
1708 4661 1827 4716 ele-

220 4752 299 4824 git
335 4753 503 4820 Deus,
526 4758 585 4805 ut
621 4750 981 4806 confunderet
1017 4750 1201 4805 fortia.
1234 4750 1282 4815 (Ι
1318 4751 1439 4806 Cor.
1460 4747 1523 4820 ι).
1548 4748 1826 4820 Ignobiles

218 4841 465 4907 vocavit,
487 4847 545 4893 ut
567 4838 778 4895 nobiles
792 4838 1032 4894 vinceret
1058 4857 1073 4905 ;
1108 4838 1410 4909 piscatores
1441 4838 1626 4910 elegit,
1652 4845 1706 4892 ut
1730 4854 1822 4892 re-

215 4945 314 5000 ges
352 4928 692 4999 subjugaret.
733 4928 874 4983 Ecce
908 4926 1191 4997 impletum
1231 4927 1481 4996 estquod
1511 4927 1580 4982 de
1616 4926 1823 4981 Christo

213 5018 538 5086 praedictum
559 5023 673 5071 est:
702 5015 905 5072 Omnes
926 5031 1082 5087 reges
1098 5019 1266 5072 terra:
1280 5016 1563 5072 timebunt
1578 5016 1820 5087 gloriam

216 5109 408 5162 tuam.
455 5105 633 5161 Omne
678 5104 821 5160 enim
850 5104 1070 5161 culmen
1109 5104 1314 5172 saeculi,
1361 5105 1428 5160 ad
1461 5105 1819 5160 reverentiam

216 5193 415 5249 Christi
436 5193 703 5255 ﬂectitur;
742 5193 923 5248 omnis
957 5193 1197 5264 dignitas
1217 5194 1470 5248 humanae
1492 5192 1821 5249 conditionis

215 5281 280 5338 ab
310 5281 644 5353 obsequium
662 5280 859 5337 Christi
883 5281 1189 5351 inclinatur,
1221 5282 1365 5337 sicut
1386 5282 1461 5336 ait
1488 5280 1813 5351 Apostolus:

219 5368 489 5426 Christus
504 5372 699 5442 factus
717 5372 802 5426 est
809 5385 911 5441 pro
931 5368 1088 5426 nobis
1105 5370 1363 5427 obediens
1392 5385 1564 5442 usque
1581 5369 1655 5425 ad
1667 5385 1818 5426 mor-

216 5460 606 5526 tem,mortem
616 5460 810 5517 autem
824 5459 1266 5530 cruciﬁpropter
1277 5459 1422 5531 quod
1432 5458 1643 5514 etDeus
1656 5473 1763 5515 eam
1773 5458 1815 5514 l-

214 5547 364 5605 tavit
378 5546 632 5615 illum,et
648 5545 876 5604 dormit
889 5547 983 5603 illi
994 5563 1203 5602 nomen
1219 5548 1359 5620 quod
1371 5551 1456 5604 est
1468 5563 1639 5619 super
1649 5562 1815 5604 omne

582 5643 833 5703 ΡΔτιιοι..
881 5643 1132 5700 LXXIX.

1937 4575 2064 4628 dum
2108 4574 2280 4628 misit.
2338 4574 2451 4628 Hoc
2495 4572 2638 4628 enim
2678 4573 2950 4641 iustorum
2991 4578 3303 4648 requirebat
3333 4584 3531 4650 oratio,

1936 4663 2037 4717 hoc
2068 4663 2454 4732 prophetarum
2504 4664 2861 4731 exspectabat
2886 4663 3236 4736 desiderium,
3267 4678 3324 4724 ut
3355 4672 3445 4726 ille
3476 4673 3531 4727 in

1934 4750 2193 4805 mundum
2227 4750 2452 4817 veniret,
2487 4749 2578 4819 qui
2607 4758 2659 4805 et
2690 4766 2722 4803 a
2751 4750 3027 4807 diabolica
3056 4758 3312 4813 servitute
3342 4760 3534 4817 homi-

1933 4856 2060 4894 nem
2084 4839 2394 4905 redimeret,
2418 4846 2472 4892 et
2488 4838 2614 4893 vitae
2635 4838 2864 4907 aditum,
2891 4857 3051 4910 quem
3075 4845 3230 4914 culpa
3258 4846 3538 4904 obstruxe-

1931 4936 2032 4993 rat,
2079 4927 2311 4998 gratuito
2359 4926 2572 4997 pietatis
2619 4943 2732 4981 suae
2782 4944 3005 4984 munere
3056 4941 3338 4986 reserarat.
3394 4936 3533 4991 Ilinc

1929 5032 2165 5086 namque
2196 5015 2364 5070 Isaias
2392 5015 2465 5069 ait
2490 5032 2503 5068 :
2541 5015 2963 5072 Clamabuntad
2986 5019 3290 5074 Dominum
3320 5037 3355 5075 τι
3373 5025 3525 5091 /acie

1930 5105 2283 5172 tribulantis,
2299 5108 2353 5158 et
2366 5104 2555 5160 mittet
2582 5105 2661 5159 eis
2682 5105 3029 5161 Saluatorem
3052 5110 3109 5161 et
3139 5116 3526 5179 propugnato-

1928 5210 2070 5260 rem,
2087 5195 2182 5265 qui
2196 5194 2391 5249 liberet
2406 5209 2493 5249 eos
2505 5192 2936 5263 (Isa.xv,20).Ex
2956 5193 3151 5263 quibus
3170 5197 3345 5249 verbis
3362 5197 3527 5269 liqui-

1926 5282 1997 5338 do
2013 5280 2305 5353 colligitur,
2324 5280 2452 5351 quia
2469 5281 2521 5333 in
2534 5295 2720 5335 eorum
2737 5279 2974 5348 respexit
2986 5281 3309 5353 orationem,
3327 5286 3528 5355 quibus

1924 5370 1980 5425 in
2030 5368 2376 5425 tribulatione
2421 5366 2778 5423 clamantibus
2805 5381 2912 5421 non
2959 5369 3133 5423 solum
3182 5370 3524 5434 Salvatorcm

1924 5457 2167 5528 contulit,
2199 5456 2294 5513 sed
2318 5456 2475 5512 etiam
2508 5463 2981 5526 propugnatorem
3015 5457 3177 5513 misit.
3212 5459 3360 5517 Idem
3393 5481 3523 5523 vero

1923 5547 2017 5619 qui
2049 5547 2144 5602 fuit
2169 5543 2442 5610 Salvator,
2462 5543 2561 5598 fuit
2591 5551 2642 5599 et
2662 5553 3064 5627 propugnator.
3098 5548 3351 5607 Salvator
3377 5569 3527 5612 nam-

3280 5651 3348 5711 20
