4034 6166
459 321 561 372 619

1642 313 1892 370 SANCTI
1941 308 2285 368 GREGORII
2326 311 2550 368 MAGNI

3617 333 3709 386 620

456 457 559 511 que
588 439 687 496 Dei
723 438 896 496 Filius
924 446 1023 509 est,
1056 437 1124 494 de
1152 452 1260 508 quo
1289 437 1549 507 scriptum
1578 445 1658 493 est
1692 453 1793 509 per
1818 436 2053 508 prophe-
2076 432 2137 496 A
2162 449 2271 489 non
2301 442 2525 491 terrenas
2557 437 2883 495 hereditatis
2917 440 3060 511 jura,
3092 456 3203 497 non
3232 442 3340 498 luto
3371 454 3456 500 aut
3481 447 3718 508 lateribus

452 537 567 584 tam
593 547 604 582 :
625 530 770 585 Deus
792 529 914 600 ipse
937 529 1149 596 veniet,
1172 532 1229 583 et
1246 526 1489 583 saluabit
1504 543 1607 583 nos
1624 526 1767 597 (Isa.
1798 526 2050 596 xxxv,4).

454 618 610 674 Unde
641 617 804 673 etiam
833 618 990 672 Jesus
1018 616 1338 688 priusquam
1368 616 1424 670 in
1475 622 1628 671 utero
1658 614 2050 685 conciperetur.

451 713 672 763 vocatus
700 714 783 761 est
810 706 881 762 ab
899 706 1098 778 angelo
1129 706 1292 775 (Luc.
1339 708 1364 759 1
1400 712 1453 759 et
1480 704 1564 776 2).
1600 705 1742 759 Nam
1773 704 1919 774 quod
1934 717 2058 773 pro-

449 804 728 868 pugnator
756 795 853 865 sit,
886 796 1005 866 ipse
1034 794 1270 850 ostendit
1293 808 1416 848 eum
1447 809 1546 864 per
1574 793 1896 864 prophetam
1935 791 2009 848 ait
2036 809 2051 847 :

449 886 518 939 Et
549 885 644 957 qui
665 886 858 957 loquor
885 884 1274 955 justitiam,et
1292 886 1679 955 propugnator
1706 897 1832 938 sum
1861 882 1933 936 ad
1948 882 2056 937 sol-

447 974 704 1029 vandum
735 973 869 1041 (Isa.
911 988 1065 1038 mu,
1100 974 1175 1041 1).
1229 972 1305 1025 Ex
1339 973 1442 1026 hoc
1469 986 1663 1041 preces
1692 985 1801 1025 non
1825 969 2050 1040 sprevit,

450 1062 574 1133 quia
604 1062 682 1117 eis
703 1062 848 1134 quod
879 1060 1309 1132 deprecabantur
1337 1058 1583 1114 indulsit.
1613 1058 1669 1114 Si
1691 1059 1832 1114 enim
1864 1073 2053 1130 preces

453 1166 642 1207 eorum
667 1150 980 1220 sprevisset,
1016 1164 1368 1220 nequaquam
1397 1149 1467 1203 ad
1497 1164 1592 1203 eos
1619 1146 1929 1203 liberandos
1952 1147 2050 1202 Fi-

452 1239 583 1294 lium
605 1239 862 1294 misisset.
886 1239 1024 1293 Hinc
1048 1254 1286 1309 namque
1312 1237 1523 1309 Moyses
1543 1237 1614 1292 ad
1638 1235 1927 1292 Dominum
1944 1236 2047 1292 ait:

458 1330 705 1397 Obsecro,
729 1328 984 1395 Domine,
1002 1327 1172 1382 mitte
1193 1342 1358 1398 quem
1377 1328 1659 1382 missurus
1674 1342 1731 1382 es
1752 1326 1950 1397 (Exod.
1975 1342 2049 1396 iv,

452 1418 561 1486 13).
594 1416 731 1470 Hinc
744 1416 1005 1487 prOpliela
1023 1415 1159 1470 alius
1187 1415 1537 1480 exclamavit,
1561 1415 1750 1469 dicens
1775 1432 1788 1468 :
1825 1415 2050 1472 Utinam

449 1506 807 1576 dirumperes
826 1506 1011 1572 caelos,
1033 1509 1089 1559 et
1106 1504 1470 1559 descenderes
1490 1503 1627 1573 (Isn.
1654 1519 1797 1571 LXlV,
1822 1502 1894 1571 1).
1916 1503 2052 1558 Hinc

454 1595 621 1650 etiam
640 1594 814 1649 David
830 1593 963 1647 dixit
976 1593 1443 1664 :Deusjudicium
1466 1596 1629 1648 tuum
1646 1592 1778 1664 Regi
1798 1591 2047 1661 da(Psal.

452 1701 598 1751 LXXI,
646 1684 722 1754 1).
776 1681 1054 1737 Judicium
1107 1696 1265 1735 suum
1312 1680 1449 1752 Regi
1495 1682 1641 1735 Deus
1686 1681 1844 1734 Pater
1880 1680 2046 1748 dedit,

2163 530 2494 579 constructas
2539 525 2756 595 domos,
2808 544 2919 584 non
2956 529 3085 585 audi
3118 531 3393 602 argentive
3440 540 3721 604 praescribit

2164 626 2416 679 acervos,
2446 631 2569 684 qum
2598 615 2788 673 livoris
2834 617 3153 690 plerumque
3181 628 3234 675 et
3262 620 3472 679 invidia;
3504 626 3723 684 semina-

2161 699 2307 755 rium
2337 710 2481 772 sunt,
2521 711 2575 760 et
2605 706 2885 776 superbiae
2912 722 2980 763 ac
3004 707 3163 763 luxus
3190 709 3419 765 existunt
3472 711 3722 785 fomenta;

2161 788 2261 844 sed
2288 789 2573 847 charitatis
2600 802 2655 849 et
2682 794 2984 851 dilectionis
3011 797 3263 867 gratiam,
3290 799 3509 869 justitise
3542 812 3593 859 et
3616 806 3726 875 pie-

2159 877 2284 932 tatis
2314 881 2573 949 proponit
2600 882 2795 951 edicta,
2818 892 2872 938 et
2891 883 3129 941 veritatis
3144 885 3317 958 legent
3350 903 3455 944 non
3477 890 3529 944 in
3543 892 3727 964 lapide,

2161 966 2249 1021 vel
2296 967 2636 1038 membrana,
2686 972 2773 1028 vel
2819 972 2991 1044 ligno,
3037 974 3123 1029 vel
3152 989 3302 1043 cera,
3351 978 3448 1032 sed
3474 978 3527 1034 in
3553 981 3731 1040 tabulis

2160 1054 2343 1110 cordis
2368 1057 2668 1128 pescribit;
2726 1067 2785 1114 ut
2811 1068 3033 1117 aeternae
3070 1061 3163 1117 filii
3203 1065 3567 1134 promissionis
3589 1071 3731 1127 vanis

2159 1157 2443 1215 nunquam
2499 1146 2925 1218 cogitationibus
2988 1159 3336 1223 occupentur,
3388 1154 3482 1210 sed
3534 1172 3731 1229 semper

2160 1232 2566 1302 omnipotentis
2602 1236 2767 1305 patris
2807 1244 3184 1294 testamentum
3231 1241 3389 1312 quasi
3431 1258 3539 1312 prae
3579 1247 3730 1303 oculis

2161 1320 2444 1390 habentes,
2486 1323 2615 1393 quid
2647 1324 2861 1391 timere,
2910 1327 3112 1398 quidve
3139 1345 3360 1400 sperare
3396 1331 3618 1389 debeant
3642 1352 3731 1395 co-

2159 1409 2351 1481 gitent,
2393 1418 2448 1466 et
2475 1411 2531 1465 in
2562 1415 2927 1483 exsequendis
2956 1416 3224 1472 mandatis
3252 1419 3575 1491 caelestibus,
3605 1425 3732 1480 votis

2159 1498 2415 1554 omnibus
2461 1499 2764 1556 elaborent.
2813 1503 2895 1559 De
2924 1504 3011 1559 his
3045 1506 3246 1577 quippe
3286 1507 3362 1563 ait
3401 1509 3659 1581 Propheta
3681 1512 3732 1567 in

2156 1586 2408 1656 psalmo:
2437 1587 2575 1646 Hec
2594 1595 2680 1646 est
2709 1594 3001 1663 generatio
3017 1598 3400 1667 quaerentium
3430 1597 3729 1667 Dominum,

2159 1678 2537 1747 querentium
2564 1680 2773 1749 faciem
2795 1682 2891 1736 Dei
2924 1680 3094 1739 Jacob
3112 1680 3291 1752 (Psat.
3315 1700 3472 1752 χχιιι,
3504 1687 3583 1757 6).
3605 1686 3733 1756 Quid

448 1772 663 1845 quando
702 1770 803 1826 Dei
835 1770 1000 1825 Filius
1055 1770 1232 1826 carnis
1261 1772 1509 1824 humanae
1557 1768 1917 1824 substantiam
1947 1783 2046 1822 as-
2076 1786 2131 1847 Β
2161 1762 2398 1819 nobilius
2426 1766 2778 1837 generatione
2806 1769 3037 1825 divina?
3060 1768 3204 1839 Quid
3221 1772 3503 1829 sublimius
3516 1775 3735 1831 caelesti?

449 1861 854 1932 sumpsit.Hinc
873 1875 1111 1929 namque
1126 1859 1196 1913 ad
1226 1858 1423 1912 Filium
1442 1858 1564 1928 ipse
1593 1859 1753 1913 Pater
1783 1857 1857 1912 ait
1882 1859 2048 1914 :Pos-

453 1952 577 2006 tuta
595 1967 628 2004 α
649 1964 754 2015 me,
779 1952 834 2004 et
862 1947 1002 2003 dabo
1025 1947 1125 2003 tibi
1146 1949 1340 2017 gentes
1358 1945 1753 2002 hwreditatem
1776 1948 1957 2012 tuam,
1992 1948 2050 2000 et

445 2039 852 2112 possessionem
870 2038 1029 2092 tuam
1045 2036 1317 2091 termino:
1330 2038 1521 2099 terrae;
1536 2050 1693 2106 reges
1710 2049 1801 2090 eos
1817 2035 1880 2089 in
1893 2033 2050 2104 virga

444 2132 629 2197 ferrea
639 2132 714 2196 ,et
736 2131 1012 2198 tanquam
1024 2139 1120 2179 vas
1130 2123 1293 2195 ﬁguli
1303 2124 1621 2194 confringe:
1630 2122 2044 2193 eostPsnl.n,8).

447 2220 599 2272 Patet
629 2232 763 2287 ergo
795 2214 921 2285 quia
945 2212 1214 2284 judicium
1242 2227 1399 2266 suum
1428 2211 1506 2266 illi
1536 2210 1705 2277 dedit,
1740 2210 1828 2266 cui
1859 2218 1911 2266 et
1935 2211 2045 2265 bo-

444 2321 639 2362 norum
669 2320 917 2375 regnum,
952 2310 1003 2358 et
1033 2300 1531 2357 inconvertibilium
1561 2298 1790 2354 tradidit
1811 2298 2047 2354 commi-

444 2396 751 2451 nutionem.
795 2393 898 2447 Vas
927 2391 1073 2447 enim
1103 2389 1253 2462 ﬁguli
1283 2397 1569 2460 postquam
1601 2387 1770 2444 semel
1800 2388 2046 2443 confrin-

444 2484 609 2557 gitur,
641 2483 734 2537 nul
761 2497 793 2536 ο
824 2480 990 2535 modo
1022 2477 1369 2550 postmodum
1399 2484 1698 2547 reparatur.
1731 2474 1875 2545 Quid
1908 2490 2045 2547 ergo

441 2587 541 2641 per
559 2568 982 2625 contractionem
1000 2581 1253 2623 vasorum
1283 2564 1453 2635 ﬁguli,
1487 2565 1587 2619 nisi
1618 2572 1864 2619 extrema
1879 2563 2044 2619 dam-

444 2659 594 2714 natio
634 2655 1000 2728 designatur?
1047 2654 1128 2708 Ibi
1155 2654 1298 2709 enim
1347 2669 1445 2723 per
1485 2652 1675 2723 judicii
1704 2652 2043 2708 severitatem

445 2747 756 2820 quicunque
773 2743 1159 2816 confringitur,
1180 2758 1526 2813 nequaquam
1557 2740 1785 2797 ulterius
1811 2756 1909 2812 per
1931 2756 2042 2812 pue-

451 2836 694 2891 nitentiae
726 2831 1025 2889 remedium
1054 2830 1421 2902 reparabitur.
1447 2829 1608 2900 Quod
1645 2829 2043 2900 profectojudi-

445 2926 587 2981 cium
610 2940 706 2997 per
724 2922 826 2978 Dei
856 2930 911 2977 et
938 2921 1215 2977 hominum
1245 2920 1602 2975 mediatorem
1620 2917 1730 2984 ﬁet,
1763 2919 1891 2990 quia
1910 2917 2044 2973 scri-

441 3023 596 3086 ptum
638 3020 719 3068 est
747 3028 758 3065 :
786 3014 959 3067 Pater
973 3026 1089 3067 non
1110 3009 1339 3079 judicat
1375 3023 1731 3080 quemquam,
1754 3008 1849 3063 sed
1875 3022 2042 3062 omne

433 3103 720 3176 judicium
742 3100 896 3156 dedit
914 3100 1056 3154 Filio
1078 3099 1262 3165 (Joan.
1290 3114 1345 3165 v,
1366 3098 1479 3166 22).
1502 3099 1564 3151 In
1579 3095 1863 3151 humilium
1885 3094 2042 3149 nihil-

442 3192 655 3248 ominus
701 3189 1000 3244 orationem
1054 3187 1206 3254 526
1242 3185 1388 3241 Deus
1418 3184 1656 3256 respicit,
1689 3200 1810 3240 cum
1840 3200 1940 3256 pro
1981 3199 2043 3241 se

450 3281 539 3336 vel
566 3279 686 3335 aliis
718 3285 1006 3333 exorantes
1050 3273 1238 3330 ﬁdeles
1265 3273 1508 3329 exaudit.

517 3370 697 3439 (Vers.
736 3369 846 3437 19.)
864 3365 1201 3422 Scribantur
1221 3364 1340 3419 Ιιιεο
1354 3362 1418 3416 in
1438 3363 1806 3432 generatione
1835 3362 2044 3433 altera,

444 3458 756 3531 etpopulus
784 3457 880 3529 qui
908 3453 1217 3518 creabitur,
1253 3450 1509 3507 laudabit
1542 3452 1865 3508 Dominum.

518 3550 613 3601 26.
662 3545 809 3600 Sicut
827 3559 892 3598 ex
913 3541 1123 3597 duobus
1142 3538 1363 3611 populis
1392 3538 1667 3608 primitiva
1691 3545 1774 3593 est
1801 3546 2046 3594 constru-

445 3638 537 3693 cta
561 3631 824 3700 Ecclesia,
857 3631 930 3685 ita
951 3628 1170 3701 gemina
1191 3633 1275 3682 est
1303 3625 1581 3699 generatio
1610 3624 1664 3679 in
1687 3625 1813 3681 ﬁdei
1844 3626 2045 3682 unitate

454 3723 703 3790 collecta,
761 3718 942 3776 carnis
997 3717 1225 3783 scilicet,
1286 3721 1342 3771 et
1398 3715 1677 3788 spiritalis.
1739 3715 1865 3772 Sive
1911 3731 2045 3787 ergo

449 3812 601 3881 Sion,
644 3817 697 3866 et
724 3824 790 3866 ea
825 3824 947 3879 qum
976 3813 1101 3861 sunt
1130 3805 1460 3876 supradicta,
1491 3803 1557 3860 ad
1589 3804 1820 3859 litteram
1852 3804 2048 3859 intelli-

447 3917 678 3973 gamus;
712 3898 829 3954 sive
858 3912 957 3967 per
981 3894 1316 3950 intellectum
1342 3892 1625 3964 mysticum
1654 3892 1723 3947 ad
1744 3891 2043 3948 Ecclesiam

450 3998 645 4045 cuncta
670 3986 993 4059 referantur,
1026 3982 1354 4039 conveniunt
1409 3981 1776 4053 superioribus
1802 3996 2045 4053 sequen-

448 4078 544 4146 tia,
578 4084 629 4132 et
655 4074 956 4149 praelibatis
984 4071 1306 4144 exponenda
1335 4069 1686 4127 concordant.
1718 4070 1936 4125 Dictum
1965 4076 2048 4124 est

451 4168 593 4224 enim
619 4183 630 4219 :
673 4166 755 4222 Tu
772 4179 1076 4236 exurgens,
1109 4161 1373 4228 Domine,
1399 4159 1763 4214 misereberis
1782 4159 1946 4216 Sion.
1981 4162 2047 4216 Et

446 4258 646 4312 iterum
672 4273 684 4310 :
722 4254 863 4322 Quia
891 4252 1193 4321 aediﬁcavit
1222 4248 1499 4304 Dominus
1532 4247 1698 4302 Sion.
1730 4248 1886 4302 Nunc
1914 4264 2045 4304 vero

449 4346 524 4399 ait
547 4364 559 4399 :
579 4343 808 4400 Scriban
820 4351 914 4397 tur
928 4342 1043 4396 lucc
1061 4340 1122 4394 in
1133 4338 1501 4410 generatione
1512 4335 1883 4403 altera.Quod
1901 4337 2045 4391 enim

447 4432 650 4488 Judmis
682 4430 783 4484 fuit
812 4427 1157 4500 promissum,
1204 4427 1311 4481 hoc
1339 4424 1395 4478 in
1423 4424 1674 4496 gentibus
1701 4424 1913 4479 videtur
1934 4424 2045 4480 im-

2074 3141 2125 3206 Ο

2160 1850 2304 1921 Quid
2326 1854 2529 1909 castius
2546 1858 2907 1927 conceptione
2934 1859 3212 1928 spiritali?
3241 1862 3419 1919 Voluit
3440 1861 3735 1920 immacula-

2160 1948 2246 1996 tus
2274 1941 2544 1998 Dominus
2591 1951 2651 1999 ut
2688 1946 2852 2002 homo
2881 1946 2998 2002 sine
3025 1948 3242 2004 macula
3263 1963 3583 2007 nasceretur
3608 1967 3730 2022 pec-

2157 2029 2283 2098 cati,
2316 2039 2371 2086 et
2398 2031 2605 2101 absque
2655 2033 2788 2089 vitio
2820 2036 3054 2090 carnalis
3095 2036 3478 2094 delectationis
3506 2041 3734 2095 humanae

2157 2118 2364 2173 sobolis
2416 2130 2813 2194 propagaretur
2841 2123 3138 2181 successio.
3187 2127 3257 2180 Et
3283 2125 3410 2182 ideo
3437 2128 3597 2183 talem
3622 2127 3734 2183 fecit

2155 2206 2347 2275 Adam,
2378 2216 2437 2262 ut
2482 2210 2688 2280 absque
2717 2220 2944 2282 peccato
2990 2212 3135 2269 ﬁlios
3163 2214 3374 2284 ederet,
3404 2214 3448 2270 si
3475 2216 3527 2270 in
3555 2216 3732 2272 condi-

2156 2296 2283 2351 toris
2334 2296 2641 2353 obedientia
2672 2300 3021 2368 perstitisset.
3055 2303 3245 2359 Posset
3275 2318 3513 2375 namque
3551 2303 3658 2360 ﬁeri
3684 2311 3736 2360 ut

2154 2384 2290 2439 sicut
2310 2385 2516 2455 absque
2533 2386 2894 2445 delectatione
2914 2390 3122 2448 fruetus
3136 2407 3270 2448 suos
3298 2401 3439 2449 terra
3465 2394 3732 2467 germinat,

2153 2472 2229 2527 ita
2248 2472 2367 2528 sine
2384 2482 2609 2545 peccato
2633 2474 2804 2531 ﬁlium
2835 2479 3033 2534 mulier
3047 2490 3271 2551 pareret
3292 2499 3308 2546 ;
3342 2489 3399 2538 et
3423 2481 3556 2539 sicut
3581 2484 3691 2554 ipse
3706 2498 3736 2537 a

2152 2558 2270 2613 Deo
2299 2559 2471 2614 Adam
2506 2576 2643 2630 pure
2682 2562 2936 2619 conditus
2966 2565 3164 2635 fuerat,
3188 2567 3266 2622 ita
3294 2570 3460 2624 homo
3478 2570 3737 2625 hominem

2152 2662 2288 2717 pure
2330 2657 2662 2718 procrearet.
2703 2649 2865 2715 Quod
2912 2653 3119 2708 homini
3148 2670 3246 2710 cur
3293 2671 3412 2713 esse
3440 2656 3739 2713 incredibile

2151 2734 2417 2804 videatur,
2449 2751 2576 2793 cum
2605 2738 2800 2809 apibus
2826 2740 2993 2796 etiam
3041 2742 3145 2798 hoc
3180 2743 3364 2814 ipsum
3393 2744 3737 2802 contemtor?

2153 2824 2260 2880 Sed
2285 2824 2418 2897 quia
2447 2826 2685 2883 Domino
2712 2843 2812 2884 suo
2827 2829 3050 2886 obedire
3082 2832 3315 2887 humana
3345 2833 3527 2890 anima
3555 2835 3736 2901 renuit,

2150 2912 2348 2968 animae
2398 2913 2634 2983 imperio
2662 2931 2788 2972 caro
2832 2917 3212 2990 obtemperare
3242 2922 3581 2994 contempsit.
3610 2924 3739 2978 Nam

2151 3007 2206 3056 et
2233 3001 2451 3056 rebellis
2473 3002 2523 3057 ei
2547 3018 2761 3074 semper
2782 3007 3132 3076 postmodum
3161 3010 3394 3080 exstitit,
3417 3019 3473 3067 et
3495 3010 3743 3067 adversus

2154 3104 2275 3144 eam
2316 3091 2470 3161 cujus
2509 3091 2712 3148 ancilla
2756 3093 2954 3163 fuerat,
2996 3111 3056 3152 se
3104 3097 3160 3151 in
3207 3099 3525 3170 superbiam
3567 3099 3740 3156 erexit.

2157 3178 2481 3251 Plerumque
2527 3187 2705 3235 autem
2753 3198 2924 3254 usque
2953 3184 3092 3241 adeo
3138 3186 3396 3258 erigitur,
3423 3196 3483 3244 ut
3508 3190 3620 3260 ipsa
3645 3189 3743 3244 do-

2154 3266 2315 3322 minae
2345 3283 2461 3323 suae
2482 3284 2641 3324 versa
2669 3270 2789 3326 vice
2809 3270 3144 3328 dominetur.
3174 3275 3336 3332 Unde
3364 3274 3427 3331 ﬁt
3455 3285 3513 3333 ut
3540 3277 3593 3331 in
3619 3275 3744 3331 ﬁlio-

2152 3369 2272 3409 rum
2302 3357 2678 3425 procreatione
2699 3373 2801 3429 per
2820 3359 3252 3418 delectationem
3282 3364 3344 3420 in
3373 3373 3650 3436 peccatum
3668 3366 3742 3419 in-

2153 3441 2318 3510 cidat,
2350 3452 2407 3500 et
2448 3445 2655 3501 bonum
2685 3462 2823 3519 Opus
2849 3448 2994 3504 male
3037 3453 3345 3523 operando,
3387 3453 3677 3527 delinquat.

2223 3534 2313 3588 27.
2359 3532 2467 3589 Sed
2499 3534 2595 3590 Dei
2645 3536 3039 3609 hominumque
3088 3540 3380 3609 Mediator,
3414 3543 3554 3599 sicut
3596 3540 3742 3599 nobis

2154 3635 2315 3691 quam
2361 3620 2775 3691 perdideramus
2833 3626 2999 3681 vitam
3027 3628 3278 3697 contulil,
3328 3630 3405 3686 ita
3433 3631 3591 3687 etiam
3620 3632 3747 3686 hanc

2152 3707 2208 3762 in
2220 3707 2380 3764 nobis
2399 3712 2812 3782 generationem
2845 3716 3138 3785 reparavit.
3153 3718 3317 3775 Unde
3345 3727 3401 3776 et
3429 3720 3499 3775 de
3527 3719 3742 3793 virgine,

2153 3804 2207 3850 et
2260 3797 2382 3853 sine
2433 3807 2655 3870 peccato
2684 3802 2832 3858 nasci
2884 3803 3095 3869 voluit;
3124 3813 3186 3860 ut
3244 3824 3316 3862 ex
3347 3809 3454 3864 hoc
3505 3815 3748 3880 patentor

2154 3886 2477 3955 ostenderet,
2519 3889 2649 3960 quia
2677 3891 2781 3946 hoc
2809 3891 2973 3948 etiam
3022 3893 3181 3948 nobis
3218 3894 3367 3952 inter
3399 3899 3562 3967 527
3593 3897 3744 3951 innu-

2154 3988 2306 4029 mera
2333 3974 2719 4032 beneﬁciorum
2749 3995 2970 4036 suorum
3013 3980 3159 4037 dona
3186 3985 3469 4041 conferret
3499 3985 3747 4057 ,ldeoque

2154 4064 2233 4117 ait
2257 4082 2269 4118 :
2303 4061 2551 4137 Propter
2569 4065 2670 4123 hoc
2700 4066 2858 4124 davit
2889 4069 3162 4127 Dominus
3182 4074 3310 4144 ipse
3339 4075 3492 4131 vobis
3511 4077 3741 4147 signum:

2155 4155 2297 4209 Ecce
2326 4154 2484 4225 virgo
2511 4155 2791 4227 concipiet
2820 4163 2877 4212 et
2893 4159 3083 4229 pariet
3108 4159 3304 4228 ﬁlium
3329 4163 3496 4233 (lsai.
3515 4178 3609 4231 vn,
3640 4164 3741 4233 1t).

2155 4240 2332 4310 Quam
2355 4241 2587 4314 virginis
2599 4244 3009 4315 conceptionem
3029 4263 3376 4322 nequaquam
3405 4252 3617 4325 signum
3637 4266 3745 4309 esse

2155 4330 2380 4397 diceret,
2411 4330 2518 4384 nisi
2537 4330 2740 4403 aliquid
2770 4332 2928 4389 nobis
2956 4334 3013 4389 in
3031 4335 3155 4407 ipsa
3174 4353 3275 4393 sua
3302 4340 3582 4398 nativitate
3607 4338 3747 4413 quod

2153 4419 2379 4475 credere
2408 4418 2732 4476 deberemus
2761 4421 3028 4495 signaret.
3065 4424 3223 4482 Unde
3254 4443 3476 4485 rursum
3504 4431 3749 4502 scriptum

444 4521 669 4593 pletum.
720 4518 776 4573 Si
808 4497 936 4573 vero
961 4516 1118 4586 juxta
1163 4512 1463 4585 spiritalem
1505 4511 1915 4584 intelligentiam
1944 4530 2046 4584 per
2071 4497 2125 4558 D
2158 4517 2272 4564 est:
2310 4507 2540 4564 Oradisc
2577 4508 2757 4577 Jesse,
2790 4513 2889 4583 qui
2918 4516 3038 4569 stas
3074 4514 3139 4570 in
3168 4515 3405 4587 signum
3426 4497 3749 4594 populorum

447 4611 580 4666 Sion
625 4605 923 4662 Ecclesiam
970 4602 1302 4672 accipimus;
1347 4615 1447 4670 per
1472 4601 1878 4672 generationem
1904 4601 2043 4658 alte—

445 4713 584 4763 ram,
616 4693 915 4767 spiritalem
944 4689 1315 4762 intelligimus,
1342 4688 1398 4743 in
1428 4704 1534 4758 qua
1560 4688 1815 4743 nimirum
1844 4689 2045 4747 divinas

444 4785 664 4855 scriptae
692 4790 815 4837 sunt
841 4779 1268 4852 promissiones;
1311 4778 1438 4849 quia
1466 4777 1732 4849 quidquid
1761 4778 1829 4833 de
1859 4780 2047 4835 remis-

450 4875 604 4930 sione
631 4878 1001 4944 peccatorum,
1035 4866 1298 4939 quidquid
1341 4865 1409 4921 de
1439 4866 1739 4923 aeternitate
1770 4866 2045 4923 felicitatis

445 4964 735 5034 Scriptura
790 4974 945 5014 sacra
974 4955 1190 5023 asserit,
1242 4954 1440 5010 hocin
1497 4954 1754 5010 cordibus
1805 4954 1918 5009 suis
1944 4971 2045 5024 per

443 5067 692 5109 amorem
722 5047 943 5120 spiritus
970 5043 1228 5115 spiritalis
1256 5042 1535 5114 generatio
1564 5041 1834 5098 inscribit.
1871 5042 1971 5098 Cui
1992 5050 2045 5098 et

440 5142 639 5198 dicitur
656 5157 667 5192 :
686 5138 849 5202 Audi,
869 5134 1070 5198 Israel,
1087 5135 1378 5204 praecepta
1391 5131 1698 5197 Domini,et
1709 5147 1774 5187 ea
1789 5132 1851 5187 in
1876 5129 2044 5187 corde

441 5232 603 5307 quasi
620 5230 682 5285 in
702 5228 841 5284 libro
864 5222 1042 5279 scribe
1068 5223 1318 5292 (Deuter.
1351 5235 1426 5288 vt,
1460 5222 1512 5286 3,
1544 5219 1622 5289 7).
1658 5220 1739 5274 De
1770 5221 1871 5274 hac
1899 5234 2046 5288 prae-

440 5329 718 5391 ceptorum
762 5314 861 5369 Dei
892 5310 1241 5382 inscriptione
1285 5324 1388 5379 per
1427 5307 1749 5380 prophetam
1782 5307 2046 5363 Dominus

440 5409 572 5465 dicit
595 5424 609 5463 :
633 5407 741 5463 Hoc
770 5406 855 5460 est
878 5402 1289 5457 testamentum
1319 5396 1462 5470 quod
1492 5397 1740 5452 testabor
1772 5396 1854 5451 eis
1873 5412 1886 5459 ;
1906 5396 2043 5454 dabo

442 5497 589 5567 leges
606 5509 761 5551 meas
778 5492 840 5549 in
869 5489 1128 5546 cordibus
1148 5502 1363 5554 eorum,
1387 5492 1445 5541 et
1463 5486 1527 5541 in
1552 5484 1809 5541 sensibus
1844 5499 2041 5542 eorum

438 5583 683 5642 scribam
712 5596 809 5639 eas
856 5579 992 5652 (Jer.
1025 5591 1179 5645 xxxx,
1211 5575 1326 5649 33).
1356 5575 1537 5632 Bonus
1559 5580 1735 5645 pater,
1784 5572 1877 5646 qui
1904 5571 2035 5632 ﬁliis

2152 4598 2284 4667 (Isa.
2307 4614 2383 4666 x1,
2435 4598 2553 4668 10).
2602 4598 2832 4672 Signum
2868 4601 3013 4657 enim
3045 4602 3156 4658 fuit
3199 4605 3426 4677 populis
3446 4607 3542 4663 illa
3571 4607 3750 4664 Christi

2149 4685 2267 4741 sine
2296 4685 2435 4741 virili
2464 4687 2845 4745 commistione
2873 4689 3152 4763 nativitas,
3183 4693 3338 4764 quod
3368 4696 3457 4752 his
3495 4696 3590 4769 qui
3634 4709 3746 4751 cre—

2159 4774 2293 4829 dunt
2321 4774 2377 4828 in
2406 4775 2626 4830 nomine
2652 4776 2789 4845 ejus,
2821 4776 3050 4834 daturus
3094 4786 3211 4835 erat
3241 4786 3594 4853 potestatem
3610 4784 3748 4855 ﬁlios

2155 4861 2258 4917 Det
2276 4862 2407 4932 ﬁeri
2422 4881 2441 4917 :
2459 4863 2546 4918 his
2558 4862 2812 4919 videlicet
2824 4866 2922 4937 qui
2937 4880 3055 4922 non
3074 4882 3151 4923 ea:
3166 4872 3746 4944 sanguinibusmeque

2151 4966 2226 5007 ex
2242 4951 2535 5007 voluntate
2557 4953 2770 5020 carnis,
2790 4968 2969 5026 neque
2987 4970 3066 5012 ea:
3084 4956 3392 5015 voluntate
3422 4963 3550 5030 viri,
3571 4961 3664 5018 sed
3675 4975 3745 5017 es:

2154 5041 2257 5096 Deo
2272 5039 2400 5095 nati
2415 5046 2552 5095 sunt
2568 5039 2734 5111 (Joan
2746 5082 2760 5096 .
2786 5057 2825 5112 ι,
2850 5043 2959 5113 12).
2984 5043 3133 5100 Sicut
3151 5060 3397 5119 namque
3412 5049 3574 5105 beata
3583 5047 3743 5104 Maria

2151 5127 2415 5184 Christum
2444 5128 2655 5201 peperit
2693 5129 2875 5202 virgo,
2907 5138 2961 5187 et
2996 5139 3121 5202 post
3165 5144 3389 5206 partum
3432 5138 3524 5195 inc
3549 5138 3744 5207 irrupta

2143 5216 2461 5286 permansit,
2484 5217 2561 5273 ita
2578 5224 2633 5273 et
2651 5222 2828 5273 mater
2839 5218 3086 5277 Ecclesia
3100 5219 3245 5278 ﬁlios
3277 5224 3399 5281 Deo
3413 5225 3532 5282 sine
3558 5226 3739 5283 dolore

2143 5313 2393 5378 generat,
2425 5314 2480 5361 et
2510 5306 2662 5378 virgo
2706 5321 2925 5379 semper
2950 5307 3159 5365 illibata
3189 5320 3530 5382 perseverat.
3562 5312 3662 5384 Qui
3689 5311 3743 5368 in

2141 5394 2248 5451 hoc
2276 5409 2493 5466 quoque
2512 5394 2660 5466 quod
2701 5395 2875 5450 Deum
2908 5403 3022 5453 toto
3050 5398 3216 5455 corde
3246 5398 3507 5474 diligunt,
3536 5410 3740 5475 patrem

2143 5497 2204 5538 se
2232 5482 2411 5539 Deum
2431 5482 2633 5539 habere
2658 5482 2942 5542 evidenter
2960 5485 3280 5543 ostendant.
3323 5488 3587 5548 Filiorum
3602 5490 3740 5547 enim

2140 5578 2224 5628 est
2254 5571 2506 5649 diligere,
2536 5587 2647 5629 non
2673 5571 2888 5631 timere.
2921 5575 3090 5633 Porro
3117 5575 3178 5633 in
3201 5575 3311 5635 hac
3338 5578 3635 5639 dilectione
3651 5593 3739 5635 ne-
