4034 6166
219 331 301 384 621
1053 322 1330 381 SEPTEM
1360 321 1607 381 PSALM.
1634 323 1891 379 PCENIT.
1926 323 2321 382 EXPOSITIO.
2356 357 2422 368 —
2456 328 2642 385 PSAL.
2688 330 2750 383 V.

218 469 469 527 quaquam
491 461 804 523 torpescunt
832 451 961 519 otio,
995 460 1086 506 aut
1131 451 1388 521 operibus
1439 449 1786 515 insolescunt,
1818 449 1873 510 A

219 543 302 599 sed
330 543 454 597 etin
485 541 751 596 mandatis
779 541 1088 596 ccalestibus
1106 541 1438 596 voluntatem
1467 539 1568 593 Dei
1614 545 1799 593 custo-

219 633 375 700 diunt,
408 637 460 685 et
489 646 556 685 ex
585 630 840 684 virtutum
858 629 1172 700 operatione
1192 628 1391 683 nullam
1409 627 1478 682 ab
1491 625 1801 683 hominibus

219 721 417 775 laudem
451 727 710 790 quarunt.
744 718 900 774 Unde
929 725 982 772 et
1009 718 1297 772 subditur:
1330 717 1413 771 Et
1432 717 1675 788 populus
1708 714 1804 786 qui

217 809 507 874 creabitur,
535 807 789 863 laudabit
822 809 1151 862 Dominum.
1199 807 1258 859 In
1307 805 1561 876 operibus
1605 819 1803 874 nempe

215 898 315 952 suis
344 898 516 951 Deum
546 896 789 963 laudant,
820 895 911 965 qui
943 895 1152 950 bonum
1170 894 1310 964 quod
1340 894 1557 958 faciunt,
1590 908 1801 964 nequa-

215 1002 362 1058 quam
387 986 517 1051 sibi,
539 985 636 1040 sed
664 985 860 1057 gratiae
889 984 990 1039 Dei
1020 983 1340 1040 attribuunt.
1361 983 1516 1038 Unde
1529 990 1582 1036 et
1603 980 1804 1036 Paulus

215 1092 325 1131 cum
343 1075 465 1144 plus
480 1073 730 1129 omnibus
749 1089 807 1128 se
831 1072 1104 1128 laborasse
1125 1072 1371 1136 dixisset,
1398 1071 1630 1140 subjecit
1644 1079 1804 1140 atque

216 1166 281 1219 ait
311 1182 323 1216 ε
355 1164 476 1219 Non
505 1165 700 1218 autem
729 1177 846 1232 ego,
869 1161 966 1217 sed
999 1163 1188 1231 gratia
1219 1162 1317 1216 Dei
1338 1176 1558 1216 mecum
1584 1159 1653 1227 (ll
1677 1159 1802 1214 Cor.

213 1268 296 1320 xv,
320 1254 436 1320 10).
477 1250 584 1307 Sed
621 1266 742 1320 quae
772 1250 828 1303 in
849 1249 1007 1304 nobis
1035 1257 1158 1303 sunt
1185 1249 1483 1304 sanctitatis
1501 1263 1684 1318 opera,
1730 1247 1805 1300 ita

215 1341 409 1396 suntad
430 1340 809 1411 proximorum
831 1337 1244 1392 aediﬁcationem
1269 1337 1500 1392 exterius
1522 1335 1804 1402 trahenda,

216 1439 266 1485 ut
293 1431 343 1484 in
371 1430 454 1485 eis
481 1443 591 1484 non
620 1426 777 1482 favor
832 1433 924 1480 aut
969 1425 1144 1497 gratia
1193 1426 1429 1479 humana
1481 1424 1804 1494 requiratur,

216 1519 302 1572 sed
323 1518 442 1588 ipse
473 1533 504 1570 a
533 1531 640 1586 quo
671 1516 787 1570 hac
816 1522 938 1568 sunt
965 1513 1272 1568 hominibus
1301 1513 1499 1568 collata
1530 1513 1671 1567 Deus
1691 1511 1807 1566 lau-

216 1607 374 1662 detur.
411 1606 551 1660 Hinc
567 1619 799 1674 namque
819 1619 919 1673 per
941 1602 1283 1671 semetipsam
1307 1601 1525 1656 Veritas
1538 1600 1808 1670 apostolis

215 1697 308 1752 ait:
342 1697 433 1752 Sic
469 1696 655 1750 luceat
671 1695 776 1749 lux
807 1696 992 1748 vestra
1014 1705 1208 1747 coram
1228 1689 1575 1757 hominibus,
1599 1695 1664 1744 ut
1715 1690 1802 1744 vi-

3399 339 3501 392 622

1978 449 2152 516 (Vers.
2187 451 2297 521 21.)
2373 455 2438 510 Ut
2484 455 2710 511 audiret
2751 457 2997 526 gemitus
3035 462 3502 533 compeditorum,

1909 543 1977 593 ut
2000 539 2242 594 solveret
2271 541 2420 608 illius
2449 543 2950 615 interemptorum.

1982 630 2075 682 29.
2115 628 2295 683 Sancti
2325 628 2427 682 viri
2453 645 2558 685 non
2581 631 2875 704 incongrue
2903 637 3196 706 compediti
3226 639 3506 708 dicuntur,

1911 717 2036 786 quia
2067 717 2214 788 ligati
2246 717 2474 772 vinculis
2503 719 2810 790 disciplina;
2840 723 2959 789 Dei,
2992 741 3332 797 nequaquam
3359 730 3424 784 ad
3446 745 3512 785 ea

1910 823 2030 878 quae
2049 805 2318 860 exteriora
2337 815 2462 861 sunt
2491 817 2779 880 vagantur,
2804 819 2856 865 et
2878 812 3026 880 quasi
3069 831 3316 884 gressum
3377 835 3505 889 ope-

1911 895 1984 949 ris
2013 893 2367 948 immobiliter
2391 893 2583 966 ﬁgunt,
2615 896 2748 950 dum
2809 912 2841 951 a
2897 899 3190 955 conditoris
3240 903 3512 962 desiderio

1912 1000 2177 1055 nusquam
2201 983 2511 1039 discedunt.
2537 986 2617 1040 De
2636 985 2716 1039 his
2735 1001 2972 1056 namque
2988 991 3338 1060 compedibus
3369 996 3510 1049 scri-

1912 1081 2062 1144 ptum
2094 1081 2172 1127 est
2197 1091 2207 1126 :
2231 1073 2409 1143 Injice
2424 1075 2590 1146 pedes
2616 1079 2741 1130 tuos
2759 1078 2820 1131 in
2841 1078 3131 1148 compedes
3162 1083 3303 1149 ejus,
3353 1087 3410 1138 et
3451 1086 3512 1139 in

1913 1166 2132 1233 torques
2163 1162 2320 1216 illius
2349 1163 2560 1218 collum
2583 1167 2744 1219 tuum
2770 1166 2944 1232 (Eccl.
2963 1182 3037 1233 vr,
3072 1171 3182 1236 25).
3203 1167 3343 1236 Quia
3369 1187 3503 1242 pro-

1912 1250 2054 1306 fecto
2083 1250 2239 1320 cujus
2268 1266 2299 1304 a
2358 1251 2619 1320 pravitate
2685 1269 2906 1321 gressus
2959 1257 3345 1325 compescitur,
3386 1261 3507 1330 ejus

1913 1337 2050 1393 ﬁdes
2079 1346 2386 1393 sanctarum
2417 1340 2674 1394 varietate
2691 1341 2941 1395 virtutum
2967 1343 3277 1399 adornatur.
3303 1346 3511 1404 Collum

1914 1442 2145 1497 namque
2176 1426 2310 1481 ﬁdes
2338 1435 2436 1492 est,
2469 1443 2569 1497 per
2600 1442 2762 1499 quam
2795 1430 2908 1484 Deo
2946 1430 3120 1486 ﬁdelis
3138 1433 3364 1503 quisque
3387 1452 3514 1490 con-

1909 1516 2176 1587 jungitur,
2209 1524 2261 1570 et
2292 1516 2444 1585 quasi
2475 1533 2574 1585 per
2599 1517 2798 1571 collum
2831 1519 2994 1587 capiti
3015 1535 3113 1574 suo
3144 1522 3354 1579 Christo
3398 1526 3510 1578 Ec-

1913 1604 2098 1671 clesia,
2131 1620 2252 1674 quae
2274 1603 2393 1672 ejus
2424 1613 2503 1659 est
2533 1621 2750 1675 corpus,
2775 1607 2972 1661 unitur.
3005 1608 3159 1663 Unde
3188 1610 3244 1664 in
3291 1610 3511 1668 laudem

1913 1708 2124 1762 sponsae
2156 1691 2208 1745 in
2240 1692 2478 1747 Canticis
2499 1694 2832 1748 canticorum
2847 1695 3064 1750 dicitur.
3091 1699 3320 1754 Collum
3340 1705 3506 1758 tuum

214 1786 372 1841 deant
430 1798 603 1854 Opera
644 1785 832 1838 vestra
887 1780 1048 1844 bona,
1092 1783 1148 1835 et
1204 1779 1525 1850 gloriﬁcent
1568 1778 1805 1833 Patrem
1836 1804 1890 1864 Β
1918 1782 2068 1836 sicut
2098 1781 2336 1835 monilia
2367 1782 2557 1849 (Cant.
2580 1799 2616 1850 ι,
2647 1784 2762 1848 10).
2790 1783 2935 1850 Quia
2965 1785 3106 1838 enim
3123 1786 3510 1845 sicutJacobus

213 1878 456 1930 vestrum
480 1872 572 1944 qui
595 1873 658 1926 in
678 1871 830 1926 catis
860 1873 943 1925 est
965 1869 1186 1938 (Matth.
1228 1883 1282 1935 ν,
1317 1871 1426 1935 16).

278 1963 452 2030 (Vers.
487 1961 602 2028 20.)
626 1959 767 2026 Quia
779 1957 1077 2028 prospexit
1108 1957 1174 2012 de
1207 1957 1432 2012 excelso
1460 1959 1655 2012 sancto
1669 1969 1766 2011 suo
1786 1973 1808 2018 ;

226 2053 494 2107 Dominus
524 2047 590 2103 de
608 2048 742 2104 creto
771 2047 834 2101 in
866 2049 1080 2101 terram
1113 2042 1362 2115 aspexit.

277 2143 361 2195 28.
385 2139 507 2193 Nec
559 2151 705 2191 nova
763 2141 886 2203 post
940 2133 1268 2188 creationem
1326 2140 1652 2199 nasceretur,
1712 2147 1812 2191 nec

214 2227 372 2282 Deum
405 2225 655 2297 perfecte
683 2231 990 2278 sanctorum
1017 2221 1128 2276 vita
1160 2220 1427 2286 laudaret,
1454 2220 1555 2274 nisi
1579 2235 1674 2289 per
1688 2235 1810 2274 eum

214 2331 303 2371 nos
329 2314 525 2369 divina
536 2310 810 2366 miseratio
837 2309 1180 2378 respexisset,
1204 2307 1293 2378 qui
1315 2323 1417 2363 nos
1433 2308 1484 2362 in
1507 2308 1808 2364 Nicodemo

217 2404 382 2460 denuo
404 2401 556 2456 nasci
587 2398 790 2465 docuit,
815 2398 944 2452 dum
977 2397 1134 2452 aliter
1162 2397 1217 2450 in
1234 2412 1463 2467 regnum
1481 2396 1683 2451 intrare
1703 2413 1810 2451 non

215 2508 382 2562 posse,
412 2490 602 2544 nisiex
632 2504 773 2558 aqua
793 2494 846 2542 et
866 2486 1060 2556 spiritu
1087 2500 1518 2553 renasceremur,
1542 2493 1808 2541 monstra-

215 2584 304 2634 vit.
336 2579 496 2636 Unde
524 2577 651 2632 dum
680 2575 947 2646 populum
973 2574 1267 2628 creandum
1301 2573 1591 2628 Dominum
1638 2574 1809 2628 bene-

212 2671 471 2725 dicturum
501 2681 619 2722 esse
640 2665 906 2734 propheta
936 2662 1180 2727 dixisset,
1204 2677 1422 2717 causam
1443 2661 1584 2715 illico
1605 2668 1810 2714 nostrae

211 2751 602 2822 redemptionis
630 2749 827 2817 adjecit
858 2749 1040 2818 (Joan.
1075 2747 1176 2815 ιιι),
1208 2746 1356 2801 velut
1385 2746 1474 2814 qui
1506 2745 1810 2799 indubitan-

211 2850 282 2898 ter
305 2843 491 2910 sciret,
524 2839 683 2894 aliter
711 2851 914 2892 novum
937 2851 1046 2890 non
1076 2851 1233 2905 pesse
1288 2834 1462 2889 creari
1519 2835 1804 2904 populum,

212 2931 306 2985 nisi
337 2928 605 2986 Dominus
633 2934 688 2981 et
713 2925 1028 2994 redemptor
1053 2931 1237 2978 noster
1279 2939 1454 2977 novus
1501 2923 1664 2976 homo
1705 2937 1807 2976 ve-

213 3019 340 3074 niret
369 3019 424 3072 in
451 3015 733 3070 mundum.
765 3011 880 3068 Nec
908 3027 1074 3083 posse
1105 3026 1432 3080 quemquam
1461 3009 1692 3078 amplius
1739 3009 1806 3064 de

211 3123 334 3162 vera
363 3106 545 3161 salute
565 3103 866 3174 ambigere,
897 3117 1020 3154 cum
1051 3099 1214 3154 sciret
1239 3099 1660 3167 omnipotentem
1693 3113 1804 3151 me-

213 3196 383 3251 dicum
417 3193 491 3248 ad
514 3190 758 3246 inﬁrmos
790 3187 1153 3244 descendisse.
1188 3188 1414 3242 Dicatur
1442 3202 1573 3257 ergo
1607 3203 1620 3238 :
1661 3187 1801 3254 Quia

212 3285 508 3355 prospexit
531 3281 598 3335 de
618 3279 840 3335 excelso
857 3281 1052 3333 sancto
1073 3292 1171 3331 suo
1185 3315 1198 3329 .
1222 3275 1532 3343 Prospicere
1549 3273 1802 3341 dicimur,

215 3388 328 3426 cum
359 3388 393 3426 a
422 3371 591 3440 longe
623 3367 909 3421 intuemur.
941 3363 1081 3432 Quia
1111 3379 1247 3434 ergo
1277 3379 1376 3432 per
1397 3362 1555 3416 Verbi
1587 3361 1684 3415 Dei
1716 3361 1806 3414 in-

214 3460 580 3516 carnationem
611 3471 719 3509 non
750 3454 918 3508 solum
950 3451 1161 3516 Judaea,
1194 3468 1314 3520 quae
1331 3452 1487 3520 juxta
1509 3465 1627 3504 esse
1647 3450 1806 3504 vide-

209 3551 374 3614 batur,
409 3546 508 3601 sed
533 3543 695 3600 etiam
720 3541 997 3614 gentilitas
1019 3539 1296 3594 liberanda
1338 3547 1458 3594 erat
1502 3554 1599 3608 per
1645 3539 1803 3594 mise-

207 3637 512 3701 ricordiam,
545 3641 688 3688 recte
714 3645 857 3685 nunc
876 3629 1072 3685 dicitur
1115 3647 1126 3682 :
1181 3627 1322 3694 Quia
1375 3628 1671 3699 prospexit
1731 3627 1800 3683 de

206 3726 422 3782 excelso
451 3726 650 3778 sancto
680 3735 800 3788 suo,
818 3719 974 3789 juxta
989 3717 1131 3788 quod
1152 3717 1410 3785 scriptum
1441 3723 1523 3770 est
1556 3732 1567 3770 :
1594 3718 1800 3771 Pacem

208 3816 273 3869 iis
301 3815 399 3886 qui
431 3815 616 3883 longe,
648 3813 703 3865 et
733 3823 928 3881 pacem
957 3807 1032 3861 iis
1088 3806 1184 3876 qui
1239 3821 1409 3877 prope
1465 3804 1682 3876 (Ephes.
1740 3819 1798 3874 ιι,

211 3904 307 3970 Π).
341 3902 684 3968 Redemptor
712 3904 1010 3951 nosternon
1029 3893 1300 3948 immerito
1318 3892 1563 3948 excelsus
1582 3892 1798 3960 dicitur,

207 3991 323 4060 quia
353 3987 657 4044 divinitatis
688 3985 807 4054 ejus
835 3982 1129 4053 potentiam
1162 3997 1321 4037 nemo
1369 3980 1673 4036 mortalium
1722 3980 1801 4034 in-

207 4083 420 4146 tuetur;
450 4077 688 4146 denique
704 4081 759 4128 et
785 4080 1004 4126 sanctus
1035 4070 1251 4140 exstitit,
1284 4074 1340 4124 et
1369 4069 1466 4124 Dei
1490 4085 1590 4138 per
1609 4070 1799 4124 omnia

207 4168 469 4223 fuit.Hinc
499 4179 736 4233 namque
765 4161 881 4231 ipse
908 4160 977 4215 de
1004 4175 1062 4214 se
1092 4159 1145 4214 in
1174 4157 1472 4229 Evangelio
1487 4157 1560 4213 ait
1585 4175 1596 4210 :
1625 4158 1796 4225 Quem

210 4258 346 4313 Deus
365 4253 774 4322 sanctiﬁcavit,
799 4253 854 4305 et
886 4249 1045 4304 misit
1063 4247 1420 4303 inmundum
1451 4247 1634 4316 (Joan.
1676 4262 1793 4316 va,

209 4348 308 4413 36).
323 4345 466 4399 Nam
500 4339 645 4410 quod
664 4338 760 4392 Dei
773 4353 874 4406 per
889 4335 1070 4391 omnia
1094 4333 1274 4403 fuerit,
1292 4334 1410 4403 ipse
1429 4341 1650 4389 testatur
1670 4349 1793 4390 cum

204 4432 294 4486 ait:
315 4433 438 4488 Non
467 4431 652 4502 potest
664 4427 844 4481 Filius
871 4441 906 4480 a
921 4425 1099 4495 seipso
1111 4425 1300 4493 facere
1321 4423 1644 4494 quidquam,
1676 4422 1795 4478 nisi

1832 3151 1880 3213 C

1919 1869 1992 1923 ait
2025 1887 2036 1922 :
2069 1869 2230 1924 Fides
2258 1870 2383 1924 sine
2412 1869 2670 1940 operibus
2684 1875 2909 1928 mortua
2939 1878 3023 1930 est
3044 1874 3322 1946 (Jacob.n,
3373 1881 3462 1947 26)
3494 1886 3519 1943 ς’

1921 1957 2070 2027 quasi
2101 1957 2300 2011 collum
2329 1973 2543 2028 sponsa)
2599 1959 2893 2014 monilibus
2950 1962 3332 2034 circumdatur,
3383 1968 3514 2022 dum

1919 2044 2059 2099 ﬁdes
2089 2054 2285 2100 sanctae
2314 2046 2507 2100 animae
2537 2047 2791 2116 operibus
2811 2048 3113 2104 decoratur.
3131 2051 3364 2108 Gemunt
3384 2069 3516 2110 con-

1922 2132 2064 2188 tinue
2093 2132 2415 2202 compediti,
2449 2133 2574 2203 quia
2600 2134 2729 2188 dum
2759 2136 2930 2190 exsilii
2961 2138 3040 2191 sui
3065 2140 3311 2196 tenebras
3358 2143 3518 2199 electi

1920 2221 2279 2289 considerant,
2314 2223 2384 2276 ad
2405 2222 2696 2277 claritatem
2728 2223 2950 2279 visionis
2983 2227 3081 2281 Dei
3139 2228 3513 2287 indesinenter

1920 2310 2220 2379 suspirant.
2259 2311 2369 2366 Sed
2394 2326 2581 2365 eorum
2611 2312 2846 2381 gemitus
2885 2329 3224 2384 nequaquam
3250 2319 3394 2372 Deus
3422 2336 3517 2375 au-

1920 2398 2078 2467 diret,
2106 2399 2209 2453 nisi
2243 2399 2600 2455 mediatorem
2633 2401 2792 2455 nobis
2824 2402 3017 2456 Filium
3048 2421 3206 2458 suum
3253 2407 3513 2464 dedisset.

1919 2487 2073 2546 Unde
2107 2487 2239 2542 dicit
2265 2489 2544 2558 apostolus
2575 2506 2588 2542 :
2622 2491 2730 2544 Per
2746 2507 2908 2561 quem
2927 2508 3212 2549 accessum
3240 2496 3508 2554 habemus

1919 2577 1990 2631 ad
2019 2579 2269 2647 Patrem,
2295 2581 2351 2632 et
2381 2580 2498 2648 ipse
2527 2581 2611 2633 est
2642 2581 2975 2650 prapitiatio
3002 2598 3102 2651 pro
3122 2586 3367 2653 peccatis
3387 2602 3511 2642 nos-

1921 2667 2026 2719 tris
2044 2665 2283 2736 (Ephes.
2316 2679 2374 2728 ιι,
2410 2666 2518 2735 18).
2555 2667 2772 2720 Constat
2802 2683 2933 2738 ergo
2965 2671 3092 2740 quia
3123 2672 3322 2728 nullius
3354 2675 3509 2730 audi-

1916 2761 1997 2807 ret
2025 2753 2290 2824 gemitum
2323 2753 2486 2821 Deus,
2518 2753 2619 2807 nisi
2648 2754 2736 2808 ille
2767 2756 3019 2824 venisset,
3071 2774 3171 2827 per
3227 2776 3388 2830 quem
3445 2764 3516 2820 ad

1917 2841 2128 2895 Patrem
2159 2840 2419 2894 habemus
2449 2855 2741 2895 accessum.
2776 2843 2852 2897 Ut
2898 2846 3138 2900 solveret
3182 2848 3328 2914 ﬁlios
3357 2853 3513 2907 inte-

1915 2933 2281 2999 remptorum.
2344 2929 2462 2982 Filii
2518 2929 2966 3000 interemptorum
3025 2941 3145 2988 sunt
3210 2936 3505 2994 imitatores

1914 3025 2228 3084 martyrum,
2253 3031 2438 3070 eorum
2471 3017 2696 3083 scilicet,
2725 3019 2815 3088 qui
2847 3019 2930 3074 vel
2951 3036 3049 3088 pro
3072 3029 3391 3078 testamento
3412 3027 3508 3081 Dei

1913 3119 2004 3157 sua
2025 3119 2258 3172 corpora
2279 3105 2632 3170 tradiderunt,
2667 3114 2718 3158 et
2738 3107 2789 3158 in
2808 3108 3073 3177 sanguine
3093 3111 3232 3175 Agni
3266 3112 3509 3168 laverunt

1911 3191 2076 3245 stolas
2091 3207 2215 3245 suas
2239 3192 2385 3258 (Gal.
2413 3194 2467 3259 v)
2494 3194 2611 3250 :vel
2632 3193 2720 3261 qui
2744 3195 2986 3248 membra
3009 3214 3104 3250 sua
3135 3215 3296 3267 super
3312 3207 3504 3256 terram

1909 3279 2312 3342 mortiﬁeantes,
2347 3295 2564 3334 carnem
2595 3298 2745 3334 suam
2775 3299 2897 3336 cum
2956 3285 3096 3337 vitiis
3135 3296 3188 3339 et
3243 3293 3502 3360 concupi-

1909 3369 2121 3423 scentiis
2151 3367 2561 3425 cruciﬁxerunt.
2603 3371 2886 3424 Possumus
2913 3389 3125 3444 quoque
3158 3391 3252 3442 per
3277 3393 3507 3448 compe-

1908 3456 2048 3511 ditos
2081 3473 2174 3512 eos
2201 3458 2449 3526 accipere
2478 3458 2571 3528 qui
2619 3459 2966 3514 mortalitatis
3024 3470 3077 3515 et
3134 3466 3504 3532 passibilitatis

1906 3546 2137 3600 vinculis
2165 3561 2223 3600 se
2248 3545 2500 3600 astrictos
2533 3547 2862 3618 intelligunt,
2897 3557 2949 3604 et
2975 3550 3206 3605 miseriis
3254 3555 3504 3613 humanm

1905 3634 2245 3690 necessitatis
2276 3634 2463 3688 amicti
2494 3634 2862 3690 indesinenter
2892 3647 3141 3707 gemunt.

1976 3724 2152 3793 (Vers.
2184 3724 2300 3793 22.)
2335 3724 2401 3780 Ut
2414 3724 2845 3779 annuntientin
2866 3724 3007 3782 Sion
3028 3742 3234 3799 nomen
3256 3731 3498 3806 Domini,

1904 3814 1960 3866 et
1993 3811 2217 3866 laudem
2245 3811 2365 3880 ejus
2397 3813 2454 3865 in
2472 3810 2817 3866 Jerusalem.

1971 3899 2068 3954 30.
2108 3899 2279 3953 Soluti
2307 3915 2338 3952 a
2376 3906 2718 3968 peccatorum
2743 3901 2989 3968 vinculis,
3033 3919 3098 3960 eo
3124 3908 3300 3980 magis
3329 3911 3382 3965 in
3403 3914 3502 3970 Ec-

1901 3985 2066 4040 clesia
2094 4001 2290 4040 nomen
2316 3985 2414 4040 Dei
2446 3987 2740 4052 annuntiat,
2775 4004 2880 4057 quo
2937 3990 3015 4044 eis
3071 3992 3359 4050 dimissum
3415 4010 3498 4055 est

1901 4072 1970 4126 de
1990 4078 2333 4140 peccatorum
2365 4069 2676 4125 excessibus
2707 4072 2853 4141 quod
2884 4072 3163 4129 timebant.
3198 4078 3335 4145 Quid
3364 4099 3494 4139 vero

1899 4158 2044 4214 aliud
2071 4166 2154 4212 est
2182 4173 2384 4212 nomen
2414 4157 2629 4212 Domini
2651 4159 2987 4229 annuntiare,
3017 4163 3122 4216 nisi
3155 4167 3245 4220 Dei
3268 4168 3490 4224 miseri-

1899 4247 2138 4302 cordiam
2169 4245 2223 4300 in
2253 4245 2495 4302 Ecclesia
2511 4246 2810 4316 praedicare
2831 4249 2858 4299 ‘?
2880 4249 3232 4306 Dominorum
3255 4255 3398 4310 enim
3413 4267 3499 4314 est

1900 4335 2170 4390 misereri.
2190 4334 2326 4388 Hinc
2347 4350 2576 4404 namque
2587 4335 2654 4388 de
2668 4335 2878 4391 Christo
2891 4337 3086 4392 dicitur
3109 4359 3120 4394 :
3151 4344 3493 4403 Benedictus

1898 4425 1994 4495 qui
2025 4424 2178 4478 venit
2199 4424 2502 4478 innomine
2537 4424 2760 4479 Domini
2801 4425 3021 4494 (Matth.
3073 4445 3189 4498 χχι,
3225 4448 3297 4487 ex
3334 4436 3487 4492 Psal.

199 4520 330 4592 quod
351 4500 561 4575 viderit
580 4518 811 4572 Patrem
839 4515 1149 4584 lactentem
1179 4512 1368 4581 (Joan.
1397 4527 1451 4577 v,
1486 4511 1596 4576 19).
1633 4511 1786 4566 Idem
1815 4500 1869 4560 D
1899 4527 2064 4578 cxvn,
2096 4514 2184 4566 26.
2209 4510 2425 4566 Scimus
2456 4511 2600 4566 enim
2632 4512 2760 4583 quia
2790 4515 3061 4571 mediator
3089 4518 3188 4573 Dei
3219 4529 3271 4575 et
3328 4523 3499 4579 homi—

200 4617 366 4664 autem
399 4607 493 4678 qui
509 4603 765 4661 excelsus
784 4602 1018 4667 exstitit,
1050 4601 1168 4671 ipse
1197 4599 1360 4654 etiam
1397 4599 1601 4654 malum
1638 4597 1735 4653 fuit
1767 4615 1780 4661 ;

198 4696 257 4751 ed
303 4695 556 4752 excelsus
609 4697 830 4763 propter
908 4688 1316 4754 sublimitatem,
1384 4687 1578 4742 coelum
1658 4701 1787 4743 vero

201 4769 357 4837 528
381 4790 604 4855 propter
619 4779 862 4836 divinam
894 4776 1356 4832 inhabitationem.
1405 4775 1468 4829 In
1507 4792 1568 4832 eo
1603 4778 1780 4843 enim,

199 4872 326 4928 sicut
353 4879 582 4927 testatur
622 4866 932 4938 Apostolus,
982 4865 1200 4921 habitat
1263 4865 1447 4920 omnis
1490 4864 1788 4936 plenitudo

201 4956 909 5028 divinitatiscorporaliler
923 4954 1127 5025 (Colos.
1157 4969 1216 5019 ιι,
1248 4954 1326 5022 9).
1361 4951 1423 5005 Et
1445 4968 1543 5022 per
1557 4953 1791 5022 prophe-

203 5058 304 5104 tam
332 5063 554 5120 quoque
597 5044 861 5101 Dominus
907 5041 1010 5096 ait:
1071 5040 1289 5096 Caelum
1329 5039 1474 5095 mihi
1509 5041 1664 5096 sedes
1705 5043 1792 5096 est

204 5137 325 5206 (Isa.
347 5132 728 5205 vat,t).Quaa
746 5139 926 5187 autem
946 5128 1122 5198 major
1140 5129 1299 5183 sedes
1314 5128 1410 5182 Dei
1425 5144 1586 5199 quam
1610 5127 1793 5183 Chris-

208 5233 283 5280 tus
309 5228 338 5278 εἰ
359 5225 569 5280 Caelum
588 5221 755 5294 igitur
768 5219 872 5274 Dei
886 5218 1124 5272 Christus
1144 5225 1242 5286 est,
1269 5216 1339 5272 de
1390 5233 1497 5288 quo
1529 5216 1796 5272 Dominus

204 5312 256 5368 in
272 5323 467 5370 terram
480 5311 715 5383 aspexit,
734 5317 924 5364 utcum
943 5305 1294 5379 peccantibus
1314 5305 1623 5377 quibusque
1642 5322 1798 5376 spem

206 5417 298 5472 per
323 5418 452 5459 eum
469 5399 651 5457 venias
675 5397 879 5466 tribuit,
897 5395 965 5452 de
986 5393 1194 5452 cceloin
1223 5400 1426 5450 terram
1471 5394 1701 5466 aspexit,
1741 5403 1799 5453 ut

207 5493 400 5547 cmlum
424 5489 573 5545 ﬁeret
603 5488 694 5558 qui
731 5493 876 5542 terra
914 5483 1030 5541 fuit.
1059 5481 1218 5553 Quod
1259 5490 1442 5555 aperte
1483 5483 1798 5552 ostenditur,

207 5595 326 5638 cum
342 5579 496 5637 illico
515 5573 891 5649 subjungitur:

1898 4616 2026 4654 num
2059 4601 2221 4654 homo
2243 4599 2482 4654 Christus
2497 4601 2649 4654 Iesus
2674 4601 2844 4670 judex
2875 4612 2953 4658 est
2985 4606 3204 4662 humani
3246 4614 3500 4681 generis;

1893 4687 2052 4756 juxta
2068 4685 2211 4756 quod
2238 4687 2498 4756 scriptum
2533 4692 2616 4742 est
2650 4692 2860 4746 :Pater
2891 4709 3007 4748 non
3037 4695 3267 4764 judicat
3314 4717 3504 4772 quem-

1900 4791 2088 4847 quam,
2108 4775 2202 4830 sed
2218 4791 2380 4830 omne
2395 4775 2685 4846 judicium
2703 4778 2856 4834 dedit
2877 4782 3018 4836 Filio
3043 4783 3228 4851 (Joan.
3280 4803 3331 4852 v,
3387 4792 3498 4858 22).

1902 4863 2005 4931 Qui
2020 4863 2062 4916 si
2085 4863 2142 4916 in
2170 4862 2345 4932 primo
2367 4863 2598 4918 adventu
2630 4866 2867 4921 venisset
2902 4867 2957 4922 in
3001 4873 3223 4926 nomine
3272 4874 3495 4945 judicis,

1901 4965 2060 5006 nemo
2071 4950 2318 5019 profecto
2336 4950 2591 5022 foret,qui
2611 4968 2823 5022 poenam
2847 4963 3064 5012 internae
3085 4960 3338 5014 evaderet
3354 4962 3506 5015 dam-

1903 5037 2162 5094 nationis.
2189 5037 2390 5093 Omnes
2409 5039 2583 5107 enim,
2612 5041 2757 5096 utait
2791 5043 3099 5112 Apostolus,
3119 5055 3503 5116 peccaverunt

1907 5131 1964 5183 et
1981 5124 2344 5198 egentgloria
2374 5126 2480 5183 Dei
2500 5127 2690 5198 (Rom.
2713 5145 2793 5196 ιιι,
2817 5131 2932 5199 13).
2973 5131 3131 5187 Venit
3161 5150 3292 5206 ergo
3313 5135 3365 5189 in
3396 5152 3500 5192 no-

1905 5216 2053 5271 mine
2077 5214 2314 5281 Domini,
2348 5215 2438 5284 qui
2472 5216 2621 5272 venit
2651 5224 2708 5271 ut
2755 5227 2980 5287 peccata
3019 5220 3338 5290 dimitteret,
3397 5241 3506 5280 non

1904 5313 1962 5359 ut
1989 5311 2298 5374 peccatores
2327 5302 2629 5359 damnaret.
2664 5304 2843 5372 Venit,
2875 5305 3118 5375 inquam,
3173 5309 3231 5363 in
3285 5312 3506 5369 nomine

1908 5392 2124 5448 Domini
2143 5391 2342 5461 primo,
2377 5390 2467 5461 qui
2497 5391 2551 5444 in
2581 5390 2800 5445 nomine
2822 5391 3025 5459 judicis
3055 5395 3353 5454 inadventu
3404 5418 3503 5458 ve-

1911 5481 2023 5537 niet
2053 5479 2317 5536 secundo.
2354 5465 2403 5530 5
2422 5464 2520 5530 39
2551 5478 2611 5531 In
2636 5477 2766 5533 Sion
2797 5495 2928 5552 ergo
2956 5497 3154 5538 nomen
3182 5487 3511 5547 Dominian-

1913 5570 2179 5638 nuntiam,
2213 5566 2304 5642 qui
2337 5565 2436 5623 Dei
2469 5565 2897 5626 misericordiam
2917 5573 3138 5646 populis
3170 5579 3506 5656 praedicam,
