4034 6166
533 341 637 394 623

1734 328 1986 387 SANCTI
2017 328 2365 385 GREGORJI
2396 330 2618 386 MAGNI

3704 341 3794 398 694

528 458 784 530 Sequitur
813 459 901 514 :Et
924 457 1148 515 laudem
1160 457 1281 527 eius
1299 457 1363 513 in
1378 454 1906 513 Jerusalem.Unam
1927 453 2128 510 Eccle-
2157 453 2214 516 A
2235 457 2417 526 (Joan.
2451 459 2559 524 xv).
2597 456 2779 513 Virtus
2808 473 3040 529 namque
3068 458 3262 515 Christi
3287 466 3369 516 est
3410 460 3581 533 gloria
3629 480 3795 519 resur-

529 549 665 604 siam
695 555 919 619 propter
946 546 1195 603 diversas
1211 560 1401 601 causas
1457 545 1689 602 diversis
1728 544 1971 614 appellat
2017 559 2123 598 no-

523 636 762 692 minibus
794 654 806 689 :
837 636 969 692 Sion
1000 651 1121 691 eam
1164 635 1470 704 nominans,
1519 634 1658 690 sicut
1718 649 1840 704 quae
1898 632 1966 688 ad
2024 633 2135 687 alta

524 725 821 781 sustollitur
852 724 1190 780 :Jerusalem
1222 739 1370 792 vero,
1404 739 1525 794 quae
1555 723 1705 795 quasi
1731 724 1850 793 jam
1890 720 2124 777 mortifi-

526 815 667 870 catis
694 813 966 880 hostibus,
999 829 1180 868 veram
1209 813 1264 867 in
1295 828 1352 868 se
1379 828 1566 881 pacem
1598 811 1882 867 intueturr.
1917 812 2131 865 Notan-

532 903 664 959 dum
696 918 829 959 vero
862 902 989 973 quia
1017 918 1216 957 nomen
1246 900 1465 956 Domini
1487 901 1638 971 prius
1679 900 2132 965 annnntiandum,

521 999 710 1064 postea
769 1007 901 1048 vero
981 990 1158 1061 potuit
1213 1006 1333 1046 esse
1379 989 1732 1045 laudandum.
1788 989 2133 1060 Agnitionem

526 1081 669 1136 enim
700 1079 934 1137 nominis
964 1080 1081 1133 laus
1129 1079 1372 1149 sequitur
1416 1078 1785 1134 confessionis.
1846 1077 2135 1145 Quomodo

524 1169 669 1225 enim
700 1168 922 1224 credent
950 1168 1002 1222 ei
1031 1183 1189 1237 quem
1219 1183 1326 1222 non
1355 1167 1831 1237 audierunt(Rom.
1856 1168 1911 1235 x)
1932 1166 1959 1217 ἢ
1982 1162 2116 1234 Quae

522 1264 701 1314 autem
732 1257 913 1329 major
936 1256 1053 1311 laus
1082 1256 1202 1324 Dei,
1235 1272 1395 1326 quam
1417 1256 1562 1326 quod
1592 1255 1886 1310 mundusin
1917 1254 2120 1309 unitate

523 1345 650 1402 ﬁdei
680 1345 960 1414 collectus,
983 1360 1092 1400 non
1121 1343 1298 1400 solum
1330 1360 1496 1415 opera
1524 1344 1645 1413 ejus
1667 1342 1966 1410 annuntiat,
2023 1341 2119 1396 sed

522 1436 689 1492 etiam
717 1433 828 1492 vita
854 1448 978 1490 eum
1003 1441 1056 1489 et
1083 1433 1339 1504 operibus
1367 1433 1553 1488 laudat
1581 1434 1610 1484 ‘2
1664 1433 1824 1488 Unde
1889 1439 1945 1487 et
1997 1430 2121 1485 sub-

527 1524 674 1580 ditur
706 1541 720 1578 :

595 1612 775 1683 (Vers.
813 1612 928 1681 23.)
961 1613 1023 1667 In
1054 1611 1436 1667 conveniendo
1456 1611 1691 1684 populos
1718 1608 1782 1666 in
1813 1626 2014 1678 unum,
2063 1613 2122 1665 et

531 1717 691 1772 reges
705 1704 773 1756 ut
799 1700 1053 1756 serviant
1084 1700 1340 1757 Domino.

2238 545 2527 602 rectionnis
2549 546 2694 616 ejus.
2733 546 2879 603 Licet
2907 548 3048 603 enim
3077 564 3246 620 opera
3276 547 3457 604 fecerit
3485 567 3600 620 quae
3651 569 3794 609 nemo

2240 633 2377 688 alius
2409 634 2557 699 fecit,
2577 642 2630 690 et
2643 635 3023 692 miraculorum
3041 637 3195 710 signa
3216 637 3506 693 divinitatis
3525 640 3634 709 ejus
3654 640 3797 697 ﬁdem

2240 730 2496 789 astruant,
2530 724 2787 779 credendi
2847 733 3025 781 tamen
3092 727 3147 780 in
3199 742 3320 781 eum
3368 727 3512 782 nulla
3554 732 3801 797 potentior

2238 820 2329 866 aut
2354 812 2739 868 condecentior
2767 814 2854 868 via
2884 814 3100 882 exstitit,
3130 830 3291 887 quam
3325 815 3466 885 quod
3496 825 3722 872 mortuus
3755 827 3801 874 et

2239 902 2480 972 sepultus
2510 900 2662 955 tertia
2691 902 2781 957 die
2806 903 3121 958 resurrexit.
3173 904 3233 956 In
3292 903 3381 958 via
3435 919 3562 975 ergo
3615 906 3803 962 virtutis

2238 990 2337 1044 Dei
2369 989 2661 1059 respondet
2688 990 2952 1059 Ecclesia,
2974 1008 3097 1046 cum
3117 991 3187 1047 de
3206 991 3383 1064 gloria
3423 996 3803 1050 resurrectionis

2239 1078 2435 1133 Christi
2465 1078 2597 1132 nihil
2627 1093 2876 1133 asserens
2912 1080 3249 1152 ambiguum,
3282 1080 3414 1134 nihil
3444 1082 3667 1135 sentiens
3708 1084 3803 1138 ob-

2225 1184 2458 1233 scurum,
2491 1168 2669 1221 studet
2695 1168 2747 1221 in
2773 1169 3032 1223 membris
3076 1169 3188 1224 suis
3237 1168 3451 1225 Christo
3506 1184 3603 1237 per
3640 1170 3802 1242 bapti-

2222 1272 2404 1312 smum
2439 1242 2604 1308 530
2631 1263 2682 1311 et
2710 1258 3084 1325 paenitentiam
3112 1262 3401 1330 commori,
3434 1270 3484 1317 et
3504 1278 3602 1333 per
3648 1262 3802 1318 novi-

2227 1346 2392 1400 tatem
2423 1344 2550 1399 vitae
2596 1344 2867 1400 Christum
2913 1346 3157 1416 induens,
3217 1348 3393 1404 eidem
3439 1351 3801 1406 conviviﬁcari.

2227 1434 2362 1490 Cum
2393 1433 2540 1488 enim
2570 1433 2704 1487 nihil
2736 1432 2790 1487 in
2821 1450 2881 1489 se
2910 1434 3178 1503 lucidum,
3202 1437 3337 1491 nihil
3373 1437 3530 1494 vitale
3583 1441 3794 1510 conspi-

2230 1522 2359 1587 ciat,
2383 1538 2414 1576 a
2434 1521 2548 1576 solo
2580 1522 2692 1576 Deo
2718 1537 2775 1577 se
2802 1530 2956 1592 putat
2982 1539 3144 1593 posse
3170 1525 3446 1595 acquirere
3495 1535 3545 1582 et
3581 1527 3803 1583 luculen-

2230 1617 2404 1665 tarum
2435 1612 2693 1666 virtutum
2722 1610 3130 1680 plenitudinem,
3182 1621 3235 1668 et
3290 1614 3644 1670 desideratam
3696 1617 3807 1673 vitae

2231 1698 2428 1754 indeﬁc
2448 1698 2587 1753 entis
2605 1698 2980 1768 aeternitatem,
3015 1717 3133 1772 qua:
3162 1702 3325 1756 etiam
3352 1703 3559 1757 nonnisi
3578 1720 3669 1774 per
3686 1702 3806 1776 gra-

593 1788 766 1858 (Vers.
799 1789 911 1856 24.)
938 1787 1240 1857 Respondit
1272 1789 1324 1843 ei
1341 1789 1401 1844 in
1424 1790 1514 1844 via
1530 1788 1909 1854 virtutisauae,
1931 1787 2125 1859 pauci-
2155 1811 2209 1871 Β
2239 1788 2374 1842 tium
2405 1786 2507 1841 Dei
2533 1794 2711 1856 potest
2730 1788 3012 1844 advertere
3031 1797 3163 1860 quot
3192 1790 3497 1846 siobnoxia
3511 1790 3805 1861 defectibus,

528 1881 707 1934 tatem
729 1877 952 1933 dierum
979 1892 1233 1934 meorum
1264 1877 1474 1932 nuntia
1496 1876 1660 1932 mihi.

596 1965 688 2022 3i.
719 1967 782 2021 In
812 1981 979 2020 unum
1007 1973 1374 2021 convenerunt
1401 1965 1589 2036 papuli
1620 1965 1675 2018 in
1732 1963 1975 2019 Ecclesia
2025 1979 2125 2033 per

536 2061 708 2111 totum
735 2053 924 2110 orbem
959 2052 1179 2123 diﬁ‘usa,
1215 2068 1338 2123 quae
1352 2052 1622 2108 Christum
1635 2052 1806 2108 credit
1823 2068 1942 2108 esse
1956 2049 2124 2105 ﬁlium

525 2145 646 2202 Dei.
680 2145 760 2200 De
781 2144 886 2198 hac
916 2143 1116 2198 unitate
1144 2141 1275 2197 dicit
1302 2142 1621 2212 Apostolus:
1648 2143 1800 2198 Unus
1827 2143 1988 2208 Deus,
2003 2156 2122 2195 una

517 2234 674 2303 ﬁdes,
705 2249 887 2290 unum
918 2231 1196 2304 baptisma
1248 2229 1470 2302 (Ephes.
1524 2245 1598 2295 tv,
1647 2229 1724 2297 ὅ).
1774 2230 1943 2284 Extra
1980 2231 2122 2284 hanc

518 2337 681 2379 nemo
710 2321 894 2377 laudat
914 2320 1110 2387 Deum,
1129 2333 1291 2374 nemo
1307 2318 1609 2373 annuntiat.
1629 2318 1779 2373 Hanc
1798 2317 2122 2388 designabat

520 2410 616 2467 ille
630 2426 770 2465 unus
786 2408 877 2479 qui
906 2415 1033 2478 post
1061 2406 1352 2462 motionem
1381 2421 1536 2477 aquae
1554 2405 1605 2459 in
1626 2405 1887 2475 piscinam
1906 2406 2122 2459 descen-

527 2500 663 2554 dens
682 2496 975 2553 sanabatur
1015 2497 1200 2563 (Joan.
1222 2495 1302 2564 v):
1326 2495 1499 2549 Nemo
1515 2509 1750 2563 namque
1761 2502 1841 2548 est
1868 2494 1960 2564 qui
1978 2510 2123 2552 vera:

526 2587 703 2658 possit
726 2584 966 2639 invenire
993 2582 1180 2637 salutis
1232 2582 1555 2651 remedium,
1593 2581 1695 2636 nisi
1746 2583 1815 2636 ad
1863 2584 2124 2639 unitatem

528 2673 659 2730 ﬁdei
672 2673 870 2740 veniat,
890 2680 941 2726 et
958 2670 1544 2743 persanctilicationem
1567 2670 1689 2726 vita:
1718 2671 1987 2727 Christum
2036 2673 2123 2726 in-

529 2764 726 2831 duens,
744 2775 910 2815 unum
928 2776 1051 2816 cum
1066 2775 1130 2815 eo
1148 2758 1257 2813 ﬁat.
1274 2759 1407 2813 Ilinc
1420 2774 1654 2831 namque
1674 2776 1769 2830 per
1779 2761 2124 2832 semetipsam

539 2851 753 2907 Veritas
769 2849 843 2904 ait
864 2866 876 2902 :
895 2849 1017 2904 Have
1040 2852 1122 2903 est
1146 2850 1263 2902 vita
1279 2851 1522 2915 (eterna,
1555 2852 1621 2902 ut
1676 2854 2018 2919 cognoscant
2074 2855 2128 2905 te

525 2941 714 2999 solum
744 2953 939 2994 rerum
970 2936 1165 3004 Deum,
1191 2940 1247 2991 et
1278 2952 1441 3007 quem
1469 2937 1677 2991 misisti
1706 2938 1895 2992 Jesam
1929 2937 2129 2994 Chris-

531 3033 656 3084 tum
689 3027 872 3095 (Joan.
894 3040 1047 3091 xvux,
1069 3025 1145 3087 3).
1171 3025 1270 3078 Per
1283 3039 1460 3095 reges,
1483 3040 1578 3078 eos
1597 3024 1869 3096 intelligas
1894 3025 1988 3096 qui
2017 3027 2133 3085 ani-

526 3130 739 3171 morum
756 3127 977 3168 suorum
994 3119 1172 3167 motus
1193 3112 1487 3165 secundum
1510 3111 1609 3166 Dei
1627 3112 1953 3166 voluntatem
1996 3114 2130 3168 diri-

526 3211 682 3277 gnnt,
705 3202 888 3271 eisque
907 3215 1098 3271 regum
1120 3213 1273 3253 more
1302 3198 1667 3267 dominantur,
1691 3198 1817 3253 dum
1836 3200 1890 3254 in
1907 3202 2137 3256 rationis

529 3290 822 3349 eminentia
843 3287 1061 3361 quasiin
1076 3284 1249 3357 regali
1266 3286 1404 3340 solio
1420 3286 1796 3355 praesidentes,
1815 3303 2127 3360 repugnan-

529 3382 610 3436 tia
631 3392 865 3452 quaeque
880 3375 1135 3431 servituti
1162 3372 1480 3443 subjiciunt,
1513 3381 1566 3428 et
1607 3374 1813 3444 pacatis
1852 3377 2127 3444 omnibus,

531 3467 801 3538 aequitatis
821 3466 970 3536 leges
986 3461 1518 3529 etinnocentiazjura,
1539 3461 1591 3515 in
1602 3463 1797 3532 seipsis
1817 3463 2127 3534 disponunt,

544 3557 661 3611 sive
685 3554 849 3609 etiam
866 3569 960 3607 eos
975 3551 1066 3624 qui
1092 3549 1314 3621 p0pulis
1343 3550 1607 3620 praefecti,
1631 3550 1684 3605 in
1701 3568 1880 3606 rerum
1896 3554 2132 3609 culmine

533 3652 676 3699 stare
704 3642 976 3709 videntur,
999 3640 1127 3695 dum
1150 3638 1353 3694 divitiis
1364 3637 1607 3708 affluunt,
1632 3640 1928 3697 honoribus
1948 3657 2136 3698 cumu-

533 3732 735 3799 lantur,
766 3729 969 3784 terreni
1005 3726 1365 3800 praeeminent
1394 3726 1766 3784 dominatione
1796 3729 2031 3799 imperii,
2081 3739 2136 3786 et

536 3819 713 3893 gloria
741 3817 1031 3873 mundanae
1048 3815 1305 3885 potentiae
1327 3815 1676 3884 extolluntur,
1710 3833 1817 3873 non
1836 3817 2133 3873 absurdum

534 3903 832 3970 videbitur,
865 3916 991 3957 cum
1035 3908 1089 3956 et
1117 3899 1195 3954 illi
1224 3899 1277 3953 in
1311 3900 1429 3970 ipsa
1446 3899 1693 3955 cordium
1713 3916 1932 3957 suorum
1954 3903 2133 3958 direc-

536 3994 683 4050 tione
712 3990 945 4047 Domino
974 3988 1232 4054 serviant,
1266 3994 1318 4043 et
1345 3987 1433 4042 isti
1484 3988 1765 4060 religionis
1818 3990 2137 4047 Christianae

536 4082 860 4139 documenta
889 4086 1152 4146 tenentes,
1201 4077 1518 4132 orthodoxae
1575 4076 1701 4133 ﬁdei
1748 4078 1886 4150 jugo
1943 4079 2138 4135 mentis

535 4169 683 4228 colla
711 4174 1036 4239 supponunt.

612 4263 699 4316 32.
722 4260 785 4312 In
812 4257 918 4312 hoc
941 4256 1106 4327 igitur
1132 4255 1458 4326 populorum
1515 4263 1569 4310 et
1624 4270 1816 4327 regum
1869 4263 2138 4311 conventu

545 4348 773 4419 quilibet
800 4344 977 4399 ﬁdelis
1008 4343 1285 4413 respondit
1315 4345 1428 4398 Deo
1461 4344 1514 4397 in
1536 4342 1617 4414 (α)
1647 4344 1733 4399 via
1764 4343 2005 4399 veritatis
2035 4359 2139 4414 po-

544 4438 694 4501 situs,
727 4433 984 4489 videlicet
1009 4432 1063 4486 in
1092 4431 1325 4500 Christo,
1359 4433 1450 4501 qui
1480 4433 1624 4487 viam
1655 4448 1713 4487 se
1742 4432 1897 4488 nobis
1934 4447 2140 4503 propo-

2238 1884 2369 1947 quot
2407 1874 2803 1930 inﬁrmitatibus
2858 1876 3092 1945 subdita,
3143 1886 3271 1949 quot
3327 1878 3556 1934 miseriis
3606 1880 3805 1939 vallata.

2236 1963 2475 2032 Ideoque
2506 1963 2636 2017 dicit
2667 1977 2680 2017 :
2718 1964 3071 2019 Paucitatem
3088 1965 3309 2022 dierum
3342 1982 3591 2023 meorum
3613 1973 3801 2025 nuntia

2236 2051 2400 2107 mihi.
2434 2050 2599 2120 Quasi
2622 2051 2765 2107 dicat
2798 2071 2809 2106 :
2843 2051 2947 2120 Qui
2968 2068 3030 2107 ex
3063 2053 3202 2108 meis
3228 2053 3433 2109 viribus
3456 2056 3556 2112 hoc
3573 2057 3807 2128 consequi

2232 2155 2341 2195 non
2369 2140 2545 2208 valeo,
2577 2148 2635 2193 ut
2660 2156 2822 2211 quam
2851 2141 3011 2210 pauci
3031 2141 3140 2196 sint
3195 2141 3313 2197 dies
3354 2143 3462 2198 mei
3509 2144 3806 2217 intelligam,

2232 2228 2319 2284 fac
2348 2237 2403 2282 ut
2430 2245 2530 2298 per
2555 2228 2784 2300 gratiam
2818 2235 2921 2283 tuae
2952 2228 3342 2301 inspirationis,
3372 2239 3426 2287 et
3454 2234 3699 2289 virtutum
3715 2232 3809 2289 de-

2231 2308 2449 2385 fectum,
2482 2324 2536 2372 et
2558 2316 2719 2385 hujus
2748 2316 2872 2372 vitae
2889 2317 3209 2373 brevitatem
3228 2334 3544 2391 agnoscam,
3566 2329 3809 2391 quatenus

2230 2406 2355 2462 vita:
2382 2406 2543 2474 hujus
2562 2406 2808 2461 velocem
2837 2406 3507 2478 consideranstransitum,
3536 2409 3728 2464 nullum
3747 2409 3796 2464 in

2232 2493 2403 2550 corde
2421 2493 2651 2548 sentiam
2682 2494 2751 2549 de
2773 2509 2958 2549 amore
2985 2494 3132 2549 illius
3148 2494 3424 2550 affectum.

2302 2581 2484 2651 (Vers.
2518 2584 2631 2652 25.)
2662 2583 2738 2637 Ne
2768 2597 2985 2638 revoces
3004 2598 3090 2638 me
3103 2584 3164 2638 in
3194 2583 3431 2640 dimidio
3446 2586 3807 2644 dierummeo-

2234 2685 2384 2739 rum,
2414 2670 2477 2725 in
2499 2671 2864 2739 generatione
2890 2675 2949 2726 et
2970 2675 3400 2743 generationem
3429 2678 3570 2731 anni
3598 2678 3699 2732 tui.

2310 2761 2396 2813 33.
2456 2758 2557 2812 Per
2591 2757 2876 2813 dimidium
2916 2759 3150 2825 dierum,
3194 2761 3653 2833 imperfectionem
3695 2763 3807 2819 vita

2237 2846 2556 2915 accipimus,
2590 2848 2645 2900 in
2669 2863 2779 2918 qua
2807 2862 2864 2902 se
2894 2845 3072 2902 ﬁdelis
3102 2849 3332 2921 quisque
3362 2868 3471 2906 non
3491 2852 3725 2907 revocari
3744 2851 3807 2906 de

2238 2932 2597 3002 mundihujus
2616 2935 3033 3004 exoratexsilio,
3057 2952 3126 2991 ne
3179 2937 3223 2991 si
3272 2938 3331 2992 in
3375 2939 3463 2993 die
3513 2940 3685 2995 exitus
3735 2939 3811 2995 sui

2240 3021 2568 3076 transitoria!
2599 3022 2775 3079 adhuc
2795 3022 2923 3077 vitae
2970 3039 3153 3079 amore
3191 3036 3490 3096 occupatus
3533 3028 3704 3095 fuerit,
3749 3027 3810 3080 ad

2187 3109 2387 3219 Cillam
2410 3109 2733 3165 aeternitatis
2750 3110 2917 3167 vitam
2941 3111 3163 3168 transire
3183 3112 3365 3169 minus
3403 3116 3589 3186 possit.
3618 3116 3676 3169 In
3718 3114 3813 3169 hac

2242 3198 2342 3219 “3.-
2396 3198 2671 3219 J:_-u:___
2717 3204 2918 3219 .--μην
2970 3199 3170 3219 sane-
3374 3203 3385 3214 .
3643 3204 3651 3213 ο
3732 3211 3763 3219 κ.
3798 3201 3810 3213 ο

2242 3198 2346 3254 vita
2390 3198 2676 3253 dimidium
2717 3204 2923 3254 tantum
2962 3199 3174 3256 dierum
3208 3201 3533 3273 accipimus,
3568 3204 3689 3273 quia
3720 3201 3811 3257 etsi

2236 3301 2338 3341 nos
2363 3286 2578 3341 assidue
2598 3286 2728 3341 solis
2746 3286 2907 3357 hujus
2938 3287 3233 3344 materialis
3260 3291 3527 3359 splendor
3543 3290 3809 3355 illuminet,

2238 3374 2478 3444 sequitur
2492 3377 2671 3429 tamen
2692 3390 2820 3443 nox,
2848 3392 2968 3444 quae
2988 3376 3206 3431 assidue
3239 3377 3575 3435 illuminatos
3618 3379 3806 3434 obscu-

2239 3470 2336 3517 ret.
2364 3462 2540 3534 Roget
2569 3477 2704 3533 ergo
2733 3463 3122 3534 unusquisque,
3154 3471 3211 3519 ut
3244 3465 3380 3520 dum
3404 3467 3459 3521 in
3509 3467 3632 3523 vitae
3672 3466 3817 3535 hujus

2239 3565 2405 3605 cursu
2434 3550 2630 3605 mentis
2656 3565 2840 3606 amore
2879 3550 3151 3621 deﬁgitur,
3183 3557 3482 3625 antequam
3530 3557 3597 3612 de
3630 3553 3817 3625 adipis-

2242 3638 2429 3693 cendis
2456 3638 2671 3694 aeternis
2697 3647 2925 3712 satagat,
2948 3655 2980 3694 a
3000 3640 3115 3696 Deo
3139 3656 3245 3696 non
3307 3652 3609 3700 revocetur.
3657 3640 3815 3697 Sancti

2241 3727 2346 3784 viri
2365 3727 2463 3783 etsi
2482 3735 2603 3782 sunt
2623 3727 2839 3783 mortali
2886 3742 3049 3784 carne
3102 3730 3444 3799 circumdati,
3503 3744 3818 3804 nequaquam

2242 3815 2429 3870 suntin
2448 3815 2678 3871 dimidio
2696 3816 2926 3885 dierum,
2949 3817 3075 3886 quia
3098 3818 3331 3888 perfecti
3350 3820 3605 3876 desiderii
3650 3832 3818 3875 amore

2244 3921 2276 3958 a
2308 3903 2531 3959 terrenis
2568 3905 2833 3975 suspensi,
2866 3905 2963 3959 illa
2998 3905 3170 3961 beate
3210 3906 3339 3963 vitae
3381 3908 3677 3964 aeternitate
3716 3907 3818 3977 jam

2246 3992 2301 4045 in
2331 4007 2425 4061 spe
2456 3991 2816 4061 perfruuntur.
2838 3992 2974 4047 Hinc
3003 4009 3236 4063 namque
3269 3995 3471 4051 Paulus
3491 3996 3620 4051 dicit
3668 4014 3680 4050 :
3728 3995 3820 4064 Spe

2244 4079 2389 4134 salvi
2414 4080 2776 4151 factisumus
2801 4082 2976 4149 (Rom.
2998 4097 3110 4149 vui,
3167 4084 3284 4149 24).
3329 4083 3469 4138 Hinc
3498 4098 3673 4138 rursus
3711 4080 3817 4136 ait:

2251 4171 2454 4223 Nostra
2482 4168 2832 4224 conversatio
2846 4169 2909 4223 in
2937 4169 3093 4224 cretis
3109 4171 3191 4224 est
3205 4170 3448 4243 (Philip.
3484 4187 3561 4236 ιη,
3598 4171 3704 4239 20).
3742 4167 3821 4222 Sic

2247 4271 2485 4326 namque
2513 4253 2776 4311 inoﬂ'enso
2813 4272 2969 4310 cursu
3013 4255 3082 4311 ad
3129 4257 3447 4313 aeternitatis
3472 4268 3660 4313 statum
3704 4270 3820 4327 per-

2250 4343 2471 4399 veniunt
2494 4360 2507 4407 ;
2529 4343 2606 4398 sic
2625 4350 2750 4398 ante
2768 4344 2924 4410 hujus
2947 4344 3070 4399 vitae
3090 4344 3402 4414 terminum,
3444 4346 3501 4400 in
3534 4341 3821 4402 aeternitatis

2250 4431 2523 4486 desiderio
2549 4437 2781 4486 mentem
2813 4430 3063 4487 ﬁxerunt.
3118 4431 3278 4500 Quod
3315 4433 3532 4504 quidem
3570 4432 3824 4489 evidenter

545 4524 653 4579 suit
680 4523 867 4577 dicens
887 4538 900 4575 :
921 4521 1028 4590 Ego
1042 4535 1170 4576 sum
1193 4521 1301 4589 via,
1335 4522 1564 4587 veritas,
1581 4524 1640 4577 et
1670 4523 1785 4577 vita
1816 4522 1997 4589 (Jaan.
2022 4536 2137 4589 11v,
2173 4506 2222 4569 C
2250 4518 2566 4587 ostenditur,
2581 4533 2706 4574 cum
2727 4520 2969 4588 protinus
3016 4519 3266 4576 subditur
3300 4539 3314 4577 :
3369 4521 3435 4577 In
3479 4520 3823 4594 generatione

546 4614 621 4681 6).
650 4608 948 4679 Responsio
974 4616 1153 4662 autem
1183 4609 1302 4663 haec
1331 4623 1438 4663 non
1494 4624 1630 4664 voce
1676 4608 1993 4677 aestimatur,
2039 4608 2139 4664 sed

545 4713 740 4772 opere.
777 4697 898 4752 Non
919 4696 1059 4750 enim
1073 4696 1397 4767 respondent
1423 4697 1674 4765 Domino,
1709 4696 1797 4767 qui
1811 4696 1982 4752 vocati
2003 4712 2138 4766 per-

545 4802 701 4847 verse
726 4785 936 4853 vivunt,
967 4784 1057 4855 qui
1088 4792 1213 4854 post
1242 4784 1377 4838 illud
1406 4784 1646 4839 divinum
1672 4800 1857 4840 semen
1891 4786 1946 4838 in
2001 4794 2141 4840 terra

545 4874 850 4933 rationabili
881 4880 1208 4942 susceptum,
1252 4872 1436 4943 spinas
1490 4873 1878 4942 perversitatis,
1929 4890 1995 4928 au
2038 4873 2140 4928 tri-

539 4965 702 5023 bulos
720 4962 1023 5034 producunt
1048 4960 1304 5031 nequitiae
1333 4962 1749 5032 (li’atth.xm);
1798 4962 1897 5017 sed
1941 4961 2032 5033 qui
2086 4961 2143 5016 in

548 5054 697 5111 omni
729 5053 872 5108 bono
901 5066 961 5106 se
988 5057 1259 5120 aptantes,
1289 5058 1342 5104 et
1370 5051 1439 5105 de
1469 5066 1568 5105 sua
1612 5051 1894 5106 vocatione
1936 5052 2143 5121 gratias

543 5144 663 5201 Deo
692 5141 953 5206 referunt,
985 5146 1038 5192 et
1067 5138 1298 5193 fructum
1332 5139 1446 5193 Deo
1473 5140 1846 5207 centesimum,
1880 5139 1964 5192 vel
1981 5153 2142 5193 sexa-

543 5232 837 5307 gesimum,
869 5226 1140 5283 autetiam
1174 5226 1512 5298 trigesimum
1545 5242 1596 5279 in
1627 5227 1806 5281 cordis
1837 5226 2145 5281 innocentia

550 5322 750 5377 ferunt.
780 5315 1093 5373 Notandum
1115 5330 1245 5371 vero
1275 5314 1421 5387 quod
1450 5313 1579 5368 dicit
1611 5332 1623 5368 :
1655 5316 1718 5370 In
1768 5317 1857 5371 via
1913 5315 2146 5370 virtutis

628 5461 709 5533 (ᾳ)
731 5456 1274 5533 AulumatGussanv.
1320 5455 1634 5533 legendum,
1666 5453 1928 5533 virtutis.
1965 5454 2139 5533 Sectis

556 5527 755 5601 legitur
793 5529 973 5582 inditis
1002 5528 1256 5601 omnibus
1290 5545 1303 5591 ;
1326 5527 1400 5601 et
1441 5527 1659 5601 quidem
1719 5527 1943 5601 optime,
2011 5527 2138 5599 quia

556 5597 946 5676 consequenter
961 5613 1063 5669 pro
1083 5598 1282 5655 futuro.
1314 5599 1421 5671 Ego
1450 5597 1577 5657 sum
1603 5597 1713 5663 via,
1757 5599 1987 5668 veritas,
2031 5597 2133 5655 etc.

2246 4610 2300 4662 et
2328 4608 2751 4678 generationem
2771 4610 2914 4663 anni
2963 4608 3071 4663 tui.
3103 4607 3247 4664 Nota
3278 4610 3429 4681 quod
3478 4610 3644 4666 vitam
3683 4620 3820 4662 suam

2248 4696 2455 4749 dierum
2486 4709 2784 4764 paucorum
2818 4695 3193 4766 appellatione
3244 4697 3539 4769 signiﬁcat,
3587 4703 3821 4753 aeternam

2243 4799 2375 4840 vero
2396 4798 2658 4839 annorum
2670 4783 2724 4836 in
2737 4784 3081 4855 generatione
3094 4791 3146 4839 et
3162 4786 3519 4856 generatione
3533 4795 3824 4856 permanen-

2246 4872 2375 4927 tium
2399 4890 2411 4933 ;
2435 4880 2488 4926 ut
2510 4887 2605 4942 per
2622 4872 2724 4926 hoc
2742 4887 2955 4942 quoque
2986 4873 3223 4942 prudens
3265 4873 3443 4929 lector
3472 4873 3750 4943 intelligat,
3775 4873 3823 4922 et

2246 4959 2506 5015 inﬁnitam
2547 4960 2691 5013 illius
2717 4959 2912 5014 futura
2966 4959 3237 5016 felicitatis
3301 4962 3709 5034 longitudinem,
3778 4963 3825 5009 et

2244 5050 2520 5104 labentem
2542 5047 2851 5118 temporalis
2884 5047 3076 5119 gloriae
3120 5048 3466 5106 brevitatem.
3527 5048 3660 5118 Quis
3692 5045 3821 5102 enim

2248 5138 2451 5193 nesciat
2491 5152 2662 5192 annos
2698 5136 2889 5190 diebus
2929 5136 3098 5191 multo
3140 5136 3419 5209 longiores
3442 5138 3472 5190 ?
3519 5136 3653 5200 Quia
3710 5144 3824 5188 vero

2249 5227 2411 5281 etiam
2442 5226 2495 5279 iu
2518 5225 2672 5279 annis
2688 5222 2807 5278 ﬁnis
2822 5224 3267 5296 potestintelligi,
3307 5224 3362 5279 in
3392 5223 3729 5297 generatione
3778 5224 3826 5271 et

2251 5313 2599 5386 generatione
2638 5327 2732 5368 eos
2752 5327 3132 5382 permansuros
3170 5311 3322 5370 dicit.
3358 5312 3633 5384 Sapientia
3656 5308 3773 5365 dicit
3809 5320 3821 5359 :

2244 5458 2307 5511 In
2334 5456 2544 5527 psalmo
2564 5470 2692 5510 sane
2711 5454 2913 5528 legtur,
2937 5456 2998 5512 in
3046 5455 3138 5513 via
3186 5456 3459 5526 virtutis;
3505 5460 3561 5512 at
3599 5450 3823 5509 nonduin

2252 5528 2500 5584 hiclocus
2520 5527 2850 5601 explicatur.
