4034 6166
224 320 319 375 625

925 312 998 368 IN
1038 313 1313 370 SEPTEM
1354 313 1610 370 PSALM.
1656 314 1919 369 POENIT.
1967 314 2365 373 EXPOSITIO.
2408 350 2474 360 —-
2512 319 2696 375 PSAL.
2740 320 2802 376 V.

3410 322 3512 381 626

224 439 522 496 Generatio
552 438 726 505 vadit,
756 442 813 494 et
841 439 1131 509 generatio
1155 441 1332 506 venit,
1359 442 1514 495 terra
1534 442 1729 494 autem
1750 438 1811 494 in
1840 438 1889 498 Α
1924 438 2070 495 nullo
2100 440 2363 496 clauditur
2390 443 2639 513 termino,
2671 454 2814 501 recte
2834 446 2890 501 in
2912 445 3142 505 dextera
3171 449 3270 506 Dei
3303 451 3514 507 dierum

221 534 494 584 internum
527 532 645 584 stat
677 529 852 598 (Eccl.
876 545 919 595 ι,
940 528 1018 598 4).
1051 529 1180 583 Haec
1198 536 1277 582 est
1296 526 1812 599 namqueinstabilis

222 617 343 673 vita
371 617 531 672 istius
560 616 983 693 permutatio,ut
1010 615 1405 670 decedentibus
1435 616 1554 670 aliis
1582 615 1671 670 alii
1693 630 1809 672 suc-

217 706 425 773 cedant,
456 705 654 774 quibus
683 704 1029 775 postmodum
1050 704 1213 758 simili
1237 704 1399 760 modo
1416 702 1805 770 deﬁcientibus,

216 794 302 848 alii
330 809 441 848 non
469 793 672 865 aequali
703 794 1015 849 conditione
1063 793 1329 848 oriantur.
1385 794 1465 847 Ex
1497 793 1693 864 quibus
1724 801 1809 847 ta-

215 899 333 937 men
363 882 653 950 omnibus,
714 898 835 952 quin
889 882 945 935 in
999 882 1203 937 saeculo
1257 880 1473 935 fuerunt
1501 880 1586 936 vel
1615 880 1810 937 futurae

212 980 325 1026 sunt
350 970 816 1041 generationibus,
849 970 974 1025 viva
1028 970 1118 1024 illa
1165 978 1220 1025 et
1263 970 1444 1024 divina
1493 969 1808 1042 genueratio

213 1058 499 1131 perﬁcitur,
534 1075 656 1131 quae
685 1059 740 1112 in
768 1067 1034 1113 aeternum
1081 1058 1346 1115 claritatis
1390 1058 1488 1112 Dei
1538 1057 1807 1115 consortio

213 1148 536 1219 perimatur.
575 1149 632 1202 In
662 1149 767 1203 hac
812 1147 992 1217 itaque
1046 1163 1168 1214 nos,
1226 1146 1281 1201 id
1328 1154 1410 1201 est
1449 1147 1808 1202 aeternitatem

214 1236 305 1292 Dei
334 1252 764 1308 permansuram
815 1235 943 1291 dicit
985 1236 1253 1306 prOpheta
1300 1253 1312 1288 :
1354 1244 1484 1291 tunc
1532 1234 1805 1299 videlicet,

213 1342 327 1381 cum
358 1325 647 1397 generatio
679 1341 800 1395 quae
826 1324 1090 1394 praecedit
1136 1332 1190 1379 et
1232 1339 1351 1393 quae
1399 1322 1672 1394 sequitur,
1701 1338 1809 1378 una

216 1415 355 1469 facta
383 1413 570 1481 fuerit,
601 1414 897 1469 novissima
926 1419 1113 1483 utpote
1142 1420 1317 1468 morte
1365 1413 1655 1478 destructa,
1688 1428 1808 1483 qua:

213 1512 504 1575 antequam
532 1502 586 1556 in
618 1502 841 1557 victoria
869 1501 1239 1566 absorbeatur,
1274 1501 1407 1555 nihil
1435 1501 1647 1566 stabile,
1674 1500 1807 1555 nihil

213 1591 463 1657 solidum,
496 1589 629 1644 nihil
660 1590 880 1644 dimittit
907 1591 1138 1644 illaesum
1171 1589 1219 1657 (1
1248 1592 1371 1645 Cor.
1402 1590 1524 1660 xv).

279 1678 364 1733 34.
398 1677 540 1746 Quae
572 1687 749 1733 tamen
793 1678 1027 1749 intelligi
1075 1686 1130 1733 et
1174 1677 1330 1733 aliter
1358 1685 1612 1747 possunt,
1644 1686 1702 1731 ut
1738 1677 1806 1731 ad

1922 528 2122 583 dicitur
2151 545 2272 585 esse
2302 530 2611 602 longitudo.
2632 533 2770 588 Nam
2801 538 2947 606 quod
2975 538 3064 594 hic
3092 540 3288 595 dicitur
3320 555 3332 594 :
3365 543 3513 597 Pau-

1918 617 2151 672 citatem
2174 618 2395 674 dierum
2417 636 2676 677 meorum
2694 626 2911 680 nuntia
2939 627 3100 695 mihi,
3134 628 3240 683 tale
3271 636 3353 684 est
3381 644 3447 686 ac
3464 629 3512 684 si

1917 704 2062 759 dicat
2090 707 2334 762 Ecclesia
2369 723 2382 762 :
2417 709 2556 764 Sunt
2584 711 2675 779 qui
2706 711 3029 782 insipientize
3045 732 3157 771 suae
3183 718 3421 789 caligine
3456 725 3513 773 et

1916 791 2161 863 perﬁdiae
2191 795 2524 851 detestabilis
2552 797 2724 853 induti
2771 800 3042 856 erroribus
3072 814 3312 871 asseram
3341 822 3429 861 me
3457 806 3514 860 in

1920 881 2072 937 brevi
2107 881 2427 953 finiendam,
2458 893 2510 940 et
2540 902 2708 957 usque
2737 887 2791 941 in
2822 887 2987 943 finem
3015 892 3203 946 saeculi
3232 892 3513 948 inhabita-

1919 978 2088 1025 torem
2120 987 2228 1026 non
2260 973 2596 1035 habituram;
2627 976 2722 1029 sed
2754 983 2828 1045 tu,
2881 977 2948 1031 de
2987 980 3139 1048 cujus
3168 996 3279 1034 non
3321 981 3514 1037 difﬁdo

1916 1055 2386 1135 promissionibus,
2420 1058 2606 1114 nuntia
2643 1060 2964 1131 paucitatem
3014 1062 3228 1118 dierum
3272 1081 3515 1121 meorum

1915 1141 2048 1196 nihi.
2109 1144 2310 1199 Futura
2366 1145 2573 1201 dierum
2630 1149 2893 1218 paucitas,
2946 1151 3195 1222 inquam,
3258 1153 3385 1208 data
3439 1161 3517 1209 est

1917 1230 2194 1301 Ecclesiae,
2229 1233 2357 1303 quia
2390 1240 2500 1312 toto
2532 1234 2681 1290 istius
2729 1238 2857 1292 vita:
2902 1246 3147 1309 tempore
3194 1240 3354 1296 debet
3384 1240 3518 1297 ﬁdes

1915 1317 2232 1374 Christiana
2261 1321 2314 1374 in
2336 1323 2536 1377 mundo
2558 1324 2767 1396 vigere.
2802 1327 2879 1381 Ne
2901 1343 3120 1384 revoces
3149 1345 3238 1385 me
3263 1332 3327 1386 in
3351 1330 3517 1386 dimi-

1914 1407 2004 1464 dio
2036 1408 2258 1465 dierum
2284 1426 2566 1468 meorum.
2597 1412 2697 1468 Per
2719 1413 3001 1469 dimidium
3031 1416 3266 1486 dierum,
3298 1418 3517 1489 imper-

1918 1497 2208 1553 fectionem
2260 1499 2449 1569 accipe
2492 1508 2799 1573 temporum
2859 1505 3269 1576 transeuntium,
3325 1506 3382 1560 in
3412 1522 3520 1579 qua

1917 1586 2074 1655 quasi
2104 1587 2251 1642 Deus
2279 1588 2524 1644 revocari
2570 1591 2924 1660 permitteret,
2972 1593 3017 1648 si
3071 1594 3195 1649 huic
3241 1596 3521 1652 sententiae

1915 1674 2300 1731 haereticorum
2332 1676 2568 1733 faveret.
2621 1679 2737 1735 Hoc
2773 1688 2958 1736 autem
3005 1682 3131 1738 ideo
3160 1684 3417 1756 postulat,
3452 1700 3520 1742 ne

214 1767 489 1837 superiora
519 1767 625 1822 hoc
655 1766 817 1821 modo
847 1765 1173 1821 referantur.
1223 1766 1437 1821 Dictum
1469 1781 1699 1835 namque
1726 1773 1810 1820 est
1838 1792 1892 1853 B
1918 1764 1989 1817 ab
2022 1763 2129 1817 illis
2158 1765 2319 1819 annis
2350 1766 2440 1836 qui
2470 1768 2671 1822 suntin
2701 1769 3053 1840 generatione
3074 1778 3124 1825 et
3144 1771 3515 1842 generatione,

214 1854 456 1924 superius
479 1872 491 1906 :
516 1856 762 1926 Populus
776 1857 871 1926 qui
887 1855 1193 1921 creabitur,
1216 1852 1473 1909 laudabit
1488 1854 1807 1909 Dominum.

222 1940 510 2009 Quomodo
542 1958 673 2013 ergo
698 1940 903 2008 laudet,
935 1942 1175 1997 ostendit
1203 1958 1326 1997 cum
1356 1941 1466 1996 ait:
1496 1940 1815 2013 Respondit

221 2032 273 2086 ei
289 2031 349 2085 in
379 2032 474 2087 via
505 2031 739 2086 virtutis
760 2047 893 2095 sure,
910 2034 967 2086 et
999 2031 1220 2087 laudem
1238 2033 1359 2102 ejus
1375 2031 1813 2087 annuntiubunt

215 2119 271 2173 in
284 2118 633 2175 Jerusalem.
658 2119 960 2174 Jerusalem
980 2134 1108 2173 vero
1142 2135 1250 2172 non
1290 2135 1413 2190 quae
1447 2117 1610 2173 servit
1645 2121 1748 2187 53
1768 2123 1803 2188 1

219 2221 329 2262 cum
361 2206 497 2261 ﬁliis
526 2208 644 2272 (illa
674 2208 819 2261 enim
850 2215 1042 2261 vocata
1066 2223 1410 2278 nequaquam
1443 2208 1496 2261 in
1527 2207 1689 2263 laude
1717 2224 1811 2263 re-

218 2296 492 2365 spondet),
518 2296 615 2350 sed
638 2296 728 2349 illa
741 2295 826 2351 cui
847 2295 1049 2349 dictum
1071 2303 1154 2350 est
1175 2313 1189 2349 :
1208 2293 1440 2351 Lwtare
1460 2298 1674 2352 sterilis
1691 2314 1815 2369 quae

219 2400 323 2439 non
357 2385 545 2455 paris,
566 2400 801 2454 erumpe
817 2388 872 2439 et
899 2385 1086 2439 clama
1115 2400 1237 2456 quae
1252 2399 1366 2440 non
1396 2387 1653 2456 parturis
1673 2386 1808 2456 (Isa.

214 2487 313 2537 uv,
340 2474 419 2543 l);
455 2480 645 2527 vocata
675 2472 969 2541 respondet
1017 2472 1248 2527 Domino
1293 2472 1466 2542 posita
1494 2473 1549 2528 in
1581 2474 1666 2527 via
1698 2473 1813 2528 vir-

215 2561 332 2615 tutis
360 2577 499 2615 suae
538 2562 636 2615 Via
665 2560 879 2615 virtutis
918 2560 1116 2616 Christi
1159 2568 1240 2615 est
1282 2560 1515 2616 imitatio
1557 2570 1815 2617 constan-

216 2649 294 2702 tiae
323 2650 473 2717 ejus.
517 2650 575 2701 In
607 2650 707 2704 hac
736 2649 826 2701 via
856 2649 1084 2719 populus
1130 2656 1360 2714 creatus,
1396 2650 1482 2703 vel
1511 2650 1810 2705 Jerusalem

213 2735 573 2807 intelligibilis
604 2736 895 2807 respondet
925 2737 1179 2804 Domino,
1212 2737 1341 2807 quia
1369 2736 1505 2792 sicut
1535 2754 1633 2808 pro
1655 2738 1813 2792 nobis

216 2825 458 2879 Christus
511 2826 748 2879 animam
807 2825 1001 2895 posuit,
1059 2826 1133 2879 ita
1188 2826 1555 2880 constantiam
1613 2826 1806 2882 Christi

220 2928 470 2982 sequens,
501 2928 608 2982 pro
639 2912 891 2967 fratribus
931 2913 1165 2967 animam
1201 2929 1408 2982 ponere
1447 2914 1500 2967 in
1531 2913 1654 2969 ﬁliis
1700 2914 1811 2969 suis

218 3015 316 3054 non
345 3001 641 3056 recusavit.
674 2999 813 3069 Quid
860 3016 988 3055 vero
1032 3000 1371 3073 responderit
1413 3003 1645 3057 ostendit
1687 3019 1809 3057 cum

217 3089 286 3142 ait
315 3106 327 3141 ε
362 3090 723 3146 Paucitatem
741 3089 961 3145 dierum
988 3105 1243 3146 meorum
1274 3092 1498 3160 nuntia}
1521 3092 1683 3146 mihi.
1706 3091 1812 3145 Ro-

215 3184 299 3246 gat
314 3177 610 3231 innovatus
620 3178 971 3247 populus,vel
992 3176 1219 3232 fecunda
1239 3176 1470 3231 ﬁliorum
1491 3178 1810 3249 spiritalium

216 3273 399 3332 mater,
434 3273 493 3319 ut
524 3266 696 3320 breve
726 3265 826 3319 sibi
868 3265 1114 3320 videatur
1158 3267 1312 3333 hujus
1345 3273 1553 3336 tempus
1580 3266 1808 3321 tribula-

214 3352 387 3422 tionis,
421 3354 830 3423 comparatione
859 3362 1077 3408 aeternae
1119 3354 1419 3418 felicitatis;
1454 3370 1520 3408 ne
1561 3354 1690 3409 dum
1720 3354 1807 3407 ui-

211 3442 306 3495 mis
331 3441 554 3497 extendi
583 3459 719 3512 quas
746 3443 948 3512 patitur
974 3443 1386 3512 persecutiones
1415 3450 1676 3509 autumat,
1707 3458 1808 3512 pro

211 3529 469 3585 dilatione
500 3531 847 3600 praemiorum
878 3532 1031 3601 quasi
1063 3531 1223 3586 taedio
1243 3532 1400 3597 victa,
1425 3530 1806 3602 quamimitari

209 3619 486 3688 proposuit
516 3618 714 3673 Christi
752 3619 1116 3675 constantiam
1163 3621 1399 3673 amittat.
1455 3620 1604 3674 Tunc
1651 3619 1810 3674 nobis

211 3705 346 3761 Deus
375 3708 510 3778 quid
536 3708 686 3778 sequi
720 3708 1018 3763 debeamus
1032 3707 1337 3773 annuntiat,
1363 3723 1485 3761 cum
1511 3707 1806 3763 voluntatis

211 3810 315 3851 sum
344 3810 551 3851 mana
582 3796 739 3850 nobis
767 3795 1010 3867 inspirat.
1044 3795 1297 3865 Nunquid
1343 3810 1451 3849 non
1477 3795 1805 3865 paucitatem

210 3883 411 3938 dierum
439 3900 660 3938 suorum
691 3884 782 3939 ille
806 3885 951 3939 Deus
975 3886 1415 3945 annuntiaverat,
1439 3883 1527 3955 qui
1550 3883 1767 3938 dicebat
1790 3901 1802 3937 :

210 3972 489 4028 Existimo
517 3972 663 4043 quod
683 3989 796 4028 non
819 3977 955 4028 sunt
987 3973 1279 4042 condigna:
1305 3973 1597 4043 passiones
1630 3972 1805 4043 hujus

211 4060 469 4131 temporis
486 4068 559 4116 ad
588 4066 852 4131 [uturam
875 4062 1110 4132 gloriam
1126 4077 1250 4133 quw
1268 4060 1611 4116 revelabitur
1631 4062 1691 4115 in
1710 4078 1806 4118 no-

211 4148 283 4203 bis
301 4151 477 4218 (Rom.
499 4165 621 4212 vui,
656 4153 744 4217 18)
768 4149 795 4200 ‘t
824 4150 1064 4203 Noverat
1093 4150 1237 4202 enim
1269 4149 1396 4218 quia
1428 4150 1801 4219 temporalium

147 4291 155 4298 ,
210 4251 456 4304 pressura
485 4238 803 4306 passionum
836 4237 1006 4292 veloci
1049 4237 1158 4291 line
1207 4223 1566 4302 concluditur,
1610 4236 1801 4309 gloria:

210 4339 330 4380 vero
359 4325 604 4381 cmlestis
637 4324 861 4379 felicitas
900 4325 1047 4380 nullo
1088 4326 1314 4381 termino
1344 4331 1683 4398 angustatur.

270 4415 357 4468 35.
390 4415 690 4481 Possumus
721 4430 819 4484 per
846 4413 1174 4484 paucitatem
1215 4413 1420 4468 dierum
1452 4414 1613 4469 etiam
1648 4413 1796 4468 aliud

1840 3139 1891 3202 C

1921 1851 2149 1921 alicujus
2179 1869 2296 1908 eam
2326 1855 2528 1910 erroris
2556 1857 2883 1925 perversitas
2913 1857 3181 1916 abducat.

1991 1941 2167 2011 (Vers.
2201 1942 2326 2012 26.)
2358 1944 2525 2000 Initio
2557 1949 2639 2010 tu,
2660 1945 2916 2015 Domine,
2935 1951 3147 2004 terram
3164 1949 3447 2020 fundasti,
3462 1952 3519 2006 et

1919 2045 2088 2102 opera
2107 2046 2385 2086 manuum
2417 2036 2647 2088 tuarum
2673 2039 2811 2089 sunt
2840 2037 2983 2091 caeli.

1993 2118 2079 2172 36.
2112 2118 2328 2173 Initium
2358 2120 2455 2174 Dei
2486 2121 2658 2176 Filius
2688 2130 2790 2190 est,
2839 2124 2907 2178 de
2955 2139 3064 2194 quo
3101 2126 3359 2198 scriptum
3391 2134 3472 2183 est
3501 2145 3515 2182 :

1921 2205 2042 2278 Ipse
2073 2210 2158 2262 est
2188 2208 2421 2263 initium
2449 2210 2632 2265 omnis
2680 2216 2960 2268 creatura:
3008 2214 3199 2286 (Apoc.
3224 2218 3328 2285 tu).
3361 2216 3522 2286 Quod

1919 2294 2084 2349 etiam
2113 2295 2229 2367 ipse
2284 2297 2567 2352 evidenter
2616 2299 2871 2365 ostendit,
2917 2316 3039 2357 cum
3080 2319 3138 2358 se
3182 2304 3516 2376 principium

1917 2384 2239 2439 nominavit.
2290 2386 2538 2456 Denique
2582 2394 2635 2442 et
2665 2387 2722 2441 in
2771 2389 3106 2460 Apocalypsi
3136 2391 3203 2445 ad
3251 2393 3517 2448 Joannem

1918 2463 2062 2518 idem
2092 2464 2207 2534 ipse
2229 2465 2304 2519 ait
2334 2483 2345 2518 :
2371 2468 2477 2538 Ego
2493 2483 2621 2523 sum
2638 2482 2673 2517 α
2691 2472 2744 2525 et
2762 2484 2826 2526 ων
2845 2470 3067 2540 primus
3084 2475 3140 2526 et
3159 2472 3519 2542 novissimus,

1918 2553 2152 2608 initium
2173 2558 2228 2609 et
2254 2555 2389 2623 ﬁnis
2410 2557 2592 2626 (Joan.
2617 2573 2747 2621 vm;
2781 2559 2957 2630 Apoc.
2984 2575 3024 2626 ι,
3056 2560 3114 2620 8;
3156 2576 3269 2628 xxx,
3314 2560 3426 2630 13).
3462 2563 3525 2616 In

1918 2640 2024 2696 hoc
2054 2641 2205 2697 initio
2234 2642 2456 2697 fundata
2487 2652 2571 2699 est
2591 2653 2753 2716 terra,
2793 2647 2921 2718 quia
2949 2647 3005 2701 in
3035 2646 3151 2717 ipso
3183 2647 3408 2703 fundata
3437 2652 3523 2705 est

1918 2728 2183 2784 Ecclesia.
2214 2731 2351 2787 Hinc
2380 2748 2614 2804 namque
2643 2734 2931 2803 Apostolus
2948 2734 3081 2789 dicit
3115 2752 3127 2790 :
3162 2738 3521 2794 Fundamen-

1920 2823 2039 2873 tum
2050 2820 2211 2874 aliud
2228 2835 2391 2875 nemo
2406 2824 2591 2892 potest
2604 2838 2813 2893 ponere
2832 2824 3332 2897 prceter,jid,'quod
3352 2827 3509 2898 posi-

1919 2910 2041 2961 tum
2062 2911 2168 2974 est,
2184 2905 2328 2978 quod
2348 2912 2431 2962 est
2456 2909 2712 2966 Christus
2728 2911 2959 2979 Jesus(1
2977 2912 3097 2968 Cor.
3130 2927 3212 2978 ni,
3245 2915 3356 2983 11).
3380 2914 3520 2970 Hinc

1917 2993 2034 3064 ipse
2064 2995 2161 3049 Dei
2184 3004 2233 3050 et
2252 2995 2531 3051 hominum
2552 2997 2832 3066 Mediator,
2853 2999 2924 3052 ad
2945 3000 3313 3069 apostolorum
3330 3000 3520 3072 princi-

1918 3100 2043 3155 pem
2078 3086 2182 3152 53
2200 3088 2237 3148 2
2273 3085 2346 3139 ait
2371 3102 2383 3138 :
2425 3086 2501 3142 Tu
2530 3102 2588 3141 es
2611 3089 2909 3155 Petrus,et
2941 3104 3111 3159 super
3131 3088 3277 3144 hanc
3293 3094 3518 3161 petram

1917 3173 2196 3241 (adiﬁcabo
2216 3174 2530 3230 Ecclesiam
2559 3190 2744 3230 meam
2774 3176 2998 3245 (Matth.
3023 3192 3135 3245 xw,
3160 3177 3270 3247 18).
3294 3180 3416 3249 Ipse
3436 3187 3519 3234 est

1916 3262 2057 3316 enim
2086 3271 2256 3334 petra,
2281 3280 2311 3317 a
2342 3279 2449 3335 qua
2498 3264 2684 3319 Petrus
2722 3279 2925 3318 nomen
2972 3265 3205 3336 accepit,
3260 3273 3314 3321 et
3357 3282 3517 3338 super

1914 3364 2077 3418 quam
2108 3367 2163 3405 se
2194 3350 2582 3406 mdiﬁcaturum
2613 3351 2913 3407 Ecclesiam
2944 3351 3101 3407 dixit.
3135 3354 3303 3408 Terra
3331 3361 3516 3410 autem

1918 3437 2061 3492 dicta
2091 3446 2169 3493 est
2195 3438 2587 3506 Ecclesia,tum
2618 3440 2743 3509 quia
2770 3439 2826 3494 in
2856 3455 3032 3495 messe
3061 3439 3308 3497 ﬁdelium
3342 3458 3518 3513 popu-

1914 3526 2091 3580 lorum
2122 3527 2349 3597 spiritali
2401 3528 2725 3583 fecunditate
2783 3528 3071 3596 exuberat,
3124 3536 3239 3584 tum
3286 3531 3414 3602 quia
3459 3532 3516 3586 in

1913 3615 2184 3670 soliditate
2214 3616 2341 3671 ﬁdei
2386 3627 2646 3688 perpetua
2692 3616 2943 3672 ﬁrmitate
2986 3617 3338 3674 immobiliter
3384 3636 3513 3691 per-

1912 3712 2143 3759 severat.
2186 3704 2340 3760 Unde
2386 3721 2484 3774 per
2539 3705 2894 3761 Salomonem
2938 3705 3182 3762 dicitur:
3223 3706 3402 3764 Terra
3453 3711 3517 3766 in

1915 3797 2195 3848 aeternum
2224 3798 2341 3848 stat
2371 3794 2603 3864 (Ecclcs.
2621 3810 2659 3861 ι,
2676 3795 3150 3866 4).Terraquippe
3172 3796 3225 3850 in
3246 3805 3517 3854 aeternum

1914 3891 2053 3936 stare
2082 3881 2293 3948 dicitur,
2328 3883 2448 3952 quia
2479 3890 2665 3937 sancta
2705 3881 2954 3937 Ecclesia
2998 3882 3053 3936 in
3094 3884 3196 3940 hoc
3242 3886 3445 3943 saeculo
3482 3902 3517 3943 a

1912 3969 2173 4025 catholica
2204 3970 2335 4026 Fide
2371 3985 2710 4041 nequaquam
2742 3968 2973 4035 deﬁciet,
3007 3978 3061 4025 et
3089 3972 3146 4025 in
3180 3972 3358 4028 futuro
3387 3991 3512 4030 cum

1913 4060 2029 4114 Deo
2055 4067 2261 4114 aeterna
2288 4057 2583 4113 stabilitate
2613 4058 2976 4128 permanebit.
3007 4060 3304 4130 Namquod
3334 4061 3389 4114 in
3408 4062 3515 4118 hac

1911 4148 2025 4203 vita
2054 4147 2226 4202 nullis
2253 4145 2665 4202 adversitatibus
2694 4146 2999 4219 frangenda
3029 4146 3119 4215 sit,
3144 4148 3307 4203 nullis
3326 4165 3513 4220 perse-

1908 4236 2209 4293 cutionibus
2235 4234 2560 4305 superanda,
2583 4235 2699 4305 ipse
2729 4249 2894 4305 super
2919 4251 3085 4306 quem
3114 4236 3383 4293 aediﬁcata
3404 4244 3506 4307 est,

1905 4325 2189 4383 evidenter
2216 4323 2449 4380 ostendit
2477 4339 2598 4379 cum
2640 4324 2714 4379 ait
2747 4341 2759 4377 :
2797 4323 2990 4380 Porta:
3018 4325 3196 4395 inferi
3222 4341 3337 4382 non
3355 4341 3509 4399 pra:-

1904 4414 2170 4470 valebunt
2199 4412 2463 4468 adversus
2492 4428 2617 4468 eam
2652 4412 2875 4482 (Matth.
2923 4428 3040 4479 ενι,
3076 4413 3182 4482 18).
3225 4414 3403 4470 Portae
3432 4415 3513 4470 in-

209 4501 517 4574 intelligere.
553 4502 787 4556 Fuerunt
833 4517 1072 4570 namque
1121 4502 1364 4556 haeretici
1412 4502 1501 4572 qui
1554 4502 1795 4557 dicerent
1823 4490 1876 4549 Ι)
1905 4501 2005 4558 feri
2036 4504 2265 4556 haereses
2295 4508 2438 4569 sunt,
2471 4517 2591 4571 quae
2621 4501 2750 4556 dum
2780 4502 2983 4556 multos
3021 4501 3075 4555 in
3105 4501 3215 4558 ﬁde
3262 4502 3509 4559 inﬁrmos

206 4589 498 4646 Ecclesiam
529 4606 639 4644 non
670 4605 787 4645 esse
816 4589 1153 4661 generalem,
1190 4590 1284 4644 sed
1317 4590 1371 4643 in
1401 4599 1648 4659 tempore
1682 4590 1797 4645 Do-

208 4678 311 4731 nati
359 4688 412 4733 et
441 4687 568 4733 ante
596 4678 762 4733 ﬁnem
791 4678 972 4733 saculi
1021 4678 1503 4734 consummandam
1528 4696 1541 4741 ;
1576 4695 1686 4734 non
1714 4686 1797 4733 at-

208 4766 488 4822 tendentes
519 4767 666 4838 quod
707 4767 755 4821 ei
812 4766 1076 4821 Dominus
1119 4767 1175 4820 in
1220 4767 1483 4837 apostolis
1528 4767 1798 4836 promisit,

206 4853 424 4908 dicens:
464 4856 602 4911 Ecce
657 4871 750 4926 ego
787 4856 1066 4911 vobiscum
1123 4871 1250 4911 sum
1298 4856 1558 4912 omnibus
1610 4855 1801 4910 diebus

208 4959 373 5015 usque
390 4944 460 4999 ad
474 4960 804 5000 consumma
815 4948 1024 4999 tionem
1036 4945 1233 5000 saeculi
1249 4945 1467 5010 (Matth.
1485 4942 1797 5015 xxvni,20).

208 5030 396 5086 Contra
423 5048 517 5087 eos
542 5048 685 5087 nunc
714 5032 908 5087 dicitur
938 5050 950 5086 :
986 5034 1342 5088 Paucitatem
1386 5032 1611 5087 dierum
1643 5046 1799 5086 meo-

209 5135 326 5175 rum
355 5122 569 5176 nuntia
601 5119 766 5175 mihi.
797 5119 1040 5188 Constat,
1063 5121 1191 5191 quia
1219 5136 1318 5190 per
1342 5119 1796 5189 multiplicitatem

209 5207 441 5275 dierum,
490 5209 750 5280 perennis
796 5209 907 5262 vita
947 5208 1211 5280 accipitur
1256 5225 1269 5263 :
1312 5224 1410 5279 per
1475 5207 1801 5280 paucitatem

213 5311 349 5363 vero,
416 5314 606 5353 cursus
680 5296 830 5351 istius
884 5297 1067 5352 saeculi
1134 5297 1468 5369 designatur.
1532 5297 1802 5368 Scriptum

210 5385 407 5457 quippe
452 5396 537 5441 est
583 5403 597 5440 :
649 5384 971 5456 Longitudo
1022 5388 1250 5443 diemm
1298 5390 1359 5442 in
1400 5387 1638 5443 dextera
1680 5387 1801 5456 ejus

214 5474 390 5539 (Prov.
420 5490 502 5540 in,
532 5478 650 5545 16).
689 5473 842 5542 Quid
883 5474 1025 5531 enim
1057 5491 1156 5547 per
1193 5475 1496 5544 dexteram,
1539 5474 1640 5529 nisi
1671 5490 1799 5545 per-

214 5570 367 5631 petua
397 5562 507 5621 vita
535 5562 851 5635 designatur
870 5562 898 5617 ‘i
928 5562 1066 5632 Quia
1091 5577 1228 5634 ergo
1257 5572 1565 5619 sanctorum
1581 5563 1801 5636 requies

1908 4590 2087 4645 fucata
2117 4590 2408 4645 verborum
2453 4589 2750 4645 calliditate
2797 4589 3092 4661 decipiunt,
3145 4591 3298 4663 quasi
3328 4592 3509 4649 infer-

1910 4694 2100 4733 norum
2131 4678 2210 4732 eis
2240 4678 2445 4733 aditum
2474 4678 2740 4750 pandunt.
2776 4678 2916 4734 Sunt
2945 4679 3108 4734 etiam
3141 4688 3313 4749 portae
3346 4679 3513 4737 inferi

1909 4767 2165 4837 quaedam
2197 4773 2488 4836 potestates
2522 4766 2680 4835 hujus
2708 4766 2919 4823 mundi.
2965 4766 3108 4836 Quid
3151 4768 3292 4823 enim
3338 4770 3511 4840 Nero,

1908 4855 2035 4925 quid
2063 4855 2447 4923 Diocletianus,
2477 4854 2608 4925 quid
2636 4854 2873 4926 denique
2920 4856 3041 4920 iste,
3089 4857 3180 4926 qui
3224 4857 3327 4912 hoc
3366 4864 3513 4911 tem-

1909 4958 2044 5014 pore
2099 4942 2398 4998 Ecclesiam
2451 4943 2810 5014 persequitur,
2868 4944 3113 5013 nunquid
3159 4960 3268 4998 non
3313 4959 3511 4999 omnes

1910 5039 2079 5102 porta:
2108 5030 2312 5085 interi?
2345 5030 2478 5099 Quis
2507 5032 2750 5103 cogitare
2781 5028 3028 5086 sufﬁciat
3049 5032 3235 5101 quanti
3264 5031 3504 5101 promis-

1908 5119 2154 5175 sionibus
2183 5135 2367 5174 eorum
2416 5119 2657 5175 devorati
2698 5118 2865 5174 sunt?
2908 5117 3108 5187 Quanti
3136 5133 3326 5173 eorum
3357 5126 3506 5174 metu

1912 5208 2219 5278 perterriti?
2269 5207 2468 5277 Quanti
2525 5207 2905 5263 aﬂlictionibus
2968 5221 3154 5261 eorum
3215 5206 3505 5276 superati?

1910 5296 2059 5365 Quos
2083 5312 2272 5352 omnes
2300 5303 2575 5368 perpetuae
2623 5294 2810 5350 mortis
2837 5292 3171 5364 profundum
3202 5293 3506 5361 absorbuit,

1909 5393 1962 5440 et
1989 5385 2057 5439 ad
2087 5384 2385 5442 cruciatum
2416 5382 2779 5439 damnationis
2807 5390 3026 5436 aeternae
3059 5380 3316 5438 infernus
3342 5382 3510 5440 admi-

1909 5474 2001 5529 sit.
2042 5473 2150 5529 Sed
2177 5472 2418 5529 Ecclesia
2448 5472 2506 5527 in
2536 5471 2704 5538 illius,
2727 5470 2796 5526 de
2826 5486 2934 5540 qua
2962 5469 3168 5525 dictum
3199 5479 3302 5540 est,
3337 5480 3508 5541 petrae

1909 5562 2186 5620 soliditate
2236 5561 2479 5628 fundata,
2521 5559 2796 5614 minarum
2834 5558 3013 5615 ventis
3053 5559 3378 5631 concutitur,
3411 5576 3509 5621 nec
