4034 6166
510 334 615 391 627

1719 334 1974 392 SANCTI
2014 334 2356 392 GREGORII
2386 333 2608 392 MAGNI
3674 349 3761 406 628

508 457 955 531 persecutionum
979 459 1293 516 ﬂuminibus
1315 467 1584 527 movetur,
1617 475 1718 517 nec
1738 460 2107 532 corporalium
2136 461 2193 522 A
2229 461 2471 532 corpus?
2524 461 2683 531 Quod
2721 464 2770 518 si
2834 462 3130 520 secundum
3181 478 3374 536 corpus
3411 469 3616 537 perituri
3641 485 3762 531 sunt.

507 562 795 617 pcenarum
855 549 1223 605 incommodis
1289 550 1503 619 titubat,
1562 566 1663 607 nec
1701 551 1892 606 mortis
1944 550 2113 621 ipsius

507 634 704 691 timore
732 637 970 694 vacillat.
1007 639 1088 693 Illi
1119 655 1249 695 vero
1290 641 1384 711 qui
1414 638 1610 695 inferni
1639 639 1845 695 aditum
1874 638 2114 709 sequaci-

512 722 615 778 bus
646 725 758 780 suis
805 734 991 797 utpote
1020 736 1204 799 portas
1251 728 1524 799 aperiunt,
1556 743 1674 783 eam
1707 729 2031 800 impugnare
2062 734 2116 783 et

411 814 414 818 ’
512 814 762 884 persequi
796 815 971 869 modis
1005 816 1256 871 omnibus
1286 832 1394 871 non
1444 816 1726 871 desistunt.
1759 817 1820 870 In
1849 831 1954 886 quo
1984 816 2111 887 quid

511 900 663 955 aliud
693 902 916 973 faciunt,
940 904 1040 958 nisi
1071 906 1217 976 quod
1238 904 1478 961 veritatis
1496 903 1664 961 verba
1687 920 1955 960 evacuare
1984 920 2111 960 con-

518 989 793 1044 tendunt?
850 993 971 1047 Non
1028 992 1407 1062 praevalebunt
1461 993 1722 1049 adversus
1770 1008 1890 1048 eam
1944 1000 2113 1063 porta

516 1077 696 1145 inferi,
732 1079 860 1135 dicit
888 1081 1173 1148 Dominus,
1197 1090 1250 1136 et
1279 1089 1461 1137 tamen
1491 1089 1547 1136 ut
1574 1082 1624 1137 ei
1643 1082 1995 1151 praevaleant,
2026 1097 2113 1138 co-

519 1174 739 1222 nantur.
779 1168 886 1223 Sed
915 1168 1094 1224 ﬁdelis
1122 1170 1390 1225 Dominus
1415 1170 1468 1224 in
1497 1170 1749 1226 omnibus
1777 1170 1878 1224 viis
1904 1171 2035 1239 suis,
2059 1179 2113 1226 et

518 1264 739 1311 sanctus
754 1256 809 1310 in
819 1258 1073 1328 operibus
1085 1258 1215 1312 suis.
1233 1258 1404 1316 Initio
1425 1260 1575 1314 enim
1592 1262 1807 1315 terram
1822 1260 2109 1330 fundavit,

524 1349 761 1416 etopera
775 1361 1055 1401 manuum
1074 1349 1199 1418 ejus
1214 1347 1493 1402 suntcwli
1522 1349 1698 1416 (Psat.
1729 1364 1799 1415 c1,
1824 1351 1935 1418 26).
1969 1347 2110 1418 Quid

514 1447 617 1504 per
651 1434 843 1502 caelos,
900 1435 1002 1489 nisi
1046 1436 1438 1505 praedicatores
1489 1443 1706 1492 sanctos
1762 1437 2057 1509 accipimus
2084 1438 2113 1490 ‘2

519 1521 628 1590 Qui
661 1530 857 1577 terram
890 1524 1070 1591 istam,
1109 1524 1177 1579 de
1205 1541 1317 1594 qua
1347 1525 1546 1579 dictum
1570 1533 1668 1591 est,
1693 1524 1983 1580 verborum
2013 1525 2113 1579 im-

519 1610 707 1665 bribus
734 1611 1094 1681 praedicantes
1132 1612 1421 1680 inebriant,
1466 1612 1731 1682 subjectis
1750 1612 1989 1668 ﬁdelium
2014 1628 2113 1683 po-

513 1699 661 1770 pulis
698 1706 980 1770 perpetuae
1018 1700 1381 1756 damnationis
1436 1701 1659 1756 exitium
1718 1702 2113 1758 comminantes

2218 548 2311 604 ubi
2336 551 2664 609 resurrectio
2687 553 2717 606 ?
2738 551 2916 616 Quam
2934 568 3043 609 non
3072 552 3251 609 solum
3281 570 3475 626 negare
3500 560 3656 615 scelus
3679 571 3763 629 est,

2222 639 2321 693 sed
2352 639 2516 694 etiam
2544 640 2613 696 de
2662 656 2726 697 ea
2755 640 3021 708 dubitare,
3055 658 3325 697 summum
3349 643 3494 700 nefas
3524 655 3614 702 est.
3644 649 3769 706 Patet

2220 726 2409 799 itaque
2434 728 2560 799 quia
2591 744 2699 784 non
2726 729 2805 786 sic
2833 730 3085 800 peribunt
3122 738 3183 785 ut
3210 746 3319 786 non
3346 741 3615 805 resurgant
3643 752 3655 790 :
3683 739 3768 794 sed

2220 822 2278 869 ut
2307 830 2403 870 eas
2421 832 2559 887 quas
2587 817 2643 872 in
2672 818 2771 873 hac
2789 818 2897 873 vita
2923 818 3221 889 patiuntur,
3250 819 3577 877 necessitates
3599 838 3767 894 corpo-

2218 902 2292 958 ris
2314 905 2571 961 evadant.
2596 908 2656 960 In
2677 906 2794 977 ipsa
2814 907 2962 961 enim
2984 907 3227 978 corporis
3242 922 3424 963 eorum
3442 912 3772 980 resumptione

2220 992 2624 1062 quodammodo
2679 993 2889 1066 perisse
2915 995 3260 1066 videbuntur,
3320 1011 3436 1052 cum
3465 1007 3702 1067 pereunte
3725 1001 3770 1055 in

2218 1081 2300 1136 eis
2358 1083 2732 1152 corruptione,
2802 1084 3102 1139 destruetur
3157 1084 3303 1154 quod
3358 1084 3582 1141 animale
3605 1094 3695 1155 est,
3723 1096 3773 1143 ut

2219 1169 2365 1241 quod
2396 1171 2637 1241 spiritale
2667 1179 2750 1227 est
2778 1173 2961 1239 vivat;
2996 1180 3049 1228 et
3069 1172 3187 1241 jam
3219 1172 3367 1243 quasi
3396 1188 3499 1228 non
3525 1174 3622 1229 sint
3646 1176 3772 1246 quod

2218 1258 2454 1325 fuerant,
2483 1259 2614 1314 dum
2671 1260 2731 1315 in
2762 1260 2926 1315 aliam
2975 1259 3167 1315 mutati
3196 1264 3463 1328 naturam,
3517 1262 3569 1316 in
3597 1261 3773 1319 lumine

2220 1346 2484 1403 claritatis
2524 1339 2622 1404 Dei
2678 1350 2994 1419 perenniter
3049 1349 3338 1404 exsultant.
3396 1348 3547 1405 Solus
3572 1367 3776 1421 namque

2220 1436 2367 1491 Deus
2423 1451 2557 1492 vere
2612 1436 2933 1492 immortalis
2990 1446 3096 1506 est,
3128 1438 3255 1509 quia
3308 1438 3450 1493 solus
3498 1447 3709 1494 mternus
3732 1448 3778 1495 et

2219 1523 2681 1581 incommutabilis
2709 1533 2811 1581 est.
2842 1526 2998 1582 Unde
3044 1526 3176 1581 dicit
3220 1526 3408 1581 beatus
3433 1527 3737 1598 Augustinus
3763 1546 3774 1591 ;

2222 1613 2362 1669 Vera
2391 1613 2664 1668 aeternitas
2712 1617 2767 1669 et
2793 1629 2924 1671 vera
2955 1614 3335 1669 immortalitas
3376 1629 3482 1670 non
3509 1622 3587 1670 est
3609 1614 3707 1670 nisi
3731 1615 3778 1670 in

2219 1701 2430 1756 Deitate
2459 1702 2754 1771 Trinitatis,
2806 1703 2891 1758 cui
2922 1704 3067 1773 quod
3096 1711 3179 1757 est
3207 1718 3328 1759 esse
3357 1702 3639 1772 perfectum
3665 1711 3737 1757 est
3763 1720 3775 1765 ;

508 1788 776 1857 intonant,
808 1789 877 1843 ad
918 1789 1274 1846 astruendam
1318 1790 1609 1846 verborum
1640 1790 1805 1846 ﬁdem
1850 1790 2111 1846 miracula
2136 1816 2191 1877 B
2221 1789 2347 1860 quia
2375 1798 2565 1845 natura
2592 1790 2744 1846 initio
2781 1806 2993 1860 carens,
3044 1792 3376 1847 incremento
3404 1805 3505 1847 non
3534 1790 3776 1862 indigens,

514 1878 784 1932 facientes
831 1883 1136 1932 coruscant.
1181 1880 1322 1933 Nam
1364 1880 1511 1950 quod
1557 1880 1901 1950 praedicantis
1942 1879 2109 1935 verba

512 1965 715 2035 pluviae
744 1966 870 2032 sint,
923 1973 1154 2021 testatur
1182 1966 1469 2035 Dominus,
1516 1984 1637 2023 cum
1665 1985 1767 2039 per
1791 1969 2110 2039 prophetam

514 2053 677 2108 dicit:
717 2053 1004 2118 Quomodo
1033 2056 1324 2112 descendit
1348 2057 1529 2112 imber
1556 2062 1610 2113 et
1641 2058 1751 2113 nia:
1780 2057 1847 2113 de
1874 2059 2031 2126 creto,
2055 2069 2112 2121 et

515 2144 661 2199 illuc
677 2160 793 2199 non
815 2145 1145 2210 revertitur,
1165 2145 1260 2200 sed
1276 2147 1522 2202 inebriat
1542 2150 1757 2203 terram
1777 2151 1834 2202 et
1850 2147 2113 2219 infundit

518 2248 665 2299 eam,
691 2238 745 2289 et
760 2234 1013 2303 germina
1023 2250 1084 2289 re
1101 2249 1225 2289 eam
1237 2235 1401 2305 facit,
1416 2242 1473 2290 et
1511 2235 1610 2290 dat
1624 2251 1815 2292 semen
1827 2236 2042 2292 serenti
2057 2240 2113 2293 et

508 2338 719 2394 panem
733 2323 1080 2378 comedenti:
1094 2326 1175 2379 sic
1190 2324 1302 2378 erit
1321 2323 1549 2379 verbum
1560 2325 1704 2395 quod
1715 2325 2036 2396 egredietur
2047 2326 2113 2380 de

507 2428 602 2468 ore
632 2428 753 2467 meo
784 2412 919 2479 (Isa.
948 2426 1035 2479 Lv,
1072 2412 1181 2481 10).
1216 2411 1359 2479 Quid
1389 2412 1674 2482 apertius?
1706 2414 1848 2469 Ecce
1878 2414 2016 2468 sicut
2044 2414 2113 2468 de

512 2501 653 2556 ccelo
676 2499 1009 2556 descendunt
1029 2500 1244 2569 pluviae,
1272 2500 1347 2554 ita
1369 2501 1438 2555 de
1464 2501 1919 2569 praedicatoribus
1947 2502 2115 2558 verba

521 2597 777 2643 emanant
825 2588 1103 2643 doctrinm.
1136 2588 1228 2642 Isti
1272 2595 1394 2642 sunt
1422 2588 1671 2644 nimirum
1727 2590 1815 2662 qu‘i
1856 2600 2115 2646 enarrant

511 2676 746 2748 gloriam
776 2677 899 2731 Dei.
926 2677 1006 2731 De
1027 2676 1223 2747 quibus
1243 2676 1413 2732 etiam
1437 2677 1523 2732 hic
1554 2677 1772 2747 dicitur,
1805 2679 1929 2750 quia
1950 2696 2113 2750 opera

512 2781 772 2820 manuum
798 2766 918 2835 ejus
949 2772 1073 2819 sunt
1102 2766 1247 2819 cceli.
1282 2766 1344 2819 In
1373 2766 1806 2836 praecedentibus
1836 2766 1965 2823 dicit
1998 2769 2114 2823 Pro-

512 2855 680 2925 pheta
711 2870 723 2906 :
770 2852 973 2911 Videbo
994 2854 1157 2910 caelos
1188 2858 1335 2923 tuos,
1368 2870 1537 2927 opera
1554 2855 1857 2927 digitorum
1885 2861 2112 2913 tuorum

509 2944 699 3013 (Psal.
726 2958 844 3012 vm,
865 2944 918 3012 4)
949 2960 960 3004 ;
987 2941 1073 2997 hic
1089 2958 1221 2997 vero
1234 2942 1307 2996 ait
1331 2960 1342 2995 :
1371 2943 1551 3016 Opera
1569 2960 1850 3000 manuum
1874 2948 2112 3000 tuarum

506 3036 647 3087 sunt
676 3032 827 3087 caeli.
870 3030 1016 3099 Quid
1046 3035 1131 3086 est
1160 3030 1304 3101 quod
1335 3030 1409 3085 ibi
1436 3039 1700 3089 vocantur
1725 3047 1889 3102 opera
1918 3033 2115 3105 digito-

504 3134 644 3187 rum,
676 3121 765 3175 hic
812 3134 939 3173 vero
970 3134 1247 3186 manuum,
1288 3118 1393 3173 nisi
1427 3120 1572 3191 quod
1615 3120 1830 3176 diversa
1859 3120 1933 3174 ibi
1964 3121 2108 3176 dona
2138 3168 2184 3194 ﬁ

2219 1878 2357 1933 sicut
2383 1877 2594 1933 nullum
2616 1878 2800 1946 ﬁnem,
2835 1880 2904 1935 ita
2925 1880 3129 1935 nullam
3154 1880 3347 1952 recipit
3373 1878 3775 1934 mutabilitatem.

2219 1966 2491 2023 Creaturte
2520 1974 2699 2023 autem
2728 1969 2889 2024 etiam
2914 1969 3022 2025 illa:
3065 1968 3262 2040 quibus
3292 1970 3436 2024 Deus
3460 1967 3776 2022 aeternitatem

2219 2054 2385 2123 dedit,
2417 2057 2503 2112 vel
2523 2056 2746 2111 daturus
2762 2065 2862 2122 est,
2886 2074 2996 2112 non
3026 2058 3241 2128 penitus
3262 2056 3445 2113 omnis
3472 2054 3588 2109 ﬁnis
3613 2053 3779 2109 alienat

2220 2148 2368 2211 sunt,
2394 2145 2521 2215 quia
2550 2161 2657 2201 non
2679 2154 2802 2201 sunt
2829 2155 2977 2202 extra
3007 2146 3505 2202 commutationem.
3530 2147 3666 2199 Inter
3682 2142 3782 2196 hac

2219 2232 2503 2288 sciendum
2534 2241 2633 2302 est,
2666 2234 2792 2305 quia
2822 2235 2897 2302 bi,
2946 2234 3015 2290 de
3045 2235 3243 2305 quibus
3271 2234 3467 2306 agitur,
3511 2231 3627 2287 coeli
3652 2229 3783 2301 peri-

2222 2321 2355 2377 bunt
2379 2330 2432 2377 et
2461 2338 2567 2377 non
2598 2323 2880 2393 peribunt;
2906 2323 3030 2393 quia
3052 2324 3315 2378 morietur
3340 2322 3396 2377 in
3416 2322 3492 2377 eis
3506 2320 3612 2387 illa,
3640 2332 3783 2389 quam

2221 2425 2289 2465 ex
2326 2411 2530 2466 carnali
2578 2413 2926 2482 generatione
2970 2419 3376 2479 contraxerunt,
3422 2407 3698 2479 corruptio.
3727 2405 3784 2459 Et

2222 2505 2404 2554 tamen
2435 2499 2490 2554 in
2521 2500 2599 2557 eis
2626 2499 2841 2570 plenior
2866 2500 2986 2571 erit,
3017 2516 3178 2572 quam
3209 2500 3263 2554 in
3292 2501 3397 2554 hac
3420 2499 3529 2553 vita
3556 2511 3647 2568 per
3670 2508 3783 2564 spe-

2221 2588 2400 2642 culum
2454 2596 2507 2643 et
2535 2588 2590 2642 in
2618 2589 2909 2661 aenigmate
2938 2596 3271 2659 acceperunt
3316 2589 3364 2658 (1
3386 2586 3512 2643 Cor.
3544 2584 3677 2651 xui),
3704 2581 3782 2635 di-

2219 2677 2348 2732 vina
2378 2676 2717 2733 inbabitatio.
2754 2677 2892 2732 Coeli
2923 2678 3026 2732 hoc
3064 2676 3226 2732 modo
3258 2691 3378 2732 esse
3406 2689 3513 2729 non
3540 2671 3780 2733 desinent,

2219 2766 2345 2821 dum
2378 2765 2445 2819 ad
2503 2765 2878 2835 recipiendum
2910 2765 2964 2819 in
3020 2764 3327 2835 semetipsis
3382 2764 3572 2830 Deum,
3625 2759 3781 2813 sinum

2219 2853 2400 2910 cordis
2425 2853 2656 2924 amplius
2686 2854 2886 2908 laxent.
2922 2852 3078 2909 Unde
3107 2869 3229 2907 cum
3264 2868 3361 2908 eos
3385 2850 3640 2923 perituros
3664 2861 3781 2917 pro-

2220 2943 2381 3013 pheta
2411 2941 2653 3011 dixisset,
2682 2941 2912 3011 subjecit
2939 2950 3099 3012 atque
3128 2941 3241 2995 ait:
3285 2942 3362 2996 Tu
3376 2943 3563 2996 autem
3590 2950 3784 3009 perma-

2217 3046 2344 3086 nes.
2382 3033 2458 3084 Ac
2487 3031 2532 3084 si
2562 3038 2812 3100 patenter
2837 3029 3020 3085 dicat:
3067 3029 3272 3085 Peribit
3303 3027 3519 3099 quidem
3548 3020 3785 3096 quidquid

2216 3118 2272 3173 in
2302 3120 2380 3175 eis
2408 3134 2473 3173 ex
2528 3119 2763 3173 humana
2790 3117 3023 3173 habetur
3065 3116 3432 3188 corruptione,
3464 3115 3558 3169 sed
3584 3125 3783 3184 perma-

506 3168 679 3262 δευέιί
709 3206 951 3278 Spiritus
981 3168 1261 3263 doctorum
1295 3168 1635 3262 infundenda
1663 3207 1921 3263 cordibus
1948 3209 2106 3264 intel-
2136 3168 2187 3231 θ
2215 3207 2365 3262 nebit
2416 3206 2469 3260 in
2498 3206 2607 3261 illis
2636 3206 2781 3279 quod
2807 3222 2873 3262 ex
2931 3215 3021 3262 tua
3064 3168 3395 3277 accepbrunt
3450 3208 3655 3259 Virtute.
3714 3196 3787 3251 Tu

504 3296 746 3368 liguntur
766 3296 794 3349 ‘I
845 3295 946 3350 Hic
971 3311 1100 3350 vero
1130 3295 1251 3365 ipsa
1280 3296 1537 3350 virtutum
1567 3312 1753 3367 opera,
1809 3312 1878 3351 ex
1902 3297 2105 3352 eisdem

508 3392 687 3440 tamen
716 3383 876 3439 donis
900 3384 957 3436 in
991 3383 1267 3438 hominum
1288 3383 1622 3453 prodeuntia
1637 3384 1881 3439 notitiam
1915 3401 2108 3441 vocan-

511 3482 621 3528 tur.
676 3471 818 3540 Quia
848 3470 992 3527 enim
1022 3487 1121 3542 per
1167 3487 1360 3525 manus
1389 3487 1550 3527 omne
1583 3488 1717 3544 opus
1745 3475 1949 3546 agitur,
1979 3474 2109 3545 ipsae

513 3563 769 3617 virtutum
801 3560 1146 3632 operationes
1174 3576 1271 3631 per
1316 3576 1567 3614 manuum
1612 3577 1779 3633 opera
1807 3562 2107 3634 signantur.

523 3650 763 3723 Primum
810 3663 1046 3718 namque
1078 3648 1327 3702 humanis
1355 3648 1627 3704 mentibus
1656 3650 1830 3721 gratia
1861 3650 2115 3721 spiritalis

512 3736 836 3802 infunditur,
871 3736 1223 3808 postmodum
1265 3752 1399 3792 vero
1437 3737 1494 3791 in
1525 3746 1703 3792 mente
1732 3738 1864 3809 quid
1894 3738 2113 3809 spiritus

517 3826 710 3898 egerit,
743 3825 798 3878 in
827 3825 1086 3896 operibus
1130 3824 1548 3880 demonstratur.
1582 3826 1713 3881 Coeli
1744 3828 1904 3882 etiam
1933 3828 2118 3883 docto-

525 3931 614 3971 res
669 3914 937 3970 Ecclesiae
991 3914 1121 3968 dicti
1151 3922 1296 3983 sunt,
1336 3918 1491 3984 533
1556 3918 1684 3987 quia
1744 3915 2007 3973 Dominus
2062 3915 2117 3969 in

523 4003 601 4059 eis
626 4006 912 4075 praesidet,
937 4002 1066 4058 dum
1088 4018 1290 4074 pereos
1311 4020 1406 4059 sua
1420 4004 1625 4072 judicia
1645 4013 1857 4060 exercet
1880 4003 2113 4073 (Matth.

518 4097 698 4165 xviii).
733 4093 943 4164 Quibus
970 4108 1206 4164 namque
1234 4092 1390 4164 regni
1416 4093 1676 4149 caelorum
1706 4093 1886 4150 claves
1912 4093 2114 4160 tribuit,

495 4184 500 4189 ’
531 4182 609 4239 eis
640 4183 850 4255 ligandi
896 4188 1058 4252 atque
1088 4181 1337 4237 solvendi
1384 4189 1705 4251 potestatem
1733 4182 1887 4237 dedit
1916 4183 2106 4251 (Joan.

521 4276 638 4343 xx).
664 4273 780 4327 'Per
800 4286 895 4327 eos
920 4285 1052 4342 ergo
1071 4268 1304 4338 judicat,
1322 4269 1447 4339 quia
1469 4270 1829 4341 quodcunque
1858 4271 1925 4325 ab
1955 4273 2035 4325 eis
2057 4269 2119 4324 li-

520 4369 709 4433 gatum
739 4360 917 4426 fuerit,
949 4358 1107 4430 ligat.
1140 4357 1352 4413 Scimus
1398 4366 1578 4414 autem
1610 4358 1735 4428 quia
1764 4358 1951 4413 sedere
1975 4358 2118 4428 judi-

526 4449 699 4505 cantis
729 4456 831 4515 est,
864 4455 917 4503 et
970 4447 1092 4519 ipse
1147 4447 1411 4502 Dominus
1437 4463 1537 4517 per
1590 4448 1908 4518 prophetam
1940 4447 2070 4501 dicit
2102 4466 2113 4502 :

2213 3297 2355 3350 enim
2389 3311 2699 3366 permanes.
2736 3296 2929 3366 Liquet
2958 3310 3117 3365 ergo,
3151 3295 3280 3365 quia
3310 3294 3367 3348 in
3399 3292 3479 3348 eis
3508 3305 3610 3346 non
3636 3284 3788 3342 mori-

2216 3392 2301 3438 tur
2359 3384 2624 3455 quidquid
2662 3382 2732 3439 de
2783 3383 3081 3438 divinitatis
3109 3380 3526 3454 participatione
3574 3378 3626 3432 in
3676 3371 3790 3445 ipsis

2216 3471 2468 3526 habetur.
2501 3473 2636 3527 Caro
2654 3479 2835 3527 tamen
2856 3473 2915 3525 in
2939 3471 3222 3541 pulverem
3252 3469 3553 3541 redigetur,
3574 3472 3628 3520 ut
3652 3469 3787 3533 post-

2220 3560 2449 3615 modum
2496 3575 2593 3629 per
2636 3561 3083 3615 resurrectionem
3134 3560 3189 3613 in
3235 3558 3430 3614 melius
3476 3554 3786 3611 reformatur.

2217 3648 2374 3704 Unde
2404 3655 2455 3702 et
2482 3648 2767 3703 subditur:
2804 3647 3010 3704 Omnes
3038 3648 3191 3703 sicut
3233 3648 3629 3704 vestimentum
3651 3641 3787 3696 vete-

2220 3741 2471 3793 rascent.
2489 3737 2826 3791 Vestimenta
2843 3744 3173 3801 sanctorum,
3199 3740 3326 3790 sunt
3346 3746 3575 3803 corpora
3602 3738 3784 3784 eorum.

2226 3824 2380 3881 Unde
2395 3824 2462 3879 de
2492 3824 2818 3895 quibusdam
2844 3824 3106 3895 scriptum
3123 3832 3206 3879 est
3230 3843 3243 3879 :
3272 3824 3385 3881 Isti
3412 3824 3547 3878 sunt
3573 3816 3662 3890 qui
3687 3827 3788 3867 non

2221 3914 2672 3984 inquinaverunt
2704 3915 3042 3969 vestimenta
3059 3929 3163 3968 sua
3194 3913 3389 3985 (Apoc.
3424 3925 3503 3973 ιιι,
3535 3910 3606 3978 4).
3632 3901 3788 3958 Etite—

2225 4018 2344 4056 rum
2372 4019 2384 4055 :
2423 4000 2715 4058 Lauerunt
2743 4003 2919 4057 stolas
2935 4017 3090 4070 suas,
3117 4006 3173 4056 et
3203 4001 3604 4056 dealbaverunt
3630 4007 3712 4047 eos
3736 3988 3790 4042 in

2224 4091 2509 4161 sanguine
2520 4091 2663 4162 Agni
2676 4094 2693 4157 (
2698 4090 2813 4145 Ibid
2821 4132 2832 4143 .
2852 4105 2946 4155 vn,
2965 4091 3077 4158 14).
3094 4087 3229 4157 Quae
3243 4088 3488 4159 profecto
3500 4081 3792 4138 vestimenta

2227 4186 2352 4234 tunc
2374 4186 2766 4246 vesterascunt,
2827 4192 2952 4234 cum
2981 4176 3273 4232 animabus
3315 4190 3500 4231 eorum
3528 4171 3592 4227 ad
3620 4166 3793 4224 omium

2226 4266 2592 4335 tendentibus,
2625 4266 2745 4336 ipsa
2770 4282 2961 4321 eorum
2990 4281 3227 4336 corpora
3260 4265 3319 4320 in
3352 4272 3507 4320 terra:
3531 4253 3792 4315 essentiam

2225 4355 2584 4410 deducuntur.
2617 4354 2755 4424 Quia
2784 4370 2913 4411 vero
2942 4355 3322 4410 mortalitatem
3350 4348 3592 4422 corporis
3616 4346 3793 4437 immu-

2228 4444 2356 4498 tatio
2387 4443 2630 4513 sequitur
2657 4443 3086 4513 resurrectionis,
3119 4448 3521 4514 consequenter
3548 4434 3791 4503 adjunxilt

529 4539 739 4594 Cretum
768 4537 910 4593 mihi
938 4537 1097 4592 sedes
1118 4539 1201 4592 est
1233 4536 1368 4604 (lsa.
1391 4537 1563 4605 var).
1596 4534 1653 4591 Si
1682 4550 1812 4607 ergo
1840 4535 1997 4590 sedes
2016 4535 2114 4590 Dei
2141 4523 2193 4582 D
2224 4531 2409 4586 dicens
2441 4549 2453 4585 :

528 4628 727 4683 caelum
756 4633 857 4692 est,
886 4632 942 4681 et
970 4626 1023 4678 in
1053 4624 1352 4679 rectoribus
1390 4622 1654 4679 Ecclesiae
1683 4625 1946 4680 Dominus
1969 4624 2120 4693 judi-

528 4719 638 4784 cat,
669 4730 793 4770 cum
823 4713 1022 4768 sedere‘
1036 4712 1330 4782 judicantis
1359 4711 1445 4778 sit,
1478 4713 1796 4769 necessario
1826 4712 2119 4782 consequi-

530 4812 616 4859 tur
627 4801 773 4873 quod
794 4799 1049 4855 Ecclesiae
1069 4807 1308 4856 rectores
1326 4800 1449 4855 cceli
1465 4800 1735 4856 dicuntur.
1756 4799 1858 4869 Qui
1880 4801 2119 4871 profecto

527 4891 652 4949 coeli
683 4904 849 4959 opera
879 4904 1135 4944 manuum
1168 4896 1289 4943 sunt
1332 4888 1452 4958 Dei,
1484 4890 1611 4959 quia
1638 4890 1741 4944 hoc
1768 4888 1945 4960 ipsum
1974 4889 2120 4959 quod

528 4980 654 5039 coeli
696 4986 840 5050 sunt,
872 4994 943 5034 ex
968 4978 1141 5051 gratia
1184 4977 1393 5033 virtutis
1442 4984 1789 5047 acceperunt,
1819 4976 1956 5032 sicut
1983 4976 2122 5031 scri-

525 5078 681 5143 ptum
709 5076 828 5125 est:
882 5069 1040 5125 Verbo
1071 5067 1200 5124 caeli
1234 5067 1454 5133 ﬁrmati
1498 5070 1659 5135 sunt,
1688 5070 1746 5125 et
1768 5066 1979 5138 spiritu
2006 5065 2121 5122 oris

526 5161 648 5231 eius
676 5159 868 5215 omnis
898 5157 1080 5212 virtus
1109 5171 1304 5214 eorum
1335 5154 1513 5223 (Psal.
1544 5169 1722 5222 χχχιι,
1755 5156 1830 5224 6).

600 5249 774 5317 (Vers.
806 5248 918 5315 27.)
945 5246 1057 5317 Ipsi
1093 5245 1380 5316 peribunt,
1417 5250 1479 5299 tu
1500 5246 1692 5299 autem
1721 5258 2044 5312 permanes,
2065 5250 2121 5298 et

520 5352 715 5393 omnes
747 5335 897 5390 sicut
928 5334 1331 5389 vestimentum
1360 5334 1731 5388 veterascent.

598 5427 688 5479 3'1.
718 5424 894 5479 Nemo
928 5422 1043 5492 jam
1093 5437 1245 5493 spem
1276 5436 1426 5475 suam
1454 5428 1625 5491 ponat
1652 5419 1711 5474 in
1741 5419 1978 5475 homine.
2012 5419 2119 5490 Ipsi

526 5510 670 5566 enim
699 5511 829 5566 coeli
858 5509 957 5564 etsi
985 5510 1094 5564 sint
1121 5524 1289 5580 opera
1321 5523 1579 5563 manuum
1610 5506 1730 5576 Dei,
1761 5506 2010 5579 peribunt
2032 5515 2117 5562 ta-

526 5613 673 5654 men.
734 5598 1021 5667 Quomodo
1078 5605 1257 5653 autem
1328 5598 1599 5669 peribunt,
1658 5596 1761 5652 nisi
1819 5596 2117 5652 secundum

2297 4620 2474 4688 (Vera.
2499 4622 2684 4691 28.)Et
2698 4623 2847 4678 sicut
2862 4622 3225 4693 opertorium
3248 4618 3495 4676 mutabis
3514 4612 3796 4705 mactatu:

2229 4709 2524 4774 tabuntur;
2556 4714 2622 4766 tu
2641 4717 2833 4766 autem
2848 4712 3008 4779 534
3038 4710 3191 4766 idem
3217 4708 3340 4782 ipse
3364 4725 3447 4777 es,
3476 4707 3530 4762 et
3557 4698 3690 4759 anni
3721 4698 3793 4749 tui

2226 4816 2342 4856 non
2371 4800 2657 4869 deﬁcient.

2300 4892 2387 4945 38.
2412 4890 2531 4943 Non
2555 4887 2982 4960 praetereundum
3009 4885 3168 4943 nobis
3189 4894 3272 4942 est
3292 4884 3439 4956 quod
3453 4898 3573 4941 cum
3594 4874 3797 4934 dixisset

2226 4993 2320 5034 eos
2350 4978 2490 5032 sicut
2519 4991 2622 5046 cpe
2653 4964 2843 5032 torium
2872 4976 3181 5040 mutandos,
3226 4973 3543 5044 subjunxit:
3593 4968 3653 5022 Et
3682 4978 3795 5017 mu-

2231 5067 2531 5121 tabuntur.
2591 5064 2847 5136 Signavit
2876 5063 3017 5119 enim
3050 5064 3136 5119 his
3161 5063 3346 5119 verbis
3375 5059 3635 5131 duplicem
3660 5049 3797 5109 illam

2229 5162 2541 5209 sanctorum
2572 5153 2624 5207 in
2656 5152 2839 5207 futura
2869 5150 2978 5207 vita
2997 5152 3499 5217 commutationem,
3518 5146 3569 5201 in
3589 5157 3689 5214 qua
3706 5150 3798 5231 nou

2228 5242 2399 5298 solum
2447 5256 2674 5312 corpora
2716 5240 3053 5310 corruptioni
3080 5240 3135 5295 in
3168 5241 3270 5296 hoc
3300 5237 3500 5294 saeculo
3554 5240 3606 5288 et
3657 5230 3797 5312 morti

2229 5330 2465 5386 obnoxia
2494 5311 2808 5400 perpetuam
2847 5328 3151 5400 percipient
3195 5324 3672 5397 incorruptionem,
3714 5311 3798 5368 sed

2229 5419 2395 5475 etiam
2425 5418 2613 5474 anima
2643 5434 2831 5474 eorum
2864 5427 2917 5474 et
2943 5417 3113 5475 corda
3132 5417 3186 5472 in
3234 5424 3495 5472 aeternam
3525 5404 3797 5466 transibunt

2229 5506 2596 5576 stabilitatem,
2627 5515 2684 5562 ut
2713 5507 2849 5562 sicut
2878 5505 3012 5562 mori
3060 5522 3167 5563 non
3195 5508 3471 5576 poterunt,
3502 5500 3574 5588 ita
3602 5499 3652 5552 et

2228 5611 2353 5653 cm
2377 5597 2596 5667 qnidem
2637 5611 2747 5651 non
2775 5594 3021 5666 possint;
3070 5603 3124 5652 et
3161 5600 3419 5666 appareat
3444 5590 3495 5645 in
3524 5586 3598 5644 eis
3625 5579 3791 5638 multi-
