4034 6166
70 67 560 149 ’³
573 75 580 78 ’

267 335 374 388 629

949 331 1018 386 lN
1058 330 1335 390 SEPTEM
1379 328 1628 388 PSALM.
1681 325 1969 383 ΡΟΕΝῙΤ.
2016 327 2415 388 EXPOSITIO.
2445 366 2515 374 —
2555 335 2752 391 PSAL.
2805 337 2892 392 Vl.

3472 341 3572 395 630

263 456 436 530 plicis
453 456 714 512 bonitatis
739 455 838 512 Dei
856 454 1201 525 beneﬁcium,
1225 472 1346 511 cum
1369 461 1420 510 et
1439 454 1873 512 mortaleindue-
1900 450 1956 512 Α
1986 468 2064 523 ιν,
2099 456 2207 526 19).
2239 458 2298 511 In
2329 473 2392 513 eo
2423 459 2565 529 quod
2596 459 2728 516 dicit
2753 461 2888 516 lilios
2916 461 3031 518 illic
3059 470 3108 518 et
3137 479 3244 519 non
3273 478 3463 519 servos
3482 465 3574 518 ha-

265 547 344 601 rit
360 545 792 613 immortalitem,
814 543 1102 600 etaﬂ'ectus
1132 562 1238 602 non
1264 545 1460 600 sentiet
1484 543 1866 600 tentationem.

263 633 587 690 Notandum
645 635 792 704 quod
843 634 1175 705 Oper-torium
1232 634 1333 689 Dei
1389 634 1561 688 sancti
1601 634 1872 688 dicuntur.

264 723 427 778 Sicut
459 721 606 775 enim
637 721 844 776 homini
873 722 1007 776 nihil
1040 730 1123 777 est
1153 721 1382 778 vicinius
1402 737 1562 794 quam
1587 723 1770 786 vestis,
1802 722 1878 775 ita

263 811 388 867 Deo
421 809 560 864 nihil
590 818 667 864 est
696 810 927 864 vicinius
955 810 1175 866 sanctis.
1208 810 1359 866 Sicut
1387 810 1532 865 enim
1549 809 1880 866 vestimentis

256 899 376 954 suis
401 899 569 954 homo
591 899 973 964 circumdatur,
1001 899 1071 953 ita
1084 899 1286 954 sanctis
1301 899 1412 953 suis
1441 900 1584 954 Deus
1633 899 1873 954 vestitur.

263 989 411 1044 Hinc
428 1003 667 1059 namque
689 1004 787 1058 per
816 990 1136 1058 prophetam
1153 988 1418 1059 scriptum
1447 996 1530 1043 est
1565 1003 1577 1041 :
1611 990 1730 1044 Vivo
1759 1005 1874 1060 ego,

260 1078 409 1132 dicit
437 1076 739 1145 Dominus,
756 1079 888 1148 quia
906 1079 966 1132 in
984 1077 1386 1133 sublimatione
1401 1081 1501 1132 tua
1516 1078 1772 1134 omnibus
1789 1077 1877 1132 his

259 1165 429 1223 velut
447 1169 785 1222 vestimento
810 1167 1066 1222 vestieris
1085 1167 1407 1236 (Isai.xux,
1434 1169 1649 1233 l8,sec.
1690 1167 1867 1235 LXX).

257 1255 408 1310 Hinc
439 1271 629 1309 rursus
656 1255 771 1309 Deo
799 1270 896 1325 per
922 1253 1087 1309 alium
1117 1257 1442 1326 prophetam
1467 1254 1672 1310 dicitur
1695 1272 1706 1307 :
1736 1255 1879 1326 Myr-

263 1343 466 1411 rha,et
478 1349 668 1414 gutta,
683 1349 738 1398 et
752 1345 902 1398 casia
920 1361 954 1398 a
967 1345 1324 1400 vestimentis
1364 1345 1479 1398 tuis
1494 1345 1651 1414 (Psal
1664 1384 1678 1398 .
1730 1359 1874 1409 κων,

261 1436 341 1501 9).
370 1431 528 1500 Quia
556 1432 698 1486 enim
716 1431 957 1487 omnium
981 1431 1236 1486 virtutum
1254 1433 1602 1487 odoramenta
1625 1449 1657 1485 a
1680 1433 1878 1487 sanctis

256 1520 564 1592 prodeunt,
587 1528 730 1575 recte
750 1519 948 1576 dicitur
967 1521 1092 1590 quia
1111 1522 1162 1575 'a
1188 1521 1519 1575 vestimentis
1542 1521 1638 1574 Dei
1660 1521 1878 1590 myrrha

261 1617 314 1663 et
346 1618 512 1680 gutta
543 1617 596 1663 et
623 1609 768 1663 casia
798 1609 1120 1678 procedunt.
1156 1608 1293 1663 Hinc
1321 1623 1556 1678 namque
1590 1608 1879 1679 Apostolus

259 1697 371 1752 ait:
403 1698 622 1753 Christi
651 1697 828 1753 bonus
857 1698 994 1754 odor
1021 1712 1215 1752 sumus
1246 1695 1367 1754 Deo
1396 1697 1473 1767 (II
1501 1699 1626 1753 Cor.
1659 1712 1717 1764 u,
1752 1700 1866 1765 15).

1983 546 2266 616 bitatures,
2299 549 2533 602 ostendit
2562 551 2710 622 quod
2739 552 2808 606 ad
2838 551 3055 606 caeleste
3098 569 3326 624 regnum
3379 553 3575 624 aliquis

1984 636 2266 706 pervenire
2292 651 2401 692 non
2431 638 2621 706 valeat,
2654 639 2756 693 nisi
2817 641 2964 709 prius
3026 649 3287 696 vetustate
3335 642 3572 709 abjecta,

1986 739 2084 794 per
2114 726 2406 779 novitatem
2425 726 2548 780 vita)
2579 726 2719 781 ﬁlius
2736 726 2848 782 ﬁat.
2872 729 3011 782 Nam
3035 737 3085 783 et
3109 729 3206 796 ipsi
3229 745 3364 798 quos
3386 745 3574 784 servos

1985 821 2161 882 vocat,
2194 815 2558 884 apustolorum
2591 816 2684 869 lilii
2743 816 2975 883 fuerunt,
3035 826 3270 871 veterem
3325 818 3576 873 videlicet

1984 902 2448 957 conversationem
2479 903 2814 971 abdicantes,
2849 913 2902 959 et
2959 904 3012 957 in
3044 905 3277 959 novitate
3326 906 3450 960 vitae
3481 922 3576 974 per

1985 989 2250 1044 Christum
2282 992 2646 1047 ambulantes.
2689 993 2923 1048 Fuerunt
2953 992 3115 1063 igitur
3142 994 3300 1058 servi,
3362 995 3579 1048 fuerunt

1985 1084 2036 1130 et
2060 1076 2154 1130 ﬁlii
2189 1094 2199 1129 :
2234 1076 2373 1130 servi
2431 1085 2654 1146 propter
2701 1077 2942 1132 laborem
3003 1077 3201 1146 aperis,
3231 1077 3326 1130 lilii
3357 1087 3580 1147 propter

1985 1165 2338 1220 mutationem
2369 1166 2644 1220 novitatis.
2683 1167 2819 1221 llinc
2849 1175 2926 1221 est
2957 1167 3101 1234 quod
3131 1182 3194 1220 ex
3228 1165 3350 1220 ﬁliis
3390 1167 3576 1231 Israel,

1985 1254 2072 1322 qui
2105 1270 2174 1308 ex
2202 1254 2519 1324 .Egyptiaca
2549 1253 2802 1308 servitute
2841 1255 3055 1308 liberati
3112 1263 3256 1320 sunt,
3314 1263 3366 1308 et
3433 1272 3579 1309 mare

1985 1341 2224 1396 Rubrum
2255 1342 2461 1410 przevio
2491 1343 2714 1397 ductore
2745 1343 2931 1413 Moyse
2989 1343 3336 1409 transierunt,
3396 1343 3582 1397 nullus

1989 1438 2181 1484 terram
2250 1431 2644 1500 promissionis,
2736 1433 2976 1501 exceptis
3052 1432 3282 1497 duobus,
3362 1431 3582 1486 intravit

1987 1519 2199 1589 (Exod.
2225 1520 2379 1588 xiv);
2415 1519 2512 1574 sed
2541 1519 2636 1574 ﬁlii
2667 1536 2852 1575 eorum
2886 1528 3075 1589 postea
3111 1520 3468 1589 intraverunt,
3530 1529 3584 1575 et

1985 1608 2230 1678 patribus
2257 1623 2444 1662 eorum
2472 1609 2799 1679 repromissa
2820 1609 3019 1664 divina:
3039 1609 3307 1681 largitatis
3323 1608 3586 1664 beneficia

1986 1695 2768 1768 acceperunt.Signiﬁcabatur
2787 1713 3019 1768 namque
3051 1715 3147 1769 per
3180 1699 3304 1764 hoc,
3338 1699 3484 1768 quod
3515 1697 3586 1751 ad

263 1787 462 1843 Vestiu
496 1793 619 1840 enta
650 1801 784 1858 ergo
836 1786 934 1840 Dei
994 1793 1288 1855 mutantur,
1349 1786 1474 1856 quia
1525 1787 1698 1841 sancti
1754 1793 1957 1864 postB
1988 1785 2309 1854 promissam
2369 1785 2526 1840 nobis
2554 1794 2768 1840 aeternae
2825 1786 3141 1840 hereditatis
3200 1794 3395 1840 terram
3423 1800 3584 1840 nemo

261 1880 510 1930 mortem
542 1874 809 1945 corporis,
843 1875 897 1930 in
927 1873 1238 1930 felicitatem
1271 1881 1554 1929 transeunt
1583 1875 1709 1931 vitae
1757 1891 1874 1930 coe-

261 1963 428 2018 lestia
442 2004 456 2016 .
497 1963 757 2034 Sequitur
789 1984 808 2019 .-

340 2056 416 2106 39
435 2092 449 2106 .
494 2054 572 2108 Tu
602 2056 796 2108 autem
824 2055 941 2124 ipse
965 2068 1042 2109 es.
1067 2053 1195 2108 Hec
1223 2060 1309 2107 est
1331 2068 1460 2108 vera
1473 2053 1568 2107 Dei
1591 2053 1882 2120 aeternitas,

270 2144 326 2196 et
353 2157 498 2196 vera
531 2142 778 2210 ejusdem
811 2141 1214 2207 immortalitas,
1245 2141 1394 2212 quod
1423 2157 1531 2196 non
1561 2141 1732 2196 solum
1759 2142 1886 2196 nul-

267 2230 381 2284 lius
417 2229 549 2284 finis
578 2229 748 2284 limite
770 2231 1100 2300 sempiterna
1149 2230 1269 2299 ejus
1316 2231 1488 2286 virtus
1534 2238 1588 2285 et
1631 2229 1887 2284 divinitas

267 2318 647 2388 concluditur,
677 2319 774 2372 sed
807 2320 954 2388 quod
991 2326 1232 2388 potestas
1286 2335 1350 2374 ac
1405 2319 1652 2374 voluntas
1708 2319 1885 2389 ipsius

266 2406 596 2461 nullatenus
627 2407 1056 2477 imperfectionis
1086 2407 1369 2480 cujusque,
1399 2415 1490 2461 aut
1509 2407 1885 2462 inconstantiae

269 2497 554 2550 varietate
573 2504 928 2565 permutatur.
949 2497 1106 2552 Unde
1123 2497 1191 2550 ad
1214 2497 1436 2567 Moysen
1453 2495 1520 2550 de
1560 2496 1740 2565 seipso
1760 2495 1835 2549 ait
1864 2516 1882 2551 :

272 2585 390 2653 Ego
427 2600 558 2639 sum
588 2585 686 2656 qui
707 2601 833 2640 sum
864 2585 1066 2646 (Exod.
1100 2600 1177 2652 ni,
1215 2584 1325 2654 14).
1361 2585 1427 2638 Et
1473 2583 1665 2638 iterum
1714 2598 1727 2638 :
1759 2585 1883 2639 Haec

265 2673 424 2728 dices
457 2673 597 2729 ﬁliis
617 2674 824 2728 Israel:
845 2671 948 2740 Qui
960 2677 1066 2740 est,
1086 2675 1245 2728 misit
1271 2688 1361 2727 me
1388 2672 1460 2727 ad
1496 2688 1585 2727 vos
1607 2671 1879 2742 (Ibidem).

264 2761 399 2816 ideo
438 2762 528 2817 hic
552 2761 773 2817 dicitur:
795 2765 870 2818 Tu
899 2766 1092 2818 autem
1115 2762 1263 2818 idem
1288 2763 1406 2833 ipse
1436 2777 1513 2818 es.
1540 2763 1712 2816 Homo
1738 2777 1886 2823 nam-

266 2866 372 2920 que
405 2849 516 2904 etsi
547 2849 662 2918 ipse
717 2850 805 2918 sit,
839 2865 946 2906 non
979 2859 1159 2906 tamen
1189 2851 1337 2904 idem
1368 2858 1470 2918 est,
1503 2850 1628 2922 quia
1657 2851 1760 2905 hoc
1817 2867 1884 2905 ex

267 2953 380 2992 sua:
447 2937 794 2992 mortalitatis
823 2939 1172 3009 corruptione
1229 2939 1458 3009 accepit,
1513 2939 1653 2992 utin
1687 2938 1882 2993 eodem

266 3033 415 3080 statu
454 3025 552 3080 diu
583 3041 899 3096 permanere
914 3042 1022 3082 non
1044 3027 1239 3096 possit.
1263 3026 1420 3094 Quod
1457 3026 1526 3081 de
1547 3027 1661 3081 Deo
1681 3027 1877 3080 sentire

1991 1881 2167 1943 potest
2195 1873 2514 1941 ascendere,
2547 1874 2649 1927 nisi
2679 1875 2770 1944 qui
2797 1874 2948 1943 prius
2968 1891 3066 1944 per
3093 1890 3331 1928 amorem
3363 1875 3586 1944 spiritus

1993 1960 2047 2013 in
2063 1961 2300 2015 novitate
2330 1961 2453 2016 vitae
2484 1961 2736 2016 didicerit
2766 1960 3064 2026 ambulare,
3101 1962 3242 2028 Duo,
3276 1961 3439 2016 Caleb
3498 1961 3586 2015 vi-

1994 2049 2191 2104 delicet
2220 2057 2272 2104 et
2299 2050 2461 2104 Josue
2495 2051 2679 2119 (Iosue
2709 2050 2843 2118 xxv),
2875 2059 3038 2119 caput
3061 2049 3351 2119 designant
3379 2057 3432 2104 et
3461 2064 3586 2104 cor-

1993 2155 2116 2208 pus,
2136 2138 2401 2192 Christum
2421 2140 2628 2194 scilicet
2657 2147 2710 2193 et
2739 2139 3063 2201 Ecclesiam,
3095 2138 3186 2208 qui
3242 2137 3342 2193 soli
3398 2138 3588 2209 ingre-

1994 2227 2212 2281 diuntur
2238 2227 2390 2281 illam
2422 2227 2716 2282 viventium
2747 2236 2962 2281 terram.

2066 2317 2154 2370 tl.
2190 2313 2347 2383 Quod
2381 2332 2507 2371 vero
2539 2317 2631 2384 ait,
2663 2317 2861 2372 Semen
2893 2331 3085 2372 eorum
3107 2318 3170 2371 in
3199 2317 3472 2372 saeculum
3497 2318 3589 2372 di-

1993 2403 2230 2470 rigetur,
2264 2401 2556 2456 electorum
2589 2401 2760 2457 voluit
2789 2416 2955 2469 opera
2983 2400 3234 2471 intelligi,
3291 2417 3410 2473 quae
3468 2410 3590 2456 tunc

1993 2489 2239 2558 profecto
2271 2489 2578 2560 diriguntur
2602 2489 2655 2542 in
2686 2488 2966 2555 saeculum,
2997 2505 3124 2544 cum
3148 2490 3328 2543 omnia
3345 2497 3592 2558 spectant

1993 2579 2061 2630 ad
2093 2579 2286 2632 Deum.
2319 2578 2516 2632 Semen
2548 2578 2748 2649 quippe
2789 2593 2946 2632 suum
2993 2593 3334 2649 nequaquam
3384 2578 3591 2649 dirigit,

1993 2665 2079 2734 qui
2113 2681 2176 2719 ex
2209 2666 2470 2736 operibus
2525 2667 2635 2720 suis
2691 2666 2897 2736 aliquid
2939 2666 3306 2720 transitorium
3364 2666 3584 2738 quierit.

1995 2754 2174 2822 Opera
2204 2763 2384 2808 autem
2415 2761 2598 2809 nostra
2641 2754 2842 2810 idcirco
2873 2770 3056 2809 semen
3087 2755 3232 2808 dicta
3263 2763 3408 2820 sunt,
3467 2754 3591 2824 quia

1993 2843 2133 2898 sicut
2158 2860 2220 2896 ex
2251 2843 2454 2897 semine
2484 2843 2713 2897 fructum
2744 2842 3072 2912 colligimus,
3105 2843 3181 2897 sic
3211 2858 3280 2896 ex
3337 2843 3591 2910 operibus

1993 2927 2189 2981 nostris
2219 2929 2523 2982 mercedem
2547 2934 2944 2996 exspectamus.
2968 2926 3110 2980 Hinc
3128 2941 3361 2995 namque
3377 2934 3593 2995 aposto-

1989 3015 2072 3069 lus
2091 3015 2163 3068 ait
2187 3034 2198 3068 :
2223 3015 2575 3085 Quaecunque
2591 3015 2956 3070 seminerauit
2975 3013 3152 3080 homo,
3171 3013 3285 3067 hwc
3309 3019 3364 3068 et
3412 3019 3590 3069 metet

265 3114 436 3168 nimis
495 3113 798 3168 absurdum
855 3123 960 3169 est.
1008 3115 1157 3170 Sicut
1213 3115 1356 3170 enim
1395 3123 1478 3169 est,
1513 3123 1765 3183 alemus,
1808 3115 1877 3168 ita
1906 3131 1956 3194 Ο
1993 3107 2136 3172 (Gal.
2172 3121 2246 3176 Vl,
2266 3107 2341 3173 8).
2377 3103 2479 3172 Qui
2519 3103 2660 3158 enim
2692 3103 2745 3157 in
2776 3105 2878 3158 hac
2907 3103 3016 3158 vita
3049 3118 3236 3157 semen
3268 3103 3394 3156 boni
3428 3101 3592 3156 semi-

265 3202 758 3269 incommutabilis,
819 3218 927 3258 non
997 3203 1416 3260 diminutionem
1470 3204 1724 3270 sentiens,
1779 3219 1878 3258 nec

267 3291 590 3362 augmentis
620 3307 960 3358 excrescens,
993 3309 1102 3348 non
1136 3302 1356 3348 mutans
1398 3294 1738 3364 propositum
1771 3307 1878 3346 non

269 3377 601 3449 improbans
637 3381 781 3450 quod
821 3382 990 3436 semel
1029 3391 1112 3436 est
1162 3381 1549 3452 approbatum.
1615 3383 1769 3437 Unde
1825 3387 1878 3434 et

267 3467 647 3524 subditur:Et
662 3472 806 3525 anni
822 3472 907 3526 tui
923 3486 1037 3527 non
1051 3471 1332 3538 deﬁcient.
1351 3470 1406 3525 Si
1434 3487 1535 3540 per
1562 3485 1733 3525 annos
1758 3469 1873 3534 Dei,

270 3557 642 3612 aeternitatem
699 3558 1017 3628 accipimus,
1072 3560 1304 3628 qualiter
1346 3559 1470 3612 anni
1498 3558 1617 3626 ejus
1647 3573 1755 3614 non
1775 3558 1876 3612 de-

269 3643 481 3712 ﬁcient,
511 3654 700 3714 aperte
730 3647 998 3702 videmus.
1030 3647 1189 3716 Quod
1236 3648 1283 3702 si
1324 3663 1422 3717 per
1477 3663 1648 3702 annos
1703 3648 1876 3716 ipsam

270 3741 594 3789 sanctorum
625 3736 1025 3791 multitudinem
1064 3736 1365 3808 intelligere
1419 3736 1689 3799 volumus,
1751 3735 1877 3789 anni

269 3837 377 3876 non
409 3821 687 3886 deﬁcient.
721 3826 847 3893 quia
873 3840 996 3878 curn
1027 3824 1122 3880 illo
1162 3826 1250 3894 qui
1309 3840 1580 3895 nunquam
1639 3822 1873 3891 deﬁciet,

269 3925 438 3964 unum
485 3909 634 3965 ﬁent.
665 3913 1070 3968 Revolutionem
1094 3914 1236 3968 enim
1295 3913 1585 3984 quamdam
1643 3913 1875 3978 dierum,

267 4013 479 4053 annum
511 4014 788 4054 vocamus.
823 3999 965 4070 Quid
995 4009 1184 4056 autem
1221 4009 1342 4056 sunt
1372 4001 1562 4068 sancti,
1597 4001 1697 4055 nisi
1728 4001 1875 4062 dies;

269 4094 319 4140 et
350 4086 492 4156 quid
521 4097 862 4157 peccatores,
897 4091 996 4144 nisi
1027 4105 1135 4144 nox
1168 4091 1197 4143 ‘l
1227 4090 1363 4144 Hinc
1391 4090 1590 4144 etenim
1620 4091 1878 4159 scriptum

269 4183 348 4229 est
379 4195 398 4230 :
435 4175 575 4232 Dies
601 4177 720 4232 diei
741 4183 967 4234 eructat
995 4179 1242 4246 verbum,
1265 4183 1321 4235 et
1337 4195 1456 4234 nox
1484 4179 1642 4233 nocti
1661 4180 1878 4234 indicat

273 4265 593 4320 scientiam
624 4267 802 4335 (Psat.
826 4282 981 4332 xvm,
1012 4268 1086 4336 3).
1105 4268 1244 4322 Anni
1274 4283 1405 4337 ergo
1447 4282 1556 4322 non
1606 4266 1877 4336 deﬁcient,

269 4353 397 4421 quia
431 4362 746 4408 sanctorum
777 4357 925 4411 chori
957 4365 1240 4428 postquam
1267 4356 1416 4411 illam
1456 4357 1878 4425 incomprehen-

267 4440 492 4496 sibilem
522 4443 685 4497 semel
713 4443 768 4496 in
797 4445 1100 4514 semetipsis
1129 4445 1437 4514 acceperint
1465 4444 1639 4498 lucem
1670 4443 1872 4498 nullam
1902 4475 1958 4537 D

272 4530 514 4600 amplius
542 4531 771 4587 sentient
799 4533 1124 4604 ignorantiae
1146 4531 1230 4588 vel
1249 4532 1561 4588 tentationis
1580 4532 1876 4588 obscurita-

275 4624 410 4671 tem.
457 4618 608 4674 Tunc
637 4620 783 4674 enim
819 4621 934 4675 dies
961 4621 1174 4675 videtur
1201 4621 1454 4688 deﬁcere,
1487 4637 1608 4676 cum
1638 4629 1730 4675 aut
1785 4637 1880 4674 nu-

275 4704 450 4775 bium,
488 4715 576 4761 aut
605 4709 778 4764 noctis
825 4709 1065 4764 tenebris
1120 4708 1437 4764 obscuratus
1489 4711 1718 4778 coeperit
1771 4723 1879 4764 non

272 4791 484 4850 lucere.
518 4794 676 4864 Quod
707 4797 777 4852 ab
822 4797 916 4852 illa
944 4798 1056 4852 vita
1085 4796 1322 4852 alienum
1383 4797 1505 4866 erit,
1571 4797 1694 4868 quia
1749 4812 1879 4853 vera

275 4880 392 4949 lux,
427 4900 561 4955 qum
591 4886 874 4941 obscurari
906 4903 1012 4942 non
1043 4893 1246 4956 potest,
1278 4886 1332 4940 in
1381 4885 1583 4940 sanctis
1631 4886 1879 4957 fulgebit.

348 4973 536 5039 (Vera.
563 4974 678 5041 29),
698 4975 832 5030 Filii
861 4991 1148 5032 servorum
1184 4980 1409 5032 tuorum
1443 4975 1796 5043 habitabant,
1826 4978 1884 5030 et

278 5075 472 5116 semen
501 5078 700 5119 eorum
725 5065 788 5118 in
821 5065 1100 5120 saxulum
1129 5064 1426 5136 dirigetur.

349 5147 440 5198 £0.
476 5145 577 5215 Qui
609 5154 735 5202 sunt
764 5146 861 5202 filii
889 5148 945 5202 in
975 5147 1150 5215 annis,
1175 5148 1231 5202 id
1254 5149 1409 5202 estin
1454 5147 1756 5202 aeternitate
1787 5147 1884 5202 Dei

281 5231 594 5300 habitaturi,
627 5235 730 5290 nisi
761 5236 1139 5304 apostolorum
1169 5236 1483 5304 imitatores,
1515 5251 1637 5291 cum
1670 5237 1784 5291 Deo
1831 5235 1885 5289 in

283 5321 481 5376 caelesti
510 5339 684 5395 regno
714 5324 1027 5393 perenniter
1057 5326 1297 5379 mansuri
1325 5326 1353 5379 ?
1385 5325 1587 5380 Omnes
1615 5327 1759 5378 enim
1814 5323 1885 5377 ii-

285 5403 434 5461 deles
465 5407 832 5477 apostolorum
864 5409 1118 5464 dicuntur
1145 5409 1264 5473 ﬁlii,
1299 5409 1424 5479 quia
1453 5408 1522 5463 ab
1552 5408 1630 5462 eis
1672 5410 1890 5464 fuerunt

283 5491 336 5545 in
367 5492 479 5549 fide
499 5497 764 5568 generati.
789 5495 927 5552 Hinc
955 5513 1190 5567 namque
1217 5498 1286 5551 ad
1318 5497 1538 5553 Galatas
1561 5481 1722 5550 535
1757 5512 1888 5569 apo-

285 5582 454 5636 stolus
474 5584 572 5639 ait:
590 5586 779 5642 Fitioli
797 5587 932 5654 mei,
953 5601 1088 5657 quos
1113 5586 1324 5641 iterum
1357 5585 1619 5658 parturio
1649 5584 1850 5654 (Galat
1866 5624 1880 5639 .

1990 3195 2196 3248 naverit
2225 3193 2430 3265 operis,
2466 3193 2522 3246 in
2551 3191 2725 3246 futura
2757 3192 2990 3246 fructum
3021 3199 3236 3245 aeternae
3284 3206 3588 3260 conseque-

1991 3291 2074 3337 tur
2101 3280 2574 3336 remunerationis.
2619 3282 2721 3334 Per
2749 3279 3009 3334 saeculum
3040 3294 3190 3345 vero,
3223 3278 3365 3332 illius
3414 3277 3588 3332 beatae

1986 3371 2110 3427 vita:
2139 3369 2459 3441 intelligitur
2488 3368 2775 3431 aeternitas,
2809 3383 2931 3440 quae
2962 3368 3088 3438 quia
3119 3383 3218 3437 per
3247 3367 3426 3420 varias
3443 3374 3587 3420 tem-

1986 3470 2177 3525 porum
2210 3453 2536 3508 mutationes
2566 3453 2869 3508 nullatenus
2898 3451 3172 3518 dividitur,
3205 3451 3365 3504 unius
3395 3449 3585 3506 saeculi

1987 3538 2349 3608 appcllatione
2372 3553 2479 3592 non
2512 3536 2960 3591 inconvenienter
3008 3536 3275 3607 signatur.
3336 3537 3395 3588 In
3455 3533 3587 3588 illud

1985 3642 2117 3697 ergo
2147 3625 2406 3680 saeculum
2437 3625 2735 3695 dirigamus
2763 3639 2949 3678 semen
3006 3632 3269 3689 nostrum,
3303 3631 3356 3677 et
3401 3621 3580 3677 cibum

1987 3730 2277 3786 operemur
2304 3729 2413 3768 non
2444 3713 2530 3782 qui
2563 3712 2723 3782 perit,
2757 3712 2850 3766 sed
2880 3712 2971 3783 qui
3002 3721 3280 3783 permanet
3310 3712 3363 3765 in
3417 3719 3584 3766 teter-

1986 3819 2113 3857 nam
2140 3803 2321 3857 vitam.
2343 3803 2709 3870 Dumtempus
2731 3801 3012 3867 habemus,
3047 3816 3331 3870 operemur
3361 3800 3586 3867 bonum,

1986 3896 2043 3941 ut
2099 3903 2220 3942 cum
2280 3885 2347 3940 ad
2404 3885 2799 3940 indeﬁcientem
2857 3884 2982 3939 vitae
3011 3885 3156 3938 illius
3188 3884 3581 3940 beatitudinem

1989 3975 2413 4047 pervenerimus,
2447 3982 2739 4044 perpetuos
2789 3973 3011 4041 fructus,
3070 3991 3168 4043 per
3226 3990 3387 4044 quem
3445 3989 3583 4044 per-

1986 4073 2149 4136 petuo
2182 4063 2435 4128 vivimus,
2468 4070 2521 4116 et
2547 4060 2772 4132 perenni
2804 4062 2959 4131 panis
2991 4060 3422 4116 etvinisatietate
3438 4077 3584 4132 gau-

1987 4154 2206 4207 demus.
2249 4153 2563 4220 Perpetuus,
2595 4149 2834 4218 inquam,
2867 4149 2993 4220 quia
3024 4158 3077 4203 et
3106 4149 3416 4203 mandendo
3473 4164 3585 4203 non

1987 4241 2261 4308 minuitur,
2293 4246 2346 4294 et
2374 4245 2634 4295 vetustate
2666 4253 2774 4292 non
2805 4236 3184 4292 deterioratur.

2586 4359 2990 4416 PROOEMIUM

2227 4486 2284 4524 IN
2317 4485 2541 4525 SEXTUM
2572 4483 2831 4523 PSALMUM
2861 4481 3366 4522 PGNITBNTIALEM.

2475 4578 2769 4632 Canticum
2793 4575 3093 4649 graduum.

2059 4694 2202 4748 Inter
2229 4692 2542 4747 innumeras
2569 4699 2621 4746 et
2650 4690 2983 4746 rutilantium
3015 4705 3243 4759 operum
3272 4693 3328 4744 et
3349 4691 3594 4746 eminen-

1989 4783 2116 4835 tium
2149 4789 2542 4836 structurarum
2574 4780 2880 4847 varietates,
2914 4779 3110 4850 quibus
3131 4779 3390 4848 templum
3426 4780 3593 4834 Salo-

1993 4870 2267 4925 monicum
2301 4871 2620 4925 adornatum
2652 4869 2773 4936 fuit,
2807 4871 2910 4922 hoc
2939 4883 3153 4937 quoque
3181 4868 3345 4921 fuisse
3383 4867 3594 4921 descri-

1991 4958 2155 5026 bitur,
2174 4959 2318 5030 quod
2332 4958 2642 5030 quindecim
2664 4958 2731 5012 ad
2748 4957 2878 5010 illud
2901 4955 3165 5027 gradibus
3200 4955 3596 5008 ascendebatur

1995 5049 2097 5110 (III
2125 5051 2251 5118 Reg.
2284 5050 2380 5115 vi).
2415 5047 2572 5115 Quod
2603 5047 2822 5118 quidem
2855 5060 2960 5098 non
2992 5059 3123 5098 casu
3169 5043 3254 5096 vel
3287 5042 3400 5096 sine
3431 5056 3598 5096 causa

1997 5136 2191 5192 factum
2224 5136 2560 5192 credendum
2593 5143 2701 5190 est.
2766 5132 3025 5188 Salomon
3066 5131 3268 5203 quippe
3298 5128 3595 5185 caelestium

1995 5233 2263 5282 scrutator
2290 5233 2640 5291 secretorum,
2674 5229 2724 5276 et
2741 5221 2939 5276 divinae
2960 5219 3361 5284 receptaculum
3387 5217 3599 5287 sapien-

1995 5315 2102 5381 tiae,
2133 5313 2213 5370 sic
2242 5313 2501 5383 templum
2535 5311 2663 5366 illud
2695 5310 3063 5364 manufactum
3087 5307 3274 5372 edidit,
3322 5315 3381 5361 ut
3399 5305 3599 5362 exinde

1998 5402 2257 5474 templum
2289 5401 2440 5456 aliud
2462 5416 2569 5455 non
2599 5398 2968 5452 manufactum
3019 5396 3281 5467 signaret,
3331 5405 3599 5467 quatenus

1997 5508 2065 5547 ex
2094 5489 2433 5561 corruptibili
2467 5497 2690 5543 terrente
2718 5485 2911 5540 domus
2971 5483 3224 5558 zedilicio,
3283 5485 3600 5556 incorrupta

1999 5579 2218 5636 ccclesto
2252 5576 2463 5649 templis
2494 5574 2906 5649 quodammodo
2948 5575 3338 5647 imaginaretur
3357 5573 3603 5646 pulchri-
