4034 6166
490 347 587 402 631

1680 344 1922 401 ΒΛΝΟΤΙ
1962 344 2306 400 GREGORII
2348 343 2570 398 MAGNI

3672 348 3764 402 632

492 471 643 527 tudo.
676 468 915 526 Adillud
933 480 1164 543 namque
1187 472 1445 543 templum
1476 471 1618 543 quod
1634 472 1847 527 cxvivis
1869 472 1925 526 in
1947 474 2086 526 cu‘lo
2113 472 2169 529 A
2201 467 2480 540 temporali
2510 467 2710 523 actioni
2740 467 3007 536 insistere,
3040 468 3132 523 sed
3164 468 3345 522 suavis
3374 484 3491 524 eum
3533 474 3765 525 contem-

488 558 761 629 lapidibus
793 560 1144 629 construitur,
1176 578 1282 616 non
1313 562 1477 633 plana
1502 571 1590 617 aut
1618 562 1854 632 spatiosa
1880 576 2083 631 perve-

486 647 630 702 nitur
658 649 763 715 via,
796 649 884 703 vel
916 665 1113 721 gressu
1145 651 1452 705 ascenditur
1489 665 1773 721 corporeo,
1807 649 1903 704 sed
1948 664 2079 719 pro-

486 751 641 791 cessu
672 738 797 792 tidei
831 745 884 792 et
912 738 1189 794 charitatis
1220 754 1465 794 ascensu.
1490 739 1809 807 53611inc
1849 753 2082 810 namque

487 825 755 895 PrOpheta
768 826 895 880 dicit
921 843 933 879 :
961 828 1165 882 Beatus
1190 828 1275 882 vir
1290 830 1451 899 cujus
1466 832 1551 883 est
1572 829 1862 883 auxilium
1890 829 1983 883 abs
2003 832 2077 897 te,

487 917 848 970 acccnsiones
866 915 926 969 in
942 916 1103 971 corde
1118 932 1218 971 suo
1240 917 1512 988 disposuit
1532 918 1704 979 (Psal.
1729 932 1954 983 unm,
1990 920 2040 987 6)
2057 958 2069 970 .

486 1001 641 1056 Dixit
669 1003 1015 1058 escensiones
1045 1007 1099 1057 in
1130 1004 1295 1059 corde
1323 1004 1470 1060 beati
1513 1005 1611 1060 viri
1665 1005 1969 1075 dispositas,
2028 1014 2079 1060 et

486 1090 629 1145 unde
651 1092 945 1146 ascendere
964 1091 1257 1147 debeamus
1278 1094 1530 1159 ostendit,
1556 1110 1673 1148 eum
1694 1094 1767 1148 ait
1792 1112 1804 1148 :
1831 1095 1892 1149 In
1932 1095 2078 1150 valle

487 1178 892 1249 lacrymarum.
923 1181 983 1233 In
1014 1196 1077 1234 ea
1107 1197 1338 1250 namque
1368 1182 1542 1236 exsilii
1572 1182 1742 1237 nostri
1767 1181 2076 1237 damnatio-

484 1281 609 1319 nem
640 1265 1033 1337 deplangimus,
1059 1276 1108 1323 et
1138 1268 1559 1325 innumerabiles
1590 1271 1950 1340 corruptionis
1979 1271 2078 1324 hu-

480 1368 655 1410 mana?
686 1356 948 1409 deﬂemus
980 1358 1274 1412 molestias.
1301 1356 1402 1426 Qui
1421 1359 1562 1413 enim
1587 1359 1843 1414 immunis
1890 1375 1921 1413 a
1952 1374 2074 1414 mo-

483 1441 846 1498 lestiis?Hinc
868 1446 1068 1499 etenim
1117 1445 1226 1501 Job
1274 1446 1434 1501 dicit:
1478 1448 1539 1503 Si
1567 1451 1775 1519 impius
1803 1451 1965 1519 fuero
1997 1465 2077 1503 vae

478 1532 619 1587 mihi
632 1534 802 1589 est;si
817 1537 1010 1588 autem
1017 1535 1357 1604 justus,non
1373 1537 1557 1592 levabo
1572 1542 1764 1608 caput,
1780 1542 2075 1593 saturatas

477 1621 794 1690 afﬂictione
824 1624 1473 1693 etmisei-ia(lob.x,15).
1498 1625 1796 1681 Etiterum:
1822 1628 2074 1683 Tentatio

477 1713 561 1762 est
582 1709 698 1765 vita
712 1710 955 1765 hominis
967 1727 1137 1782 super
1149 1716 1361 1767 terram
1377 1716 1393 1780 (
1403 1712 1511 1767 Ibid
1519 1754 1554 1780 .,
1570 1729 1667 1780 vu,
1686 1718 1757 1781 1).
1775 1713 1914 1781 Quia
1927 1715 2070 1769 enim

480 1794 539 1849 in
558 1797 658 1851 hac
673 1797 781 1852 vita
798 1799 983 1853 omnia
999 1799 1134 1853 vidit
1150 1815 1265 1854 esse
1283 1800 1443 1870 plena
1460 1801 1667 1872 laqueis
1683 1810 1733 1857 et
1756 1803 2069 1858 tentationi-
2102 1832 2155 1891 B

478 1883 598 1952 bus,
621 1902 729 1940 non
746 1886 802 1939 in
819 1902 883 1941 ea
898 1887 1217 1943 tentationes
1228 1904 1345 1943 esse
1358 1889 1509 1956 dixit,
1528 1890 1814 1962 sedipsam
1832 1907 1947 1947 esse
1966 1899 2076 1947 ten-

486 1972 740 2027 tationem
755 1975 1097 2029 memoravit.
1114 1977 1403 2031 Laboriosa
1417 1978 1561 2033 enim
1576 1987 1651 2033 est
1666 1980 1767 2033 vita
1797 1987 2075 2051 tempora-

476 2060 564 2129 lis,
586 2060 981 2131 leviorfabulis,
1015 2064 1503 2133 velociorcursore,
1553 2068 1901 2123 instabilitate
1937 2070 2076 2124 ﬂuc-

484 2150 1033 2216 tuans,imbecillitate
1046 2161 1267 2217 nutans;
1287 2155 1708 2225 cujushahitatio
1732 2158 1784 2210 in
1807 2157 2077 2212 luteisdo-

475 2238 673 2306 mibus,
694 2239 804 2295 imo
820 2240 937 2311 ipsa
957 2241 1011 2295 in
1032 2241 1144 2297 luto
1166 2242 1482 2312 subsistens,
1506 2245 1592 2300 cui
1607 2244 1751 2299 nulla
1764 2253 1843 2299 est
1858 2247 2074 2301 fortitu-

472 2325 563 2394 do,
596 2327 742 2382 nulla
762 2328 1032 2398 prOpositi
1050 2331 1370 2397 constantia,
1386 2332 1982 2388 nullaaturbationibus
1999 2350 2078 2388 re-

482 2416 655 2483 quies,
688 2416 835 2470 nulla
858 2433 889 2471 a
915 2417 1193 2472 laboribus
1224 2420 1531 2475 reclinatio.
1573 2420 1705 2488 Quis
1733 2422 1965 2491 denique
1996 2430 2078 2477 est

476 2515 638 2568 quem
670 2515 777 2553 non
810 2500 1076 2554 excruciet
1092 2502 1267 2569 dolor,
1287 2502 1711 2559 sollicitudonon
1727 2515 1935 2577 urgeat,
1970 2522 2077 2559 non

480 2586 707 2640 subruat
733 2587 929 2641 timor?
951 2588 1112 2642 Risus
1134 2590 1315 2645 fletum
1333 2592 1595 2663 sequitur,
1624 2594 1884 2664 gaudium
1906 2593 2076 2648 tristi-

483 2673 559 2727 tia
585 2674 872 2729 comitatur
903 2693 915 2737 ;
941 2676 1131 2732 esuriei
1165 2679 1406 2734 succedit
1426 2681 1703 2748 saturitas,
1747 2683 2078 2736 saturitatem

476 2761 673 2817 iterum
705 2763 950 2819 excludit
979 2766 1181 2821 esuries
1205 2786 1218 2833 ;
1244 2767 1300 2820 in
1331 2777 1489 2823 nocte
1510 2769 1627 2824 dies
1648 2776 1881 2841 optatur,
1905 2771 1957 2824 in
1994 2772 2081 2827 die

478 2866 593 2907 nox
626 2853 918 2922 quaeritur;
953 2854 1006 2907 in
1035 2855 1223 2926 algore
1253 2855 1421 2923 calor,
1455 2858 1505 2911 in
1537 2868 1672 2913 mstu
1702 2859 2039 2931 refrigerium
2065 2879 2077 2923 ;

484 2948 610 2996 ante
642 2941 822 2997 cibum
853 2943 1110 3013 suspiria,
1142 2953 1265 3015 post
1293 2945 1481 3000 cibum
1517 2946 1820 3010 tribulatio;
1856 2949 1967 3017 ira‘,
1993 2949 2080 3002 in-

482 3031 829 3100 dignationes
856 3033 1157 3103 exagitant,
1191 3042 1243 3088 et
1272 3034 1696 3091 innumerabiles
1725 3037 1952 3093 miseros
1978 3040 2078 3092 ho-

474 3119 650 3173 mines
679 3127 855 3173 motus
872 3122 1203 3190 perturbant.
1226 3124 1351 3177 Haec
1386 3124 1656 3190 estvallis,
1682 3126 1750 3180 de
1771 3143 1876 3196 qua
1897 3127 2069 3181 sancti

481 3204 583 3260 viri
612 3208 808 3262 mentis
838 3208 1125 3263 atlectibus
1151 3210 1519 3265 indesinenter
1561 3215 1711 3267 exire
1758 3214 2078 3285 disponunt,

480 3302 533 3351 et
564 3294 633 3350 ad
662 3295 795 3351 illud
846 3295 1120 3352 ineffabile
1179 3299 1400 3363 bonum,
1436 3300 1504 3354 ad
1546 3301 1678 3355 illud
1706 3303 2083 3359 intestimabile

485 3383 742 3454 gaudium
771 3385 1081 3452 ascendere,
1110 3387 1255 3457 quod
1282 3388 1580 3442 necoculus
1609 3390 1761 3457 vidit,
1794 3407 1895 3447 nec
1944 3393 2085 3446 auris

488 3471 715 3539 audivit,
746 3488 846 3528 nec
873 3475 931 3527 in
960 3489 1055 3529 cor
1083 3474 1320 3529 hominis
1349 3477 1591 3530 ascendit
1621 3479 1665 3545 (l
1696 3477 1823 3534 Cor.
1862 3484 1945 3550 ιι).
1976 3480 2080 3549 Qui

491 3559 587 3613 etsi
615 3576 850 3631 corpore
909 3561 1125 3632 quidem
1147 3563 1287 3617 inter
1342 3565 1589 3620 homines
1619 3583 1734 3622 esse
1780 3568 2083 3636 videantur,

490 3647 697 3702 animas
727 3657 905 3705 tamen
935 3666 1060 3705 suas
1088 3652 1156 3706 ad
1187 3651 1423 3707 cmlestia
1454 3653 1661 3709 elevant
1696 3673 1708 3717 ;
1761 3664 1813 3710 et
1844 3656 1921 3710 illi
1949 3675 2086 3727 puro

491 3741 547 3791 et
576 3754 794 3793 summo
826 3739 969 3795 bono
997 3747 1158 3811 atque
1186 3742 1482 3797 immortali
1514 3751 1565 3799 et
1608 3753 1868 3815 perpetuo
1897 3747 2087 3802 adhae-

488 3835 691 3894 rentes,
715 3829 1039 3898 temporalia
1059 3831 1492 3902 etcorruptibilia
1510 3832 1783 3899 deserunt,
1800 3842 1852 3888 et
1886 3837 2088 3893 mundo

488 3916 797 3985 superiores
857 3918 1003 3985 t'acti,
1042 3917 1097 3971 in
1160 3920 1283 3973 sinu
1348 3920 1546 3974 divinm
1610 3923 2088 3993 contemplationis

493 4003 798 4073 quiescunt.
843 4005 919 4059 lbi
953 4008 1004 4061 in
1039 4007 1133 4063 illo
1189 4008 1397 4063 caelesti
1439 4010 1639 4079 templo
1696 4011 1879 4065 cordis
1922 4013 2089 4067 oculis

495 4093 672 4148 Deum
705 4095 1065 4165 conspiciunt,
1098 4096 1208 4151 imo
1237 4106 1290 4151 et
1318 4096 1372 4151 in
1429 4098 1675 4167 ejusdem
1709 4096 1893 4169 templi
1943 4111 2089 4155 stru-

498 4189 651 4236 ctura
682 4182 784 4252 ipsi
817 4199 1031 4254 quoque
1059 4185 1270 4254 lapides
1296 4184 1448 4240 ﬁunt.
1480 4187 1579 4241 Per
1609 4188 1922 4256 quindecim
1966 4207 2091 4247 vero

496 4269 644 4323 illius
682 4271 867 4341 templi
906 4273 1128 4342 gradus,
1171 4274 1434 4343 spiritalis
1475 4275 1791 4330 Sanctorum
1849 4277 2094 4349 signatur

502 4372 777 4412 ascensus.
810 4359 1082 4415 Numerus
1106 4362 1250 4415 enim
1304 4364 1401 4417 iste
1455 4363 1509 4416 in
1565 4372 1770 4432 septem
1795 4374 1847 4419 et
1876 4375 1995 4421 octo
2016 4368 2094 4421 di-

498 4445 718 4513 viditur,
751 4454 805 4501 et
833 4448 957 4502 ideo
989 4465 1087 4519 per
1114 4466 1237 4504 eum
1264 4451 1485 4523 gemina
1499 4452 1765 4519 justorum
1787 4453 1895 4507 vita
1919 4455 2097 4527 signa-

2191 557 2444 629 plationis
2476 557 2674 612 divinae
2702 556 2935 613 dulcedo
2966 556 3245 612 reﬁciebat
3274 558 3328 611 in
3382 565 3571 612 mente.
3603 552 3767 613 Potesl

2189 646 2352 701 etiam
2383 645 2618 713 intelligi
2649 646 2793 716 quod
2826 646 2916 699 ille
2952 646 3263 715 quindecim
3295 646 3494 718 gradus
3524 646 3590 701 ad
3641 646 3766 702 illud

2189 735 2387 790 divinae
2417 734 2828 789 illuminationis
2860 734 3119 804 templum
3146 735 3405 803 ascendit,
3464 735 3549 805 qui
3578 738 3765 807 sempi-

2192 832 2354 879 terna:
2374 823 2585 879 virtutis
2600 823 2697 878 Dei
2711 839 2893 878 amore
2908 831 3208 893 correptus,
3229 823 3633 893 temporalibus,
3654 841 3763 896 qua:

2185 928 2285 982 per
2340 912 2710 983 septenarium
2777 928 3064 967 numerum
3105 912 3475 984 designantur,
3514 914 3763 984 gradatim

2186 1015 2288 1056 con
2303 1000 2538 1069 templis,
2573 1017 2671 1071 per
2688 1001 2863 1055 scalas
2884 1008 3006 1057 octo
3039 1000 3428 1055 beatitudinum
3450 1001 3515 1055 ad
3533 1001 3764 1056 sublimia

2185 1089 2515 1160 pmvehitur,
2549 1089 2723 1144 donec
2741 1090 2883 1145 Deus
2912 1090 3142 1144 deorum
3185 1089 3238 1144 in
3253 1089 3380 1146 Sion
3399 1090 3586 1145 mentis
3598 1089 3758 1146 oculis

2184 1177 2449 1231 videatur.
2471 1176 2588 1232 Sed
2612 1177 3050 1246 videmusnunc,
3080 1178 3219 1234 sicut
3246 1179 3319 1233 ait
3342 1179 3638 1249 Apostolus,
3670 1195 3763 1250 per

2181 1267 2479 1338 speculum
2511 1268 2574 1321 in
2606 1268 2905 1337 aenigmate
2938 1269 2986 1327 (Ι
3016 1269 3138 1323 Cor.
3172 1283 3287 1337 xm,
3312 1268 3422 1336 12).
3442 1266 3760 1336 Impossihile

2183 1362 2269 1409 est
2298 1355 2442 1410 enim
2474 1363 2532 1409 ut
2559 1355 2683 1426 quis
2706 1355 2833 1410 lutei
2867 1355 3026 1424 hujus
3045 1356 3286 1426 corporis
3303 1356 3578 1427 ergastulo
3608 1354 3761 1409 inclu-

2183 1458 2293 1509 sus,
2364 1451 2454 1497 aut
2518 1443 2763 1498 mortalis
2830 1443 3007 1497 carnis
3061 1444 3447 1514 circumseptus
3479 1443 3759 1508 volutabro,

2185 1533 2345 1601 537
2380 1531 2759 1586 ascendentem
2790 1547 2954 1603 super
2983 1532 3287 1598 cherubim,
3322 1540 3375 1587 et
3394 1548 3557 1601 super
3573 1547 3760 1602 pennas

2183 1628 2471 1675 ventorum
2501 1620 2673 1688 (Psal.
2707 1624 2839 1691 xvn)
2895 1620 3169 1676 volantem
3227 1621 3399 1675 Deum
3456 1621 3757 1691 conspiciat,

2181 1709 2270 1763 vel
2303 1718 2505 1780 quanta
2549 1710 2616 1763 sit
2673 1710 2790 1780 ejus
2842 1710 3084 1779 potentia
3137 1709 3434 1763 divinitatis
3489 1716 3751 1781 agnoscat.

2181 1797 2334 1853 Unde
2356 1812 2454 1866 per
2472 1799 2737 1851 Joannem
2754 1796 2981 1852 dicitur:
3008 1799 3179 1853 Deum
3198 1814 3362 1853 nemo
3382 1798 3515 1853 vidit
3529 1814 3761 1868 unquam

2186 1886 2504 1954 (IJoan.tv,
2539 1885 2649 1955 18).
2684 1887 2751 1939 Et
2771 1885 2939 1956 Moysi
2962 1886 3134 1940 Deum
3152 1885 3340 1941 videre
3362 1886 3639 1956 quaerenti,
3678 1903 3759 1940 re-

2186 1989 2440 2043 sponsum
2469 1982 2547 2027 est
2570 1990 2599 2027 a
2622 1974 2884 2028 Domino:
2914 1975 3029 2030 Non
3048 1974 3355 2030 videbitme
3383 1976 3541 2029 homo
3562 1980 3616 2029 ct
3636 1975 3763 2029 vivet

2188 2063 2385 2131 (Exod.
2416 2077 2615 2129 xxxni,
2640 2066 2749 2132 20).
2782 2061 2938 2130 Quod
2970 2063 3014 2116 si
3048 2070 3194 2117 tanta
3223 2062 3443 2117 claritas
3462 2071 3539 2117 est
3566 2063 3765 2127 solis,ut

2186 2151 2360 2205 oculis
2400 2152 2454 2205 in
2492 2167 2613 2204 eum
2654 2150 3027 2220 corporalibus
3051 2167 3157 2205 non
3180 2151 3461 2207 valeamus
3491 2150 3763 2216 intendere,

2187 2248 2385 2310 quanta
2415 2247 2495 2293 est
2526 2239 2670 2293 illius
2700 2239 2912 2294 claritas
2942 2240 3032 2310 qui
3063 2238 3189 2293 fecit
3219 2239 3411 2308 solem,
3436 2248 3486 2293 ut
3518 2255 3637 2293 eum
3658 2253 3765 2309 pos-

2184 2327 2353 2380 simus
2382 2327 2436 2379 in
2468 2329 2569 2381 hac
2600 2344 2705 2397 qua
2735 2343 2922 2381 sumus
2953 2328 3297 2398 corruptione
3329 2328 3518 2382 videre
3546 2328 3573 2379 ‘?
3602 2329 3765 2396 Ipsum

2182 2431 2313 2469 vero
2347 2431 2445 2485 per
2474 2415 2754 2484 speculum
2785 2415 2837 2469 in
2867 2415 3164 2487 aenigmate
3185 2415 3402 2483 intueri,
3435 2415 3572 2486 quod
3594 2414 3765 2469 humili

2184 2502 2418 2557 adventu
2448 2503 2629 2573 sponsi
2659 2503 2866 2572 accepit
2888 2504 3154 2572 Ecclesia,
3174 2504 3319 2558 illius
3339 2513 3557 2559 aeterna
3602 2504 3760 2558 visio-

2186 2590 2269 2644 nis
2299 2591 2514 2661 signum
2542 2596 2645 2658 est,
2678 2599 2729 2646 et
2757 2592 2950 2646 futurae
2981 2592 3329 2662 perfectionis
3359 2593 3562 2664 imago,
3594 2591 3645 2645 in
3667 2605 3763 2661 qua

2186 2695 2295 2734 non
2321 2680 2435 2748 jam
2470 2695 2562 2749 per
2591 2679 2776 2747 ﬁdem,
2809 2680 2904 2733 sed
2933 2697 3032 2750 per
3076 2681 3315 2749 speciem
3365 2681 3764 2745 ambulabimus,

2189 2775 2242 2821 et
2269 2768 2509 2823 revelata
2538 2767 2675 2823 facie
2706 2768 2876 2838 ipsam
2936 2768 3135 2823 divinae
3193 2769 3498 2838 majestalis
3551 2768 3767 2841 gloriam

2190 2856 2598 2911 irreverberatis
2654 2856 2825 2911 oculis
2880 2857 3297 2927 conspiciemus.
3363 2856 3504 2925 Quia
3545 2873 3669 2928 ergo
3720 2854 3769 2910 hi

2192 2945 2497 3016 quindecim
2510 2944 2707 3013 psalmi
2728 2946 3019 3015 quamdam
3044 2946 3343 3015 spiritualis
3366 2961 3613 3001 ascensus
3629 2942 3761 2999 conti

2191 3041 2318 3087 neut
2348 3034 2599 3097 formam,
2629 3039 2777 3089 recte
2804 3033 2906 3087 sub
2928 3034 3122 3088 eodem
3141 3034 3297 3088 titulo
3356 3050 3543 3090 omnes
3571 3047 3768 3103 praeno-

2188 3123 2280 3175 tati
2309 3130 2533 3189 sunt,ut
2560 3122 2695 3177 sicut
2724 3122 2793 3176 ad
2851 3122 2985 3176 illud
3044 3122 3324 3177 materiale
3388 3122 3639 3193 templum
3686 3136 3770 3191 per

2187 3209 2390 3281 gradus
2407 3210 2799 3264 ascendebatur
2825 3210 3088 3279 lapideos,
3122 3210 3193 3264 ita
3221 3211 3444 3266 cceleste
3475 3210 3608 3264 illud
3638 3217 3767 3263 tem-

2190 3297 2340 3366 plum
2374 3299 2492 3352 haac
2522 3298 2678 3351 nobis
2707 3298 2913 3353 cantica
2941 3299 3254 3368 praeferant,
3286 3314 3389 3368 per
3416 3315 3537 3371 quae
3566 3299 3618 3351 in
3662 3297 3766 3351 Deo

2191 3387 2475 3440 exsultans
2493 3387 2691 3456 anima,
2709 3386 2861 3459 quasi
2884 3404 2980 3457 per
2998 3387 3262 3457 quosdam
3283 3388 3494 3459 gradus
3514 3386 3767 3442 ascendat.

2191 3476 2479 3530 Ascensuri
2509 3491 2639 3547 ergo
2666 3491 2772 3529 non
2804 3491 3026 3545 corpore
3058 3477 3155 3530 sed
3174 3476 3387 3545 spiritu,
3415 3492 3521 3531 non
3540 3473 3771 3546 passibus

2194 3564 2289 3617 sed
2320 3562 2622 3630 aﬂ'ectibus,
2654 3565 2797 3618 hunc
2826 3565 3101 3634 psalmum
3139 3566 3513 3632 decantemus,
3545 3572 3595 3618 et
3623 3563 3673 3616 in
3711 3576 3769 3616 eo

2193 3652 2504 3707 Studeamus
2533 3652 2634 3706 Dei
2664 3653 3012 3707 meditatione
3042 3652 3504 3724 appropinquare,
3547 3652 3769 3707 dicentes

2194 3756 2317 3796 cum
2350 3741 2648 3810 PrOpheta:

2804 3838 3187 3895 EXPOSITIO

2551 3967 2746 4007 Ρδλωίι
2780 3968 2937 4007 SEXTI
2964 3968 3437 4009 [’(ENITENTIALIS.

2271 4074 2437 4133 (Psal.
2480 4075 2621 4130 CIX.
2654 4105 2722 4116 --—
2753 4076 2915 4130 Vers.
2956 4078 3043 4143 1.)
3077 4078 3156 4132 De
3189 4077 3496 4148 pro/undis
3550 4072 3772 4132 clamavi

2197 4165 2270 4221 ad
2301 4169 2373 4228 te,
2409 4165 2673 4226 Domine;
2701 4165 2954 4230 Domine,
2988 4165 3201 4221 exaudi
3230 4181 3417 4222 vocem
3447 4182 3652 4221 meam.

2275 4274 2324 4324 1.
2364 4269 2614 4325 Attendat
2642 4270 3008 4340 unusquisque
3038 4270 3091 4324 in
3123 4286 3230 4340 quo
3259 4272 3535 4341 profundo
3582 4271 3769 4341 jaceat,

2200 4367 2253 4415 et
2284 4374 2445 4429 quam
2499 4357 2665 4429 longe
2700 4375 2730 4413 a
2762 4359 2875 4414 Deo
2904 4373 3162 4428 perverse
3188 4374 3361 4430 agens
3418 4357 3633 4414 eﬂ'ectus
3682 4356 3765 4410 sit.

2204 4448 2409 4502 Clamet
2438 4447 2505 4501 ad
2534 4462 2656 4501 eum
2690 4447 2811 4501 totis
2837 4447 3040 4502 viribus
3068 4448 3159 4518 qui
3190 4447 3421 4502 intuetur
3442 4447 3675 4517 abyssos,
3727 4450 3774 4497 et

494 4541 603 4602 tur,
629 4534 803 4589 activa
817 4513 1090 4606 videlicet,
1111 4547 1162 4593 et
1178 4513 1621 4610 contemplativa.
1647 4541 1834 4596 Activa
1862 4513 2094 4613 namque
2122 4513 2174 4574 Β
2205 4537 2355 4591 sedet
2386 4552 2549 4605 super
2574 4536 2877 4604 cherubim,
2909 4513 3182 4591 donec'de
3218 4513 3528 4607 profundis-
3560 4531 3775 4590 tenebris

492 4620 549 4675 in
580 4622 780 4678 mundo
807 4632 1073 4693 versatur,
1106 4628 1526 4699 contemplativa
1556 4644 1685 4683 vero
1733 4629 1803 4683 ad
1859 4631 2095 4688 clelestia

500 4711 751 4784 erigitur.
794 4712 933 4781 Quia
962 4731 1095 4769 vero
1124 4718 1427 4786 septenario
1476 4734 1703 4773 numuro
1762 4722 2091 4790 temporalis,

498 4801 775 4856 octonario
802 4818 934 4857 vero
962 4813 1225 4874 perpetua
1254 4806 1361 4860 vita
1390 4806 1656 4877 signatur,
1690 4815 1833 4863 recte
1863 4825 2093 4879 pereas-

493 4887 619 4942 dem
651 4904 908 4945 numeros
936 4900 989 4945 et
1028 4893 1445 4962 contemplavita
1501 4894 1611 4948 vita
1666 4894 1987 4964 esprimitur
2040 4906 2092 4952 et

488 4976 682 5033 activa.
722 4978 859 5034 Ilinc
881 4996 1116 5050 namque
1145 4981 1388 5052 praedicti
1412 4983 1602 5052 templi
1623 4992 1809 5037 auctor
1828 4983 2084 5039 Salomon

489 5066 779 5122 Dominum
799 5084 1031 5123 exorans
1047 5071 1121 5124 ait
1147 5088 1158 5123 :
1186 5072 1438 5140 Damihi,
1472 5073 1722 5140 Domine,
1755 5076 1945 5143 partes
2001 5091 2081 5129 se-

479 5160 655 5226 ptem,
688 5174 907 5214 necnon
925 5163 980 5214 et
1013 5163 1135 5215 octo
1168 5161 1370 5225 (Ecclc.
1396 5177 1470 5229 λι,
1528 5164 1603 5230 2).
1652 5160 1888 5229 Optabat
1930 5162 2075 5216 enim

475 5245 640 5315 regia:
660 5246 939 5317 dignitatis
994 5247 1232 5317 potentia
1261 5248 1543 5317 prmditus,
1577 5249 1650 5301 ita
1681 5248 1785 5301 sibi
1824 5248 2073 5304 subditos

469 5335 703 5401 populos
742 5352 950 5406 regere,
994 5345 1046 5390 ut
1087 5344 1262 5391 tamen
1330 5336 1800 5406 contemplationis
1865 5337 2068 5391 divinae

470 5435 575 5472 non
633 5421 1043 5480 defraudaretur
1096 5424 1456 5495 perfectione.
1490 5427 1612 5496 Ipsa
1643 5442 1875 5495 namque
1907 5424 2066 5481 oﬂicii

468 5507 921 5567 administratoria
984 5514 1308 5569 necessitate
1381 5513 1700 5569 constrictus
1772 5514 2073 5585 cogebatrr

538 5602 613 5669 (a)
647 5603 786 5672 Quia
815 5616 896 5663 est
926 5609 994 5665 de
1025 5627 1256 5668 numero
1287 5610 1617 5682 psalmorum
1649 5611 1918 5683 graduum
1938 5652 1951 5668 .

2203 4634 2408 4693 erutus,
2442 4640 2675 4695 superno
2706 4625 2993 4679 illustretur
3021 4625 3242 4693 lumine,
3276 4632 3326 4679 et
3370 4624 3606 4680 claritate
3657 4635 3771 4690 per-

2204 4715 2410 4768 fruatur
2429 4713 2752 4785 cognitionis
2782 4714 3000 4768 divinae.
3033 4713 3298 4767 Clamavit
3327 4714 3492 4767 Jonas
3520 4711 3589 4767 ad
3615 4711 3771 4766 Deum

2203 4804 2272 4857 de
2302 4811 2484 4858 ventre
2515 4803 2636 4869 ceti,
2669 4802 2738 4856 de
2767 4802 3048 4856 altitudine
3080 4802 3258 4867 maris,
3290 4801 3360 4856 de
3388 4800 3649 4872 profundo
3691 4798 3770 4851 in-

2200 4892 2544 4960 obedientize,
2577 4899 2627 4945 et
2658 4891 2726 4945 ad
2759 4906 2913 4945 aures
2947 4891 3233 4945 Deioratio
3255 4890 3397 4944 illius
3414 4888 3665 4961 pervenit,
3690 4883 3773 4957 qui

2197 4996 2319 5034 eum
2353 4980 2490 5034 eruit
2518 4996 2546 5033 a
2577 4979 2845 5047 fluetibus,
2880 4978 3075 5049 eripuit
3134 4994 3165 5031 a
3220 4978 3416 5046 bestia,
3476 4976 3691 5032 absolvit
3741 4986 3771 5025 a

2191 5069 2376 5138 culpa.
2407 5069 2616 5122 Clamet
2636 5075 2689 5122 et
2719 5075 2982 5137 peccator,
3017 5081 3183 5135 quem
3219 5082 3247 5119 a
3281 5067 3397 5121 Deo
3447 5063 3769 5121 recedentem

2187 5158 2542 5228 cupiditatum
2574 5163 2867 5225 tempestas
2896 5154 3174 5221 contrivit,
3198 5170 3357 5224 quem
3382 5153 3642 5224 malignus
3658 5149 3769 5202 hos-

2184 5246 2248 5300 tis
2278 5246 2573 5313 absorbuit,
2609 5260 2772 5316 quem
2798 5244 3084 5314 praesentis
3114 5242 3298 5299 sarculi
3324 5243 3518 5296 fluctus
3540 5235 3767 5293 involvit-

2184 5342 2443 5405 agnoscat
2471 5350 2527 5387 se
2559 5348 2682 5387 esse
2714 5333 2766 5386 in
2798 5332 3091 5403 profundo,
3126 5339 3185 5386 ut
3215 5332 3280 5386 ad
3307 5332 3476 5385 Deum
3525 5343 3615 5382 sua
3642 5340 3765 5395 per-

2181 5423 2362 5478 veniat
2384 5421 2571 5476 oratio.
2594 5420 2738 5489 Quia
2756 5438 2881 5476 vero
2895 5420 3133 5492 psalmus
3148 5421 3246 5475 iste
3260 5422 3334 5487 (a)
3349 5418 3418 5473 ad
3432 5416 3762 5472 ascendentes

2182 5510 2430 5582 pertinet,
2450 5509 2729 5565 videamus
2746 5510 2986 5580 qualiter
3015 5507 3085 5563 ad
3118 5509 3286 5563 Deum
3313 5508 3489 5577 justus
3517 5504 3583 5558 de
3633 5514 3755 5571 pro-
