  <div class='ocr_page' id='page_1' title='image "/cluster/home/n/w/nwhite01/storage/ocr_20150623/79/hvd.32044054758834/322.png"; bbox 0 0 4034 6166; ppageno 0'>
   <div class='ocr_carea' id='block_1_1' title="bbox 316 329 2879 389">
    <p class='ocr_par' dir='ltr' id='par_1_1' title="bbox 316 329 2879 389">
     <span class='ocr_line' id='line_1_1' title="bbox 316 329 2879 389; baseline 0.001 -2"><span class='ocrx_word' id='word_1_1' title='bbox 316 337 407 388; x_wconf 78' lang='grc'><strong>633</strong></span> <span class='ocrx_word' id='word_1_2' title='bbox 1047 333 1122 387; x_wconf 74' lang='lat' dir='ltr'><strong>1N</strong></span> <span class='ocrx_word' id='word_1_3' title='bbox 1151 330 1428 386; x_wconf 83' lang='lat' dir='ltr'>SEPTEM</span> <span class='ocrx_word' id='word_1_4' title='bbox 1454 329 1689 385; x_wconf 73' lang='lat' dir='ltr'><strong>PSALM.</strong></span> <span class='ocrx_word' id='word_1_5' title='bbox 1725 329 1985 385; x_wconf 74' lang='lat' dir='ltr'><strong>PCENIT.</strong></span> <span class='ocrx_word' id='word_1_6' title='bbox 2019 329 2418 385; x_wconf 74' lang='lat' dir='ltr'><strong>EXPOSITIO.</strong></span> <span class='ocrx_word' id='word_1_7' title='bbox 2452 362 2521 371; x_wconf 88' lang='lat'><strong>—-</strong></span> <span class='ocrx_word' id='word_1_8' title='bbox 2562 333 2745 387; x_wconf 69' lang='lat' dir='ltr'><strong>[’SAL.</strong></span> <span class='ocrx_word' id='word_1_9' title='bbox 2788 335 2879 389; x_wconf 81' lang='lat' dir='ltr'><strong>VI.</strong></span> 
     </span>
    </p>
   </div>
   <div class='ocr_carea' id='block_1_2' title="bbox 3505 340 3606 394">
    <p class='ocr_par' dir='ltr' id='par_1_2' title="bbox 3505 340 3606 394">
     <span class='ocr_line' id='line_1_2' title="bbox 3505 340 3606 394; baseline 0.02 -2"><span class='ocrx_word' id='word_1_10' title='bbox 3505 340 3606 394; x_wconf 72' lang='grc'><strong>634</strong></span> 
     </span>
    </p>
   </div>
   <div class='ocr_carea' id='block_1_3' title="bbox 312 452 3615 533">
    <p class='ocr_par' dir='ltr' id='par_1_3' title="bbox 312 452 3615 533">
     <span class='ocr_line' id='line_1_3' title="bbox 312 452 3615 533; baseline 0.001 -20"><span class='ocrx_word' id='word_1_11' title='bbox 312 455 469 513; x_wconf 80' lang='lat' dir='ltr'><strong>fundo</strong></span> <span class='ocrx_word' id='word_1_12' title='bbox 491 455 705 513; x_wconf 84' lang='lat' dir='ltr'><strong>clamet.</strong></span> <span class='ocrx_word' id='word_1_13' title='bbox 758 455 1043 527; x_wconf 85' lang='lat' dir='ltr'><strong>Quomodo</strong></span> <span class='ocrx_word' id='word_1_14' title='bbox 1082 455 1226 510; x_wconf 90' lang='lat' dir='ltr'><strong>enim</strong></span> <span class='ocrx_word' id='word_1_15' title='bbox 1282 470 1389 509; x_wconf 90' lang='lat' dir='ltr'><strong>non</strong></span> <span class='ocrx_word' id='word_1_16' title='bbox 1444 454 1746 525; x_wconf 82' lang='lat' dir='ltr'><strong>profundus</strong></span> <span class='ocrx_word' id='word_1_17' title='bbox 1802 461 1901 522; x_wconf 88' lang='lat' dir='ltr'><strong>est,</strong></span> <span class='ocrx_word' id='word_1_18' title='bbox 1931 453 1990 513; x_wconf 84' lang='grc' dir='ltr'><strong>Α</strong></span> <span class='ocrx_word' id='word_1_19' title='bbox 2020 452 2245 507; x_wconf 80' lang='lat' dir='ltr'><strong>fectum.</strong></span> <span class='ocrx_word' id='word_1_20' title='bbox 2285 453 2531 509; x_wconf 79' lang='lat' dir='ltr'><strong>Movetur</strong></span> <span class='ocrx_word' id='word_1_21' title='bbox 2579 456 2722 510; x_wconf 87' lang='lat' dir='ltr'><strong>enim</strong></span> <span class='ocrx_word' id='word_1_22' title='bbox 2768 456 3110 523; x_wconf 83' lang='lat' dir='ltr'><strong>desiderium,</strong></span> <span class='ocrx_word' id='word_1_23' title='bbox 3162 460 3204 513; x_wconf 86' lang='lat' dir='ltr'><strong>si</strong></span> <span class='ocrx_word' id='word_1_24' title='bbox 3235 474 3435 515; x_wconf 85' lang='lat' dir='ltr'><strong>nomen</strong></span> <span class='ocrx_word' id='word_1_25' title='bbox 3465 461 3615 533; x_wconf 91' lang='lat' dir='ltr'><strong>quod</strong></span> 
     </span>
    </p>
   </div>
   <div class='ocr_carea' id='block_1_4' title="bbox 313 542 1903 616">
    <p class='ocr_par' dir='ltr' id='par_1_4' title="bbox 313 542 1903 616">
     <span class='ocr_line' id='line_1_4' title="bbox 313 542 1903 616; baseline -0.002 -18"><span class='ocrx_word' id='word_1_26' title='bbox 313 546 395 616; x_wconf 88' lang='lat' dir='ltr'><strong>qui</strong></span> <span class='ocrx_word' id='word_1_27' title='bbox 411 545 760 601; x_wconf 89' lang='lat' dir='ltr'><strong>ascensiones</strong></span> <span class='ocrx_word' id='word_1_28' title='bbox 789 561 914 599; x_wconf 88' lang='lat' dir='ltr'><strong>suas</strong></span> <span class='ocrx_word' id='word_1_29' title='bbox 942 544 998 599; x_wconf 91' lang='lat' dir='ltr'><strong>in</strong></span> <span class='ocrx_word' id='word_1_30' title='bbox 1027 544 1191 600; x_wconf 90' lang='lat' dir='ltr'><strong>corde</strong></span> <span class='ocrx_word' id='word_1_31' title='bbox 1222 558 1321 599; x_wconf 91' lang='lat' dir='ltr'><strong>suo</strong></span> <span class='ocrx_word' id='word_1_32' title='bbox 1351 542 1641 612; x_wconf 76' lang='lat' dir='ltr'><strong>disposuit,</strong></span> <span class='ocrx_word' id='word_1_33' title='bbox 1674 542 1767 612; x_wconf 86' lang='lat' dir='ltr'><strong>qui</strong></span> <span class='ocrx_word' id='word_1_34' title='bbox 1816 542 1903 595; x_wconf 89' lang='lat' dir='ltr'><strong>in-</strong></span> 
     </span>
    </p>
   </div>
   <div class='ocr_carea' id='block_1_5' title="bbox 311 631 1902 704">
    <p class='ocr_par' dir='ltr' id='par_1_5' title="bbox 311 631 1902 704">
     <span class='ocr_line' id='line_1_5' title="bbox 311 631 1902 704; baseline -0.004 -15"><span class='ocrx_word' id='word_1_35' title='bbox 311 632 596 690; x_wconf 85' lang='lat' dir='ltr'><strong>tentionem</strong></span> <span class='ocrx_word' id='word_1_36' title='bbox 626 634 806 689; x_wconf 88' lang='lat' dir='ltr'><strong>cordis</strong></span> <span class='ocrx_word' id='word_1_37' title='bbox 835 634 901 687; x_wconf 93' lang='lat' dir='ltr'><strong>ad</strong></span> <span class='ocrx_word' id='word_1_38' title='bbox 940 634 1115 688; x_wconf 91' lang='lat' dir='ltr'><strong>Deum</strong></span> <span class='ocrx_word' id='word_1_39' title='bbox 1139 631 1347 704; x_wconf 78' lang='lat' dir='ltr'><strong>dirigit,</strong></span> <span class='ocrx_word' id='word_1_40' title='bbox 1382 632 1472 700; x_wconf 83' lang='lat' dir='ltr'><strong>qui</strong></span> <span class='ocrx_word' id='word_1_41' title='bbox 1522 631 1723 686; x_wconf 90' lang='lat' dir='ltr'><strong>laboris</strong></span> <span class='ocrx_word' id='word_1_42' title='bbox 1786 637 1902 684; x_wconf 90' lang='lat' dir='ltr'><strong>stu-</strong></span> 
     </span>
    </p>
   </div>
   <div class='ocr_carea' id='block_1_6' title="bbox 313 718 1902 789">
    <p class='ocr_par' dir='ltr' id='par_1_6' title="bbox 313 718 1902 789">
     <span class='ocr_line' id='line_1_6' title="bbox 313 718 1902 789; baseline -0.003 -14"><span class='ocrx_word' id='word_1_43' title='bbox 313 721 453 776; x_wconf 89' lang='lat' dir='ltr'><strong>dium</strong></span> <span class='ocrx_word' id='word_1_44' title='bbox 485 722 555 775; x_wconf 89' lang='lat' dir='ltr'><strong>ad</strong></span> <span class='ocrx_word' id='word_1_45' title='bbox 577 721 745 777; x_wconf 81' lang='lat' dir='ltr'><strong>C(elos</strong></span> <span class='ocrx_word' id='word_1_46' title='bbox 775 721 967 776; x_wconf 89' lang='lat' dir='ltr'><strong>attollit</strong></span> <span class='ocrx_word' id='word_1_47' title='bbox 993 721 1022 773; x_wconf 86' lang='lat'><strong>‘?</strong></span> <span class='ocrx_word' id='word_1_48' title='bbox 1056 721 1169 776; x_wconf 89' lang='lat' dir='ltr'><strong>Sed</strong></span> <span class='ocrx_word' id='word_1_49' title='bbox 1209 720 1485 775; x_wconf 86' lang='lat' dir='ltr'><strong>sciendum</strong></span> <span class='ocrx_word' id='word_1_50' title='bbox 1533 719 1677 789; x_wconf 89' lang='lat' dir='ltr'><strong>quod</strong></span> <span class='ocrx_word' id='word_1_51' title='bbox 1733 718 1902 773; x_wconf 82' lang='lat' dir='ltr'><strong>sancti</strong></span> 
     </span>
    </p>
   </div>
   <div class='ocr_carea' id='block_1_7' title="bbox 310 808 1905 882">
    <p class='ocr_par' dir='ltr' id='par_1_7' title="bbox 310 808 1905 882">
     <span class='ocr_line' id='line_1_7' title="bbox 310 808 1905 882; baseline -0.003 -17"><span class='ocrx_word' id='word_1_52' title='bbox 310 810 404 865; x_wconf 87' lang='lat' dir='ltr'><strong>viri</strong></span> <span class='ocrx_word' id='word_1_53' title='bbox 425 825 488 864; x_wconf 90' lang='lat' dir='ltr'><strong>eo</strong></span> <span class='ocrx_word' id='word_1_54' title='bbox 505 826 565 865; x_wconf 90' lang='lat' dir='ltr'><strong>se</strong></span> <span class='ocrx_word' id='word_1_55' title='bbox 580 809 1016 882; x_wconf 84' lang='lat' dir='ltr'><strong>magisinﬁrmos</strong></span> <span class='ocrx_word' id='word_1_56' title='bbox 1031 818 1081 865; x_wconf 90' lang='lat' dir='ltr'><strong>et</strong></span> <span class='ocrx_word' id='word_1_57' title='bbox 1095 809 1343 879; x_wconf 90' lang='lat' dir='ltr'><strong>abjectos</strong></span> <span class='ocrx_word' id='word_1_58' title='bbox 1363 808 1615 874; x_wconf 86' lang='lat' dir='ltr'><strong>sentiunt,</strong></span> <span class='ocrx_word' id='word_1_59' title='bbox 1657 823 1762 878; x_wconf 88' lang='lat' dir='ltr'><strong>quo</strong></span> <span class='ocrx_word' id='word_1_60' title='bbox 1808 823 1905 878; x_wconf 87' lang='lat' dir='ltr'><strong>per</strong></span> 
     </span>
    </p>
   </div>
   <div class='ocr_carea' id='block_1_8' title="bbox 311 897 1902 967">
    <p class='ocr_par' dir='ltr' id='par_1_8' title="bbox 311 897 1902 967">
     <span class='ocr_line' id='line_1_8' title="bbox 311 897 1902 967; baseline -0.001 -14"><span class='ocrx_word' id='word_1_61' title='bbox 311 898 502 953; x_wconf 88' lang='lat' dir='ltr'><strong>mentis</strong></span> <span class='ocrx_word' id='word_1_62' title='bbox 526 898 855 954; x_wconf 81' lang='lat' dir='ltr'><strong>desiderium</strong></span> <span class='ocrx_word' id='word_1_63' title='bbox 878 898 1064 967; x_wconf 84' lang='lat' dir='ltr'><strong>erecti,</strong></span> <span class='ocrx_word' id='word_1_64' title='bbox 1096 898 1321 952; x_wconf 87' lang='lat' dir='ltr'><strong>vicinius</strong></span> <span class='ocrx_word' id='word_1_65' title='bbox 1333 897 1401 951; x_wconf 90' lang='lat' dir='ltr'><strong>ad</strong></span> <span class='ocrx_word' id='word_1_66' title='bbox 1420 898 1592 950; x_wconf 91' lang='lat' dir='ltr'><strong>Deum</strong></span> <span class='ocrx_word' id='word_1_67' title='bbox 1613 897 1902 952; x_wconf 88' lang='lat' dir='ltr'><strong>accedunt.</strong></span> 
     </span>
    </p>
   </div>
   <div class='ocr_carea' id='block_1_9' title="bbox 310 984 1903 1056">
    <p class='ocr_par' dir='ltr' id='par_1_9' title="bbox 310 984 1903 1056">
     <span class='ocr_line' id='line_1_9' title="bbox 310 984 1903 1056; baseline -0.002 -16"><span class='ocrx_word' id='word_1_68' title='bbox 310 985 463 1040; x_wconf 88' lang='lat' dir='ltr'><strong>Tunc</strong></span> <span class='ocrx_word' id='word_1_69' title='bbox 492 986 635 1040; x_wconf 88' lang='lat' dir='ltr'><strong>enim</strong></span> <span class='ocrx_word' id='word_1_70' title='bbox 656 986 892 1056; x_wconf 88' lang='lat' dir='ltr'><strong>primum</strong></span> <span class='ocrx_word' id='word_1_71' title='bbox 921 985 1192 1041; x_wconf 88' lang='lat' dir='ltr'><strong>miseriam</strong></span> <span class='ocrx_word' id='word_1_72' title='bbox 1246 1001 1400 1039; x_wconf 91' lang='lat' dir='ltr'><strong>suam</strong></span> <span class='ocrx_word' id='word_1_73' title='bbox 1459 984 1721 1054; x_wconf 89' lang='lat' dir='ltr'><strong>incipiunt</strong></span> <span class='ocrx_word' id='word_1_74' title='bbox 1774 1000 1903 1053; x_wconf 86' lang='lat' dir='ltr'><strong>per-</strong></span> 
     </span>
    </p>
   </div>
   <div class='ocr_carea' id='block_1_10' title="bbox 312 1073 1905 1145">
    <p class='ocr_par' dir='ltr' id='par_1_10' title="bbox 312 1073 1905 1145">
     <span class='ocr_line' id='line_1_10' title="bbox 312 1073 1905 1145; baseline -0.001 -16"><span class='ocrx_word' id='word_1_75' title='bbox 312 1075 447 1129; x_wconf 84' lang='lat' dir='ltr'><strong>fecte</strong></span> <span class='ocrx_word' id='word_1_76' title='bbox 476 1089 973 1145; x_wconf 85' lang='lat' dir='ltr'><strong>coguoscere,cum</strong></span> <span class='ocrx_word' id='word_1_77' title='bbox 993 1074 1092 1128; x_wconf 91' lang='lat' dir='ltr'><strong>Dei</strong></span> <span class='ocrx_word' id='word_1_78' title='bbox 1149 1073 1492 1144; x_wconf 71' lang='lat' dir='ltr'><strong>praesentiam</strong></span> <span class='ocrx_word' id='word_1_79' title='bbox 1548 1073 1811 1143; x_wconf 74' lang='lat' dir='ltr'><strong>cmperint</strong></span> <span class='ocrx_word' id='word_1_80' title='bbox 1848 1074 1905 1127; x_wconf 88' lang='lat' dir='ltr'><strong>in</strong></span> 
     </span>
    </p>
   </div>
   <div class='ocr_carea' id='block_1_11' title="bbox 308 1160 1905 1232">
    <p class='ocr_par' dir='ltr' id='par_1_11' title="bbox 308 1160 1905 1232">
     <span class='ocr_line' id='line_1_11' title="bbox 308 1160 1905 1232; baseline -0.001 -14"><span class='ocrx_word' id='word_1_81' title='bbox 308 1162 707 1218; x_wconf 86' lang='lat' dir='ltr'><strong>cordesentire.</strong></span> <span class='ocrx_word' id='word_1_82' title='bbox 740 1163 877 1217; x_wconf 87' lang='lat' dir='ltr'><strong>Hinc</strong></span> <span class='ocrx_word' id='word_1_83' title='bbox 921 1170 1000 1218; x_wconf 89' lang='lat' dir='ltr'><strong>est</strong></span> <span class='ocrx_word' id='word_1_84' title='bbox 1056 1163 1202 1232; x_wconf 90' lang='lat' dir='ltr'><strong>quod</strong></span> <span class='ocrx_word' id='word_1_85' title='bbox 1261 1160 1563 1230; x_wconf 82' lang='lat' dir='ltr'><strong>Abraham,</strong></span> <span class='ocrx_word' id='word_1_86' title='bbox 1606 1163 1697 1231; x_wconf 89' lang='lat' dir='ltr'><strong>qui</strong></span> <span class='ocrx_word' id='word_1_87' title='bbox 1734 1162 1905 1217; x_wconf 89' lang='lat' dir='ltr'><strong>collo-</strong></span> 
     </span>
    </p>
   </div>
   <div class='ocr_carea' id='block_1_12' title="bbox 305 1249 1905 1323">
    <p class='ocr_par' dir='ltr' id='par_1_12' title="bbox 305 1249 1905 1323">
     <span class='ocr_line' id='line_1_12' title="bbox 305 1249 1905 1323; baseline 0.001 -17"><span class='ocrx_word' id='word_1_88' title='bbox 305 1250 536 1307; x_wconf 79' lang='lat' dir='ltr'><strong>cationis</strong></span> <span class='ocrx_word' id='word_1_89' title='bbox 561 1250 763 1306; x_wconf 57' lang='lat' dir='ltr'><strong>divina?</strong></span> <span class='ocrx_word' id='word_1_90' title='bbox 779 1250 1016 1323; x_wconf 80' lang='lat' dir='ltr'><strong>gratiam</strong></span> <span class='ocrx_word' id='word_1_91' title='bbox 1039 1250 1253 1318; x_wconf 90' lang='lat' dir='ltr'><strong>meruit,</strong></span> <span class='ocrx_word' id='word_1_92' title='bbox 1276 1249 1553 1321; x_wconf 89' lang='lat' dir='ltr'><strong>pulverem</strong></span> <span class='ocrx_word' id='word_1_93' title='bbox 1585 1265 1642 1306; x_wconf 91' lang='lat' dir='ltr'><strong>se</strong></span> <span class='ocrx_word' id='word_1_94' title='bbox 1671 1266 1790 1306; x_wconf 90' lang='lat' dir='ltr'><strong>esse</strong></span> <span class='ocrx_word' id='word_1_95' title='bbox 1850 1260 1905 1307; x_wconf 91' lang='lat' dir='ltr'><strong>et</strong></span> 
     </span>
    </p>
   </div>
   <div class='ocr_carea' id='block_1_13' title="bbox 306 1338 1901 1411">
    <p class='ocr_par' dir='ltr' id='par_1_13' title="bbox 306 1338 1901 1411">
     <span class='ocr_line' id='line_1_13' title="bbox 306 1338 1901 1411; baseline -0.001 -17"><span class='ocrx_word' id='word_1_96' title='bbox 306 1339 537 1395; x_wconf 88' lang='lat' dir='ltr'><strong>cinerem</strong></span> <span class='ocrx_word' id='word_1_97' title='bbox 552 1348 841 1406; x_wconf 82' lang='lat' dir='ltr'><strong>memorat,</strong></span> <span class='ocrx_word' id='word_1_98' title='bbox 860 1340 1045 1395; x_wconf 88' lang='lat' dir='ltr'><strong>dicens</strong></span> <span class='ocrx_word' id='word_1_99' title='bbox 1068 1357 1079 1393; x_wconf 87' lang='lat'><strong>:</strong></span> <span class='ocrx_word' id='word_1_100' title='bbox 1096 1340 1321 1411; x_wconf 77' lang='lat' dir='ltr'><strong>Loquar</strong></span> <span class='ocrx_word' id='word_1_101' title='bbox 1338 1338 1410 1393; x_wconf 87' lang='lat' dir='ltr'><strong>ad</strong></span> <span class='ocrx_word' id='word_1_102' title='bbox 1431 1340 1752 1406; x_wconf 86' lang='lat' dir='ltr'><strong>Dominum,</strong></span> <span class='ocrx_word' id='word_1_103' title='bbox 1772 1356 1901 1395; x_wconf 85' lang='lat' dir='ltr'><strong>cum</strong></span> 
     </span>
    </p>
   </div>
   <div class='ocr_carea' id='block_1_14' title="bbox 304 1426 1900 1500">
    <p class='ocr_par' dir='ltr' id='par_1_14' title="bbox 304 1426 1900 1500">
     <span class='ocr_line' id='line_1_14' title="bbox 304 1426 1900 1500; baseline -0.001 -17"><span class='ocrx_word' id='word_1_104' title='bbox 304 1428 413 1483; x_wconf 79' lang='lat' dir='ltr'><strong>sim</strong></span> <span class='ocrx_word' id='word_1_105' title='bbox 424 1429 616 1500; x_wconf 76' lang='lat' dir='ltr'><strong>pulvis</strong></span> <span class='ocrx_word' id='word_1_106' title='bbox 631 1432 685 1484; x_wconf 87' lang='lat' dir='ltr'><strong>et</strong></span> <span class='ocrx_word' id='word_1_107' title='bbox 713 1428 861 1483; x_wconf 83' lang='lat' dir='ltr'><strong>cinis</strong></span> <span class='ocrx_word' id='word_1_108' title='bbox 885 1428 1054 1497; x_wconf 85' lang='lat' dir='ltr'><strong>(Gen.</strong></span> <span class='ocrx_word' id='word_1_109' title='bbox 1076 1443 1236 1493; x_wconf 74' lang='lat' dir='ltr'><strong>xvnt,</strong></span> <span class='ocrx_word' id='word_1_110' title='bbox 1260 1427 1371 1497; x_wconf 72' lang='lat'><strong>2&#39;7).</strong></span> <span class='ocrx_word' id='word_1_111' title='bbox 1392 1426 1530 1481; x_wconf 86' lang='lat' dir='ltr'><strong>Hinc</strong></span> <span class='ocrx_word' id='word_1_112' title='bbox 1558 1427 1726 1482; x_wconf 83' lang='lat' dir='ltr'><strong>Jacob</strong></span> <span class='ocrx_word' id='word_1_113' title='bbox 1744 1436 1900 1498; x_wconf 91' lang='lat' dir='ltr'><strong>post-</strong></span> 
     </span>
    </p>
   </div>
   <div class='ocr_carea' id='block_1_15' title="bbox 305 1515 1897 1588">
    <p class='ocr_par' dir='ltr' id='par_1_15' title="bbox 305 1515 1897 1588">
     <span class='ocr_line' id='line_1_15' title="bbox 305 1515 1897 1588; baseline 0 -17"><span class='ocrx_word' id='word_1_114' title='bbox 305 1531 465 1588; x_wconf 86' lang='lat' dir='ltr'><strong>quam</strong></span> <span class='ocrx_word' id='word_1_115' title='bbox 484 1516 777 1571; x_wconf 85' lang='lat' dir='ltr'><strong>Dominum</strong></span> <span class='ocrx_word' id='word_1_116' title='bbox 819 1516 973 1585; x_wconf 88' lang='lat' dir='ltr'><strong>vidit,</strong></span> <span class='ocrx_word' id='word_1_117' title='bbox 1014 1532 1186 1571; x_wconf 82' lang='lat' dir='ltr'><strong>nervo</strong></span> <span class='ocrx_word' id='word_1_118' title='bbox 1230 1515 1452 1570; x_wconf 83' lang='lat' dir='ltr'><strong>femoris</strong></span> <span class='ocrx_word' id='word_1_119' title='bbox 1480 1524 1897 1585; x_wconf 88' lang='lat' dir='ltr'><strong>emarcescente,</strong></span> 
     </span>
    </p>
   </div>
   <div class='ocr_carea' id='block_1_16' title="bbox 302 1604 1901 1676">
    <p class='ocr_par' dir='ltr' id='par_1_16' title="bbox 302 1604 1901 1676">
     <span class='ocr_line' id='line_1_16' title="bbox 302 1604 1901 1676; baseline -0.001 -16"><span class='ocrx_word' id='word_1_120' title='bbox 302 1620 412 1661; x_wconf 89' lang='lat' dir='ltr'><strong>uno</strong></span> <span class='ocrx_word' id='word_1_121' title='bbox 427 1606 570 1676; x_wconf 84' lang='lat' dir='ltr'><strong>pede</strong></span> <span class='ocrx_word' id='word_1_122' title='bbox 590 1606 917 1661; x_wconf 86' lang='lat' dir='ltr'><strong>claudicavit</strong></span> <span class='ocrx_word' id='word_1_123' title='bbox 949 1606 1308 1674; x_wconf 80' lang='lat' dir='ltr'><strong>(Gen.xxxu)</strong></span> <span class='ocrx_word' id='word_1_124' title='bbox 1334 1623 1349 1671; x_wconf 84' lang='lat'>;</span> <span class='ocrx_word' id='word_1_125' title='bbox 1375 1604 1499 1675; x_wconf 87' lang='lat' dir='ltr'><strong>quia</strong></span> <span class='ocrx_word' id='word_1_126' title='bbox 1527 1605 1773 1675; x_wconf 88' lang='lat' dir='ltr'><strong>profecto</strong></span> <span class='ocrx_word' id='word_1_127' title='bbox 1806 1607 1901 1660; x_wconf 88' lang='lat' dir='ltr'><strong>de-</strong></span> 
     </span>
    </p>
   </div>
   <div class='ocr_carea' id='block_1_17' title="bbox 304 1693 1902 1765">
    <p class='ocr_par' dir='ltr' id='par_1_17' title="bbox 304 1693 1902 1765">
     <span class='ocr_line' id='line_1_17' title="bbox 304 1693 1902 1765; baseline 0.001 -17"><span class='ocrx_word' id='word_1_128' title='bbox 304 1693 443 1749; x_wconf 86' lang='lat' dir='ltr'><strong>biles</strong></span> <span class='ocrx_word' id='word_1_129' title='bbox 464 1710 523 1750; x_wconf 89' lang='lat' dir='ltr'><strong>se</strong></span> <span class='ocrx_word' id='word_1_130' title='bbox 544 1710 661 1751; x_wconf 88' lang='lat' dir='ltr'><strong>esse</strong></span> <span class='ocrx_word' id='word_1_131' title='bbox 689 1702 741 1750; x_wconf 86' lang='lat' dir='ltr'><strong>et</strong></span> <span class='ocrx_word' id='word_1_132' title='bbox 771 1693 1010 1750; x_wconf 85' lang='lat' dir='ltr'><strong>inﬁrmos</strong></span> <span class='ocrx_word' id='word_1_133' title='bbox 1038 1703 1305 1765; x_wconf 85' lang='lat' dir='ltr'><strong>reputant,</strong></span> <span class='ocrx_word' id='word_1_134' title='bbox 1351 1694 1439 1765; x_wconf 86' lang='lat' dir='ltr'><strong>qui</strong></span> <span class='ocrx_word' id='word_1_135' title='bbox 1470 1711 1529 1749; x_wconf 87' lang='lat' dir='ltr'><strong>se</strong></span> <span class='ocrx_word' id='word_1_136' title='bbox 1580 1696 1648 1749; x_wconf 89' lang='lat' dir='ltr'><strong>ad</strong></span> <span class='ocrx_word' id='word_1_137' title='bbox 1704 1694 1902 1749; x_wconf 80' lang='lat' dir='ltr'><strong>viden-</strong></span> 
     </span>
    </p>
   </div>
   <div class='ocr_carea' id='block_1_18' title="bbox 299 1783 1897 1855">
    <p class='ocr_par' dir='ltr' id='par_1_18' title="bbox 299 1783 1897 1855">
     <span class='ocr_line' id='line_1_18' title="bbox 299 1783 1897 1855; baseline -0.003 -18"><span class='ocrx_word' id='word_1_138' title='bbox 299 1784 426 1838; x_wconf 90' lang='lat' dir='ltr'><strong>dum</strong></span> <span class='ocrx_word' id='word_1_139' title='bbox 439 1783 615 1839; x_wconf 90' lang='lat' dir='ltr'><strong>Deum</strong></span> <span class='ocrx_word' id='word_1_140' title='bbox 631 1800 731 1855; x_wconf 88' lang='lat' dir='ltr'><strong>per</strong></span> <span class='ocrx_word' id='word_1_141' title='bbox 740 1784 976 1839; x_wconf 90' lang='lat' dir='ltr'><strong>studium</strong></span> <span class='ocrx_word' id='word_1_142' title='bbox 994 1792 1196 1840; x_wconf 73' lang='lat' dir='ltr'><strong>sanctae</strong></span> <span class='ocrx_word' id='word_1_143' title='bbox 1212 1783 1684 1855; x_wconf 83' lang='lat' dir='ltr'><strong>contemplationis</strong></span> <span class='ocrx_word' id='word_1_144' title='bbox 1697 1785 1897 1839; x_wconf 89' lang='lat' dir='ltr'><strong>levant.</strong></span> 
     </span>
    </p>
   </div>
   <div class='ocr_carea' id='block_1_19' title="bbox 2011 539 3603 620">
    <p class='ocr_par' dir='ltr' id='par_1_19' title="bbox 2011 539 3603 620">
     <span class='ocr_line' id='line_1_19' title="bbox 2011 539 3603 620; baseline 0.007 -27"><span class='ocrx_word' id='word_1_145' title='bbox 2011 539 2272 611; x_wconf 84' lang='lat' dir='ltr'><strong>diligitur,</strong></span> <span class='ocrx_word' id='word_1_146' title='bbox 2305 540 2619 610; x_wconf 87' lang='lat' dir='ltr'><strong>replicatur.</strong></span> <span class='ocrx_word' id='word_1_147' title='bbox 2661 544 2880 599; x_wconf 89' lang='lat' dir='ltr'><strong>Videtur</strong></span> <span class='ocrx_word' id='word_1_148' title='bbox 2905 546 2994 601; x_wconf 88' lang='lat' dir='ltr'><strong>hic</strong></span> <span class='ocrx_word' id='word_1_149' title='bbox 3024 546 3112 618; x_wconf 91' lang='lat' dir='ltr'><strong>qui</strong></span> <span class='ocrx_word' id='word_1_150' title='bbox 3144 548 3377 620; x_wconf 89' lang='lat' dir='ltr'><strong>loquitur</strong></span> <span class='ocrx_word' id='word_1_151' title='bbox 3402 566 3603 619; x_wconf 86' lang='lat' dir='ltr'><strong>quam-</strong></span> 
     </span>
    </p>
   </div>
   <div class='ocr_carea' id='block_1_20' title="bbox 2012 628 3611 703">
    <p class='ocr_par' dir='ltr' id='par_1_20' title="bbox 2012 628 3611 703">
     <span class='ocr_line' id='line_1_20' title="bbox 2012 628 3611 703; baseline 0.006 -22"><span class='ocrx_word' id='word_1_152' title='bbox 2012 628 2138 682; x_wconf 85' lang='lat' dir='ltr'><strong>dam</strong></span> <span class='ocrx_word' id='word_1_153' title='bbox 2169 629 2535 684; x_wconf 81' lang='lat' dir='ltr'><strong>exauditionis</strong></span> <span class='ocrx_word' id='word_1_154' title='bbox 2580 646 2800 686; x_wconf 84' lang='lat' dir='ltr'><strong>causam</strong></span> <span class='ocrx_word' id='word_1_155' title='bbox 2832 637 3192 703; x_wconf 67' lang='lat' dir='ltr'><strong>prmtendere,</strong></span> <span class='ocrx_word' id='word_1_156' title='bbox 3226 654 3346 691; x_wconf 91' lang='lat' dir='ltr'><strong>cum</strong></span> <span class='ocrx_word' id='word_1_157' title='bbox 3378 653 3438 693; x_wconf 87' lang='lat' dir='ltr'><strong>se</strong></span> <span class='ocrx_word' id='word_1_158' title='bbox 3472 638 3611 692; x_wconf 91' lang='lat' dir='ltr'><strong>insi-</strong></span> 
     </span>
    </p>
   </div>
   <div class='ocr_carea' id='block_1_21' title="bbox 2012 717 3614 795">
    <p class='ocr_par' dir='ltr' id='par_1_21' title="bbox 2012 717 3614 795">
     <span class='ocr_line' id='line_1_21' title="bbox 2012 717 3614 795; baseline 0.007 -25"><span class='ocrx_word' id='word_1_159' title='bbox 2012 725 2139 771; x_wconf 88' lang='lat' dir='ltr'><strong>nuat</strong></span> <span class='ocrx_word' id='word_1_160' title='bbox 2167 717 2454 786; x_wconf 85' lang='lat' dir='ltr'><strong>clamasse,</strong></span> <span class='ocrx_word' id='word_1_161' title='bbox 2478 726 2535 773; x_wconf 90' lang='lat' dir='ltr'><strong>ut</strong></span> <span class='ocrx_word' id='word_1_162' title='bbox 2554 719 2706 790; x_wconf 90' lang='lat' dir='ltr'><strong>quasi</strong></span> <span class='ocrx_word' id='word_1_163' title='bbox 2730 719 2853 788; x_wconf 87' lang='lat' dir='ltr'><strong>jure</strong></span> <span class='ocrx_word' id='word_1_164' title='bbox 2882 721 3078 776; x_wconf 86' lang='lat' dir='ltr'><strong>debeat</strong></span> <span class='ocrx_word' id='word_1_165' title='bbox 3097 724 3360 793; x_wconf 85' lang='lat' dir='ltr'><strong>exaudiri,</strong></span> <span class='ocrx_word' id='word_1_166' title='bbox 3395 725 3486 795; x_wconf 87' lang='lat' dir='ltr'><strong>qui</strong></span> <span class='ocrx_word' id='word_1_167' title='bbox 3516 727 3614 782; x_wconf 81' lang='lat' dir='ltr'><strong>du&#39;</strong></span> 
     </span>
    </p>
   </div>
   <div class='ocr_carea' id='block_1_22' title="bbox 2011 806 3611 878">
    <p class='ocr_par' dir='ltr' id='par_1_22' title="bbox 2011 806 3611 878">
     <span class='ocr_line' id='line_1_22' title="bbox 2011 806 3611 878; baseline 0.007 -20"><span class='ocrx_word' id='word_1_168' title='bbox 2011 806 2139 859; x_wconf 91' lang='lat' dir='ltr'><strong>dum</strong></span> <span class='ocrx_word' id='word_1_169' title='bbox 2162 806 2351 861; x_wconf 87' lang='lat' dir='ltr'><strong>institit</strong></span> <span class='ocrx_word' id='word_1_170' title='bbox 2372 807 2596 861; x_wconf 88' lang='lat' dir='ltr'><strong>clamori</strong></span> <span class='ocrx_word' id='word_1_171' title='bbox 2612 848 2624 862; x_wconf 94' lang='lat'><strong>.</strong></span> <span class='ocrx_word' id='word_1_172' title='bbox 2638 808 2790 862; x_wconf 88' lang='lat' dir='ltr'><strong>Hanc</strong></span> <span class='ocrx_word' id='word_1_173' title='bbox 2803 815 2854 863; x_wconf 92' lang='lat' dir='ltr'><strong>et</strong></span> <span class='ocrx_word' id='word_1_174' title='bbox 2873 809 3107 878; x_wconf 90' lang='lat' dir='ltr'><strong>apostoli</strong></span> <span class='ocrx_word' id='word_1_175' title='bbox 3131 826 3351 867; x_wconf 86' lang='lat' dir='ltr'><strong>causam</strong></span> <span class='ocrx_word' id='word_1_176' title='bbox 3374 814 3611 870; x_wconf 89' lang='lat' dir='ltr'><strong>Domino</strong></span> 
     </span>
    </p>
   </div>
   <div class='ocr_carea' id='block_1_23' title="bbox 2013 894 3612 968">
    <p class='ocr_par' dir='ltr' id='par_1_23' title="bbox 2013 894 3612 968">
     <span class='ocr_line' id='line_1_23' title="bbox 2013 894 3612 968; baseline 0.006 -20"><span class='ocrx_word' id='word_1_177' title='bbox 2013 894 2233 948; x_wconf 86' lang='lat' dir='ltr'><strong>dedisse</strong></span> <span class='ocrx_word' id='word_1_178' title='bbox 2254 894 2533 966; x_wconf 87' lang='lat' dir='ltr'><strong>leguntur,</strong></span> <span class='ocrx_word' id='word_1_179' title='bbox 2553 910 2694 963; x_wconf 86' lang='lat' dir='ltr'><strong>cum,</strong></span> <span class='ocrx_word' id='word_1_180' title='bbox 2720 896 3027 951; x_wconf 83' lang='lat' dir='ltr'><strong>Chanamea</strong></span> <span class='ocrx_word' id='word_1_181' title='bbox 3047 906 3295 968; x_wconf 83' lang='lat' dir='ltr'><strong>rogante,</strong></span> <span class='ocrx_word' id='word_1_182' title='bbox 3319 900 3575 956; x_wconf 83' lang='lat' dir='ltr'><strong>dixerunt</strong></span> <span class='ocrx_word' id='word_1_183' title='bbox 3599 919 3612 957; x_wconf 92' lang='lat'>:</span> 
     </span>
    </p>
   </div>
   <div class='ocr_carea' id='block_1_24' title="bbox 2014 982 3611 1058">
    <p class='ocr_par' dir='ltr' id='par_1_24' title="bbox 2014 982 3611 1058">
     <span class='ocr_line' id='line_1_24' title="bbox 2014 982 3611 1058; baseline 0.005 -21"><span class='ocrx_word' id='word_1_184' title='bbox 2014 982 2247 1037; x_wconf 78' lang='lat' dir='ltr'><strong>Dimitte</strong></span> <span class='ocrx_word' id='word_1_185' title='bbox 2277 999 2420 1051; x_wconf 82' lang='lat' dir='ltr'><strong>earn,</strong></span> <span class='ocrx_word' id='word_1_186' title='bbox 2452 986 2586 1055; x_wconf 74' lang='lat' dir='ltr'><strong>quia</strong></span> <span class='ocrx_word' id='word_1_187' title='bbox 2606 985 2821 1039; x_wconf 86' lang='lat' dir='ltr'><strong>clamat</strong></span> <span class='ocrx_word' id='word_1_188' title='bbox 2840 990 2965 1057; x_wconf 84' lang='lat' dir='ltr'><strong>post</strong></span> <span class='ocrx_word' id='word_1_189' title='bbox 2986 1003 3088 1043; x_wconf 75' lang='lat' dir='ltr'><strong>nos</strong></span> <span class='ocrx_word' id='word_1_190' title='bbox 3107 988 3333 1055; x_wconf 83' lang='lat' dir='ltr'><strong>(Matth.</strong></span> <span class='ocrx_word' id='word_1_191' title='bbox 3372 1006 3464 1055; x_wconf 81' lang='lat' dir='ltr'><strong>xv,</strong></span> <span class='ocrx_word' id='word_1_192' title='bbox 3495 992 3611 1058; x_wconf 78' lang='lat'><strong>23).</strong></span> 
     </span>
    </p>
   </div>
   <div class='ocr_carea' id='block_1_25' title="bbox 2010 1070 3615 1148">
    <p class='ocr_par' dir='ltr' id='par_1_25' title="bbox 2010 1070 3615 1148">
     <span class='ocr_line' id='line_1_25' title="bbox 2010 1070 3615 1148; baseline 0.006 -24"><span class='ocrx_word' id='word_1_193' title='bbox 2010 1070 2141 1125; x_wconf 87' lang='lat' dir='ltr'><strong>Ideo</strong></span> <span class='ocrx_word' id='word_1_194' title='bbox 2196 1086 2429 1141; x_wconf 83' lang='lat' dir='ltr'><strong>namque</strong></span> <span class='ocrx_word' id='word_1_195' title='bbox 2479 1088 2509 1125; x_wconf 89' lang='lat' dir='ltr'><strong>a</strong></span> <span class='ocrx_word' id='word_1_196' title='bbox 2579 1073 2811 1127; x_wconf 91' lang='lat' dir='ltr'><strong>Domino</strong></span> <span class='ocrx_word' id='word_1_197' title='bbox 2869 1073 3122 1128; x_wconf 80' lang='lat' dir='ltr'><strong>exaudiri</strong></span> <span class='ocrx_word' id='word_1_198' title='bbox 3207 1078 3425 1146; x_wconf 90' lang='lat' dir='ltr'><strong>meruit,</strong></span> <span class='ocrx_word' id='word_1_199' title='bbox 3487 1079 3615 1148; x_wconf 86' lang='lat' dir='ltr'><strong>quia</strong></span> 
     </span>
    </p>
   </div>
   <div class='ocr_carea' id='block_1_26' title="bbox 2011 1159 3612 1237">
    <p class='ocr_par' dir='ltr' id='par_1_26' title="bbox 2011 1159 3612 1237">
     <span class='ocr_line' id='line_1_26' title="bbox 2011 1159 3612 1237; baseline 0.006 -25"><span class='ocrx_word' id='word_1_200' title='bbox 2011 1159 2190 1229; x_wconf 88' lang='lat' dir='ltr'><strong>prima</strong></span> <span class='ocrx_word' id='word_1_201' title='bbox 2220 1159 2435 1215; x_wconf 87' lang='lat' dir='ltr'><strong>Domini</strong></span> <span class='ocrx_word' id='word_1_202' title='bbox 2469 1160 2821 1230; x_wconf 89' lang='lat' dir='ltr'><strong>responsione</strong></span> <span class='ocrx_word' id='word_1_203' title='bbox 2862 1161 3106 1232; x_wconf 88' lang='lat' dir='ltr'><strong>repulsa,</strong></span> <span class='ocrx_word' id='word_1_204' title='bbox 3143 1164 3385 1221; x_wconf 89' lang='lat' dir='ltr'><strong>clamare</strong></span> <span class='ocrx_word' id='word_1_205' title='bbox 3415 1181 3612 1237; x_wconf 87' lang='lat' dir='ltr'><strong>nequa-</strong></span> 
     </span>
    </p>
   </div>
   <div class='ocr_carea' id='block_1_27' title="bbox 2010 1249 3613 1323">
    <p class='ocr_par' dir='ltr' id='par_1_27' title="bbox 2010 1249 3613 1323">
     <span class='ocr_line' id='line_1_27' title="bbox 2010 1249 3613 1323; baseline 0.006 -23"><span class='ocrx_word' id='word_1_206' title='bbox 2010 1263 2170 1320; x_wconf 88' lang='lat' dir='ltr'><strong>quam</strong></span> <span class='ocrx_word' id='word_1_207' title='bbox 2201 1249 2448 1305; x_wconf 83' lang='lat' dir='ltr'><strong>cessavit.</strong></span> <span class='ocrx_word' id='word_1_208' title='bbox 2486 1250 2615 1304; x_wconf 87' lang='lat' dir='ltr'><strong>Fide</strong></span> <span class='ocrx_word' id='word_1_209' title='bbox 2656 1252 2863 1320; x_wconf 89' lang='lat' dir='ltr'><strong>quippe</strong></span> <span class='ocrx_word' id='word_1_210' title='bbox 2894 1259 2947 1306; x_wconf 89' lang='lat' dir='ltr'><strong>et</strong></span> <span class='ocrx_word' id='word_1_211' title='bbox 2976 1251 3269 1308; x_wconf 89' lang='lat' dir='ltr'><strong>dilectione</strong></span> <span class='ocrx_word' id='word_1_212' title='bbox 3298 1270 3555 1323; x_wconf 88' lang='lat' dir='ltr'><strong>accensa,</strong></span> <span class='ocrx_word' id='word_1_213' title='bbox 3580 1272 3613 1311; x_wconf 90' lang='lat' dir='ltr'><strong>a</strong></span> 
     </span>
    </p>
   </div>
   <div class='ocr_carea' id='block_1_28' title="bbox 2009 1337 3611 1412">
    <p class='ocr_par' dir='ltr' id='par_1_28' title="bbox 2009 1337 3611 1412">
     <span class='ocr_line' id='line_1_28' title="bbox 2009 1337 3611 1412; baseline 0.005 -21"><span class='ocrx_word' id='word_1_214' title='bbox 2009 1337 2246 1392; x_wconf 87' lang='lat' dir='ltr'><strong>clamore</strong></span> <span class='ocrx_word' id='word_1_215' title='bbox 2276 1354 2383 1393; x_wconf 92' lang='lat' dir='ltr'><strong>non</strong></span> <span class='ocrx_word' id='word_1_216' title='bbox 2414 1346 2574 1394; x_wconf 84' lang='lat' dir='ltr'><strong>antea</strong></span> <span class='ocrx_word' id='word_1_217' title='bbox 2603 1340 2806 1395; x_wconf 87' lang='lat' dir='ltr'><strong>destitit</strong></span> <span class='ocrx_word' id='word_1_218' title='bbox 2852 1357 3013 1412; x_wconf 88' lang='lat' dir='ltr'><strong>quam</strong></span> <span class='ocrx_word' id='word_1_219' title='bbox 3044 1349 3285 1411; x_wconf 83' lang='lat' dir='ltr'><strong>Optatam</strong></span> <span class='ocrx_word' id='word_1_220' title='bbox 3317 1341 3442 1398; x_wconf 71' lang='lat' dir='ltr'><strong>ﬁlia:</strong></span> <span class='ocrx_word' id='word_1_221' title='bbox 3472 1344 3611 1399; x_wconf 81' lang='lat' dir='ltr'><strong>salu-</strong></span> 
     </span>
    </p>
   </div>
   <div class='ocr_carea' id='block_1_29' title="bbox 2008 1427 2463 1497">
    <p class='ocr_par' dir='ltr' id='par_1_29' title="bbox 2008 1427 2463 1497">
     <span class='ocr_line' id='line_1_29' title="bbox 2008 1427 2463 1497; baseline 0.004 -17"><span class='ocrx_word' id='word_1_222' title='bbox 2008 1433 2116 1480; x_wconf 87' lang='lat' dir='ltr'><strong>tem</strong></span> <span class='ocrx_word' id='word_1_223' title='bbox 2150 1427 2463 1497; x_wconf 84' lang='lat' dir='ltr'><strong>acquisivit.</strong></span> 
     </span>
    </p>
   </div>
   <div class='ocr_carea' id='block_1_30' title="bbox 2079 1516 3611 1585">
    <p class='ocr_par' dir='ltr' id='par_1_30' title="bbox 2079 1516 3611 1585">
     <span class='ocr_line' id='line_1_30' title="bbox 2079 1516 3611 1585; baseline 0.005 -14"><span class='ocrx_word' id='word_1_224' title='bbox 2079 1516 2253 1584; x_wconf 89' lang='lat' dir='ltr'><strong>(Vers.</strong></span> <span class='ocrx_word' id='word_1_225' title='bbox 2278 1517 2358 1585; x_wconf 81' lang='lat'><strong>2.)</strong></span> <span class='ocrx_word' id='word_1_226' title='bbox 2390 1517 2560 1571; x_wconf 82' lang='lat' dir='ltr'><strong>Fiant</strong></span> <span class='ocrx_word' id='word_1_227' title='bbox 2592 1533 2761 1574; x_wconf 80' lang='lat' dir='ltr'><strong>aures</strong></span> <span class='ocrx_word' id='word_1_228' title='bbox 2796 1521 2910 1575; x_wconf 76' lang='lat' dir='ltr'><strong>tua:</strong></span> <span class='ocrx_word' id='word_1_229' title='bbox 2937 1519 3303 1577; x_wconf 79' lang='lat' dir='ltr'><strong>intendentes</strong></span> <span class='ocrx_word' id='word_1_230' title='bbox 3331 1523 3395 1579; x_wconf 83' lang='lat' dir='ltr'><strong>in</strong></span> <span class='ocrx_word' id='word_1_231' title='bbox 3421 1538 3611 1579; x_wconf 88' lang='lat' dir='ltr'><strong>vocem</strong></span> 
     </span>
    </p>
   </div>
   <div class='ocr_carea' id='block_1_31' title="bbox 2006 1604 2613 1675">
    <p class='ocr_par' dir='ltr' id='par_1_31' title="bbox 2006 1604 2613 1675">
     <span class='ocr_line' id='line_1_31' title="bbox 2006 1604 2613 1675; baseline 0.002 -17"><span class='ocrx_word' id='word_1_232' title='bbox 2006 1604 2416 1675; x_wconf 78' lang='lat' dir='ltr'><strong>deprecationis</strong></span> <span class='ocrx_word' id='word_1_233' title='bbox 2455 1621 2613 1662; x_wconf 67' lang='lat' dir='ltr'><strong>mete.</strong></span> 
     </span>
    </p>
   </div>
   <div class='ocr_carea' id='block_1_32' title="bbox 2079 1694 3609 1772">
    <p class='ocr_par' dir='ltr' id='par_1_32' title="bbox 2079 1694 3609 1772">
     <span class='ocr_line' id='line_1_32' title="bbox 2079 1694 3609 1772; baseline 0.008 -27"><span class='ocrx_word' id='word_1_234' title='bbox 2079 1697 2128 1746; x_wconf 93' lang='lat'><strong>3.</strong></span> <span class='ocrx_word' id='word_1_235' title='bbox 2162 1695 2473 1749; x_wconf 82' lang='lat' dir='ltr'><strong>Ascendens</strong></span> <span class='ocrx_word' id='word_1_236' title='bbox 2496 1694 2595 1749; x_wconf 91' lang='lat' dir='ltr'><strong>iste</strong></span> <span class='ocrx_word' id='word_1_237' title='bbox 2626 1695 2807 1767; x_wconf 78' lang='lat' dir='ltr'><strong>majus</strong></span> <span class='ocrx_word' id='word_1_238' title='bbox 2827 1695 3029 1768; x_wconf 89' lang='lat' dir='ltr'><strong>aliquid</strong></span> <span class='ocrx_word' id='word_1_239' title='bbox 3056 1714 3249 1770; x_wconf 82' lang='lat' dir='ltr'><strong>rogare</strong></span> <span class='ocrx_word' id='word_1_240' title='bbox 3266 1699 3609 1772; x_wconf 81' lang='lat' dir='ltr'><strong>aggreditur,</strong></span> 
     </span>
    </p>
   </div>
   <div class='ocr_carea' id='block_1_33' title="bbox 2015 1781 3612 1853">
    <p class='ocr_par' dir='ltr' id='par_1_33' title="bbox 2015 1781 3612 1853">
     <span class='ocr_line' id='line_1_33' title="bbox 2015 1781 3612 1853; baseline 0.006 -17"><span class='ocrx_word' id='word_1_241' title='bbox 2015 1789 2067 1836; x_wconf 90' lang='lat' dir='ltr'><strong>et</strong></span> <span class='ocrx_word' id='word_1_242' title='bbox 2096 1781 2151 1835; x_wconf 91' lang='lat' dir='ltr'><strong>in</strong></span> <span class='ocrx_word' id='word_1_243' title='bbox 2180 1781 2297 1851; x_wconf 90' lang='lat' dir='ltr'><strong>ipsa</strong></span> <span class='ocrx_word' id='word_1_244' title='bbox 2349 1782 2510 1836; x_wconf 90' lang='lat' dir='ltr'><strong>etiam</strong></span> <span class='ocrx_word' id='word_1_245' title='bbox 2549 1799 2644 1838; x_wconf 88' lang='lat' dir='ltr'><strong>sua</strong></span> <span class='ocrx_word' id='word_1_246' title='bbox 2677 1785 2916 1840; x_wconf 89' lang='lat' dir='ltr'><strong>oratione</strong></span> <span class='ocrx_word' id='word_1_247' title='bbox 2973 1787 3234 1853; x_wconf 80' lang='lat' dir='ltr'><strong>ascendit,</strong></span> <span class='ocrx_word' id='word_1_248' title='bbox 3294 1803 3415 1844; x_wconf 91' lang='lat' dir='ltr'><strong>cum</strong></span> <span class='ocrx_word' id='word_1_249' title='bbox 3444 1789 3550 1845; x_wconf 85' lang='lat' dir='ltr'><strong>hoc</strong></span> <span class='ocrx_word' id='word_1_250' title='bbox 3579 1806 3612 1844; x_wconf 88' lang='lat' dir='ltr'><strong>a</strong></span> 
     </span>
    </p>
   </div>
   <div class='ocr_carea' id='block_1_34' title="bbox 316 1870 3603 1970">
    <p class='ocr_par' dir='ltr' id='par_1_34' title="bbox 316 1870 3603 1970">
     <span class='ocr_line' id='line_1_34' title="bbox 316 1870 3603 1970; baseline 0.002 -45"><span class='ocrx_word' id='word_1_251' title='bbox 316 1871 427 1934; x_wconf 84' lang='lat' dir='ltr'><strong>Qui</strong></span> <span class='ocrx_word' id='word_1_252' title='bbox 460 1873 590 1926; x_wconf 89' lang='lat' dir='ltr'><strong>dum</strong></span> <span class='ocrx_word' id='word_1_253' title='bbox 642 1888 798 1943; x_wconf 90' lang='lat' dir='ltr'><strong>spem</strong></span> <span class='ocrx_word' id='word_1_254' title='bbox 848 1888 1002 1927; x_wconf 91' lang='lat' dir='ltr'><strong>suam</strong></span> <span class='ocrx_word' id='word_1_255' title='bbox 1044 1874 1106 1927; x_wconf 91' lang='lat' dir='ltr'><strong>in</strong></span> <span class='ocrx_word' id='word_1_256' title='bbox 1153 1889 1316 1928; x_wconf 89' lang='lat' dir='ltr'><strong>carne</strong></span> <span class='ocrx_word' id='word_1_257' title='bbox 1371 1889 1571 1944; x_wconf 88' lang='lat' dir='ltr'><strong>ponere</strong></span> <span class='ocrx_word' id='word_1_258' title='bbox 1627 1873 1897 1937; x_wconf 88' lang='lat' dir='ltr'><strong>desinunt,</strong></span> <span class='ocrx_word' id='word_1_259' title='bbox 1926 1912 1980 1970; x_wconf 85' lang='lat' dir='ltr'>B</span> <span class='ocrx_word' id='word_1_260' title='bbox 2016 1870 2129 1925; x_wconf 90' lang='lat' dir='ltr'><strong>Deo</strong></span> <span class='ocrx_word' id='word_1_261' title='bbox 2161 1870 2486 1939; x_wconf 78' lang='lat' dir='ltr'><strong>expostulat,</strong></span> <span class='ocrx_word' id='word_1_262' title='bbox 2518 1880 2575 1925; x_wconf 90' lang='lat' dir='ltr'><strong>ut</strong></span> <span class='ocrx_word' id='word_1_263' title='bbox 2629 1874 2785 1942; x_wconf 87' lang='lat' dir='ltr'><strong>quasi</strong></span> <span class='ocrx_word' id='word_1_264' title='bbox 2819 1875 3224 1942; x_wconf 88' lang='lat' dir='ltr'><strong>quodammodo</strong></span> <span class='ocrx_word' id='word_1_265' title='bbox 3254 1892 3412 1931; x_wconf 89' lang='lat' dir='ltr'><strong>aures</strong></span> <span class='ocrx_word' id='word_1_266' title='bbox 3442 1876 3603 1932; x_wconf 90' lang='lat' dir='ltr'><strong>incli-</strong></span> 
     </span>
    </p>
   </div>
   <div class='ocr_carea' id='block_1_35' title="bbox 298 1960 1898 2033">
    <p class='ocr_par' dir='ltr' id='par_1_35' title="bbox 298 1960 1898 2033">
     <span class='ocr_line' id='line_1_35' title="bbox 298 1960 1898 2033; baseline -0.001 -18"><span class='ocrx_word' id='word_1_267' title='bbox 298 1961 451 2032; x_wconf 89' lang='lat' dir='ltr'><strong>quasi</strong></span> <span class='ocrx_word' id='word_1_268' title='bbox 483 1961 642 2015; x_wconf 90' lang='lat' dir='ltr'><strong>unius</strong></span> <span class='ocrx_word' id='word_1_269' title='bbox 672 1962 841 2015; x_wconf 90' lang='lat' dir='ltr'><strong>cruris</strong></span> <span class='ocrx_word' id='word_1_270' title='bbox 868 1960 1008 2018; x_wconf 88' lang='lat' dir='ltr'><strong>vires</strong></span> <span class='ocrx_word' id='word_1_271' title='bbox 1036 1962 1300 2017; x_wconf 88' lang='lat' dir='ltr'><strong>amittunt.</strong></span> <span class='ocrx_word' id='word_1_272' title='bbox 1334 1963 1526 2033; x_wconf 87' lang='lat' dir='ltr'><strong>quue</strong></span> <span class='ocrx_word' id='word_1_273' title='bbox 1583 1969 1898 2017; x_wconf 80' lang='lat' dir='ltr'><strong>assuescant</strong></span> 
     </span>
    </p>
   </div>
   <div class='ocr_carea' id='block_1_36' title="bbox 307 2048 1898 2121">
    <p class='ocr_par' dir='ltr' id='par_1_36' title="bbox 307 2048 1898 2121">
     <span class='ocr_line' id='line_1_36' title="bbox 307 2048 1898 2121; baseline -0.001 -17"><span class='ocrx_word' id='word_1_274' title='bbox 307 2048 510 2104; x_wconf 62' lang='lat' dir='ltr'><strong>celesti</strong></span> <span class='ocrx_word' id='word_1_275' title='bbox 542 2049 802 2105; x_wconf 84' lang='lat' dir='ltr'><strong>duntaxat</strong></span> <span class='ocrx_word' id='word_1_276' title='bbox 831 2049 1102 2105; x_wconf 88' lang='lat' dir='ltr'><strong>desiderio</strong></span> <span class='ocrx_word' id='word_1_277' title='bbox 1132 2050 1308 2119; x_wconf 84' lang='lat' dir='ltr'><strong>inniti,</strong></span> <span class='ocrx_word' id='word_1_278' title='bbox 1338 2067 1444 2121; x_wconf 88' lang='lat' dir='ltr'><strong>quo</strong></span> <span class='ocrx_word' id='word_1_279' title='bbox 1475 2050 1747 2106; x_wconf 87' lang='lat' dir='ltr'><strong>senserint</strong></span> <span class='ocrx_word' id='word_1_280' title='bbox 1776 2065 1832 2105; x_wconf 89' lang='lat' dir='ltr'><strong>se</strong></span> <span class='ocrx_word' id='word_1_281' title='bbox 1868 2066 1898 2103; x_wconf 89' lang='lat' dir='ltr'><strong>a</strong></span> 
     </span>
    </p>
   </div>
   <div class='ocr_carea' id='block_1_37' title="bbox 298 2138 1893 2210">
    <p class='ocr_par' dir='ltr' id='par_1_37' title="bbox 298 2138 1893 2210">
     <span class='ocr_line' id='line_1_37' title="bbox 298 2138 1893 2210; baseline -0.001 -17"><span class='ocrx_word' id='word_1_282' title='bbox 298 2154 390 2208; x_wconf 87' lang='lat' dir='ltr'><strong>spe</strong></span> <span class='ocrx_word' id='word_1_283' title='bbox 421 2153 603 2193; x_wconf 87' lang='lat' dir='ltr'><strong>rerum</strong></span> <span class='ocrx_word' id='word_1_284' title='bbox 634 2138 1012 2207; x_wconf 88' lang='lat' dir='ltr'><strong>temporalium</strong></span> <span class='ocrx_word' id='word_1_285' title='bbox 1044 2138 1333 2194; x_wconf 89' lang='lat' dir='ltr'><strong>debilitari.</strong></span> <span class='ocrx_word' id='word_1_286' title='bbox 1368 2140 1433 2194; x_wconf 90' lang='lat' dir='ltr'><strong>Et</strong></span> <span class='ocrx_word' id='word_1_287' title='bbox 1463 2139 1612 2210; x_wconf 87' lang='lat' dir='ltr'><strong>quasi</strong></span> <span class='ocrx_word' id='word_1_288' title='bbox 1669 2155 1893 2195; x_wconf 79' lang='lat' dir='ltr'><strong>nervum</strong></span> 
     </span>
    </p>
   </div>
   <div class='ocr_carea' id='block_1_38' title="bbox 312 2210 1898 2296">
    <p class='ocr_par' dir='ltr' id='par_1_38' title="bbox 312 2210 1898 2296">
     <span class='ocr_line' id='line_1_38' title="bbox 312 2210 1898 2296; baseline 0.001 -16"><span class='ocrx_word' id='word_1_289' title='bbox 312 2242 422 2280; x_wconf 90' lang='lat' dir='ltr'><strong>non</strong></span> <span class='ocrx_word' id='word_1_290' title='bbox 443 2210 818 2281; x_wconf 82' lang='lat' dir='ltr'><strong>babent538</strong></span> <span class='ocrx_word' id='word_1_291' title='bbox 841 2226 896 2281; x_wconf 92' lang='lat' dir='ltr'><strong>in</strong></span> <span class='ocrx_word' id='word_1_292' title='bbox 924 2226 1151 2296; x_wconf 81' lang='lat' dir='ltr'><strong>femore,</strong></span> <span class='ocrx_word' id='word_1_293' title='bbox 1178 2228 1305 2282; x_wconf 90' lang='lat' dir='ltr'><strong>dum</strong></span> <span class='ocrx_word' id='word_1_294' title='bbox 1355 2243 1465 2283; x_wconf 92' lang='lat' dir='ltr'><strong>non</strong></span> <span class='ocrx_word' id='word_1_295' title='bbox 1515 2226 1790 2284; x_wconf 89' lang='lat' dir='ltr'><strong>conﬁdunt</strong></span> <span class='ocrx_word' id='word_1_296' title='bbox 1844 2228 1898 2281; x_wconf 90' lang='lat' dir='ltr'><strong>in</strong></span> 
     </span>
    </p>
   </div>
   <div class='ocr_carea' id='block_1_39' title="bbox 295 2313 1893 2386">
    <p class='ocr_par' dir='ltr' id='par_1_39' title="bbox 295 2313 1893 2386">
     <span class='ocr_line' id='line_1_39' title="bbox 295 2313 1893 2386; baseline 0.001 -16"><span class='ocrx_word' id='word_1_297' title='bbox 295 2313 495 2370; x_wconf 85' lang='lat' dir='ltr'><strong>carnali</strong></span> <span class='ocrx_word' id='word_1_298' title='bbox 516 2314 891 2385; x_wconf 82' lang='lat' dir='ltr'><strong>generatione.</strong></span> <span class='ocrx_word' id='word_1_299' title='bbox 931 2313 1129 2370; x_wconf 89' lang='lat' dir='ltr'><strong>Omnia</strong></span> <span class='ocrx_word' id='word_1_300' title='bbox 1159 2332 1281 2386; x_wconf 71' lang='lat' dir='ltr'><strong>quae</strong></span> <span class='ocrx_word' id='word_1_301' title='bbox 1313 2316 1419 2371; x_wconf 86' lang='lat' dir='ltr'><strong>sub</strong></span> <span class='ocrx_word' id='word_1_302' title='bbox 1448 2316 1585 2371; x_wconf 62' lang='lat' dir='ltr'><strong>casio</strong></span> <span class='ocrx_word' id='word_1_303' title='bbox 1615 2325 1758 2382; x_wconf 89' lang='lat' dir='ltr'><strong>sunt,</strong></span> <span class='ocrx_word' id='word_1_304' title='bbox 1790 2334 1893 2371; x_wconf 86' lang='lat' dir='ltr'><strong>va-</strong></span> 
     </span>
    </p>
   </div>
   <div class='ocr_carea' id='block_1_40' title="bbox 295 2401 1889 2475">
    <p class='ocr_par' dir='ltr' id='par_1_40' title="bbox 295 2401 1889 2475">
     <span class='ocr_line' id='line_1_40' title="bbox 295 2401 1889 2475; baseline 0.002 -20"><span class='ocrx_word' id='word_1_305' title='bbox 295 2401 518 2456; x_wconf 69' lang='lat' dir='ltr'><strong>nitatem</strong></span> <span class='ocrx_word' id='word_1_306' title='bbox 537 2402 824 2473; x_wconf 74' lang='lat' dir='ltr'><strong>aestimant,</strong></span> <span class='ocrx_word' id='word_1_307' title='bbox 855 2410 906 2457; x_wconf 87' lang='lat' dir='ltr'><strong>et</strong></span> <span class='ocrx_word' id='word_1_308' title='bbox 935 2418 1057 2458; x_wconf 90' lang='lat' dir='ltr'><strong>cum</strong></span> <span class='ocrx_word' id='word_1_309' title='bbox 1074 2404 1368 2472; x_wconf 71' lang='lat' dir='ltr'><strong>praesentis</strong></span> <span class='ocrx_word' id='word_1_310' title='bbox 1388 2404 1515 2459; x_wconf 68' lang='lat' dir='ltr'><strong>vitae</strong></span> <span class='ocrx_word' id='word_1_311' title='bbox 1535 2404 1763 2458; x_wconf 87' lang='lat' dir='ltr'><strong>miseriis</strong></span> <span class='ocrx_word' id='word_1_312' title='bbox 1779 2405 1889 2475; x_wconf 90' lang='lat' dir='ltr'><strong>ple-</strong></span> 
     </span>
    </p>
   </div>
   <div class='ocr_carea' id='block_1_41' title="bbox 295 2490 1896 2564">
    <p class='ocr_par' dir='ltr' id='par_1_41' title="bbox 295 2490 1896 2564">
     <span class='ocr_line' id='line_1_41' title="bbox 295 2490 1896 2564; baseline 0.002 -21"><span class='ocrx_word' id='word_1_313' title='bbox 295 2505 390 2544; x_wconf 90' lang='lat' dir='ltr'><strong>nos</strong></span> <span class='ocrx_word' id='word_1_314' title='bbox 434 2504 493 2543; x_wconf 91' lang='lat' dir='ltr'><strong>se</strong></span> <span class='ocrx_word' id='word_1_315' title='bbox 541 2505 658 2544; x_wconf 90' lang='lat' dir='ltr'><strong>esse</strong></span> <span class='ocrx_word' id='word_1_316' title='bbox 712 2498 764 2545; x_wconf 92' lang='lat' dir='ltr'><strong>et</strong></span> <span class='ocrx_word' id='word_1_317' title='bbox 810 2490 1014 2546; x_wconf 89' lang='lat' dir='ltr'><strong>obsitos</strong></span> <span class='ocrx_word' id='word_1_318' title='bbox 1069 2492 1495 2564; x_wconf 84' lang='lat' dir='ltr'><strong>circumquaque</strong></span> <span class='ocrx_word' id='word_1_319' title='bbox 1539 2493 1896 2563; x_wconf 88' lang='lat' dir='ltr'><strong>conspiciunt,</strong></span> 
     </span>
    </p>
   </div>
   <div class='ocr_carea' id='block_1_42' title="bbox 294 2577 1890 2653">
    <p class='ocr_par' dir='ltr' id='par_1_42' title="bbox 294 2577 1890 2653">
     <span class='ocr_line' id='line_1_42' title="bbox 294 2577 1890 2653; baseline 0.003 -22"><span class='ocrx_word' id='word_1_320' title='bbox 294 2578 445 2646; x_wconf 88' lang='lat' dir='ltr'><strong>quasi</strong></span> <span class='ocrx_word' id='word_1_321' title='bbox 468 2577 539 2632; x_wconf 91' lang='lat' dir='ltr'><strong>de</strong></span> <span class='ocrx_word' id='word_1_322' title='bbox 561 2578 846 2647; x_wconf 82' lang='lat' dir='ltr'><strong>profundis</strong></span> <span class='ocrx_word' id='word_1_323' title='bbox 876 2579 942 2634; x_wconf 88' lang='lat' dir='ltr'><strong>ad</strong></span> <span class='ocrx_word' id='word_1_324' title='bbox 972 2580 1145 2635; x_wconf 90' lang='lat' dir='ltr'><strong>Deum</strong></span> <span class='ocrx_word' id='word_1_325' title='bbox 1189 2580 1441 2635; x_wconf 88' lang='lat' dir='ltr'><strong>clamant.</strong></span> <span class='ocrx_word' id='word_1_326' title='bbox 1497 2583 1697 2653; x_wconf 87' lang='lat' dir='ltr'><strong>Magna</strong></span> <span class='ocrx_word' id='word_1_327' title='bbox 1755 2597 1890 2651; x_wconf 91' lang='lat' dir='ltr'><strong>pro-</strong></span> 
     </span>
    </p>
   </div>
   <div class='ocr_carea' id='block_1_43' title="bbox 293 2664 1889 2735">
    <p class='ocr_par' dir='ltr' id='par_1_43' title="bbox 293 2664 1889 2735">
     <span class='ocr_line' id='line_1_43' title="bbox 293 2664 1889 2735; baseline 0.002 -16"><span class='ocrx_word' id='word_1_328' title='bbox 293 2664 661 2720; x_wconf 83' lang='lat' dir='ltr'><strong>funditasvita</strong></span> <span class='ocrx_word' id='word_1_329' title='bbox 689 2666 954 2733; x_wconf 89' lang='lat' dir='ltr'><strong>mortalis,</strong></span> <span class='ocrx_word' id='word_1_330' title='bbox 978 2668 1033 2721; x_wconf 90' lang='lat' dir='ltr'><strong>in</strong></span> <span class='ocrx_word' id='word_1_331' title='bbox 1049 2683 1156 2735; x_wconf 87' lang='lat' dir='ltr'><strong>qua</strong></span> <span class='ocrx_word' id='word_1_332' title='bbox 1174 2667 1309 2722; x_wconf 85' lang='lat' dir='ltr'><strong>nihil</strong></span> <span class='ocrx_word' id='word_1_333' title='bbox 1346 2676 1426 2723; x_wconf 87' lang='lat' dir='ltr'><strong>est</strong></span> <span class='ocrx_word' id='word_1_334' title='bbox 1467 2678 1692 2735; x_wconf 88' lang='lat' dir='ltr'><strong>certum,</strong></span> <span class='ocrx_word' id='word_1_335' title='bbox 1750 2668 1889 2723; x_wconf 88' lang='lat' dir='ltr'><strong>nihil</strong></span> 
     </span>
    </p>
   </div>
   <div class='ocr_carea' id='block_1_44' title="bbox 294 2753 1893 2828">
    <p class='ocr_par' dir='ltr' id='par_1_44' title="bbox 294 2753 1893 2828">
     <span class='ocr_line' id='line_1_44' title="bbox 294 2753 1893 2828; baseline 0.003 -21"><span class='ocrx_word' id='word_1_336' title='bbox 294 2754 480 2820; x_wconf 82' lang='lat' dir='ltr'><strong>vitale,</strong></span> <span class='ocrx_word' id='word_1_337' title='bbox 501 2753 633 2807; x_wconf 87' lang='lat' dir='ltr'><strong>nihil</strong></span> <span class='ocrx_word' id='word_1_338' title='bbox 653 2762 842 2822; x_wconf 89' lang='lat' dir='ltr'><strong>tutum,</strong></span> <span class='ocrx_word' id='word_1_339' title='bbox 863 2755 1000 2809; x_wconf 88' lang='lat' dir='ltr'><strong>nihil</strong></span> <span class='ocrx_word' id='word_1_340' title='bbox 1017 2756 1362 2826; x_wconf 88' lang='lat' dir='ltr'><strong>tranquillum</strong></span> <span class='ocrx_word' id='word_1_341' title='bbox 1376 2798 1389 2811; x_wconf 95' lang='lat'><strong>.</strong></span> <span class='ocrx_word' id='word_1_342' title='bbox 1415 2759 1628 2828; x_wconf 86' lang='lat' dir='ltr'><strong>Magna,</strong></span> <span class='ocrx_word' id='word_1_343' title='bbox 1648 2758 1893 2827; x_wconf 88' lang='lat' dir='ltr'><strong>inquam,</strong></span> 
     </span>
    </p>
   </div>
   <div class='ocr_carea' id='block_1_45' title="bbox 295 2842 1889 2916">
    <p class='ocr_par' dir='ltr' id='par_1_45' title="bbox 295 2842 1889 2916">
     <span class='ocr_line' id='line_1_45' title="bbox 295 2842 1889 2916; baseline 0.001 -19"><span class='ocrx_word' id='word_1_344' title='bbox 295 2842 655 2911; x_wconf 81' lang='lat' dir='ltr'><strong>profunditas,</strong></span> <span class='ocrx_word' id='word_1_345' title='bbox 688 2844 743 2897; x_wconf 89' lang='lat' dir='ltr'><strong>in</strong></span> <span class='ocrx_word' id='word_1_346' title='bbox 769 2858 881 2915; x_wconf 87' lang='lat' dir='ltr'><strong>qua</strong></span> <span class='ocrx_word' id='word_1_347' title='bbox 905 2852 1163 2914; x_wconf 89' lang='lat' dir='ltr'><strong>peccator</strong></span> <span class='ocrx_word' id='word_1_348' title='bbox 1217 2845 1481 2915; x_wconf 90' lang='lat' dir='ltr'><strong>obruitur,</strong></span> <span class='ocrx_word' id='word_1_349' title='bbox 1541 2847 1738 2916; x_wconf 90' lang='lat' dir='ltr'><strong>impius</strong></span> <span class='ocrx_word' id='word_1_350' title='bbox 1781 2846 1889 2901; x_wconf 90' lang='lat' dir='ltr'><strong>im-</strong></span> 
     </span>
    </p>
   </div>
   <div class='ocr_carea' id='block_1_46' title="bbox 299 2931 1903 3004">
    <p class='ocr_par' dir='ltr' id='par_1_46' title="bbox 299 2931 1903 3004">
     <span class='ocr_line' id='line_1_46' title="bbox 299 2931 1903 3004; baseline 0.004 -21"><span class='ocrx_word' id='word_1_351' title='bbox 299 2931 779 3003; x_wconf 87' lang='lat' dir='ltr'><strong>mergitur,justus</strong></span> <span class='ocrx_word' id='word_1_352' title='bbox 809 2932 1069 2987; x_wconf 88' lang='lat' dir='ltr'><strong>turbatur.</strong></span> <span class='ocrx_word' id='word_1_353' title='bbox 1126 2935 1255 2989; x_wconf 90' lang='lat' dir='ltr'><strong>Ideo</strong></span> <span class='ocrx_word' id='word_1_354' title='bbox 1310 2949 1545 3004; x_wconf 86' lang='lat' dir='ltr'><strong>namque</strong></span> <span class='ocrx_word' id='word_1_355' title='bbox 1595 2936 1795 2990; x_wconf 90' lang='lat' dir='ltr'><strong>clamat</strong></span> <span class='ocrx_word' id='word_1_356' title='bbox 1848 2939 1903 2989; x_wconf 89' lang='lat' dir='ltr'><strong>et</strong></span> 
     </span>
    </p>
   </div>
   <div class='ocr_carea' id='block_1_47' title="bbox 308 3017 1678 3090">
    <p class='ocr_par' dir='ltr' id='par_1_47' title="bbox 308 3017 1678 3090">
     <span class='ocr_line' id='line_1_47' title="bbox 308 3017 1678 3090; baseline 0.004 -18"><span class='ocrx_word' id='word_1_357' title='bbox 308 3017 438 3074; x_wconf 88' lang='lat' dir='ltr'><strong>dicit</strong></span> <span class='ocrx_word' id='word_1_358' title='bbox 468 3019 591 3075; x_wconf 82' lang='lat' dir='ltr'><strong>:De</strong></span> <span class='ocrx_word' id='word_1_359' title='bbox 618 3021 921 3090; x_wconf 77' lang='lat' dir='ltr'><strong>profundis</strong></span> <span class='ocrx_word' id='word_1_360' title='bbox 951 3023 1194 3077; x_wconf 83' lang='lat' dir='ltr'><strong>clamavi</strong></span> <span class='ocrx_word' id='word_1_361' title='bbox 1221 3023 1295 3077; x_wconf 88' lang='lat' dir='ltr'><strong>ad</strong></span> <span class='ocrx_word' id='word_1_362' title='bbox 1324 3027 1398 3090; x_wconf 87' lang='lat' dir='ltr'><strong>te,</strong></span> <span class='ocrx_word' id='word_1_363' title='bbox 1421 3024 1678 3080; x_wconf 82' lang='lat' dir='ltr'><strong>Domine.</strong></span> 
     </span>
    </p>
   </div>
   <div class='ocr_carea' id='block_1_48' title="bbox 364 3108 1899 3180">
    <p class='ocr_par' dir='ltr' id='par_1_48' title="bbox 364 3108 1899 3180">
     <span class='ocr_line' id='line_1_48' title="bbox 364 3108 1899 3180; baseline 0.003 -19"><span class='ocrx_word' id='word_1_364' title='bbox 364 3110 422 3161; x_wconf 75' lang='lat'><strong>2.</strong></span> <span class='ocrx_word' id='word_1_365' title='bbox 451 3108 510 3161; x_wconf 89' lang='lat' dir='ltr'><strong>In</strong></span> <span class='ocrx_word' id='word_1_366' title='bbox 542 3123 649 3178; x_wconf 91' lang='lat' dir='ltr'><strong>quo</strong></span> <span class='ocrx_word' id='word_1_367' title='bbox 680 3108 976 3164; x_wconf 89' lang='lat' dir='ltr'><strong>notandum</strong></span> <span class='ocrx_word' id='word_1_368' title='bbox 1008 3109 1134 3180; x_wconf 89' lang='lat' dir='ltr'><strong>quia</strong></span> <span class='ocrx_word' id='word_1_369' title='bbox 1163 3126 1271 3165; x_wconf 91' lang='lat' dir='ltr'><strong>non</strong></span> <span class='ocrx_word' id='word_1_370' title='bbox 1298 3111 1390 3179; x_wconf 89' lang='lat' dir='ltr'><strong>ait,</strong></span> <span class='ocrx_word' id='word_1_371' title='bbox 1423 3111 1621 3178; x_wconf 87' lang='lat' dir='ltr'><strong>clamo,</strong></span> <span class='ocrx_word' id='word_1_372' title='bbox 1655 3112 1748 3167; x_wconf 91' lang='lat' dir='ltr'><strong>sed</strong></span> <span class='ocrx_word' id='word_1_373' title='bbox 1784 3110 1899 3167; x_wconf 90' lang='lat' dir='ltr'><strong>cla-</strong></span> 
     </span>
    </p>
   </div>
   <div class='ocr_carea' id='block_1_49' title="bbox 297 3195 1903 3269">
    <p class='ocr_par' dir='ltr' id='par_1_49' title="bbox 297 3195 1903 3269">
     <span class='ocr_line' id='line_1_49' title="bbox 297 3195 1903 3269; baseline 0.003 -20"><span class='ocrx_word' id='word_1_374' title='bbox 297 3195 468 3250; x_wconf 87' lang='lat' dir='ltr'><strong>mavi.</strong></span> <span class='ocrx_word' id='word_1_375' title='bbox 502 3196 685 3251; x_wconf 83' lang='lat' dir='ltr'><strong>Habes</strong></span> <span class='ocrx_word' id='word_1_376' title='bbox 707 3197 762 3251; x_wconf 89' lang='lat' dir='ltr'><strong>in</strong></span> <span class='ocrx_word' id='word_1_377' title='bbox 799 3198 903 3253; x_wconf 89' lang='lat' dir='ltr'><strong>hoc</strong></span> <span class='ocrx_word' id='word_1_378' title='bbox 932 3199 1348 3269; x_wconf 74' lang='lat' dir='ltr'><strong>perseverantia:</strong></span> <span class='ocrx_word' id='word_1_379' title='bbox 1375 3199 1781 3268; x_wconf 89' lang='lat' dir='ltr'><strong>documentum,</strong></span> <span class='ocrx_word' id='word_1_380' title='bbox 1841 3207 1903 3254; x_wconf 88' lang='lat' dir='ltr'><strong>ut</strong></span> 
     </span>
    </p>
   </div>
   <div class='ocr_carea' id='block_1_50' title="bbox 2008 1959 3600 2025">
    <p class='ocr_par' dir='ltr' id='par_1_50' title="bbox 2008 1959 3600 2025">
     <span class='ocr_line' id='line_1_50' title="bbox 2008 1959 3600 2025; baseline 0.006 -14"><span class='ocrx_word' id='word_1_381' title='bbox 2008 1974 2141 2012; x_wconf 89' lang='lat' dir='ltr'><strong>nans</strong></span> <span class='ocrx_word' id='word_1_382' title='bbox 2172 1959 2400 2013; x_wconf 88' lang='lat' dir='ltr'><strong>orationi</strong></span> <span class='ocrx_word' id='word_1_383' title='bbox 2429 1976 2540 2015; x_wconf 71' lang='lat' dir='ltr'><strong>sua:</strong></span> <span class='ocrx_word' id='word_1_384' title='bbox 2570 1961 2715 2015; x_wconf 88' lang='lat' dir='ltr'><strong>Deus</strong></span> <span class='ocrx_word' id='word_1_385' title='bbox 2763 1961 3007 2016; x_wconf 89' lang='lat' dir='ltr'><strong>intendat</strong></span> <span class='ocrx_word' id='word_1_386' title='bbox 3032 1981 3044 2025; x_wconf 91' lang='lat'><strong>;</strong></span> <span class='ocrx_word' id='word_1_387' title='bbox 3077 1979 3146 2019; x_wconf 91' lang='lat' dir='ltr'><strong>ne</strong></span> <span class='ocrx_word' id='word_1_388' title='bbox 3178 1965 3318 2019; x_wconf 82' lang='lat' dir='ltr'><strong>forte</strong></span> <span class='ocrx_word' id='word_1_389' title='bbox 3348 1964 3418 2019; x_wconf 91' lang='lat' dir='ltr'><strong>sit</strong></span> <span class='ocrx_word' id='word_1_390' title='bbox 3445 1981 3600 2020; x_wconf 89' lang='lat' dir='ltr'><strong>mora</strong></span> 
     </span>
    </p>
   </div>
   <div class='ocr_carea' id='block_1_51' title="bbox 2005 2046 3605 2120">
    <p class='ocr_par' dir='ltr' id='par_1_51' title="bbox 2005 2046 3605 2120">
     <span class='ocr_line' id='line_1_51' title="bbox 2005 2046 3605 2120; baseline 0.006 -21"><span class='ocrx_word' id='word_1_391' title='bbox 2005 2046 2060 2099; x_wconf 91' lang='lat' dir='ltr'><strong>in</strong></span> <span class='ocrx_word' id='word_1_392' title='bbox 2091 2047 2455 2116; x_wconf 84' lang='lat' dir='ltr'><strong>exauditione,</strong></span> <span class='ocrx_word' id='word_1_393' title='bbox 2492 2050 2534 2103; x_wconf 90' lang='lat' dir='ltr'><strong>si</strong></span> <span class='ocrx_word' id='word_1_394' title='bbox 2569 2049 2731 2120; x_wconf 87' lang='lat' dir='ltr'><strong>longe</strong></span> <span class='ocrx_word' id='word_1_395' title='bbox 2763 2050 2868 2103; x_wconf 89' lang='lat' dir='ltr'><strong>sint</strong></span> <span class='ocrx_word' id='word_1_396' title='bbox 2914 2066 3072 2106; x_wconf 89' lang='lat' dir='ltr'><strong>aures</strong></span> <span class='ocrx_word' id='word_1_397' title='bbox 3101 2052 3170 2105; x_wconf 92' lang='lat' dir='ltr'><strong>ab</strong></span> <span class='ocrx_word' id='word_1_398' title='bbox 3200 2053 3468 2108; x_wconf 89' lang='lat' dir='ltr'><strong>oratione.</strong></span> <span class='ocrx_word' id='word_1_399' title='bbox 3504 2053 3605 2109; x_wconf 82' lang='lat' dir='ltr'><strong>Vi-</strong></span> 
     </span>
    </p>
   </div>
   <div class='ocr_carea' id='block_1_52' title="bbox 2004 2134 3608 2211">
    <p class='ocr_par' dir='ltr' id='par_1_52' title="bbox 2004 2134 3608 2211">
     <span class='ocr_line' id='line_1_52' title="bbox 2004 2134 3608 2211; baseline 0.005 -23"><span class='ocrx_word' id='word_1_400' title='bbox 2004 2134 2164 2190; x_wconf 91' lang='lat' dir='ltr'><strong>detur</strong></span> <span class='ocrx_word' id='word_1_401' title='bbox 2181 2136 2324 2190; x_wconf 89' lang='lat' dir='ltr'><strong>enim</strong></span> <span class='ocrx_word' id='word_1_402' title='bbox 2345 2137 2635 2206; x_wconf 86' lang='lat' dir='ltr'><strong>quemdam</strong></span> <span class='ocrx_word' id='word_1_403' title='bbox 2661 2137 2859 2192; x_wconf 76' lang='lat' dir='ltr'><strong>divinae</strong></span> <span class='ocrx_word' id='word_1_404' title='bbox 2884 2139 3243 2195; x_wconf 87' lang='lat' dir='ltr'><strong>miserationis</strong></span> <span class='ocrx_word' id='word_1_405' title='bbox 3272 2142 3608 2211; x_wconf 69' lang='lat' dir='ltr'><strong>praecipuum</strong></span> 
     </span>
    </p>
   </div>
   <div class='ocr_carea' id='block_1_53' title="bbox 2004 2222 3605 2298">
    <p class='ocr_par' dir='ltr' id='par_1_53' title="bbox 2004 2222 3605 2298">
     <span class='ocr_line' id='line_1_53' title="bbox 2004 2222 3605 2298; baseline 0.004 -21"><span class='ocrx_word' id='word_1_406' title='bbox 2004 2224 2216 2296; x_wconf 89' lang='lat' dir='ltr'><strong>precari</strong></span> <span class='ocrx_word' id='word_1_407' title='bbox 2246 2222 2519 2291; x_wconf 77' lang='lat' dir='ltr'><strong>affectum,</strong></span> <span class='ocrx_word' id='word_1_408' title='bbox 2571 2241 2692 2280; x_wconf 89' lang='lat' dir='ltr'><strong>cum</strong></span> <span class='ocrx_word' id='word_1_409' title='bbox 2743 2234 2902 2296; x_wconf 82' lang='lat' dir='ltr'><strong>rogat</strong></span> <span class='ocrx_word' id='word_1_410' title='bbox 2931 2242 3051 2281; x_wconf 92' lang='lat' dir='ltr'><strong>eum</strong></span> <span class='ocrx_word' id='word_1_411' title='bbox 3102 2228 3505 2298; x_wconf 88' lang='lat' dir='ltr'><strong>quodammodo</strong></span> <span class='ocrx_word' id='word_1_412' title='bbox 3534 2229 3605 2283; x_wconf 91' lang='lat' dir='ltr'><strong>ad</strong></span> 
     </span>
    </p>
   </div>
   <div class='ocr_carea' id='block_1_54' title="bbox 2006 2312 3606 2387">
    <p class='ocr_par' dir='ltr' id='par_1_54' title="bbox 2006 2312 3606 2387">
     <span class='ocr_line' id='line_1_54' title="bbox 2006 2312 3606 2387; baseline 0.003 -20"><span class='ocrx_word' id='word_1_413' title='bbox 2006 2312 2340 2368; x_wconf 89' lang='lat' dir='ltr'><strong>audiendum</strong></span> <span class='ocrx_word' id='word_1_414' title='bbox 2370 2312 2625 2381; x_wconf 80' lang='lat' dir='ltr'><strong>affectari,</strong></span> <span class='ocrx_word' id='word_1_415' title='bbox 2650 2321 2706 2367; x_wconf 92' lang='lat' dir='ltr'><strong>ut</strong></span> <span class='ocrx_word' id='word_1_416' title='bbox 2735 2328 2856 2368; x_wconf 91' lang='lat' dir='ltr'><strong>cum</strong></span> <span class='ocrx_word' id='word_1_417' title='bbox 2880 2330 3066 2371; x_wconf 80' lang='lat' dir='ltr'><strong>vocem</strong></span> <span class='ocrx_word' id='word_1_418' title='bbox 3098 2316 3231 2371; x_wconf 87' lang='lat' dir='ltr'><strong>velit</strong></span> <span class='ocrx_word' id='word_1_419' title='bbox 3261 2316 3451 2371; x_wconf 89' lang='lat' dir='ltr'><strong>audire</strong></span> <span class='ocrx_word' id='word_1_420' title='bbox 3479 2333 3606 2387; x_wconf 90' lang='lat' dir='ltr'><strong>sup-</strong></span> 
     </span>
    </p>
   </div>
   <div class='ocr_carea' id='block_1_55' title="bbox 2004 2401 3597 2475">
    <p class='ocr_par' dir='ltr' id='par_1_55' title="bbox 2004 2401 3597 2475">
     <span class='ocr_line' id='line_1_55' title="bbox 2004 2401 3597 2475; baseline 0.003 -21"><span class='ocrx_word' id='word_1_421' title='bbox 2004 2401 2283 2471; x_wconf 90' lang='lat' dir='ltr'><strong>plicantis,</strong></span> <span class='ocrx_word' id='word_1_422' title='bbox 2342 2417 2481 2471; x_wconf 89' lang='lat' dir='ltr'><strong>opus</strong></span> <span class='ocrx_word' id='word_1_423' title='bbox 2533 2418 2641 2457; x_wconf 91' lang='lat' dir='ltr'><strong>non</strong></span> <span class='ocrx_word' id='word_1_424' title='bbox 2689 2402 2901 2458; x_wconf 83' lang='lat' dir='ltr'><strong>differat</strong></span> <span class='ocrx_word' id='word_1_425' title='bbox 2945 2419 3198 2459; x_wconf 81' lang='lat' dir='ltr'><strong>exercere</strong></span> <span class='ocrx_word' id='word_1_426' title='bbox 3264 2406 3597 2475; x_wconf 89' lang='lat' dir='ltr'><strong>miserentis,</strong></span> 
     </span>
    </p>
   </div>
   <div class='ocr_carea' id='block_1_56' title="bbox 2006 2489 3610 2565">
    <p class='ocr_par' dir='ltr' id='par_1_56' title="bbox 2006 2489 3610 2565">
     <span class='ocr_line' id='line_1_56' title="bbox 2006 2489 3610 2565; baseline 0.004 -23"><span class='ocrx_word' id='word_1_427' title='bbox 2006 2489 2265 2544; x_wconf 83' lang='lat' dir='ltr'><strong>humanae</strong></span> <span class='ocrx_word' id='word_1_428' title='bbox 2296 2489 2350 2543; x_wconf 92' lang='lat' dir='ltr'><strong>in</strong></span> <span class='ocrx_word' id='word_1_429' title='bbox 2394 2491 2498 2545; x_wconf 90' lang='lat' dir='ltr'><strong>hoc</strong></span> <span class='ocrx_word' id='word_1_430' title='bbox 2538 2506 2769 2559; x_wconf 89' lang='lat' dir='ltr'><strong>sequens</strong></span> <span class='ocrx_word' id='word_1_431' title='bbox 2816 2492 3102 2547; x_wconf 88' lang='lat' dir='ltr'><strong>locutionis</strong></span> <span class='ocrx_word' id='word_1_432' title='bbox 3153 2492 3397 2558; x_wconf 90' lang='lat' dir='ltr'><strong>modum,</strong></span> <span class='ocrx_word' id='word_1_433' title='bbox 3453 2495 3610 2565; x_wconf 84' lang='lat' dir='ltr'><strong>quasi</strong></span> 
     </span>
    </p>
   </div>
   <div class='ocr_carea' id='block_1_57' title="bbox 2005 2577 3611 2651">
    <p class='ocr_par' dir='ltr' id='par_1_57' title="bbox 2005 2577 3611 2651">
     <span class='ocr_line' id='line_1_57' title="bbox 2005 2577 3611 2651; baseline 0.003 -19"><span class='ocrx_word' id='word_1_434' title='bbox 2005 2577 2316 2645; x_wconf 85' lang='lat' dir='ltr'><strong>hujusmodi</strong></span> <span class='ocrx_word' id='word_1_435' title='bbox 2342 2578 2486 2632; x_wconf 88' lang='lat' dir='ltr'><strong>Deus</strong></span> <span class='ocrx_word' id='word_1_436' title='bbox 2517 2577 2800 2633; x_wconf 63' lang='lat' dir='ltr'><strong>aﬂ‘ectione</strong></span> <span class='ocrx_word' id='word_1_437' title='bbox 2832 2580 3094 2651; x_wconf 82' lang='lat' dir='ltr'><strong>indigeat,</strong></span> <span class='ocrx_word' id='word_1_438' title='bbox 3128 2596 3287 2650; x_wconf 89' lang='lat' dir='ltr'><strong>quem</strong></span> <span class='ocrx_word' id='word_1_439' title='bbox 3318 2596 3430 2636; x_wconf 91' lang='lat' dir='ltr'><strong>non</strong></span> <span class='ocrx_word' id='word_1_440' title='bbox 3468 2581 3611 2637; x_wconf 75' lang='lat' dir='ltr'><strong>etfu-</strong></span> 
     </span>
    </p>
   </div>
   <div class='ocr_carea' id='block_1_58' title="bbox 2007 2665 3611 2738">
    <p class='ocr_par' dir='ltr' id='par_1_58' title="bbox 2007 2665 3611 2738">
     <span class='ocr_line' id='line_1_58' title="bbox 2007 2665 3611 2738; baseline 0.004 -20"><span class='ocrx_word' id='word_1_441' title='bbox 2007 2666 2087 2738; x_wconf 83' lang='lat' dir='ltr'><strong>git</strong></span> <span class='ocrx_word' id='word_1_442' title='bbox 2117 2665 2401 2737; x_wconf 86' lang='lat' dir='ltr'><strong>cogitatio,</strong></span> <span class='ocrx_word' id='word_1_443' title='bbox 2433 2681 2541 2721; x_wconf 91' lang='lat' dir='ltr'><strong>non</strong></span> <span class='ocrx_word' id='word_1_444' title='bbox 2570 2667 2699 2721; x_wconf 90' lang='lat' dir='ltr'><strong>latet</strong></span> <span class='ocrx_word' id='word_1_445' title='bbox 2719 2668 2987 2736; x_wconf 82' lang='lat' dir='ltr'><strong>voluntas,</strong></span> <span class='ocrx_word' id='word_1_446' title='bbox 3014 2669 3142 2722; x_wconf 90' lang='lat' dir='ltr'><strong>dum</strong></span> <span class='ocrx_word' id='word_1_447' title='bbox 3174 2669 3221 2723; x_wconf 91' lang='lat' dir='ltr'><strong>ei</strong></span> <span class='ocrx_word' id='word_1_448' title='bbox 3253 2684 3354 2725; x_wconf 90' lang='lat' dir='ltr'><strong>nec</strong></span> <span class='ocrx_word' id='word_1_449' title='bbox 3378 2669 3611 2725; x_wconf 90' lang='lat' dir='ltr'><strong>intentio</strong></span> 
     </span>
    </p>
   </div>
   <div class='ocr_carea' id='block_1_59' title="bbox 2007 2754 3611 2827">
    <p class='ocr_par' dir='ltr' id='par_1_59' title="bbox 2007 2754 3611 2827">
     <span class='ocr_line' id='line_1_59' title="bbox 2007 2754 3611 2827; baseline 0.004 -20"><span class='ocrx_word' id='word_1_450' title='bbox 2007 2754 2150 2821; x_wconf 87' lang='lat' dir='ltr'><strong>silet,</strong></span> <span class='ocrx_word' id='word_1_451' title='bbox 2183 2769 2283 2808; x_wconf 91' lang='lat' dir='ltr'><strong>nec</strong></span> <span class='ocrx_word' id='word_1_452' title='bbox 2305 2754 2641 2809; x_wconf 87' lang='lat' dir='ltr'><strong>desiderium</strong></span> <span class='ocrx_word' id='word_1_453' title='bbox 2666 2763 2825 2810; x_wconf 90' lang='lat' dir='ltr'><strong>tacet.</strong></span> <span class='ocrx_word' id='word_1_454' title='bbox 2849 2757 2989 2810; x_wconf 87' lang='lat' dir='ltr'><strong>Nam</strong></span> <span class='ocrx_word' id='word_1_455' title='bbox 3020 2756 3146 2810; x_wconf 92' lang='lat' dir='ltr'><strong>dum</strong></span> <span class='ocrx_word' id='word_1_456' title='bbox 3170 2766 3363 2827; x_wconf 89' lang='lat' dir='ltr'><strong>potens</strong></span> <span class='ocrx_word' id='word_1_457' title='bbox 3385 2758 3611 2827; x_wconf 90' lang='lat' dir='ltr'><strong>quilibet</strong></span> 
     </span>
    </p>
   </div>
   <div class='ocr_carea' id='block_1_60' title="bbox 2009 2842 3608 2917">
    <p class='ocr_par' dir='ltr' id='par_1_60' title="bbox 2009 2842 3608 2917">
     <span class='ocr_line' id='line_1_60' title="bbox 2009 2842 3608 2917; baseline 0.004 -21"><span class='ocrx_word' id='word_1_458' title='bbox 2009 2842 2405 2912; x_wconf 89' lang='lat' dir='ltr'><strong>supplicantem</strong></span> <span class='ocrx_word' id='word_1_459' title='bbox 2448 2842 2683 2913; x_wconf 88' lang='lat' dir='ltr'><strong>aliquem</strong></span> <span class='ocrx_word' id='word_1_460' title='bbox 2731 2844 2916 2899; x_wconf 89' lang='lat' dir='ltr'><strong>audire</strong></span> <span class='ocrx_word' id='word_1_461' title='bbox 2965 2845 3214 2916; x_wconf 86' lang='lat' dir='ltr'><strong>negligit,</strong></span> <span class='ocrx_word' id='word_1_462' title='bbox 3248 2845 3402 2917; x_wconf 86' lang='lat' dir='ltr'><strong>quasi</strong></span> <span class='ocrx_word' id='word_1_463' title='bbox 3433 2846 3608 2915; x_wconf 91' lang='lat' dir='ltr'><strong>primo</strong></span> 
     </span>
    </p>
   </div>
   <div class='ocr_carea' id='block_1_61' title="bbox 2009 2931 3607 3003">
    <p class='ocr_par' dir='ltr' id='par_1_61' title="bbox 2009 2931 3607 3003">
     <span class='ocr_line' id='line_1_61' title="bbox 2009 2931 3607 3003; baseline 0.003 -17"><span class='ocrx_word' id='word_1_464' title='bbox 2009 2932 2159 2986; x_wconf 89' lang='lat' dir='ltr'><strong>aditu</strong></span> <span class='ocrx_word' id='word_1_465' title='bbox 2188 2932 2456 3001; x_wconf 89' lang='lat' dir='ltr'><strong>repulsus,</strong></span> <span class='ocrx_word' id='word_1_466' title='bbox 2484 2932 2722 2986; x_wconf 87' lang='lat' dir='ltr'><strong>exaudiri</strong></span> <span class='ocrx_word' id='word_1_467' title='bbox 2753 2933 2843 3002; x_wconf 93' lang='lat' dir='ltr'><strong>qui</strong></span> <span class='ocrx_word' id='word_1_468' title='bbox 2871 2933 3137 3003; x_wconf 90' lang='lat' dir='ltr'><strong>supplicat</strong></span> <span class='ocrx_word' id='word_1_469' title='bbox 3160 2931 3371 2987; x_wconf 78' lang='lat' dir='ltr'><strong>difﬁdit.</strong></span> <span class='ocrx_word' id='word_1_470' title='bbox 3401 2933 3457 2988; x_wconf 90' lang='lat' dir='ltr'><strong>Si</strong></span> <span class='ocrx_word' id='word_1_471' title='bbox 3479 2950 3607 2990; x_wconf 88' lang='lat' dir='ltr'><strong>vero</strong></span> 
     </span>
    </p>
   </div>
   <div class='ocr_carea' id='block_1_62' title="bbox 2008 3020 3606 3093">
    <p class='ocr_par' dir='ltr' id='par_1_62' title="bbox 2008 3020 3606 3093">
     <span class='ocr_line' id='line_1_62' title="bbox 2008 3020 3606 3093; baseline 0.003 -20"><span class='ocrx_word' id='word_1_472' title='bbox 2008 3020 2101 3090; x_wconf 89' lang='lat' dir='ltr'><strong>qui</strong></span> <span class='ocrx_word' id='word_1_473' title='bbox 2131 3027 2372 3091; x_wconf 85' lang='lat' dir='ltr'><strong>rogatur,</strong></span> <span class='ocrx_word' id='word_1_474' title='bbox 2430 3020 2606 3090; x_wconf 90' lang='lat' dir='ltr'><strong>primo</strong></span> <span class='ocrx_word' id='word_1_475' title='bbox 2635 3023 2792 3089; x_wconf 85' lang='lat'>539</span> <span class='ocrx_word' id='word_1_476' title='bbox 2825 3020 3052 3075; x_wconf 89' lang='lat' dir='ltr'><strong>libenter</strong></span> <span class='ocrx_word' id='word_1_477' title='bbox 3071 3021 3254 3076; x_wconf 89' lang='lat' dir='ltr'><strong>audire</strong></span> <span class='ocrx_word' id='word_1_478' title='bbox 3280 3022 3526 3093; x_wconf 72' lang='lat' dir='ltr'><strong>cmperit,</strong></span> <span class='ocrx_word' id='word_1_479' title='bbox 3552 3032 3606 3079; x_wconf 92' lang='lat' dir='ltr'><strong>et</strong></span> 
     </span>
    </p>
   </div>
   <div class='ocr_carea' id='block_1_63' title="bbox 2010 3108 3608 3181">
    <p class='ocr_par' dir='ltr' id='par_1_63' title="bbox 2010 3108 3608 3181">
     <span class='ocr_line' id='line_1_63' title="bbox 2010 3108 3608 3181; baseline 0.001 -16"><span class='ocrx_word' id='word_1_480' title='bbox 2010 3109 2130 3165; x_wconf 90' lang='lat' dir='ltr'><strong>aliis</strong></span> <span class='ocrx_word' id='word_1_481' title='bbox 2158 3110 2470 3181; x_wconf 87' lang='lat' dir='ltr'><strong>postpositis</strong></span> <span class='ocrx_word' id='word_1_482' title='bbox 2501 3109 2751 3180; x_wconf 83' lang='lat' dir='ltr'><strong>negotiis,</strong></span> <span class='ocrx_word' id='word_1_483' title='bbox 2783 3108 2965 3165; x_wconf 82' lang='lat' dir='ltr'><strong>verbis</strong></span> <span class='ocrx_word' id='word_1_484' title='bbox 2997 3109 3339 3166; x_wconf 88' lang='lat' dir='ltr'><strong>solummodo</strong></span> <span class='ocrx_word' id='word_1_485' title='bbox 3368 3112 3608 3180; x_wconf 81' lang='lat' dir='ltr'><strong>rogantis</strong></span> 
     </span>
    </p>
   </div>
   <div class='ocr_carea' id='block_1_64' title="bbox 2009 3196 3606 3269">
    <p class='ocr_par' dir='ltr' id='par_1_64' title="bbox 2009 3196 3606 3269">
     <span class='ocr_line' id='line_1_64' title="bbox 2009 3196 3606 3269; baseline 0.001 -17"><span class='ocrx_word' id='word_1_486' title='bbox 2009 3198 2309 3265; x_wconf 89' lang='lat' dir='ltr'><strong>intendere,</strong></span> <span class='ocrx_word' id='word_1_487' title='bbox 2383 3198 2639 3253; x_wconf 89' lang='lat' dir='ltr'><strong>continuo</strong></span> <span class='ocrx_word' id='word_1_488' title='bbox 2697 3196 2787 3251; x_wconf 89' lang='lat' dir='ltr'><strong>ille</strong></span> <span class='ocrx_word' id='word_1_489' title='bbox 2853 3196 2943 3267; x_wconf 89' lang='lat' dir='ltr'><strong>qui</strong></span> <span class='ocrx_word' id='word_1_490' title='bbox 3020 3206 3305 3269; x_wconf 87' lang='lat' dir='ltr'><strong>rogaturus</strong></span> <span class='ocrx_word' id='word_1_491' title='bbox 3370 3199 3606 3268; x_wconf 88' lang='lat' dir='ltr'><strong>advenit,</strong></span> 
     </span>
    </p>
   </div>
   <div class='ocr_carea' id='block_1_65' title="bbox 295 3260 3613 3358">
    <p class='ocr_par' dir='ltr' id='par_1_65' title="bbox 295 3260 3613 3358">
     <span class='ocr_line' id='line_1_65' title="bbox 295 3260 3613 3358; baseline 0.002 -21"><span class='ocrx_word' id='word_1_492' title='bbox 295 3283 338 3337; x_wconf 89' lang='lat' dir='ltr'><strong>si</strong></span> <span class='ocrx_word' id='word_1_493' title='bbox 363 3284 542 3355; x_wconf 88' lang='lat' dir='ltr'><strong>primo</strong></span> <span class='ocrx_word' id='word_1_494' title='bbox 571 3300 681 3340; x_wconf 91' lang='lat' dir='ltr'><strong>non</strong></span> <span class='ocrx_word' id='word_1_495' title='bbox 714 3286 1011 3354; x_wconf 75' lang='lat' dir='ltr'><strong>exaudit-is,</strong></span> <span class='ocrx_word' id='word_1_496' title='bbox 1070 3287 1141 3341; x_wconf 90' lang='lat' dir='ltr'><strong>ab</strong></span> <span class='ocrx_word' id='word_1_497' title='bbox 1191 3289 1440 3343; x_wconf 88' lang='lat' dir='ltr'><strong>oratione</strong></span> <span class='ocrx_word' id='word_1_498' title='bbox 1496 3304 1603 3344; x_wconf 91' lang='lat' dir='ltr'><strong>non</strong></span> <span class='ocrx_word' id='word_1_499' title='bbox 1659 3287 1900 3356; x_wconf 88' lang='lat' dir='ltr'><strong>deﬁcias,</strong></span> <span class='ocrx_word' id='word_1_500' title='bbox 1934 3260 1981 3323; x_wconf 73' lang='grc' dir='ltr'><strong>Ο</strong></span> <span class='ocrx_word' id='word_1_501' title='bbox 2015 3286 2314 3357; x_wconf 89' lang='lat' dir='ltr'><strong>quamdam</strong></span> <span class='ocrx_word' id='word_1_502' title='bbox 2346 3286 2585 3356; x_wconf 90' lang='lat' dir='ltr'><strong>concipit</strong></span> <span class='ocrx_word' id='word_1_503' title='bbox 2606 3285 2933 3356; x_wconf 91' lang='lat' dir='ltr'><strong>impetrandi</strong></span> <span class='ocrx_word' id='word_1_504' title='bbox 2952 3285 3228 3355; x_wconf 87' lang='lat' dir='ltr'><strong>ﬁduciam,</strong></span> <span class='ocrx_word' id='word_1_505' title='bbox 3252 3294 3305 3341; x_wconf 90' lang='lat' dir='ltr'><strong>et</strong></span> <span class='ocrx_word' id='word_1_506' title='bbox 3333 3287 3449 3357; x_wconf 91' lang='lat' dir='ltr'><strong>ipsa</strong></span> <span class='ocrx_word' id='word_1_507' title='bbox 3477 3304 3613 3358; x_wconf 80' lang='lat' dir='ltr'><strong>quo-</strong></span> 
     </span>
    </p>
   </div>
   <div class='ocr_carea' id='block_1_66' title="bbox 297 3371 1899 3444">
    <p class='ocr_par' dir='ltr' id='par_1_66' title="bbox 297 3371 1899 3444">
     <span class='ocr_line' id='line_1_66' title="bbox 297 3371 1899 3444; baseline 0.003 -17"><span class='ocrx_word' id='word_1_508' title='bbox 297 3371 407 3428; x_wconf 87' lang='lat' dir='ltr'><strong>imo</strong></span> <span class='ocrx_word' id='word_1_509' title='bbox 480 3372 733 3444; x_wconf 87' lang='lat' dir='ltr'><strong>precibus</strong></span> <span class='ocrx_word' id='word_1_510' title='bbox 814 3382 868 3429; x_wconf 90' lang='lat' dir='ltr'><strong>et</strong></span> <span class='ocrx_word' id='word_1_511' title='bbox 930 3376 1155 3430; x_wconf 90' lang='lat' dir='ltr'><strong>clamari</strong></span> <span class='ocrx_word' id='word_1_512' title='bbox 1222 3376 1463 3432; x_wconf 87' lang='lat' dir='ltr'><strong>insistas.</strong></span> <span class='ocrx_word' id='word_1_513' title='bbox 1557 3377 1682 3432; x_wconf 86' lang='lat' dir='ltr'><strong>Vult</strong></span> <span class='ocrx_word' id='word_1_514' title='bbox 1752 3378 1899 3432; x_wconf 88' lang='lat' dir='ltr'><strong>Deus</strong></span> 
     </span>
    </p>
   </div>
   <div class='ocr_carea' id='block_1_67' title="bbox 298 3461 1893 3535">
    <p class='ocr_par' dir='ltr' id='par_1_67' title="bbox 298 3461 1893 3535">
     <span class='ocr_line' id='line_1_67' title="bbox 298 3461 1893 3535; baseline 0.003 -22"><span class='ocrx_word' id='word_1_515' title='bbox 298 3461 505 3531; x_wconf 85' lang='lat' dir='ltr'><strong>rogari,</strong></span> <span class='ocrx_word' id='word_1_516' title='bbox 536 3461 650 3515; x_wconf 86' lang='lat' dir='ltr'><strong>vult</strong></span> <span class='ocrx_word' id='word_1_517' title='bbox 676 3461 820 3533; x_wconf 86' lang='lat' dir='ltr'><strong>cogi,</strong></span> <span class='ocrx_word' id='word_1_518' title='bbox 861 3463 978 3518; x_wconf 83' lang='lat' dir='ltr'><strong>vult</strong></span> <span class='ocrx_word' id='word_1_519' title='bbox 1008 3464 1250 3533; x_wconf 89' lang='lat' dir='ltr'><strong>quadam</strong></span> <span class='ocrx_word' id='word_1_520' title='bbox 1275 3465 1683 3535; x_wconf 87' lang='lat' dir='ltr'><strong>importunitate</strong></span> <span class='ocrx_word' id='word_1_521' title='bbox 1724 3466 1893 3521; x_wconf 89' lang='lat' dir='ltr'><strong>vinci.</strong></span> 
     </span>
    </p>
   </div>
   <div class='ocr_carea' id='block_1_68' title="bbox 298 3547 1894 3625">
    <p class='ocr_par' dir='ltr' id='par_1_68' title="bbox 298 3547 1894 3625">
     <span class='ocr_line' id='line_1_68' title="bbox 298 3547 1894 3625; baseline 0.006 -25"><span class='ocrx_word' id='word_1_522' title='bbox 298 3547 425 3603; x_wconf 83' lang='lat' dir='ltr'><strong>Ideo</strong></span> <span class='ocrx_word' id='word_1_523' title='bbox 444 3548 538 3602; x_wconf 88' lang='lat' dir='ltr'><strong>tibi</strong></span> <span class='ocrx_word' id='word_1_524' title='bbox 560 3548 723 3603; x_wconf 90' lang='lat' dir='ltr'><strong>dicit:</strong></span> <span class='ocrx_word' id='word_1_525' title='bbox 749 3557 999 3622; x_wconf 75' lang='lat' dir='ltr'><strong>Regnum</strong></span> <span class='ocrx_word' id='word_1_526' title='bbox 1013 3553 1111 3607; x_wconf 81' lang='lat' dir='ltr'><strong>Dei</strong></span> <span class='ocrx_word' id='word_1_527' title='bbox 1130 3552 1243 3608; x_wconf 82' lang='lat' dir='ltr'><strong>vim</strong></span> <span class='ocrx_word' id='word_1_528' title='bbox 1269 3556 1513 3625; x_wconf 79' lang='lat' dir='ltr'><strong>patitur,</strong></span> <span class='ocrx_word' id='word_1_529' title='bbox 1564 3558 1621 3609; x_wconf 88' lang='lat' dir='ltr'><strong>et</strong></span> <span class='ocrx_word' id='word_1_530' title='bbox 1658 3554 1894 3611; x_wconf 79' lang='lat' dir='ltr'><strong>violenti</strong></span> 
     </span>
    </p>
   </div>
   <div class='ocr_carea' id='block_1_69' title="bbox 297 3638 1903 3713">
    <p class='ocr_par' dir='ltr' id='par_1_69' title="bbox 297 3638 1903 3713">
     <span class='ocr_line' id='line_1_69' title="bbox 297 3638 1903 3713; baseline 0.006 -25"><span class='ocrx_word' id='word_1_531' title='bbox 297 3638 540 3707; x_wconf 79' lang='lat' dir='ltr'><strong>rapiunt</strong></span> <span class='ocrx_word' id='word_1_532' title='bbox 552 3638 702 3693; x_wconf 80' lang='lat' dir='ltr'><strong>illud</strong></span> <span class='ocrx_word' id='word_1_533' title='bbox 719 3639 938 3706; x_wconf 76' lang='lat' dir='ltr'><strong>(Matth.</strong></span> <span class='ocrx_word' id='word_1_534' title='bbox 963 3641 1161 3710; x_wconf 70' lang='lat'><strong>11,12.)</strong></span> <span class='ocrx_word' id='word_1_535' title='bbox 1183 3642 1309 3696; x_wconf 86' lang='lat' dir='ltr'><strong>Esto</strong></span> <span class='ocrx_word' id='word_1_536' title='bbox 1322 3658 1452 3713; x_wconf 87' lang='lat' dir='ltr'><strong>ergo</strong></span> <span class='ocrx_word' id='word_1_537' title='bbox 1470 3641 1689 3697; x_wconf 91' lang='lat' dir='ltr'><strong>sedulus</strong></span> <span class='ocrx_word' id='word_1_538' title='bbox 1709 3643 1762 3696; x_wconf 90' lang='lat' dir='ltr'><strong>in</strong></span> <span class='ocrx_word' id='word_1_539' title='bbox 1784 3658 1903 3697; x_wconf 81' lang='lat' dir='ltr'><strong>ora-</strong></span> 
     </span>
    </p>
   </div>
   <div class='ocr_carea' id='block_1_70' title="bbox 307 3724 1906 3800">
    <p class='ocr_par' dir='ltr' id='par_1_70' title="bbox 307 3724 1906 3800">
     <span class='ocr_line' id='line_1_70' title="bbox 307 3724 1906 3800; baseline 0.004 -21"><span class='ocrx_word' id='word_1_540' title='bbox 307 3724 475 3800; x_wconf 56' lang='lat' dir='ltr'><strong>tione,</strong></span> <span class='ocrx_word' id='word_1_541' title='bbox 494 3734 610 3780; x_wconf 89' lang='lat' dir='ltr'><strong>esto</strong></span> <span class='ocrx_word' id='word_1_542' title='bbox 640 3726 696 3780; x_wconf 91' lang='lat' dir='ltr'><strong>in</strong></span> <span class='ocrx_word' id='word_1_543' title='bbox 724 3728 985 3797; x_wconf 85' lang='lat' dir='ltr'><strong>precibus</strong></span> <span class='ocrx_word' id='word_1_544' title='bbox 1015 3728 1373 3799; x_wconf 88' lang='lat' dir='ltr'><strong>importunus,</strong></span> <span class='ocrx_word' id='word_1_545' title='bbox 1397 3746 1533 3786; x_wconf 90' lang='lat' dir='ltr'><strong>cave</strong></span> <span class='ocrx_word' id='word_1_546' title='bbox 1560 3746 1628 3785; x_wconf 91' lang='lat' dir='ltr'><strong>ne</strong></span> <span class='ocrx_word' id='word_1_547' title='bbox 1657 3731 1726 3785; x_wconf 90' lang='lat' dir='ltr'><strong>ab</strong></span> <span class='ocrx_word' id='word_1_548' title='bbox 1777 3747 1906 3785; x_wconf 89' lang='lat' dir='ltr'><strong>ora-</strong></span> 
     </span>
    </p>
   </div>
   <div class='ocr_carea' id='block_1_71' title="bbox 306 3812 1898 3890">
    <p class='ocr_par' dir='ltr' id='par_1_71' title="bbox 306 3812 1898 3890">
     <span class='ocr_line' id='line_1_71' title="bbox 306 3812 1898 3890; baseline 0.002 -18"><span class='ocrx_word' id='word_1_549' title='bbox 306 3812 461 3872; x_wconf 90' lang='lat' dir='ltr'><strong>tione</strong></span> <span class='ocrx_word' id='word_1_550' title='bbox 483 3812 722 3871; x_wconf 87' lang='lat' dir='ltr'><strong>deﬁcias.</strong></span> <span class='ocrx_word' id='word_1_551' title='bbox 748 3815 804 3871; x_wconf 92' lang='lat' dir='ltr'><strong>Si</strong></span> <span class='ocrx_word' id='word_1_552' title='bbox 835 3815 1140 3871; x_wconf 88' lang='lat' dir='ltr'><strong>dissimulat</strong></span> <span class='ocrx_word' id='word_1_553' title='bbox 1168 3817 1357 3873; x_wconf 89' lang='lat' dir='ltr'><strong>audire</strong></span> <span class='ocrx_word' id='word_1_554' title='bbox 1386 3834 1545 3890; x_wconf 89' lang='lat' dir='ltr'><strong>quem</strong></span> <span class='ocrx_word' id='word_1_555' title='bbox 1568 3834 1749 3890; x_wconf 86' lang='lat' dir='ltr'><strong>rogas,</strong></span> <span class='ocrx_word' id='word_1_556' title='bbox 1786 3829 1898 3875; x_wconf 87' lang='lat' dir='ltr'><strong>esto</strong></span> 
     </span>
    </p>
   </div>
   <div class='ocr_carea' id='block_1_72' title="bbox 305 3904 1904 3976">
    <p class='ocr_par' dir='ltr' id='par_1_72' title="bbox 305 3904 1904 3976">
     <span class='ocr_line' id='line_1_72' title="bbox 305 3904 1904 3976; baseline 0.004 -22"><span class='ocrx_word' id='word_1_557' title='bbox 305 3909 514 3971; x_wconf 86' lang='lat' dir='ltr'><strong>raptor,</strong></span> <span class='ocrx_word' id='word_1_558' title='bbox 545 3911 601 3957; x_wconf 90' lang='lat' dir='ltr'><strong>ut</strong></span> <span class='ocrx_word' id='word_1_559' title='bbox 630 3920 858 3975; x_wconf 87' lang='lat' dir='ltr'><strong>regnum</strong></span> <span class='ocrx_word' id='word_1_560' title='bbox 889 3904 1146 3960; x_wconf 80' lang='lat' dir='ltr'><strong>caelorum</strong></span> <span class='ocrx_word' id='word_1_561' title='bbox 1167 3906 1440 3976; x_wconf 88' lang='lat' dir='ltr'><strong>accipias;</strong></span> <span class='ocrx_word' id='word_1_562' title='bbox 1476 3915 1589 3962; x_wconf 90' lang='lat' dir='ltr'><strong>esto</strong></span> <span class='ocrx_word' id='word_1_563' title='bbox 1619 3906 1904 3969; x_wconf 84' lang='lat' dir='ltr'><strong>violentus,</strong></span> 
     </span>
    </p>
   </div>
   <div class='ocr_carea' id='block_1_73' title="bbox 297 3988 1908 4067">
    <p class='ocr_par' dir='ltr' id='par_1_73' title="bbox 297 3988 1908 4067">
     <span class='ocr_line' id='line_1_73' title="bbox 297 3988 1908 4067; baseline 0.006 -26"><span class='ocrx_word' id='word_1_564' title='bbox 297 3995 357 4041; x_wconf 90' lang='lat' dir='ltr'><strong>ut</strong></span> <span class='ocrx_word' id='word_1_565' title='bbox 385 3988 497 4044; x_wconf 81' lang='lat' dir='ltr'><strong>vim</strong></span> <span class='ocrx_word' id='word_1_566' title='bbox 525 3991 690 4067; x_wconf 78' lang='lat' dir='ltr'><strong>etiam</strong></span> <span class='ocrx_word' id='word_1_567' title='bbox 722 3992 856 4061; x_wconf 91' lang='lat' dir='ltr'><strong>ipsis</strong></span> <span class='ocrx_word' id='word_1_568' title='bbox 882 3992 1085 4047; x_wconf 81' lang='lat' dir='ltr'><strong>inferas</strong></span> <span class='ocrx_word' id='word_1_569' title='bbox 1129 3995 1301 4048; x_wconf 74' lang='lat' dir='ltr'><strong>cmlis.</strong></span> <span class='ocrx_word' id='word_1_570' title='bbox 1361 3993 1504 4063; x_wconf 86' lang='lat' dir='ltr'><strong>Quid</strong></span> <span class='ocrx_word' id='word_1_571' title='bbox 1561 3995 1663 4050; x_wconf 88' lang='lat' dir='ltr'><strong>hac</strong></span> <span class='ocrx_word' id='word_1_572' title='bbox 1718 3996 1908 4066; x_wconf 89' lang='lat' dir='ltr'><strong>rapina</strong></span> 
     </span>
    </p>
   </div>
   <div class='ocr_carea' id='block_1_74' title="bbox 302 4076 1905 4153">
    <p class='ocr_par' dir='ltr' id='par_1_74' title="bbox 302 4076 1905 4153">
     <span class='ocr_line' id='line_1_74' title="bbox 302 4076 1905 4153; baseline 0.006 -23"><span class='ocrx_word' id='word_1_573' title='bbox 302 4076 631 4147; x_wconf 83' lang='lat' dir='ltr'><strong>locupletius</strong></span> <span class='ocrx_word' id='word_1_574' title='bbox 659 4081 688 4132; x_wconf 77' lang='lat' dir='ltr'><strong>‘l</strong></span> <span class='ocrx_word' id='word_1_575' title='bbox 719 4080 848 4151; x_wconf 90' lang='lat' dir='ltr'><strong>quid</strong></span> <span class='ocrx_word' id='word_1_576' title='bbox 891 4081 993 4136; x_wconf 85' lang='lat' dir='ltr'><strong>hac</strong></span> <span class='ocrx_word' id='word_1_577' title='bbox 1048 4082 1319 4153; x_wconf 86' lang='lat' dir='ltr'><strong>gloriosus</strong></span> <span class='ocrx_word' id='word_1_578' title='bbox 1372 4082 1631 4138; x_wconf 89' lang='lat' dir='ltr'><strong>violentia</strong></span> <span class='ocrx_word' id='word_1_579' title='bbox 1660 4085 1689 4137; x_wconf 79' lang='lat' dir='ltr'><strong>‘l</strong></span> <span class='ocrx_word' id='word_1_580' title='bbox 1747 4085 1905 4139; x_wconf 88' lang='lat' dir='ltr'><strong>Bona</strong></span> 
     </span>
    </p>
   </div>
   <div class='ocr_carea' id='block_1_75' title="bbox 309 4165 1900 4242">
    <p class='ocr_par' dir='ltr' id='par_1_75' title="bbox 309 4165 1900 4242">
     <span class='ocr_line' id='line_1_75' title="bbox 309 4165 1900 4242; baseline 0.004 -23"><span class='ocrx_word' id='word_1_581' title='bbox 309 4165 590 4234; x_wconf 86' lang='lat' dir='ltr'><strong>violentia,</strong></span> <span class='ocrx_word' id='word_1_582' title='bbox 621 4185 727 4239; x_wconf 87' lang='lat' dir='ltr'><strong>qua</strong></span> <span class='ocrx_word' id='word_1_583' title='bbox 754 4169 902 4224; x_wconf 86' lang='lat' dir='ltr'><strong>Deus</strong></span> <span class='ocrx_word' id='word_1_584' title='bbox 938 4185 1047 4225; x_wconf 92' lang='lat' dir='ltr'><strong>non</strong></span> <span class='ocrx_word' id='word_1_585' title='bbox 1103 4170 1412 4241; x_wconf 78' lang='lat' dir='ltr'><strong>oﬁ&#39;enditur,</strong></span> <span class='ocrx_word' id='word_1_586' title='bbox 1471 4172 1566 4226; x_wconf 89' lang='lat' dir='ltr'><strong>sed</strong></span> <span class='ocrx_word' id='word_1_587' title='bbox 1623 4173 1900 4242; x_wconf 89' lang='lat' dir='ltr'><strong>placatur;</strong></span> 
     </span>
    </p>
   </div>
   <div class='ocr_carea' id='block_1_76' title="bbox 302 4254 1905 4330">
    <p class='ocr_par' dir='ltr' id='par_1_76' title="bbox 302 4254 1905 4330">
     <span class='ocr_line' id='line_1_76' title="bbox 302 4254 1905 4330; baseline 0.004 -22"><span class='ocrx_word' id='word_1_588' title='bbox 302 4254 585 4323; x_wconf 80' lang='lat' dir='ltr'><strong>proximus</strong></span> <span class='ocrx_word' id='word_1_589' title='bbox 614 4271 722 4312; x_wconf 89' lang='lat' dir='ltr'><strong>non</strong></span> <span class='ocrx_word' id='word_1_590' title='bbox 745 4257 978 4323; x_wconf 68' lang='lat' dir='ltr'><strong>laeditur,</strong></span> <span class='ocrx_word' id='word_1_591' title='bbox 998 4259 1093 4314; x_wconf 92' lang='lat' dir='ltr'><strong>sed</strong></span> <span class='ocrx_word' id='word_1_592' title='bbox 1117 4262 1365 4328; x_wconf 86' lang='lat' dir='ltr'><strong>juvatur;</strong></span> <span class='ocrx_word' id='word_1_593' title='bbox 1400 4268 1680 4330; x_wconf 87' lang='lat' dir='ltr'><strong>peccatum</strong></span> <span class='ocrx_word' id='word_1_594' title='bbox 1706 4261 1905 4315; x_wconf 91' lang='lat' dir='ltr'><strong>minui-</strong></span> 
     </span>
    </p>
   </div>
   <div class='ocr_carea' id='block_1_77' title="bbox 307 4345 1899 4421">
    <p class='ocr_par' dir='ltr' id='par_1_77' title="bbox 307 4345 1899 4421">
     <span class='ocr_line' id='line_1_77' title="bbox 307 4345 1899 4421; baseline 0.005 -25"><span class='ocrx_word' id='word_1_595' title='bbox 307 4350 405 4409; x_wconf 89' lang='lat' dir='ltr'><strong>tur,</strong></span> <span class='ocrx_word' id='word_1_596' title='bbox 440 4360 548 4399; x_wconf 88' lang='lat' dir='ltr'><strong>non</strong></span> <span class='ocrx_word' id='word_1_597' title='bbox 576 4345 982 4415; x_wconf 89' lang='lat' dir='ltr'><strong>multiplicatur.</strong></span> <span class='ocrx_word' id='word_1_598' title='bbox 1017 4348 1184 4416; x_wconf 89' lang='lat' dir='ltr'><strong>Bona,</strong></span> <span class='ocrx_word' id='word_1_599' title='bbox 1216 4349 1433 4418; x_wconf 90' lang='lat' dir='ltr'><strong>inquam</strong></span> <span class='ocrx_word' id='word_1_600' title='bbox 1468 4348 1749 4417; x_wconf 90' lang='lat' dir='ltr'><strong>violentia,</strong></span> <span class='ocrx_word' id='word_1_601' title='bbox 1791 4365 1899 4421; x_wconf 90' lang='lat' dir='ltr'><strong>qua</strong></span> 
     </span>
    </p>
   </div>
   <div class='ocr_carea' id='block_1_78' title="bbox 301 4433 1900 4508">
    <p class='ocr_par' dir='ltr' id='par_1_78' title="bbox 301 4433 1900 4508">
     <span class='ocr_line' id='line_1_78' title="bbox 301 4433 1900 4508; baseline 0.005 -23"><span class='ocrx_word' id='word_1_602' title='bbox 301 4446 405 4485; x_wconf 86' lang='lat' dir='ltr'><strong>non</strong></span> <span class='ocrx_word' id='word_1_603' title='bbox 458 4433 716 4502; x_wconf 74' lang='lat' dir='ltr'><strong>quaeritur</strong></span> <span class='ocrx_word' id='word_1_604' title='bbox 765 4435 975 4490; x_wconf 88' lang='lat' dir='ltr'><strong>lucrum</strong></span> <span class='ocrx_word' id='word_1_605' title='bbox 1056 4436 1163 4491; x_wconf 89' lang='lat' dir='ltr'><strong>cito</strong></span> <span class='ocrx_word' id='word_1_606' title='bbox 1246 4437 1566 4508; x_wconf 91' lang='lat' dir='ltr'><strong>periturum,</strong></span> <span class='ocrx_word' id='word_1_607' title='bbox 1636 4439 1732 4492; x_wconf 92' lang='lat' dir='ltr'><strong>sed</strong></span> <span class='ocrx_word' id='word_1_608' title='bbox 1808 4453 1900 4492; x_wconf 89' lang='lat' dir='ltr'><strong>re-</strong></span> 
     </span>
    </p>
   </div>
   <div class='ocr_carea' id='block_1_79' title="bbox 307 4522 1900 4598">
    <p class='ocr_par' dir='ltr' id='par_1_79' title="bbox 307 4522 1900 4598">
     <span class='ocr_line' id='line_1_79' title="bbox 307 4522 1900 4598; baseline 0.004 -25"><span class='ocrx_word' id='word_1_609' title='bbox 307 4535 477 4591; x_wconf 82' lang='lat' dir='ltr'><strong>gnum</strong></span> <span class='ocrx_word' id='word_1_610' title='bbox 504 4522 803 4594; x_wconf 84' lang='lat' dir='ltr'><strong>acquiritur</strong></span> <span class='ocrx_word' id='word_1_611' title='bbox 830 4523 945 4578; x_wconf 90' lang='lat' dir='ltr'><strong>sine</strong></span> <span class='ocrx_word' id='word_1_612' title='bbox 989 4522 1095 4578; x_wconf 90' lang='lat' dir='ltr'><strong>ﬁne</strong></span> <span class='ocrx_word' id='word_1_613' title='bbox 1144 4540 1486 4579; x_wconf 90' lang='lat' dir='ltr'><strong>mansurum.</strong></span> <span class='ocrx_word' id='word_1_614' title='bbox 1528 4525 1755 4580; x_wconf 89' lang='lat' dir='ltr'><strong>Discant</strong></span> <span class='ocrx_word' id='word_1_615' title='bbox 1809 4528 1900 4598; x_wconf 90' lang='lat' dir='ltr'><strong>qui</strong></span> 
     </span>
    </p>
   </div>
   <div class='ocr_carea' id='block_1_80' title="bbox 2017 3373 3614 3446">
    <p class='ocr_par' dir='ltr' id='par_1_80' title="bbox 2017 3373 3614 3446">
     <span class='ocr_line' id='line_1_80' title="bbox 2017 3373 3614 3446; baseline 0.001 -17"><span class='ocrx_word' id='word_1_616' title='bbox 2017 3374 2312 3430; x_wconf 89' lang='lat' dir='ltr'><strong>dammodo</strong></span> <span class='ocrx_word' id='word_1_617' title='bbox 2363 3391 2459 3445; x_wconf 92' lang='lat' dir='ltr'><strong>spe</strong></span> <span class='ocrx_word' id='word_1_618' title='bbox 2505 3374 2789 3441; x_wconf 89' lang='lat' dir='ltr'><strong>animatus,</strong></span> <span class='ocrx_word' id='word_1_619' title='bbox 2823 3389 2975 3428; x_wconf 90' lang='lat' dir='ltr'><strong>suam</strong></span> <span class='ocrx_word' id='word_1_620' title='bbox 3022 3373 3245 3429; x_wconf 87' lang='lat' dir='ltr'><strong>liberius</strong></span> <span class='ocrx_word' id='word_1_621' title='bbox 3275 3375 3614 3446; x_wconf 89' lang='lat' dir='ltr'><strong>proloquitur</strong></span> 
     </span>
    </p>
   </div>
   <div class='ocr_carea' id='block_1_81' title="bbox 2017 3463 3615 3535">
    <p class='ocr_par' dir='ltr' id='par_1_81' title="bbox 2017 3463 3615 3535">
     <span class='ocr_line' id='line_1_81' title="bbox 2017 3463 3615 3535; baseline 0.001 -17"><span class='ocrx_word' id='word_1_622' title='bbox 2017 3479 2256 3518; x_wconf 87' lang='lat' dir='ltr'><strong>causam.</strong></span> <span class='ocrx_word' id='word_1_623' title='bbox 2278 3465 2535 3535; x_wconf 84' lang='lat' dir='ltr'><strong>Magnum</strong></span> <span class='ocrx_word' id='word_1_624' title='bbox 2561 3464 2764 3534; x_wconf 89' lang='lat' dir='ltr'><strong>quippe</strong></span> <span class='ocrx_word' id='word_1_625' title='bbox 2792 3463 2951 3518; x_wconf 87' lang='lat' dir='ltr'><strong>bonae</strong></span> <span class='ocrx_word' id='word_1_626' title='bbox 2975 3463 3266 3518; x_wconf 89' lang='lat' dir='ltr'><strong>voluntatis</strong></span> <span class='ocrx_word' id='word_1_627' title='bbox 3285 3469 3397 3519; x_wconf 69' lang='lat' dir='ltr'><strong>suae</strong></span> <span class='ocrx_word' id='word_1_628' title='bbox 3429 3465 3615 3519; x_wconf 88' lang='lat' dir='ltr'><strong>Domi-</strong></span> 
     </span>
    </p>
   </div>
   <div class='ocr_carea' id='block_1_82' title="bbox 2016 3551 3615 3624">
    <p class='ocr_par' dir='ltr' id='par_1_82' title="bbox 2016 3551 3615 3624">
     <span class='ocr_line' id='line_1_82' title="bbox 2016 3551 3615 3624; baseline 0.002 -19"><span class='ocrx_word' id='word_1_629' title='bbox 2016 3568 2117 3605; x_wconf 88' lang='lat' dir='ltr'><strong>nus</strong></span> <span class='ocrx_word' id='word_1_630' title='bbox 2144 3552 2221 3605; x_wconf 90' lang='lat' dir='ltr'><strong>illi</strong></span> <span class='ocrx_word' id='word_1_631' title='bbox 2280 3552 2429 3606; x_wconf 88' lang='lat' dir='ltr'><strong>dedit</strong></span> <span class='ocrx_word' id='word_1_632' title='bbox 2474 3551 2751 3619; x_wconf 91' lang='lat' dir='ltr'><strong>indicium,</strong></span> <span class='ocrx_word' id='word_1_633' title='bbox 2812 3567 2935 3606; x_wconf 90' lang='lat' dir='ltr'><strong>cum</strong></span> <span class='ocrx_word' id='word_1_634' title='bbox 2992 3552 3242 3622; x_wconf 87' lang='lat' dir='ltr'><strong>loquenti</strong></span> <span class='ocrx_word' id='word_1_635' title='bbox 3273 3568 3331 3607; x_wconf 89' lang='lat' dir='ltr'><strong>se</strong></span> <span class='ocrx_word' id='word_1_636' title='bbox 3388 3552 3615 3624; x_wconf 64' lang='lat' dir='ltr'><strong>praebuit</strong></span> 
     </span>
    </p>
   </div>
   <div class='ocr_carea' id='block_1_83' title="bbox 2016 3639 3615 3697">
    <p class='ocr_par' dir='ltr' id='par_1_83' title="bbox 2016 3639 3615 3697">
     <span class='ocr_line' id='line_1_83' title="bbox 2016 3639 3615 3697; baseline 0.002 -3"><span class='ocrx_word' id='word_1_637' title='bbox 2016 3641 2388 3697; x_wconf 88' lang='lat' dir='ltr'><strong>incunctanter</strong></span> <span class='ocrx_word' id='word_1_638' title='bbox 2441 3641 2730 3695; x_wconf 89' lang='lat' dir='ltr'><strong>intentum.</strong></span> <span class='ocrx_word' id='word_1_639' title='bbox 2799 3639 2888 3696; x_wconf 89' lang='lat' dir='ltr'><strong>Sic</strong></span> <span class='ocrx_word' id='word_1_640' title='bbox 2918 3648 2971 3695; x_wconf 90' lang='lat' dir='ltr'><strong>et</strong></span> <span class='ocrx_word' id='word_1_641' title='bbox 3028 3656 3129 3695; x_wconf 89' lang='lat' dir='ltr'><strong>nos</strong></span> <span class='ocrx_word' id='word_1_642' title='bbox 3158 3657 3279 3695; x_wconf 91' lang='lat' dir='ltr'><strong>cum</strong></span> <span class='ocrx_word' id='word_1_643' title='bbox 3310 3641 3426 3695; x_wconf 87' lang='lat' dir='ltr'><strong>dari</strong></span> <span class='ocrx_word' id='word_1_644' title='bbox 3457 3640 3615 3697; x_wconf 88' lang='lat' dir='ltr'><strong>nobis</strong></span> 
     </span>
    </p>
   </div>
   <div class='ocr_carea' id='block_1_84' title="bbox 2017 3728 3614 3801">
    <p class='ocr_par' dir='ltr' id='par_1_84' title="bbox 2017 3728 3614 3801">
     <span class='ocr_line' id='line_1_84' title="bbox 2017 3728 3614 3801; baseline 0 -17"><span class='ocrx_word' id='word_1_645' title='bbox 2017 3728 2230 3785; x_wconf 84' lang='lat' dir='ltr'><strong>veniam</strong></span> <span class='ocrx_word' id='word_1_646' title='bbox 2261 3746 2290 3783; x_wconf 90' lang='lat' dir='ltr'><strong>a</strong></span> <span class='ocrx_word' id='word_1_647' title='bbox 2323 3730 2434 3784; x_wconf 88' lang='lat' dir='ltr'><strong>Deo</strong></span> <span class='ocrx_word' id='word_1_648' title='bbox 2466 3729 2777 3799; x_wconf 72' lang='lat' dir='ltr'><strong>quaerimus,</strong></span> <span class='ocrx_word' id='word_1_649' title='bbox 2829 3738 2883 3784; x_wconf 92' lang='lat' dir='ltr'><strong>et</strong></span> <span class='ocrx_word' id='word_1_650' title='bbox 2911 3728 3150 3784; x_wconf 67' lang='lat' dir='ltr'><strong>caelestis</strong></span> <span class='ocrx_word' id='word_1_651' title='bbox 3206 3730 3397 3801; x_wconf 75' lang='lat' dir='ltr'><strong>gratiae</strong></span> <span class='ocrx_word' id='word_1_652' title='bbox 3427 3730 3614 3787; x_wconf 89' lang='lat' dir='ltr'><strong>vitalia</strong></span> 
     </span>
    </p>
   </div>
   <div class='ocr_carea' id='block_1_85' title="bbox 2020 3816 3611 3891">
    <p class='ocr_par' dir='ltr' id='par_1_85' title="bbox 2020 3816 3611 3891">
     <span class='ocr_line' id='line_1_85' title="bbox 2020 3816 3611 3891; baseline 0.001 -19"><span class='ocrx_word' id='word_1_653' title='bbox 2020 3819 2162 3872; x_wconf 91' lang='lat' dir='ltr'><strong>dona</strong></span> <span class='ocrx_word' id='word_1_654' title='bbox 2192 3817 2444 3884; x_wconf 84' lang='lat' dir='ltr'><strong>conferri,</strong></span> <span class='ocrx_word' id='word_1_655' title='bbox 2475 3816 2519 3870; x_wconf 92' lang='lat' dir='ltr'><strong>si</strong></span> <span class='ocrx_word' id='word_1_656' title='bbox 2570 3816 2729 3871; x_wconf 89' lang='lat' dir='ltr'><strong>nobis</strong></span> <span class='ocrx_word' id='word_1_657' title='bbox 2760 3817 2935 3872; x_wconf 89' lang='lat' dir='ltr'><strong>Deum</strong></span> <span class='ocrx_word' id='word_1_658' title='bbox 2967 3826 3289 3886; x_wconf 79' lang='lat' dir='ltr'><strong>praesentem</strong></span> <span class='ocrx_word' id='word_1_659' title='bbox 3339 3818 3611 3891; x_wconf 84' lang='lat' dir='ltr'><strong>aliquibus</strong></span> 
     </span>
    </p>
   </div>
   <div class='ocr_carea' id='block_1_86' title="bbox 2017 3904 3612 3975">
    <p class='ocr_par' dir='ltr' id='par_1_86' title="bbox 2017 3904 3612 3975">
     <span class='ocr_line' id='line_1_86' title="bbox 2017 3904 3612 3975; baseline 0.003 -16"><span class='ocrx_word' id='word_1_660' title='bbox 2017 3905 2299 3960; x_wconf 88' lang='lat' dir='ltr'><strong>suavitatis</strong></span> <span class='ocrx_word' id='word_1_661' title='bbox 2326 3912 2379 3959; x_wconf 90' lang='lat' dir='ltr'><strong>et</strong></span> <span class='ocrx_word' id='word_1_662' title='bbox 2407 3904 2710 3959; x_wconf 89' lang='lat' dir='ltr'><strong>dulcedinis</strong></span> <span class='ocrx_word' id='word_1_663' title='bbox 2758 3920 2872 3959; x_wconf 71' lang='lat' dir='ltr'><strong>suae</strong></span> <span class='ocrx_word' id='word_1_664' title='bbox 2915 3906 3247 3960; x_wconf 89' lang='lat' dir='ltr'><strong>senserimus</strong></span> <span class='ocrx_word' id='word_1_665' title='bbox 3275 3906 3508 3975; x_wconf 88' lang='lat' dir='ltr'><strong>indiciis,</strong></span> <span class='ocrx_word' id='word_1_666' title='bbox 3542 3909 3612 3963; x_wconf 91' lang='lat' dir='ltr'><strong>ad</strong></span> 
     </span>
    </p>
   </div>
   <div class='ocr_carea' id='block_1_87' title="bbox 2014 3991 3615 4064">
    <p class='ocr_par' dir='ltr' id='par_1_87' title="bbox 2014 3991 3615 4064">
     <span class='ocr_line' id='line_1_87' title="bbox 2014 3991 3615 4064; baseline 0.002 -17"><span class='ocrx_word' id='word_1_667' title='bbox 2014 3994 2183 4063; x_wconf 89' lang='lat' dir='ltr'><strong>ipsius</strong></span> <span class='ocrx_word' id='word_1_668' title='bbox 2230 3991 2561 4047; x_wconf 90' lang='lat' dir='ltr'><strong>desiderium</strong></span> <span class='ocrx_word' id='word_1_669' title='bbox 2608 3992 2899 4046; x_wconf 89' lang='lat' dir='ltr'><strong>studiosius</strong></span> <span class='ocrx_word' id='word_1_670' title='bbox 2927 3992 3268 4058; x_wconf 83' lang='lat' dir='ltr'><strong>animamur,</strong></span> <span class='ocrx_word' id='word_1_671' title='bbox 3338 4010 3502 4064; x_wconf 84' lang='lat' dir='ltr'><strong>super</strong></span> <span class='ocrx_word' id='word_1_672' title='bbox 3531 3995 3615 4050; x_wconf 89' lang='lat' dir='ltr'><strong>his</strong></span> 
     </span>
    </p>
   </div>
   <div class='ocr_carea' id='block_1_88' title="bbox 2016 4079 3611 4152">
    <p class='ocr_par' dir='ltr' id='par_1_88' title="bbox 2016 4079 3611 4152">
     <span class='ocr_line' id='line_1_88' title="bbox 2016 4079 3611 4152; baseline 0.002 -17"><span class='ocrx_word' id='word_1_673' title='bbox 2016 4098 2136 4152; x_wconf 64' lang='lat' dir='ltr'><strong>qua:</strong></span> <span class='ocrx_word' id='word_1_674' title='bbox 2164 4081 2413 4151; x_wconf 90' lang='lat' dir='ltr'><strong>cupimus</strong></span> <span class='ocrx_word' id='word_1_675' title='bbox 2456 4080 2818 4149; x_wconf 89' lang='lat' dir='ltr'><strong>adipiscendis</strong></span> <span class='ocrx_word' id='word_1_676' title='bbox 2868 4079 3210 4149; x_wconf 88' lang='lat' dir='ltr'><strong>aliquatenus</strong></span> <span class='ocrx_word' id='word_1_677' title='bbox 3238 4081 3492 4136; x_wconf 84' lang='lat' dir='ltr'><strong>certiores</strong></span> <span class='ocrx_word' id='word_1_678' title='bbox 3521 4085 3611 4138; x_wconf 82' lang='lat' dir='ltr'><strong>ef-</strong></span> 
     </span>
    </p>
   </div>
   <div class='ocr_carea' id='block_1_89' title="bbox 2017 4168 3613 4239">
    <p class='ocr_par' dir='ltr' id='par_1_89' title="bbox 2017 4168 3613 4239">
     <span class='ocr_line' id='line_1_89' title="bbox 2017 4168 3613 4239; baseline 0.001 -14"><span class='ocrx_word' id='word_1_679' title='bbox 2017 4170 2161 4236; x_wconf 85' lang='lat' dir='ltr'><strong>fecti,</strong></span> <span class='ocrx_word' id='word_1_680' title='bbox 2195 4186 2315 4225; x_wconf 92' lang='lat' dir='ltr'><strong>cum</strong></span> <span class='ocrx_word' id='word_1_681' title='bbox 2346 4168 2435 4224; x_wconf 90' lang='lat' dir='ltr'><strong>ille</strong></span> <span class='ocrx_word' id='word_1_682' title='bbox 2467 4185 2626 4239; x_wconf 90' lang='lat' dir='ltr'><strong>quem</strong></span> <span class='ocrx_word' id='word_1_683' title='bbox 2651 4168 2835 4223; x_wconf 89' lang='lat' dir='ltr'><strong>anima</strong></span> <span class='ocrx_word' id='word_1_684' title='bbox 2864 4176 3044 4222; x_wconf 90' lang='lat' dir='ltr'><strong>nostra</strong></span> <span class='ocrx_word' id='word_1_685' title='bbox 3075 4168 3366 4235; x_wconf 91' lang='lat' dir='ltr'><strong>desiderat,</strong></span> <span class='ocrx_word' id='word_1_686' title='bbox 3400 4169 3613 4226; x_wconf 84' lang='lat' dir='ltr'><strong>deside-</strong></span> 
     </span>
    </p>
   </div>
   <div class='ocr_carea' id='block_1_90' title="bbox 2016 4256 3609 4331">
    <p class='ocr_par' dir='ltr' id='par_1_90' title="bbox 2016 4256 3609 4331">
     <span class='ocr_line' id='line_1_90' title="bbox 2016 4256 3609 4331; baseline 0 -18"><span class='ocrx_word' id='word_1_687' title='bbox 2016 4259 2260 4313; x_wconf 90' lang='lat' dir='ltr'><strong>rantibus</strong></span> <span class='ocrx_word' id='word_1_688' title='bbox 2310 4257 2469 4313; x_wconf 90' lang='lat' dir='ltr'><strong>nobis</strong></span> <span class='ocrx_word' id='word_1_689' title='bbox 2524 4272 2621 4326; x_wconf 91' lang='lat' dir='ltr'><strong>per</strong></span> <span class='ocrx_word' id='word_1_690' title='bbox 2694 4256 3125 4311; x_wconf 86' lang='lat' dir='ltr'><strong>misericordiam</strong></span> <span class='ocrx_word' id='word_1_691' title='bbox 3181 4257 3609 4331; x_wconf 82' lang='lat' dir='ltr'><strong>apprOpinquat.</strong></span> 
     </span>
    </p>
   </div>
   <div class='ocr_carea' id='block_1_91' title="bbox 2014 4344 3610 4419">
    <p class='ocr_par' dir='ltr' id='par_1_91' title="bbox 2014 4344 3610 4419">
     <span class='ocr_line' id='line_1_91' title="bbox 2014 4344 3610 4419; baseline 0.001 -18"><span class='ocrx_word' id='word_1_692' title='bbox 2014 4347 2326 4402; x_wconf 85' lang='lat' dir='ltr'><strong>Ascendeus</strong></span> <span class='ocrx_word' id='word_1_693' title='bbox 2353 4346 2518 4419; x_wconf 85' lang='lat' dir='ltr'><strong>igitur</strong></span> <span class='ocrx_word' id='word_1_694' title='bbox 2560 4346 2682 4413; x_wconf 88' lang='lat' dir='ltr'><strong>iste,</strong></span> <span class='ocrx_word' id='word_1_695' title='bbox 2740 4345 2833 4416; x_wconf 91' lang='lat' dir='ltr'><strong>qui</strong></span> <span class='ocrx_word' id='word_1_696' title='bbox 2887 4344 2955 4400; x_wconf 90' lang='lat' dir='ltr'><strong>ad</strong></span> <span class='ocrx_word' id='word_1_697' title='bbox 2986 4344 3131 4399; x_wconf 88' lang='lat' dir='ltr'><strong>illius</strong></span> <span class='ocrx_word' id='word_1_698' title='bbox 3188 4345 3610 4417; x_wconf 89' lang='lat' dir='ltr'><strong>incorruptibilis</strong></span> 
     </span>
    </p>
   </div>
   <div class='ocr_carea' id='block_1_92' title="bbox 2014 4433 3615 4503">
    <p class='ocr_par' dir='ltr' id='par_1_92' title="bbox 2014 4433 3615 4503">
     <span class='ocr_line' id='line_1_92' title="bbox 2014 4433 3615 4503; baseline 0.001 -12"><span class='ocrx_word' id='word_1_699' title='bbox 2014 4435 2387 4491; x_wconf 87' lang='lat' dir='ltr'><strong>celsitudinem</strong></span> <span class='ocrx_word' id='word_1_700' title='bbox 2415 4442 2649 4489; x_wconf 91' lang='lat' dir='ltr'><strong>mentem</strong></span> <span class='ocrx_word' id='word_1_701' title='bbox 2671 4433 2853 4489; x_wconf 76' lang='lat' dir='ltr'><strong>levare</strong></span> <span class='ocrx_word' id='word_1_702' title='bbox 2872 4433 3176 4503; x_wconf 89' lang='lat' dir='ltr'><strong>proposuit,</strong></span> <span class='ocrx_word' id='word_1_703' title='bbox 3207 4449 3365 4489; x_wconf 88' lang='lat' dir='ltr'><strong>aures</strong></span> <span class='ocrx_word' id='word_1_704' title='bbox 3396 4435 3492 4490; x_wconf 91' lang='lat' dir='ltr'><strong>Dei</strong></span> <span class='ocrx_word' id='word_1_705' title='bbox 3521 4436 3615 4493; x_wconf 89' lang='lat' dir='ltr'><strong>de-</strong></span> 
     </span>
    </p>
   </div>
   <div class='ocr_carea' id='block_1_93' title="bbox 2012 4521 3612 4593">
    <p class='ocr_par' dir='ltr' id='par_1_93' title="bbox 2012 4521 3612 4593">
     <span class='ocr_line' id='line_1_93' title="bbox 2012 4521 3612 4593; baseline 0.002 -16"><span class='ocrx_word' id='word_1_706' title='bbox 2012 4523 2306 4593; x_wconf 85' lang='lat' dir='ltr'><strong>precationi</strong></span> <span class='ocrx_word' id='word_1_707' title='bbox 2334 4539 2445 4578; x_wconf 64' lang='lat' dir='ltr'><strong>sua;</strong></span> <span class='ocrx_word' id='word_1_708' title='bbox 2477 4522 2710 4577; x_wconf 88' lang='lat' dir='ltr'><strong>intentas</strong></span> <span class='ocrx_word' id='word_1_709' title='bbox 2757 4521 3003 4591; x_wconf 84' lang='lat' dir='ltr'><strong>deposcit</strong></span> <span class='ocrx_word' id='word_1_710' title='bbox 3027 4540 3038 4584; x_wconf 92' lang='lat'><strong>;</strong></span> <span class='ocrx_word' id='word_1_711' title='bbox 3072 4529 3130 4576; x_wconf 91' lang='lat' dir='ltr'><strong>ut</strong></span> <span class='ocrx_word' id='word_1_712' title='bbox 3159 4522 3281 4592; x_wconf 90' lang='lat' dir='ltr'><strong>quia</strong></span> <span class='ocrx_word' id='word_1_713' title='bbox 3310 4523 3484 4579; x_wconf 86' lang='lat' dir='ltr'><strong>oratio</strong></span> <span class='ocrx_word' id='word_1_714' title='bbox 3514 4541 3612 4580; x_wconf 89' lang='lat' dir='ltr'><strong>sua</strong></span> 
     </span>
    </p>
   </div>
   <div class='ocr_carea' id='block_1_94' title="bbox 300 4606 3611 4684">
    <p class='ocr_par' dir='ltr' id='par_1_94' title="bbox 300 4606 3611 4684">
     <span class='ocr_line' id='line_1_94' title="bbox 300 4606 3611 4684; baseline 0.003 -23"><span class='ocrx_word' id='word_1_715' title='bbox 300 4622 387 4662; x_wconf 86' lang='lat' dir='ltr'><strong>res</strong></span> <span class='ocrx_word' id='word_1_716' title='bbox 424 4607 653 4679; x_wconf 86' lang='lat' dir='ltr'><strong>alienas,</strong></span> <span class='ocrx_word' id='word_1_717' title='bbox 693 4610 878 4667; x_wconf 89' lang='lat' dir='ltr'><strong>divino</strong></span> <span class='ocrx_word' id='word_1_718' title='bbox 907 4612 1208 4682; x_wconf 90' lang='lat' dir='ltr'><strong>postposito</strong></span> <span class='ocrx_word' id='word_1_719' title='bbox 1238 4614 1452 4682; x_wconf 90' lang='lat' dir='ltr'><strong>timore,</strong></span> <span class='ocrx_word' id='word_1_720' title='bbox 1498 4614 1781 4683; x_wconf 87' lang='lat' dir='ltr'><strong>diripiunt,</strong></span> <span class='ocrx_word' id='word_1_721' title='bbox 1842 4623 1895 4669; x_wconf 90' lang='lat' dir='ltr'><strong>et</strong></span> <span class='ocrx_word' id='word_1_722' title='bbox 1928 4606 1979 4666; x_wconf 93' lang='lat' dir='ltr'><strong>D</strong></span> <span class='ocrx_word' id='word_1_723' title='bbox 2010 4612 2081 4665; x_wconf 90' lang='lat' dir='ltr'><strong>ad</strong></span> <span class='ocrx_word' id='word_1_724' title='bbox 2099 4612 2271 4666; x_wconf 91' lang='lat' dir='ltr'><strong>Deum</strong></span> <span class='ocrx_word' id='word_1_725' title='bbox 2287 4628 2391 4681; x_wconf 89' lang='lat' dir='ltr'><strong>per</strong></span> <span class='ocrx_word' id='word_1_726' title='bbox 2409 4619 2571 4666; x_wconf 76' lang='lat' dir='ltr'><strong>recta:</strong></span> <span class='ocrx_word' id='word_1_727' title='bbox 2588 4610 2826 4664; x_wconf 90' lang='lat' dir='ltr'><strong>studium</strong></span> <span class='ocrx_word' id='word_1_728' title='bbox 2846 4610 3155 4666; x_wconf 90' lang='lat' dir='ltr'><strong>intentionis</strong></span> <span class='ocrx_word' id='word_1_729' title='bbox 3170 4610 3444 4684; x_wconf 77' lang='lat' dir='ltr'><strong>dirigitur,</strong></span> <span class='ocrx_word' id='word_1_730' title='bbox 3468 4614 3611 4670; x_wconf 88' lang='lat' dir='ltr'><strong>circa</strong></span> 
     </span>
    </p>
   </div>
   <div class='ocr_carea' id='block_1_95' title="bbox 304 4696 1895 4772">
    <p class='ocr_par' dir='ltr' id='par_1_95' title="bbox 304 4696 1895 4772">
     <span class='ocr_line' id='line_1_95' title="bbox 304 4696 1895 4772; baseline 0.005 -23"><span class='ocrx_word' id='word_1_731' title='bbox 304 4696 508 4766; x_wconf 81' lang='lat' dir='ltr'><strong>rapinis</strong></span> <span class='ocrx_word' id='word_1_732' title='bbox 532 4714 836 4771; x_wconf 90' lang='lat' dir='ltr'><strong>pauperum</strong></span> <span class='ocrx_word' id='word_1_733' title='bbox 884 4700 1061 4772; x_wconf 86' lang='lat' dir='ltr'><strong>magis</strong></span> <span class='ocrx_word' id='word_1_734' title='bbox 1115 4710 1337 4772; x_wconf 88' lang='lat' dir='ltr'><strong>peccata</strong></span> <span class='ocrx_word' id='word_1_735' title='bbox 1382 4702 1661 4757; x_wconf 88' lang='lat' dir='ltr'><strong>cumulare</strong></span> <span class='ocrx_word' id='word_1_736' title='bbox 1727 4719 1895 4772; x_wconf 89' lang='lat' dir='ltr'><strong>quam</strong></span> 
     </span>
    </p>
   </div>
   <div class='ocr_carea' id='block_1_96' title="bbox 305 4783 1899 4860">
    <p class='ocr_par' dir='ltr' id='par_1_96' title="bbox 305 4783 1899 4860">
     <span class='ocr_line' id='line_1_96' title="bbox 305 4783 1899 4860; baseline 0.006 -23"><span class='ocrx_word' id='word_1_737' title='bbox 305 4783 459 4840; x_wconf 88' lang='lat' dir='ltr'><strong>lucra</strong></span> <span class='ocrx_word' id='word_1_738' title='bbox 485 4801 685 4858; x_wconf 75' lang='lat' dir='ltr'><strong>augere</strong></span> <span class='ocrx_word' id='word_1_739' title='bbox 734 4803 842 4843; x_wconf 91' lang='lat' dir='ltr'><strong>non</strong></span> <span class='ocrx_word' id='word_1_740' title='bbox 897 4797 1126 4856; x_wconf 89' lang='lat' dir='ltr'><strong>cessant,</strong></span> <span class='ocrx_word' id='word_1_741' title='bbox 1180 4789 1385 4859; x_wconf 82' lang='lat' dir='ltr'><strong>aliquid</strong></span> <span class='ocrx_word' id='word_1_742' title='bbox 1439 4805 1631 4860; x_wconf 89' lang='lat' dir='ltr'><strong>rapere</strong></span> <span class='ocrx_word' id='word_1_743' title='bbox 1686 4806 1792 4860; x_wconf 91' lang='lat' dir='ltr'><strong>quo</strong></span> <span class='ocrx_word' id='word_1_744' title='bbox 1848 4799 1899 4846; x_wconf 90' lang='lat' dir='ltr'><strong>et</strong></span> 
     </span>
    </p>
   </div>
   <div class='ocr_carea' id='block_1_97' title="bbox 301 4874 1896 4950">
    <p class='ocr_par' dir='ltr' id='par_1_97' title="bbox 301 4874 1896 4950">
     <span class='ocr_line' id='line_1_97' title="bbox 301 4874 1896 4950; baseline 0.005 -24"><span class='ocrx_word' id='word_1_745' title='bbox 301 4887 459 4928; x_wconf 83' lang='lat' dir='ltr'><strong>veras</strong></span> <span class='ocrx_word' id='word_1_746' title='bbox 476 4874 575 4929; x_wconf 89' lang='lat' dir='ltr'><strong>sibi</strong></span> <span class='ocrx_word' id='word_1_747' title='bbox 607 4876 890 4932; x_wconf 89' lang='lat' dir='ltr'><strong>vindicent</strong></span> <span class='ocrx_word' id='word_1_748' title='bbox 909 4877 1142 4944; x_wconf 87' lang='lat' dir='ltr'><strong>divitias,</strong></span> <span class='ocrx_word' id='word_1_749' title='bbox 1184 4886 1237 4932; x_wconf 88' lang='lat' dir='ltr'><strong>et</strong></span> <span class='ocrx_word' id='word_1_750' title='bbox 1262 4879 1504 4950; x_wconf 83' lang='lat' dir='ltr'><strong>gloriam</strong></span> <span class='ocrx_word' id='word_1_751' title='bbox 1536 4879 1714 4934; x_wconf 87' lang='lat' dir='ltr'><strong>laudis</strong></span> <span class='ocrx_word' id='word_1_752' title='bbox 1765 4896 1896 4949; x_wconf 83' lang='lat' dir='ltr'><strong>per-</strong></span> 
     </span>
    </p>
   </div>
   <div class='ocr_carea' id='block_1_98' title="bbox 298 4964 1898 5038">
    <p class='ocr_par' dir='ltr' id='par_1_98' title="bbox 298 4964 1898 5038">
     <span class='ocr_line' id='line_1_98' title="bbox 298 4964 1898 5038; baseline 0.003 -22"><span class='ocrx_word' id='word_1_753' title='bbox 298 4966 479 5028; x_wconf 61' lang='lat' dir='ltr'><strong>petua</strong></span> <span class='ocrx_word' id='word_1_754' title='bbox 501 4964 786 5034; x_wconf 86' lang='lat' dir='ltr'><strong>acquirant</strong></span> <span class='ocrx_word' id='word_1_755' title='bbox 817 4983 829 5023; x_wconf 87' lang='lat'><strong><em>;</em></strong></span> <span class='ocrx_word' id='word_1_756' title='bbox 861 4980 928 5019; x_wconf 86' lang='lat' dir='ltr'><strong>ne</strong></span> <span class='ocrx_word' id='word_1_757' title='bbox 950 4965 1005 5018; x_wconf 92' lang='lat' dir='ltr'><strong>in</strong></span> <span class='ocrx_word' id='word_1_758' title='bbox 1034 4967 1140 5020; x_wconf 88' lang='lat' dir='ltr'><strong>hoc</strong></span> <span class='ocrx_word' id='word_1_759' title='bbox 1166 4981 1380 5037; x_wconf 89' lang='lat' dir='ltr'><strong>quoque</strong></span> <span class='ocrx_word' id='word_1_760' title='bbox 1408 4966 1647 5021; x_wconf 73' lang='lat' dir='ltr'><strong>stultitim</strong></span> <span class='ocrx_word' id='word_1_761' title='bbox 1662 4984 1898 5038; x_wconf 85' lang='lat' dir='ltr'><strong>arguan-</strong></span> 
     </span>
    </p>
   </div>
   <div class='ocr_carea' id='block_1_99' title="bbox 301 5050 1898 5124">
    <p class='ocr_par' dir='ltr' id='par_1_99' title="bbox 301 5050 1898 5124">
     <span class='ocr_line' id='line_1_99' title="bbox 301 5050 1898 5124; baseline 0.005 -22"><span class='ocrx_word' id='word_1_762' title='bbox 301 5057 400 5116; x_wconf 88' lang='lat' dir='ltr'><strong>tur,</strong></span> <span class='ocrx_word' id='word_1_763' title='bbox 433 5050 476 5105; x_wconf 89' lang='lat' dir='ltr'><strong>si</strong></span> <span class='ocrx_word' id='word_1_764' title='bbox 506 5068 629 5106; x_wconf 91' lang='lat' dir='ltr'><strong>cum</strong></span> <span class='ocrx_word' id='word_1_765' title='bbox 660 5052 865 5122; x_wconf 85' lang='lat' dir='ltr'><strong>possint</strong></span> <span class='ocrx_word' id='word_1_766' title='bbox 892 5053 1129 5122; x_wconf 89' lang='lat' dir='ltr'><strong>pretiosa</strong></span> <span class='ocrx_word' id='word_1_767' title='bbox 1157 5062 1213 5108; x_wconf 88' lang='lat' dir='ltr'><strong>et</strong></span> <span class='ocrx_word' id='word_1_768' title='bbox 1240 5063 1443 5110; x_wconf 64' lang='lat' dir='ltr'><strong>aeterna</strong></span> <span class='ocrx_word' id='word_1_769' title='bbox 1470 5054 1724 5124; x_wconf 88' lang='lat' dir='ltr'><strong>diripere,</strong></span> <span class='ocrx_word' id='word_1_770' title='bbox 1769 5056 1898 5110; x_wconf 89' lang='lat' dir='ltr'><strong>vilia</strong></span> 
     </span>
    </p>
   </div>
   <div class='ocr_carea' id='block_1_100' title="bbox 299 5137 1900 5199">
    <p class='ocr_par' dir='ltr' id='par_1_100' title="bbox 299 5137 1900 5199">
     <span class='ocr_line' id='line_1_100' title="bbox 299 5137 1900 5199; baseline 0.004 -7"><span class='ocrx_word' id='word_1_771' title='bbox 299 5137 473 5192; x_wconf 87' lang='lat' dir='ltr'><strong>solum</strong></span> <span class='ocrx_word' id='word_1_772' title='bbox 501 5147 554 5195; x_wconf 93' lang='lat' dir='ltr'><strong>et</strong></span> <span class='ocrx_word' id='word_1_773' title='bbox 585 5140 894 5195; x_wconf 85' lang='lat' dir='ltr'><strong>transitoria</strong></span> <span class='ocrx_word' id='word_1_774' title='bbox 921 5141 1207 5197; x_wconf 90' lang='lat' dir='ltr'><strong>videantur</strong></span> <span class='ocrx_word' id='word_1_775' title='bbox 1258 5143 1495 5197; x_wconf 79' lang='lat' dir='ltr'><strong>auferre.</strong></span> <span class='ocrx_word' id='word_1_776' title='bbox 1561 5144 1808 5198; x_wconf 84' lang='lat' dir='ltr'><strong>Inferant</strong></span> <span class='ocrx_word' id='word_1_777' title='bbox 1846 5151 1900 5199; x_wconf 88' lang='lat' dir='ltr'><strong>et</strong></span> 
     </span>
    </p>
   </div>
   <div class='ocr_carea' id='block_1_101' title="bbox 299 5223 1892 5304">
    <p class='ocr_par' dir='ltr' id='par_1_101' title="bbox 299 5223 1892 5304">
     <span class='ocr_line' id='line_1_101' title="bbox 299 5223 1892 5304; baseline 0.008 -28"><span class='ocrx_word' id='word_1_778' title='bbox 299 5223 429 5294; x_wconf 84' lang='lat' dir='ltr'><strong>ipsis</strong></span> <span class='ocrx_word' id='word_1_779' title='bbox 456 5227 609 5283; x_wconf 84' lang='lat' dir='ltr'><strong>caelis</strong></span> <span class='ocrx_word' id='word_1_780' title='bbox 638 5227 974 5295; x_wconf 85' lang='lat' dir='ltr'><strong>violentiam,</strong></span> <span class='ocrx_word' id='word_1_781' title='bbox 1001 5237 1054 5285; x_wconf 83' lang='lat' dir='ltr'><strong>et</strong></span> <span class='ocrx_word' id='word_1_782' title='bbox 1077 5245 1305 5303; x_wconf 82' lang='lat' dir='ltr'><strong>regnum</strong></span> <span class='ocrx_word' id='word_1_783' title='bbox 1335 5230 1600 5287; x_wconf 57' lang='lat' dir='ltr'><strong>oculorum</strong></span> <span class='ocrx_word' id='word_1_784' title='bbox 1652 5232 1892 5304; x_wconf 86' lang='lat' dir='ltr'><strong>quadam</strong></span> 
     </span>
    </p>
   </div>
   <div class='ocr_carea' id='block_1_102' title="bbox 299 5313 1897 5390">
    <p class='ocr_par' dir='ltr' id='par_1_102' title="bbox 299 5313 1897 5390">
     <span class='ocr_line' id='line_1_102' title="bbox 299 5313 1897 5390; baseline 0.007 -24"><span class='ocrx_word' id='word_1_785' title='bbox 299 5313 553 5371; x_wconf 87' lang='lat' dir='ltr'><strong>orationis</strong></span> <span class='ocrx_word' id='word_1_786' title='bbox 576 5316 635 5370; x_wconf 83' lang='lat' dir='ltr'><strong>vi</strong></span> <span class='ocrx_word' id='word_1_787' title='bbox 666 5317 896 5387; x_wconf 89' lang='lat' dir='ltr'><strong>rapiant.</strong></span> <span class='ocrx_word' id='word_1_788' title='bbox 921 5318 1041 5374; x_wconf 92' lang='lat' dir='ltr'><strong>Sint</strong></span> <span class='ocrx_word' id='word_1_789' title='bbox 1069 5318 1123 5372; x_wconf 90' lang='lat' dir='ltr'><strong>in</strong></span> <span class='ocrx_word' id='word_1_790' title='bbox 1171 5319 1426 5389; x_wconf 88' lang='lat' dir='ltr'><strong>precibus</strong></span> <span class='ocrx_word' id='word_1_791' title='bbox 1483 5320 1799 5390; x_wconf 90' lang='lat' dir='ltr'><strong>importuni,</strong></span> <span class='ocrx_word' id='word_1_792' title='bbox 1840 5329 1897 5377; x_wconf 92' lang='lat' dir='ltr'><strong>ut</strong></span> 
     </span>
    </p>
   </div>
   <div class='ocr_carea' id='block_1_103' title="bbox 299 5402 1893 5481">
    <p class='ocr_par' dir='ltr' id='par_1_103' title="bbox 299 5402 1893 5481">
     <span class='ocr_line' id='line_1_103' title="bbox 299 5402 1893 5481; baseline 0.008 -26"><span class='ocrx_word' id='word_1_793' title='bbox 299 5415 364 5455; x_wconf 81' lang='lat' dir='ltr'><strong>ex</strong></span> <span class='ocrx_word' id='word_1_794' title='bbox 393 5402 555 5475; x_wconf 82' lang='lat' dir='ltr'><strong>longo</strong></span> <span class='ocrx_word' id='word_1_795' title='bbox 580 5403 837 5460; x_wconf 90' lang='lat' dir='ltr'><strong>clamoris</strong></span> <span class='ocrx_word' id='word_1_796' title='bbox 857 5421 954 5460; x_wconf 90' lang='lat' dir='ltr'><strong>usu</strong></span> <span class='ocrx_word' id='word_1_797' title='bbox 983 5406 1164 5462; x_wconf 89' lang='lat' dir='ltr'><strong>dicere</strong></span> <span class='ocrx_word' id='word_1_798' title='bbox 1194 5408 1401 5478; x_wconf 88' lang='lat' dir='ltr'><strong>possint</strong></span> <span class='ocrx_word' id='word_1_799' title='bbox 1430 5427 1442 5463; x_wconf 91' lang='lat'>:</span> <span class='ocrx_word' id='word_1_800' title='bbox 1477 5413 1549 5465; x_wconf 90' lang='lat' dir='ltr'><strong>De</strong></span> <span class='ocrx_word' id='word_1_801' title='bbox 1594 5410 1893 5481; x_wconf 76' lang='lat' dir='ltr'><strong>profundis</strong></span> 
     </span>
    </p>
   </div>
   <div class='ocr_carea' id='block_1_104' title="bbox 299 5490 1894 5564">
    <p class='ocr_par' dir='ltr' id='par_1_104' title="bbox 299 5490 1894 5564">
     <span class='ocr_line' id='line_1_104' title="bbox 299 5490 1894 5564; baseline 0.008 -21"><span class='ocrx_word' id='word_1_802' title='bbox 299 5490 541 5549; x_wconf 74' lang='lat' dir='ltr'><strong>clamavi</strong></span> <span class='ocrx_word' id='word_1_803' title='bbox 554 5493 631 5550; x_wconf 87' lang='lat' dir='ltr'><strong>ad</strong></span> <span class='ocrx_word' id='word_1_804' title='bbox 644 5495 860 5562; x_wconf 80' lang='lat' dir='ltr'><strong>te,Dom</strong></span> <span class='ocrx_word' id='word_1_805' title='bbox 870 5496 986 5562; x_wconf 84' lang='lat' dir='ltr'><strong>ine;</strong></span> <span class='ocrx_word' id='word_1_806' title='bbox 1001 5496 1473 5564; x_wconf 74' lang='lat' dir='ltr'><strong>Domine,e.caudi</strong></span> <span class='ocrx_word' id='word_1_807' title='bbox 1486 5512 1672 5554; x_wconf 88' lang='lat' dir='ltr'><strong>vocem</strong></span> <span class='ocrx_word' id='word_1_808' title='bbox 1690 5515 1894 5555; x_wconf 85' lang='lat' dir='ltr'><strong>meam.</strong></span> 
     </span>
    </p>
   </div>
   <div class='ocr_carea' id='block_1_105' title="bbox 304 5577 1894 5659">
    <p class='ocr_par' dir='ltr' id='par_1_105' title="bbox 304 5577 1894 5659">
     <span class='ocr_line' id='line_1_105' title="bbox 304 5577 1894 5659; baseline 0.008 -27"><span class='ocrx_word' id='word_1_809' title='bbox 304 5577 548 5636; x_wconf 79' lang='lat' dir='ltr'><strong>Nominis</strong></span> <span class='ocrx_word' id='word_1_810' title='bbox 585 5583 879 5639; x_wconf 85' lang='lat' dir='ltr'><strong>venerandi</strong></span> <span class='ocrx_word' id='word_1_811' title='bbox 927 5583 1197 5655; x_wconf 87' lang='lat' dir='ltr'><strong>repetitio,</strong></span> <span class='ocrx_word' id='word_1_812' title='bbox 1244 5585 1508 5655; x_wconf 89' lang='lat' dir='ltr'><strong>precandi</strong></span> <span class='ocrx_word' id='word_1_813' title='bbox 1544 5587 1782 5659; x_wconf 85' lang='lat' dir='ltr'><strong>adauget</strong></span> <span class='ocrx_word' id='word_1_814' title='bbox 1808 5588 1894 5644; x_wconf 80' lang='lat' dir='ltr'><strong>af-</strong></span> 
     </span>
    </p>
   </div>
   <div class='ocr_carea' id='block_1_106' title="bbox 2010 4698 3606 4770">
    <p class='ocr_par' dir='ltr' id='par_1_106' title="bbox 2010 4698 3606 4770">
     <span class='ocr_line' id='line_1_106' title="bbox 2010 4698 3606 4770; baseline 0 -14"><span class='ocrx_word' id='word_1_815' title='bbox 2010 4716 2132 4756; x_wconf 91' lang='lat' dir='ltr'><strong>eum</strong></span> <span class='ocrx_word' id='word_1_816' title='bbox 2162 4716 2323 4770; x_wconf 89' lang='lat' dir='ltr'><strong>quem</strong></span> <span class='ocrx_word' id='word_1_817' title='bbox 2365 4707 2543 4770; x_wconf 87' lang='lat' dir='ltr'><strong>rogat,</strong></span> <span class='ocrx_word' id='word_1_818' title='bbox 2579 4698 2842 4753; x_wconf 88' lang='lat' dir='ltr'><strong>velociter</strong></span> <span class='ocrx_word' id='word_1_819' title='bbox 2886 4698 3226 4755; x_wconf 81' lang='lat' dir='ltr'><strong>exaudiatur.</strong></span> <span class='ocrx_word' id='word_1_820' title='bbox 3280 4702 3606 4757; x_wconf 87' lang='lat' dir='ltr'><strong>Ascendenti</strong></span> 
     </span>
    </p>
   </div>
   <div class='ocr_carea' id='block_1_107' title="bbox 2006 4787 3601 4859">
    <p class='ocr_par' dir='ltr' id='par_1_107' title="bbox 2006 4787 3601 4859">
     <span class='ocr_line' id='line_1_107' title="bbox 2006 4787 3601 4859; baseline 0.002 -16"><span class='ocrx_word' id='word_1_821' title='bbox 2006 4795 2188 4843; x_wconf 87' lang='lat' dir='ltr'><strong>autem</strong></span> <span class='ocrx_word' id='word_1_822' title='bbox 2237 4796 2288 4842; x_wconf 90' lang='lat' dir='ltr'><strong>et</strong></span> <span class='ocrx_word' id='word_1_823' title='bbox 2313 4796 2572 4857; x_wconf 88' lang='lat' dir='ltr'><strong>provecto</strong></span> <span class='ocrx_word' id='word_1_824' title='bbox 2628 4787 2743 4842; x_wconf 90' lang='lat' dir='ltr'><strong>viro</strong></span> <span class='ocrx_word' id='word_1_825' title='bbox 2773 4802 2803 4841; x_wconf 89' lang='lat' dir='ltr'><strong>a</strong></span> <span class='ocrx_word' id='word_1_826' title='bbox 2850 4788 3087 4843; x_wconf 90' lang='lat' dir='ltr'><strong>Domino</strong></span> <span class='ocrx_word' id='word_1_827' title='bbox 3140 4804 3240 4858; x_wconf 90' lang='lat' dir='ltr'><strong>per</strong></span> <span class='ocrx_word' id='word_1_828' title='bbox 3279 4790 3601 4859; x_wconf 89' lang='lat' dir='ltr'><strong>Prophetam</strong></span> 
     </span>
    </p>
   </div>
   <div class='ocr_carea' id='block_1_108' title="bbox 2006 4876 3611 4949">
    <p class='ocr_par' dir='ltr' id='par_1_108' title="bbox 2006 4876 3611 4949">
     <span class='ocr_line' id='line_1_108' title="bbox 2006 4876 3611 4949; baseline 0.001 -17"><span class='ocrx_word' id='word_1_829' title='bbox 2006 4878 2247 4933; x_wconf 87' lang='lat' dir='ltr'><strong>dicitur:</strong></span> <span class='ocrx_word' id='word_1_830' title='bbox 2296 4876 2494 4933; x_wconf 84' lang='lat' dir='ltr'><strong>Adhuc</strong></span> <span class='ocrx_word' id='word_1_831' title='bbox 2556 4877 2816 4949; x_wconf 80' lang='lat' dir='ltr'><strong>loquente</strong></span> <span class='ocrx_word' id='word_1_832' title='bbox 2848 4880 2903 4932; x_wconf 81' lang='lat' dir='ltr'><strong>te</strong></span> <span class='ocrx_word' id='word_1_833' title='bbox 2958 4876 3138 4933; x_wconf 81' lang='lat' dir='ltr'><strong>dicam</strong></span> <span class='ocrx_word' id='word_1_834' title='bbox 3158 4897 3179 4931; x_wconf 87' lang='lat'><strong>.-</strong></span> <span class='ocrx_word' id='word_1_835' title='bbox 3227 4879 3364 4933; x_wconf 83' lang='lat' dir='ltr'><strong>Ecce</strong></span> <span class='ocrx_word' id='word_1_836' title='bbox 3408 4877 3611 4933; x_wconf 79' lang='lat' dir='ltr'><strong>adsum</strong></span> 
     </span>
    </p>
   </div>
   <div class='ocr_carea' id='block_1_109' title="bbox 2017 4964 3611 5037">
    <p class='ocr_par' dir='ltr' id='par_1_109' title="bbox 2017 4964 3611 5037">
     <span class='ocr_line' id='line_1_109' title="bbox 2017 4964 3611 5037; baseline 0 -18"><span class='ocrx_word' id='word_1_837' title='bbox 2017 4966 2180 5037; x_wconf 80' lang='lat' dir='ltr'><strong>(Isai.</strong></span> <span class='ocrx_word' id='word_1_838' title='bbox 2248 4981 2396 5032; x_wconf 82' lang='lat' dir='ltr'><strong>Lvni,</strong></span> <span class='ocrx_word' id='word_1_839' title='bbox 2431 4968 2505 5034; x_wconf 88' lang='lat'><strong>9).</strong></span> <span class='ocrx_word' id='word_1_840' title='bbox 2564 4965 2714 5019; x_wconf 86' lang='lat' dir='ltr'><strong>Inter</strong></span> <span class='ocrx_word' id='word_1_841' title='bbox 2782 4964 3079 5020; x_wconf 87' lang='lat' dir='ltr'><strong>orationem</strong></span> <span class='ocrx_word' id='word_1_842' title='bbox 3136 4968 3192 5017; x_wconf 89' lang='lat' dir='ltr'><strong>et</strong></span> <span class='ocrx_word' id='word_1_843' title='bbox 3265 4964 3611 5034; x_wconf 88' lang='lat' dir='ltr'><strong>deprecatio-</strong></span> 
     </span>
    </p>
   </div>
   <div class='ocr_carea' id='block_1_110' title="bbox 2013 5051 3607 5124">
    <p class='ocr_par' dir='ltr' id='par_1_110' title="bbox 2013 5051 3607 5124">
     <span class='ocr_line' id='line_1_110' title="bbox 2013 5051 3607 5124; baseline -0.001 -15"><span class='ocrx_word' id='word_1_844' title='bbox 2013 5071 2138 5110; x_wconf 92' lang='lat' dir='ltr'><strong>nem</strong></span> <span class='ocrx_word' id='word_1_845' title='bbox 2165 5055 2271 5111; x_wconf 89' lang='lat' dir='ltr'><strong>hoc</strong></span> <span class='ocrx_word' id='word_1_846' title='bbox 2324 5055 2559 5117; x_wconf 89' lang='lat' dir='ltr'><strong>interest,</strong></span> <span class='ocrx_word' id='word_1_847' title='bbox 2590 5052 2714 5124; x_wconf 90' lang='lat' dir='ltr'><strong>quia</strong></span> <span class='ocrx_word' id='word_1_848' title='bbox 2745 5052 2915 5108; x_wconf 89' lang='lat' dir='ltr'><strong>oratio</strong></span> <span class='ocrx_word' id='word_1_849' title='bbox 2944 5067 3044 5121; x_wconf 84' lang='lat' dir='ltr'><strong>pro</strong></span> <span class='ocrx_word' id='word_1_850' title='bbox 3097 5051 3289 5106; x_wconf 87' lang='lat' dir='ltr'><strong>virtute</strong></span> <span class='ocrx_word' id='word_1_851' title='bbox 3342 5067 3607 5119; x_wconf 86' lang='lat' dir='ltr'><strong>perseve-</strong></span> 
     </span>
    </p>
   </div>
   <div class='ocr_carea' id='block_1_111' title="bbox 2012 5139 3607 5213">
    <p class='ocr_par' dir='ltr' id='par_1_111' title="bbox 2012 5139 3607 5213">
     <span class='ocr_line' id='line_1_111' title="bbox 2012 5139 3607 5213; baseline -0.003 -14"><span class='ocrx_word' id='word_1_852' title='bbox 2012 5143 2219 5212; x_wconf 65' lang='lat' dir='ltr'><strong>rantiae,</strong></span> <span class='ocrx_word' id='word_1_853' title='bbox 2281 5142 2589 5213; x_wconf 86' lang='lat' dir='ltr'><strong>deprecatio</strong></span> <span class='ocrx_word' id='word_1_854' title='bbox 2638 5156 2769 5197; x_wconf 89' lang='lat' dir='ltr'><strong>vero</strong></span> <span class='ocrx_word' id='word_1_855' title='bbox 2821 5139 2882 5193; x_wconf 87' lang='lat' dir='ltr'><strong>ﬁt</strong></span> <span class='ocrx_word' id='word_1_856' title='bbox 2911 5156 3008 5211; x_wconf 91' lang='lat' dir='ltr'><strong>pro</strong></span> <span class='ocrx_word' id='word_1_857' title='bbox 3038 5147 3392 5211; x_wconf 89' lang='lat' dir='ltr'><strong>peccatorum</strong></span> <span class='ocrx_word' id='word_1_858' title='bbox 3423 5139 3607 5209; x_wconf 87' lang='lat' dir='ltr'><strong>impu-</strong></span> 
     </span>
    </p>
   </div>
   <div class='ocr_carea' id='block_1_112' title="bbox 2009 5227 3609 5302">
    <p class='ocr_par' dir='ltr' id='par_1_112' title="bbox 2009 5227 3609 5302">
     <span class='ocr_line' id='line_1_112' title="bbox 2009 5227 3609 5302; baseline 0.001 -18"><span class='ocrx_word' id='word_1_859' title='bbox 2009 5231 2201 5286; x_wconf 90' lang='lat' dir='ltr'><strong>nitate.</strong></span> <span class='ocrx_word' id='word_1_860' title='bbox 2268 5232 2397 5287; x_wconf 91' lang='lat' dir='ltr'><strong>ldeo</strong></span> <span class='ocrx_word' id='word_1_861' title='bbox 2428 5231 2519 5302; x_wconf 90' lang='lat' dir='ltr'><strong>qui</strong></span> <span class='ocrx_word' id='word_1_862' title='bbox 2577 5229 2646 5283; x_wconf 89' lang='lat' dir='ltr'><strong>ad</strong></span> <span class='ocrx_word' id='word_1_863' title='bbox 2700 5227 3032 5284; x_wconf 87' lang='lat' dir='ltr'><strong>celsitudinis</strong></span> <span class='ocrx_word' id='word_1_864' title='bbox 3087 5242 3266 5282; x_wconf 90' lang='lat' dir='ltr'><strong>arcem</strong></span> <span class='ocrx_word' id='word_1_865' title='bbox 3313 5227 3609 5285; x_wconf 87' lang='lat' dir='ltr'><strong>ascendere</strong></span> 
     </span>
    </p>
   </div>
   <div class='ocr_carea' id='block_1_113' title="bbox 2008 5317 3606 5387">
    <p class='ocr_par' dir='ltr' id='par_1_113' title="bbox 2008 5317 3606 5387">
     <span class='ocr_line' id='line_1_113' title="bbox 2008 5317 3606 5387; baseline -0.001 -12"><span class='ocrx_word' id='word_1_866' title='bbox 2008 5320 2305 5387; x_wconf 90' lang='lat' dir='ltr'><strong>contendit,</strong></span> <span class='ocrx_word' id='word_1_867' title='bbox 2347 5320 2517 5376; x_wconf 88' lang='lat' dir='ltr'><strong>dicit:</strong></span> <span class='ocrx_word' id='word_1_868' title='bbox 2567 5320 2737 5375; x_wconf 78' lang='lat' dir='ltr'><strong>Fiant</strong></span> <span class='ocrx_word' id='word_1_869' title='bbox 2783 5332 2951 5372; x_wconf 80' lang='lat' dir='ltr'><strong>aures</strong></span> <span class='ocrx_word' id='word_1_870' title='bbox 2998 5319 3112 5371; x_wconf 73' lang='lat' dir='ltr'><strong>tua:</strong></span> <span class='ocrx_word' id='word_1_871' title='bbox 3158 5317 3524 5372; x_wconf 72' lang='lat' dir='ltr'><strong>intendente:</strong></span> <span class='ocrx_word' id='word_1_872' title='bbox 3544 5320 3606 5374; x_wconf 85' lang='lat' dir='ltr'><strong>in</strong></span> 
     </span>
    </p>
   </div>
   <div class='ocr_carea' id='block_1_114' title="bbox 2007 5404 3603 5482">
    <p class='ocr_par' dir='ltr' id='par_1_114' title="bbox 2007 5404 3603 5482">
     <span class='ocr_line' id='line_1_114' title="bbox 2007 5404 3603 5482; baseline -0.002 -18"><span class='ocrx_word' id='word_1_873' title='bbox 2007 5424 2195 5466; x_wconf 82' lang='lat' dir='ltr'><strong>vocem</strong></span> <span class='ocrx_word' id='word_1_874' title='bbox 2214 5408 2629 5482; x_wconf 76' lang='lat' dir='ltr'><strong>deprecationis</strong></span> <span class='ocrx_word' id='word_1_875' title='bbox 2649 5421 2813 5461; x_wconf 64' lang='lat' dir='ltr'><strong>meae.</strong></span> <span class='ocrx_word' id='word_1_876' title='bbox 2832 5406 3174 5473; x_wconf 89' lang='lat' dir='ltr'><strong>Deprecatur</strong></span> <span class='ocrx_word' id='word_1_877' title='bbox 3194 5404 3340 5461; x_wconf 90' lang='lat' dir='ltr'><strong>enim</strong></span> <span class='ocrx_word' id='word_1_878' title='bbox 3354 5405 3528 5461; x_wconf 90' lang='lat' dir='ltr'><strong>Deum</strong></span> <span class='ocrx_word' id='word_1_879' title='bbox 3545 5414 3603 5461; x_wconf 88' lang='lat' dir='ltr'><strong>ut</strong></span> 
     </span>
    </p>
   </div>
   <div class='ocr_carea' id='block_1_115' title="bbox 2004 5493 3601 5569">
    <p class='ocr_par' dir='ltr' id='par_1_115' title="bbox 2004 5493 3601 5569">
     <span class='ocr_line' id='line_1_115' title="bbox 2004 5493 3601 5569; baseline -0.003 -13"><span class='ocrx_word' id='word_1_880' title='bbox 2004 5506 2352 5569; x_wconf 86' lang='lat' dir='ltr'><strong>peccatorum</strong></span> <span class='ocrx_word' id='word_1_881' title='bbox 2381 5512 2605 5552; x_wconf 90' lang='lat' dir='ltr'><strong>suorum</strong></span> <span class='ocrx_word' id='word_1_882' title='bbox 2661 5493 3032 5559; x_wconf 80' lang='lat' dir='ltr'><strong>obliviscatur,</strong></span> <span class='ocrx_word' id='word_1_883' title='bbox 3083 5499 3139 5547; x_wconf 92' lang='lat' dir='ltr'><strong>ut</strong></span> <span class='ocrx_word' id='word_1_884' title='bbox 3169 5500 3325 5565; x_wconf 88' lang='lat' dir='ltr'><strong>pater</strong></span> <span class='ocrx_word' id='word_1_885' title='bbox 3351 5510 3472 5551; x_wconf 90' lang='lat' dir='ltr'><strong>esse</strong></span> <span class='ocrx_word' id='word_1_886' title='bbox 3504 5511 3601 5552; x_wconf 89' lang='lat' dir='ltr'><strong>ve-</strong></span> 
     </span>
    </p>
   </div>
   <div class='ocr_carea' id='block_1_116' title="bbox 2003 5580 3316 5658">
    <p class='ocr_par' dir='ltr' id='par_1_116' title="bbox 2003 5580 3316 5658">
     <span class='ocr_line' id='line_1_116' title="bbox 2003 5580 3316 5658; baseline -0.002 -16"><span class='ocrx_word' id='word_1_887' title='bbox 2003 5587 2083 5657; x_wconf 88' lang='lat' dir='ltr'><strong>lit,</strong></span> <span class='ocrx_word' id='word_1_888' title='bbox 2110 5603 2218 5642; x_wconf 91' lang='lat' dir='ltr'><strong>non</strong></span> <span class='ocrx_word' id='word_1_889' title='bbox 2243 5587 2435 5658; x_wconf 83' lang='lat' dir='ltr'><strong>judex.</strong></span> <span class='ocrx_word' id='word_1_890' title='bbox 2482 5583 2720 5655; x_wconf 90' lang='lat' dir='ltr'><strong>Ideoque</strong></span> <span class='ocrx_word' id='word_1_891' title='bbox 2748 5580 3048 5653; x_wconf 87' lang='lat' dir='ltr'><strong>subjungit,</strong></span> <span class='ocrx_word' id='word_1_892' title='bbox 3082 5581 3273 5639; x_wconf 86' lang='lat' dir='ltr'><strong>dicens</strong></span> <span class='ocrx_word' id='word_1_893' title='bbox 3303 5602 3316 5639; x_wconf 91' lang='lat'>:</span> 
     </span>
    </p>
   </div>
  </div>
