4034 6166
488 371 590 425 635

1709 365 1952 421 SANCTI
1988 361 2329 419 GREGORII
2357 364 2581 420 MAGNI
3669 370 3760 424 636

559 496 736 564 (Vers.
768 494 845 562 3.)
890 491 961 544 Si
999 491 1338 564 iniquitates
1390 491 1790 561 observaveris,
1822 489 2076 558 Domine,
2111 487 2166 551 Α
2198 487 2342 542 fecto
2373 489 2604 544 ostendit
2633 489 2760 558 quia
2777 489 2870 542 ﬁlii
2899 489 2998 545 Dei
3017 488 3176 544 aliter
3203 503 3320 544 esse
3347 503 3454 543 non
3482 505 3762 559 possumus,

488 574 740 642 Domine,
772 576 896 646 quis
925 575 1228 631 sustinebit
1263 576 1293 627 Σ)

558 675 611 726 4.
641 673 854 726 Nomen
882 669 1095 741 repetit,
1119 678 1176 724 ut
1206 670 1456 724 affectum
1479 669 1704 725 excitet.
1743 668 2087 740 Iniquitatem

489 762 633 816 Deus
650 761 983 827 observaret,
1020 759 1063 813 si
1088 759 1465 830 peccatoribus
1499 759 1711 814 veniam
1747 766 1988 830 negaret.
2027 758 2085 813 Si

489 848 834 904 solummodo
886 847 1201 903 ostenderet
1247 848 1618 914 severitatem,
1655 862 1765 900 non
1794 846 1956 901 etiam
1985 846 2086 900 ad-

489 937 704 993 hiberet
757 937 1030 1007 pietatem.
1091 935 1251 1002 Quod
1280 935 1325 989 si
1384 935 1606 1003 faceret,
1662 950 1822 990 nemo
1871 943 2089 990 aeternae

492 1021 720 1094 gloriam
758 1020 1030 1076 felicitatis
1078 1027 1452 1090 exspectaret;
1486 1035 1646 1074 nemo
1677 1019 1746 1073 ad
1775 1018 2089 1088 patiendum

485 1111 614 1181 justi
663 1109 932 1164 examinis
978 1125 1196 1180 pcenam
1225 1107 1510 1164 sufﬁceret.
1537 1109 1740 1162 Omnes
1769 1109 1923 1162 enim
1952 1124 2086 1178 pec-

492 1203 785 1267 caverunt,
846 1206 903 1252 ut
951 1198 1023 1251 ait
1070 1198 1376 1267 Apostolus,
1437 1201 1493 1252 et
1521 1201 1688 1268 egent
1743 1195 1936 1267 gratia
1985 1196 2091 1251 Dei

493 1288 672 1357 (Rom.
713 1303 790 1353 Ill,
823 1287 932 1356 23).
969 1287 1163 1340 Verum
1215 1285 1342 1358 quia
1388 1285 1780 1355 paenitentibus
1827 1299 1899 1338 ex
1930 1283 2092 1339 corde

493 1375 747 1448 ignoscit,
781 1383 834 1430 et
861 1383 1150 1444 peccatore
1180 1390 1439 1430 converso
1482 1373 1722 1428 omnium
1753 1373 2090 1442 iniquitatum

494 1464 610 1533 ejus
639 1463 979 1519 obliviscitur
1009 1464 1230 1532 (Ezech.
1264 1463 1440 1530 XVIII),
1473 1463 1594 1533 quis
1618 1463 1734 1532 jam
1774 1462 1842 1516 de
1873 1461 2090 1514 miseri-

494 1553 677 1609 cordia
722 1552 974 1607 dubitet?
1005 1552 1127 1621 quis
1168 1552 1281 1621 jam
1313 1551 1386 1606 de
1430 1551 1591 1605 venia
1635 1549 1936 1621 desperet?
1966 1551 2092 1604 Haec

495 1641 690 1697 etenim
739 1656 835 1710 per
861 1641 1181 1710 prOphetam
1224 1639 1485 1694 Dominus
1526 1638 1826 1709 pollicetur,
1859 1639 2044 1694 dicens
2075 1655 2088 1692 :

496 1731 605 1801 Ego
633 1745 782 1793 sum,
801 1744 895 1800 ego
924 1744 1072 1794 sum,
1100 1728 1196 1798 qui
1211 1727 1440 1783 deleout
1472 1727 1738 1782 nebulam
1757 1728 2094 1800 iniquitates

2201 576 2306 630 nisi
2337 577 2728 633 misericordiae
2759 577 2938 650 legem
2967 585 3271 642 servantes,
3305 576 3550 633 inimicos
3577 578 3762 652 diliga-

2196 681 2338 730 mus,
2371 667 2520 720 Hanc
2568 666 2730 721 etiam
2761 666 2921 722 nobis
2970 666 3166 721 Paulus
3206 665 3494 720 tenendam
3527 667 3760 737 insinuat,

2197 769 2319 808 cum
2349 755 2454 808 ait:
2489 755 2735 822 Fratres,
2767 756 2873 810 etsi
2889 759 3317 826 pi'woccupatus
3336 755 3514 824 luerit
3542 756 3691 812 homo
3709 757 3766 811 in

2196 843 2384 914 aliquo
2413 843 2641 910 delicto,
2684 859 2774 898 vos
2806 844 2900 915 qui
2931 845 3224 916 spiritales
3272 845 3430 909 estis,
3463 843 3768 914 hujusmodi

2198 933 2477 987 instruite
2496 933 2556 986 in
2568 932 2784 1002 spiritu
2808 933 3093 1001 lenitatis,
3123 931 3486 988 considerans
3517 930 3767 1004 teipsum,

2197 1035 2270 1074 ne
2287 1024 2341 1075 et
2362 1025 2420 1074 tu
2449 1023 2705 1075 tenteris.
2721 1022 2887 1076 Alter
2909 1022 3154 1076 alterius
3171 1036 3345 1075 onera
3376 1023 3617 1090 portate,
3635 1021 3768 1076 etsic

2198 1107 2582 1180 adimplebitis
2601 1109 2774 1180 legem
2795 1108 3006 1164 Christi
3039 1107 3194 1177 (Gal.
3227 1123 3301 1174 vr,
3339 1108 3412 1177 1).
3443 1105 3572 1176 Quis
3607 1116 3769 1162 autem

2199 1203 2379 1265 portat
2433 1196 2655 1251 alterius
2701 1212 2888 1264 onera,
2941 1197 3043 1251 nisi
3075 1196 3166 1266 qui
3221 1195 3536 1252 charitatem
3567 1196 3769 1250 habet?

2199 1284 2305 1353 Qui
2344 1284 2492 1340 enim
2541 1285 2811 1342 veraciter
2849 1285 3047 1358 diligit,
3098 1285 3254 1340 laetus
3301 1300 3410 1340 non
3455 1283 3616 1354 laedit,
3646 1300 3770 1340 con-

2200 1373 2438 1428 tumeliis
2508 1374 2685 1430 vicem
2752 1390 2860 1430 non
2925 1374 3145 1442 reddit,
3213 1374 3620 1430 detrahentibus
3679 1373 3774 1428 sibi

2199 1477 2310 1517 non
2364 1461 2616 1530 detrahit,
2679 1464 2766 1533 qui
2795 1479 2921 1518 eum
2970 1462 3223 1529 oderunt,
3286 1478 3399 1518 non
3451 1461 3584 1516 odit.
3640 1461 3775 1516 Scri-

2199 1559 2352 1620 ptum
2409 1567 2648 1621 namque
2677 1559 2756 1606 est
2791 1570 2802 1606 :
2836 1552 3096 1607 Charitas
3143 1551 3372 1623 patiens
3409 1555 3512 1615 est,
3552 1549 3780 1619 benigna

2201 1644 2284 1694 est
2343 1640 2394 1708 (Ι
2444 1639 2570 1695 Cor.
2631 1656 2750 1708 xm,
2809 1641 2891 1709 4).
2951 1639 3164 1694 Patiens
3216 1639 3460 1710 quidem,
3517 1646 3575 1693 ut
3619 1637 3780 1692 aliena

2201 1729 2345 1783 mala
2400 1729 2625 1792 toleret;
2679 1729 2917 1801 benigna
2975 1745 3124 1796 vero,
3157 1737 3214 1782 ut
3267 1729 3420 1798 ipsos
3474 1727 3629 1782 etiam
3657 1741 3780 1798 quos

498 1823 646 1885 tuas,
669 1821 734 1872 ut
746 1816 1083 1886 justiﬁeeris
1108 1816 1268 1885 (Isai.
1303 1831 1462 1882 XLIII,
1488 1819 1598 1885 25).
1617 1817 1844 1871 Attende
1866 1816 2096 1887 qualiter
2123 1841 2174 1899 Β
2202 1823 2400 1886 portat,
2434 1825 2599 1872 amet.
2639 1817 2744 1886 Qui
2801 1833 2934 1889 ergo
2961 1817 3109 1872 illata
3136 1816 3277 1870 mala
3307 1814 3674 1888 aequanimiter
3699 1824 3777 1869 to-

496 1905 704 1978 peccati
754 1904 1022 1960 confessio
1067 1913 1292 1973 peccata
1339 1904 1630 1970 oblitteret,
1680 1920 1801 1974 quae
1824 1903 2089 1974 justiﬁcat

496 1993 765 2063 iniquum,
799 1992 937 2049 tollit
966 2009 997 2047 a
1045 1993 1160 2048 Deo
1193 1994 1508 2048 memoriam
1539 2000 1912 2061 peccatorum.
1947 1992 2094 2047 Con-

499 2081 751 2137 ﬁteamur
777 2090 835 2136 ut
862 2082 1148 2137 deleantur
1175 2090 1358 2136 nostra
1405 2089 1649 2151 peccata,
1683 2097 1783 2136 nec
1810 2089 1934 2152 post
1971 2097 2098 2136 con-

504 2170 801 2226 fessionem
835 2171 903 2224 ad
945 2187 1008 2226 ea
1036 2178 1393 2238 revertantur,
1448 2171 1545 2226 sed
1571 2170 1729 2239 juxta
1757 2171 2096 2240 Apostolum,

497 2257 555 2313 in
586 2259 858 2314 anteriora
913 2275 1012 2314 nos
1070 2259 1442 2327 extendentes,
1477 2275 1597 2330 quae
1631 2266 1776 2313 retro
1807 2267 1929 2312 sunt
1955 2259 2099 2314 obli-

501 2347 778 2404 viscamur
825 2347 1064 2419 (Philip.
1122 2350 1231 2417 ιιι).
1289 2349 1412 2402 Non
1463 2348 1760 2418 gestiamus
1807 2348 1998 2402 reverti
2045 2348 2097 2401 in

505 2437 798 2508 Egyptum
821 2444 912 2491 aut
935 2437 1123 2491 sedere
1142 2453 1304 2506 super
1325 2437 1460 2490 ollas
1476 2437 1717 2489 carnium
1738 2436 1937 2507 (Exod.
1963 2437 2098 2505 xvr);

501 2541 604 2580 nec
633 2526 799 2578 simus
844 2525 1289 2594 concupiscentes
1335 2524 1602 2578 malorum
1638 2525 1686 2593 (Ι
1736 2526 1858 2580 Cor.
1889 2527 1968 2593 x),
2002 2539 2102 2579 nec

507 2611 656 2666 idola
683 2612 882 2667 mentis
912 2627 1257 2677 veneremur,
1286 2627 1384 2666 nec
1414 2613 1584 2666 Deum
1605 2620 1892 2678 tentemus,
1926 2629 2023 2667 nec
2044 2613 2098 2666 in

508 2699 726 2754 deserto
758 2700 943 2753 mundi
974 2701 1136 2770 hujus
1172 2716 1596 2755 murmuremus.
1635 2698 2004 2755 Conﬁteamur
2034 2701 2103 2755 de

510 2787 796 2858 praeteritis
842 2789 1084 2857 peccatis
1114 2804 1216 2842 nos
1267 2796 1609 2858 accusantes,
1655 2787 2007 2843 conﬁteamur
2035 2789 2103 2842 de

503 2883 852 2946 peccatorum
872 2875 1211 2949 indulgentia
1229 2878 1401 2932 Deum
1426 2875 1724 2932 laudantes.
1749 2877 1847 2932 Est
1868 2893 2101 2946 namque

505 2963 783 3021 contessio
814 2965 1042 3033 peccati,
1075 2973 1130 3020 et
1171 2966 1442 3021 confessio
1472 2965 1669 3020 laudis.
1702 2966 1757 3020 Si
1787 2965 1932 3020 enim
1962 2980 2101 3020 con-

515 3052 691 3106 fessio
722 3053 900 3106 laudis
948 3069 1057 3109 non
1088 3063 1246 3119 esset,
1280 3054 1528 3109 Salvator
1553 3063 1735 3108 noster
1762 3069 2101 3124 nequaquam

507 3139 775 3194 dixisset:
811 3141 1088 3210 Conﬁteor
1109 3142 1227 3208 tibi,
1248 3144 1420 3197 Pater
1448 3142 1817 3198 Dominecazli
1846 3147 1903 3196 et
1934 3145 2101 3196 terra:

505 3227 725 3297 (Matth.
754 3242 835 3294 χι,
867 3229 978 3298 25).
1026 3229 1163 3283 Nam
1198 3229 1470 3300 quomodo
1503 3239 1778 3300 peccatum
1809 3227 2098 3284 conﬁtere-

509 3323 612 3382 tur,
656 3315 746 3385 qui
802 3324 1083 3386 peccatum
1114 3333 1218 3371 non
1260 3318 1387 3372 fecit
1421 3319 1466 3384 (l
1493 3320 1643 3372 Petr.
1676 3321 1729 3387 2)
1771 3318 1799 3371 ?
1829 3317 2008 3372 Praece
2039 3318 2108 3373 ad

505 3403 691 3474 itaque
718 3405 1014 3472 confessio,
1037 3413 1096 3458 ut
1116 3405 1352 3460 laudatio
1384 3414 1660 3475 sequatur,
1682 3406 1817 3460 sicut
1845 3407 2104 3475 scriptum

508 3499 589 3546 est
614 3509 624 3544 :
661 3494 857 3547 Recto:
879 3493 1033 3548 decet
1057 3494 1399 3549 collaudatio
1417 3494 1600 3563 (Psal.
1630 3510 1800 3562 xxxii,
1826 3497 1906 3562 1),
1932 3494 2111 3549 Habe-

507 3595 627 3633 mus
656 3580 801 3634 enim
834 3580 1170 3648 Pontiﬁcem,
1216 3581 1309 3653 qui
1338 3583 1510 3650 possit
1539 3581 1776 3651 compati
1807 3581 2106 3637 inﬁrmata-

505 3667 652 3722 tibus
680 3668 881 3722 nostris
910 3669 1106 3736 (Hebr.
1147 3673 1238 3736 iv),
1273 3671 1340 3724 de
1370 3685 1477 3741 quo
1507 3678 1560 3724 et
1603 3679 1787 3741 aperte
1818 3672 2060 3741 sequitur
2090 3689 2102 3726 :

580 3774 765 3840 (Vers.
805 3776 882 3844 4.)
919 3775 1061 3842 Quia
1091 3777 1239 3847 apud
1286 3780 1340 3831 te
1353 3777 1688 3849 prapitiatio
1717 3781 1821 3845 est,
1853 3782 1908 3833 et
1945 3795 2106 3850 prop-

508 3864 598 3916 ter
628 3863 806 3933 legem
840 3867 1000 3919 tuam
1021 3865 1278 3920 sustinui
1307 3870 1382 3931 te,
1410 3867 1662 3922 Domine.

575 3955 628 4005 5.
653 3950 784 4018 Quis
802 3960 882 4006 est
901 3953 1212 4023 propitiatio
1237 3953 1335 4007 nisi
1358 3954 1600 4008 Christus
1615 3955 1774 4009 Jesus
1799 3956 1980 4024 (Hebr.
2005 3955 2103 4024 ix),

504 4040 598 4112 qui
631 4042 796 4109 540
828 4056 885 4095 se
916 4041 1108 4095 obtulit
1137 4041 1461 4097 sacriﬁcium
1492 4043 1628 4112 Deo,
1660 4052 1716 4097 ut
1746 4059 1845 4098 nos
1873 4044 2106 4098 redime-

509 4136 593 4182 ret
620 4129 690 4182 ab
728 4129 874 4182 omni
925 4129 1228 4200 iniquitate,
1276 4139 1328 4185 et
1377 4131 1672 4185 mundaret
1716 4131 1817 4186 sibi
1846 4133 2104 4203 p0pulum

505 4217 914 4287 acceptabilem,
949 4225 1275 4274 sectatorem
1300 4219 1562 4274 honorum
1591 4235 1816 4288 cperum
1848 4221 1982 4288 (Tit.
2015 4221 2107 4290 ii)?

504 4305 751 4375 Denique
762 4307 1004 4362 Joannes
1024 4307 1096 4360 ait
1118 4325 1131 4360 :
1165 4308 1286 4378 Ipse
1296 4313 1379 4362 est
1392 4309 1727 4380 propitiatio
1737 4324 1838 4378 pro
1857 4309 2105 4380 peccatis

505 4395 716 4449 nostris
749 4395 798 4463 (Ι
827 4396 988 4450 Joan.
1035 4411 1093 4462 ιι,
1136 4393 1212 4465 2).
1250 4395 1353 4464 Qui
1403 4404 1482 4450 est
1511 4396 1654 4466 apud
1701 4397 1874 4450 Deum
1925 4413 1937 4451 :
1981 4397 2107 4465 quia

504 4481 660 4536 sedet
687 4482 756 4535 ad
788 4482 1070 4538 dexteram
1093 4484 1214 4551 Dei,
1247 4485 1387 4538 sicut
1429 4484 1557 4538 dicit
1586 4485 1854 4552 Propheta
1888 4502 1899 4537 :
1933 4486 2098 4540 Dixit

502 4567 776 4625 Dominus
810 4572 1041 4625 Domino
1076 4587 1216 4639 meo,
1249 4573 1386 4628 Sede
1415 4589 1450 4627 a
1480 4572 1704 4628 dextris
1729 4574 1892 4641 meis,
1923 4573 2095 4629 donec

503 4671 713 4727 ponam
728 4659 990 4714 inimicos
1010 4663 1134 4715 tuos
1145 4661 1453 4715 scabellum
1463 4662 1669 4732 pedum
1683 4667 1906 4716 tuorum
1918 4664 1934 4722 (
1943 4661 2080 4717 Psal
2089 4703 2100 4714 .

507 4759 612 4812 cxx,
638 4745 711 4816 l).
737 4747 1036 4814 Apostolus
1057 4763 1270 4818 quoque
1285 4749 1555 4817 perhibet,
1575 4748 1719 4820 quod
1737 4749 1805 4803 ad
1825 4749 2103 4804 dexteram

510 4832 682 4887 Patris
741 4833 940 4889 sedens
997 4851 1100 4905 pro
1161 4836 1318 4890 nobis
1371 4837 1682 4907 interpellet
1740 4838 1913 4900 (tlom.
1946 4841 2094 4902 vm).

581 4925 632 4976 6.
651 4923 720 4977 Et
734 4927 961 4995 propter
975 4925 1152 4994 legem
1176 4929 1330 4980 tuam
1356 4927 1607 4982 sustinui
1621 4930 1696 4994 te,
1716 4927 1968 4983 Domine.
1995 4929 2104 4983 Lex

505 5010 604 5065 Dei
653 5011 1022 5067 misericordia
1053 5020 1152 5080 est,
1193 5030 1298 5083 qua
1329 5015 1676 5083 peccantibus
1719 5015 1933 5070 veniam
1964 5031 2104 5072 con-

505 5099 641 5168 tulit,
699 5101 1092 5156 revertentibus
1149 5110 1364 5157 aeternae
1417 5103 1543 5157 vitae
1585 5103 1790 5158 aditum
1820 5104 2100 5174 patefecit.

507 5187 667 5244 Hanc
696 5188 882 5261 legem
913 5204 1014 5259 pro
1043 5189 1452 5244 cruciﬁxoribus
1469 5191 1590 5245 suis
1623 5198 1832 5262 patrem
1864 5208 2099 5247 exorans

506 5277 664 5345 (Luc.
697 5278 857 5346 χχιιι)
894 5277 1417 5349 Christusimplevit,
1450 5279 1590 5333 hanc
1619 5279 1776 5334 nobis
1807 5281 2100 5335 tenendam

507 5379 670 5419 verus
714 5365 975 5437 magister
1003 5366 1219 5422 indixit.
1254 5366 1340 5420 Ait
1364 5366 1507 5421 enim
1535 5385 1546 5420 :
1581 5367 1813 5438 Diligite
1841 5369 2102 5426 inimicos

507 5457 738 5519 vestros,
773 5455 1086 5524 bene/acite
1101 5455 1188 5510 his
1215 5455 1312 5528 qui
1339 5472 1432 5512 vos
1459 5456 1722 5525 oderunt,
1751 5461 1805 5512 et
1828 5461 1984 5512 orate
2001 5474 2100 5530 pro

499 5543 969 5610 persequentibus
998 5548 1052 5598 et
1085 5545 1577 5600 calumniantibus
1605 5560 1718 5615 vos,
1755 5549 1821 5601 ut
1839 5545 1971 5601 sitis
1990 5546 2106 5614 ﬂlii

507 5628 698 5682 Patris
717 5630 889 5684 vestri
903 5631 996 5702 qui
1016 5629 1079 5686 in
1094 5633 1249 5688 caelis
1264 5634 1520 5700 est(Luc.
1541 5634 1711 5705 vr,27)
1726 5674 1740 5689 .
1771 5634 1832 5689 In
1849 5649 1956 5709 quo
1983 5649 2102 5709 pro-

2124 4537 2180 4600 D

2205 1905 2358 1972 lerat,
2391 1907 2544 1977 quasi
2575 1905 2774 1960 inﬁrmi
2819 1906 2996 1961 fratris
3025 1922 3190 1961 onera
3218 1913 3417 1975 portat.
3448 1905 3574 1960 Hac
3597 1912 3675 1958 est
3700 1903 3779 1958 lex

2206 1994 2617 2061 misericordiae,
2650 2011 2750 2064 per
2776 2010 2939 2067 quam
2973 2002 3286 2066 perpetuam
3310 1993 3546 2048 evadere
3573 1992 3781 2046 damna-

2205 2085 2410 2138 tionem
2468 2082 2810 2150 conﬁdimus,
2882 2100 2979 2153 per
3034 2099 3200 2155 quam
3253 2083 3416 2137 etiam
3473 2081 3781 2138 salvatorem

2207 2172 2496 2226 Dominum
2555 2181 2798 2227 nostrum
2845 2173 3029 2228 Jesum
3090 2171 3364 2226 Christum
3423 2179 3788 2241 exspectamus

2209 2260 2394 2328 (Phil.
2417 2263 2498 2331 ιιι)
2526 2278 2537 2313 :
2592 2260 2696 2328 Qui
2727 2262 2802 2328 si,
2833 2268 2893 2315 ut
2921 2275 3083 2330 supra
3130 2259 3330 2314 dictum
3363 2268 3466 2326 est,
3499 2258 3789 2330 iniquitates

2208 2349 2545 2415 observaret,
2606 2365 2764 2404 nemo
2796 2349 3066 2403 sustinere
3120 2347 3406 2403 sufficeret.
3462 2347 3790 2403 Sustinemus

2210 2445 2389 2492 autem
2445 2453 2567 2491 eum
2611 2445 2829 2507 propter
2885 2436 3064 2508 legem
3104 2451 3280 2502 suam,
3343 2435 3436 2506 qui
3465 2433 3790 2505 peccantibus

2211 2525 2265 2578 in
2293 2542 2394 2580 nos
2435 2525 2638 2581 idcirco
2669 2526 3006 2593 dimittimus,
3041 2533 3100 2582 ut
3121 2532 3470 2596 peccatorum
3500 2531 3790 2578 nostrorum

2210 2613 2279 2667 ab
2335 2629 2401 2668 eo
2457 2614 2671 2668 veniam
2747 2613 3109 2684 percipiamus
3142 2653 3154 2665 .
3215 2612 3352 2666 Hinc
3410 2626 3644 2682 namque
3704 2625 3795 2679 per

2210 2701 2557 2773 semetipsam
2577 2701 2790 2757 Veritas
2812 2701 2886 2756 ait
2918 2718 2929 2754 :
2965 2700 3222 2766 Dimitte,
3246 2702 3300 2755 et
3321 2699 3643 2755 dimittitur
3661 2697 3794 2755 vobis

2211 2789 2371 2860 (Luc.
2404 2806 2478 2858 vr,
2510 2793 2619 2860 37).

2273 2897 2488 2966 (Vers.5
2500 2899 2546 2966 .)
2565 2895 2854 2953 Sustinuit
2864 2896 3062 2953 anima
3074 2912 3198 2952 mea
3217 2897 3279 2951 in
3292 2895 3455 2951 verbo
3467 2896 3795 2967 ejus,spera-

2209 2986 2289 3040 vit
2318 2988 2514 3040 anima
2547 3003 2673 3042 mea
2697 2988 2759 3041 in
2792 2988 3044 3042 Domino.

2279 3076 2334 3128 7.
2374 3074 2508 3129 Vide
2546 3075 2806 3144 perfectae
2849 3075 3130 3129 charitatis
3179 3074 3449 3130 ordinem.
3500 3072 3795 3129 Ascendens

2130 3190 2178 3254 Ο
2207 3161 2307 3254 iste
2342 3169 2393 3217 et
2421 3163 2477 3254 in
2505 3178 2692 3217 amore
2735 3162 2916 3218 divino
2963 3162 3297 3254 proﬁciens,
3320 3164 3419 3254 qui
3445 3162 3554 3254 ﬁde
3581 3169 3629 3216 et
3661 3160 3794 3214 dile-

2213 3251 2391 3305 ctione
2444 3252 2736 3306 introrsus
2786 3251 3124 3319 accenditur,
3185 3251 3461 3307 desiderio
3490 3251 3559 3305 ad
3611 3257 3799 3305 aeterna

2209 3338 2456 3409 erigitur,
2505 3355 2602 3409 spe
2628 3339 2698 3393 ad
2751 3355 2962 3394 summa
2986 3339 3217 3404 levatur,
3262 3340 3637 3410 proximorum
3695 3351 3794 3390 non

2213 3427 2440 3498 negligit
2467 3443 2674 3496 curam,
2693 3442 2800 3481 non
2831 3427 3113 3498 postponit
3142 3428 3373 3483 salutem
3409 3447 3422 3491 ;
3451 3427 3522 3482 ad
3550 3442 3643 3482 eos
3670 3424 3798 3478 inter

2212 3514 2329 3586 ipsa
2357 3515 2557 3571 divinae
2614 3515 2817 3587 gaudia
2863 3515 3346 3586 contemplationis
3376 3515 3724 3577 convertitur,
3750 3518 3799 3564 et

2213 3612 2271 3658 ut
2299 3604 2565 3675 gradibus
2594 3605 2799 3659 eisdem
2825 3606 2895 3658 ad
2915 3607 3088 3658 Deum
3111 3603 3397 3672 accedant,
3429 3604 3703 3663 hortatur;
3727 3599 3797 3654 eis

2214 3692 2468 3747 nimirum
2499 3692 2809 3762 exemplum
2841 3709 2897 3746 se
2956 3708 3291 3763 proponens,
3345 3701 3404 3746 ut
3433 3693 3478 3746 si
3507 3688 3798 3744 inﬁrmitate

2213 3780 2396 3849 aliqua
2424 3781 2795 3851 impediantur
2849 3796 2878 3834 a
2909 3779 3181 3835 desiderio
3211 3778 3570 3850 proﬁcientia,
3614 3776 3724 3846 jam
3752 3779 3799 3828 et

2213 3869 2578 3938 pervenientia
2626 3876 3045 3938 promoveantur
3087 3867 3365 3938 exemplo.
3408 3867 3642 3935 Ideoque
3688 3862 3797 3917 ait:

2219 3958 2524 4013 Sustinuit
2536 3957 2732 4012 animo
2757 3973 2882 4012 mea
2899 3959 2961 4012 in
2985 3957 3146 4012 verbo
3167 3957 3308 4027 ejus.
3333 3955 3519 4010 Nolite
3547 3951 3795 4014 difﬁdere,

2215 4046 2380 4101 nolite
2429 4046 2696 4110 dubitare,
2727 4046 2911 4114 ponite
2941 4045 3107 4100 corda
3159 4052 3338 4098 vestra
3367 4044 3428 4097 in
3458 4043 3653 4100 virtute
3679 4039 3789 4108 ejus

2215 4135 2386 4200 (Psal.
2420 4136 2588 4203 van)
2625 4151 2637 4195 ;
2671 4133 2795 4204 quia
2839 4134 3121 4188 sustinuit
3149 4134 3347 4188 anima
3378 4147 3509 4187 mea
3549 4132 3609 4184 in
3651 4126 3797 4183 verbo

2213 4221 2472 4292 ejus.Qui
2502 4229 2682 4276 manet
2701 4222 2752 4274 in
2769 4221 2955 4288 verbo,
2976 4236 3082 4275 non
3097 4219 3388 4275 fraudatur
3403 4236 3436 4273 a
3451 4215 3800 4290 regno.Aliter

2214 4325 2448 4380 namque
2505 4309 2738 4364 fructum
2797 4311 2974 4364 facere
3023 4325 3133 4364 non
3163 4323 3473 4379 possumus,
3505 4306 3606 4360 nisi
3657 4303 3798 4357 ineo

2214 4414 2554 4453 maneamus.
2607 4399 2847 4469 Ideoque
2893 4399 2969 4452 ait
2999 4412 3012 4451 :
3045 4398 3265 4452 Maneto
3303 4399 3366 4451 in
3395 4412 3509 4464 me,
3538 4398 3595 4451 et
3620 4408 3711 4460 ego
3739 4387 3799 4444 in

2215 4489 2362 4543 vobis
2409 4489 2597 4558 (Joan.
2632 4503 2723 4554 xv,
2755 4487 2832 4555 4).
2867 4486 2970 4541 Ubi
3029 4485 3172 4540 enim
3216 4484 3568 4549 manendum,
3621 4480 3720 4535 nisi
3747 4479 3795 4531 in

2211 4576 2333 4645 ipso
2353 4576 2382 4627 ?
2413 4573 2673 4629 Deﬁcient
2688 4574 2960 4641 dominus,
2990 4573 3192 4642 palatia
3227 4579 3504 4640 corruent,
3534 4570 3796 4625 destruen-

2215 4672 2301 4718 tur
2355 4663 2625 4726 civitates,
2677 4662 2747 4717 ab
2803 4661 2930 4716 imis
2957 4661 3179 4716 sedibus
3233 4668 3408 4716 turres
3464 4659 3793 4717 evellentur;

2213 4759 2484 4821 postremo
2516 4751 2716 4805 coelum
2746 4758 2799 4804 et
2827 4757 2972 4804 terra
3005 4749 3327 4816 transibunt,
3362 4749 3595 4804 verbum
3625 4751 3793 4800 autem

2215 4839 2432 4895 Domini
2460 4846 2643 4893 manet
2673 4840 2730 4892 in
2743 4846 3010 4894 aeternum
3040 4838 3261 4907 (Matth.
3290 4840 3470 4906 xxxv).
3500 4837 3794 4891 Maneamus

2213 4945 2344 5001 ergo
2375 4929 2431 4982 in
2460 4944 2525 4984 eo
2572 4928 2666 4999 qui
2697 4933 2885 4982 manet
2943 4925 2997 4980 in
3030 4934 3291 4982 aeternum
3325 4927 3488 4990 (Isai.
3545 4923 3650 4991 XL).
3681 4920 3793 4975 Non

2212 5033 2502 5087 sequamur
2555 5015 2868 5082 vanitatem,
2929 5013 3239 5070 deserentes
3295 5013 3579 5070 veritatem
3637 5029 3649 5064 :
3705 5021 3798 5061 nec

2213 5107 2592 5161 contristemur
2633 5105 2770 5159 sicut
2811 5103 3017 5171 caeteri,
3043 5105 3202 5171 541
3240 5101 3335 5174 qui
3365 5116 3524 5170 spem
3569 5113 3671 5153 non
3700 5097 3794 5150 ha-

2211 5194 2337 5250 bent
2370 5196 2419 5261 (l
2452 5194 2644 5250 Thess.
2678 5197 2776 5261 iv),
2809 5191 2904 5247 sed
2944 5191 3308 5246 sustineamus
3337 5205 3484 5245 eum.
3516 5189 3585 5242 Et
3611 5185 3653 5240 si
3680 5199 3794 5238 mo-

2211 5297 2326 5336 ram
2358 5279 2563 5347 iecerit,
2610 5286 3004 5348 exspectemus,
3050 5292 3118 5331 ne
3148 5275 3432 5346 contingat
3459 5271 3616 5328 nobis
3659 5265 3793 5338 quod

2210 5385 2309 5440 per
2339 5368 2655 5438 prophetam
2687 5366 2885 5421 dicitur
2919 5384 2931 5418 :
2975 5364 3168 5420 Vcehis
3186 5365 3278 5438 qui
3310 5362 3795 5435 perdiderantsus-

2215 5459 2521 5515 tinentiam
2538 5457 2735 5528 (Eccli.
2762 5470 2821 5523 ll,
2855 5456 2966 5524 16).
2998 5454 3152 5510 Unde
3174 5461 3228 5509 et
3246 5451 3522 5506 subditur:
3553 5444 3794 5520 Speravit

2213 5548 2410 5602 anima
2438 5561 2566 5600 mea
2596 5547 2659 5600 in
2681 5543 2934 5600 Domino.
2961 5541 3280 5613 Quicunque
3296 5537 3588 5594 mundana:
3616 5533 3796 5588 adver-

2213 5633 2382 5689 sitatis
2414 5631 2908 5702 fractusmolestiis,
2957 5629 3238 5686 diabolicae
3251 5622 3790 5684 tentationisinfesta-
