4034 6166
319 319 419 372 637

1047 317 1117 372 ΙΝ
1151 317 1422 372 SEPTEM
1452 317 1693 372 PSALM.
1731 316 1990 373 PLENIT.
2023 317 2423 374 EXPOSITIO.
2456 350 2526 360 —-
2556 321 2752 377 PSAL.
2788 323 2876 374 Vl.

3519 324 3626 378 638

319 439 468 496 tione
497 439 761 511 dejectus,
794 459 827 496 a
853 458 952 514 spe
980 441 1279 498 cmlestium
1306 443 1721 515 promissionum
1770 442 1920 498 deci-
1950 440 2003 502 A
2032 459 2215 498 veram
2246 442 2407 499 ﬁdem
2439 451 2681 501 astruens
2717 446 2907 501 mortis
2957 457 3010 502 et
3062 449 3468 504 resurrectionis
3515 464 3630 510 sua:

326 528 483 595 derit,
508 529 848 586 sustinentia:
872 547 1036 604 quam
1084 533 1237 604 prius
1283 533 1570 602 habuerat,
1612 534 1922 589 mercedem

324 616 537 671 amittit.
598 617 702 686 Qui
761 636 892 675 vero
949 621 1254 687 sustinebit,
1309 637 1562 692 magnam
1627 621 1925 692 reportabit

320 706 840 762 remunerationem.
865 709 1073 765 Fidelis
1097 709 1242 764 enim
1267 711 1538 766 Dominus
1567 712 1629 766 in
1665 710 1922 768 omnibus

322 795 424 849 viis
444 795 566 849 suis
597 797 772 866 (Psal.
806 813 986 865 cxuv,
1022 797 1137 868 13).
1176 799 1433 853 Promisit
1462 799 1518 852 in
1538 799 1642 854 hac
1667 797 1780 853 vita
1809 813 1923 866 pm-

319 881 615 937 nitentibus
639 885 879 941 veniam.
919 884 1263 940 Manifestum
1299 895 1379 941 est
1434 901 1565 958 ergo
1614 887 1742 956 quia
1782 885 1923 941 sicut

322 970 705 1027 conﬁtentibus
757 973 1137 1029 remissionem
1169 974 1358 1029 tribuit
1386 983 1757 1045 peccatorum,
1788 975 1860 1030 ita
1889 991 1921 1029 a

325 1076 420 1130 spe
479 1075 588 1116 non
619 1061 1002 1117 decidentibus
1032 1062 1183 1117 dabit
1211 1079 1440 1134 regnum
1465 1063 1754 1120 caelorum.
1793 1064 1921 1119 Ideo

323 1149 412 1219 qui
442 1149 498 1202 in
517 1149 688 1205 verbo
705 1151 824 1221 ejus
835 1151 1169 1218 sustinuit,in
1189 1151 1427 1207 Domino
1447 1168 1672 1222 sperare
1689 1168 1747 1208 se
1759 1153 1912 1207 dicit.

320 1236 468 1293 Sicut
490 1237 636 1293 enim
669 1239 992 1294 maledictus
1021 1241 1205 1306 homo,
1238 1240 1330 1311 qui
1351 1241 1572 1296 conﬁdit
1599 1241 1654 1295 in
1700 1243 1923 1297 homine

321 1328 547 1396 (Jerem.
572 1330 704 1399 xvn)
741 1346 756 1395 ;
785 1328 854 1382 ita
884 1337 937 1384 et
966 1329 1156 1384 beatus
1184 1330 1342 1399 cujus
1366 1337 1448 1385 est
1476 1345 1675 1385 nomen
1703 1331 1922 1386 Domini

317 1430 442 1486 spes
474 1415 616 1485 ejus,
675 1425 728 1472 et
756 1432 864 1472 non
902 1417 1140 1488 respexit
1168 1417 1225 1472 in
1255 1417 1524 1474 vanitates
1579 1427 1632 1474 et
1681 1418 1921 1474 insanias

318 1503 486 1558 falsas
517 1505 688 1573 (Psal
700 1545 715 1559 .
750 1505 972 1577 χχχιι).

391 1607 569 1674 (Vers.
602 1608 678 1676 6.)
709 1609 750 1663 Α
772 1607 1030 1665 custodia
1058 1611 1353 1667 matutina
1373 1625 1545 1682 usque
1571 1611 1645 1666 ad
1695 1614 1921 1667 noctem

317 1699 509 1765 speret
533 1694 710 1751 Israel
741 1694 806 1750 in
839 1697 1090 1754 Domino.

2029 531 2268 599 indiciis,
2331 539 2385 587 et
2435 533 2697 588 doctrinae
2727 550 2881 589 novae
2909 551 3007 590 nos
3064 537 3302 591 formans
3349 536 3628 605 institutis,

2028 635 2128 690 per
2159 637 2280 691 qua:
2319 621 2573 675 nimirum
2602 630 2654 676 et
2684 630 2912 677 mortem
2952 639 3237 694 possemus
3279 626 3530 694 evadere,
3581 633 3634 680 et

2029 707 2083 762 in
2115 708 2355 765 novitate
2384 710 2530 777 vitae,
2554 725 2650 781 per
2679 709 2990 779 adjunctam
3021 712 3256 782 Spiritus
3294 714 3468 772 sancti
3497 731 3631 788 gra-

2032 796 2160 850 tiam
2189 797 2484 853 ambulare.

2104 901 2267 967 542
2301 902 2353 952 9.
2389 900 2681 954 Possumus
2711 915 2928 973 quoque
2966 917 3064 971 per
3091 901 3387 958 custodiam
3445 910 3626 959 matu-

2032 985 2198 1041 tinam
2227 986 2345 1057 ipsa
2374 987 2498 1042 ﬁdei
2521 997 2722 1044 nostrae
2737 989 3049 1044 rudimenta
3067 991 3332 1060 accipere,
3368 1000 3426 1046 ut
3452 1009 3484 1046 a
3505 1001 3630 1048 tem-

2031 1091 2162 1146 pore
2191 1077 2404 1147 accepti
2447 1077 2804 1147 baptismatis,
2837 1085 2961 1147 post
3002 1078 3413 1133 illustrationem
3445 1081 3632 1151 gratias

2029 1164 2298 1228 salutaris,
2331 1165 2681 1221 intentionem
2713 1181 2864 1220 suam
2887 1167 3260 1236 unusquisque
3290 1167 3354 1221 ad
3388 1184 3511 1222 eum
3541 1169 3632 1223 di-

2028 1252 2188 1324 rigat,
2210 1257 2264 1308 et
2293 1269 2447 1324 spem
2477 1271 2633 1309 suam
2663 1255 2721 1308 in
2751 1270 2814 1310 eo
2843 1255 3187 1326 singulariter
3215 1263 3406 1326 ponat.
3461 1256 3632 1324 Quasi

2029 1343 2173 1396 enim
2204 1343 2522 1398 matutinam
2553 1344 2730 1399 lucem
2759 1344 2955 1413 recipit
2983 1345 3190 1413 anima,
3250 1360 3371 1400 cum
3403 1344 3636 1400 tenebris

2029 1429 2365 1485 inﬁdelitatis
2395 1431 2651 1501 expulsis,
2681 1439 2733 1486 et
2766 1432 3017 1487 vitiorum
3047 1433 3262 1488 detersa
3290 1432 3549 1504 caligine,
3583 1441 3637 1488 et

2029 1519 2332 1573 emundatis
2361 1527 2706 1591 peccatorum
2738 1520 2963 1574 maculis
2978 1537 3077 1590 per
3104 1521 3380 1576 lavacrum
3400 1537 3635 1593 regene-

2027 1607 2270 1674 rationis,
2303 1608 2562 1678 paulatim
2597 1607 2786 1678 incipit
2813 1609 2988 1664 Deum
3019 1624 3339 1680 agnoscere,
3372 1614 3426 1664 et
3455 1611 3512 1663 in
3543 1610 3633 1664 lu-

2028 1693 2175 1749 mine
2199 1695 2486 1763 jucundari
2517 1697 2840 1769 cognitionis
2869 1696 3086 1752 divinae.
3114 1698 3211 1752 Est
3257 1697 3403 1752 enim
3449 1699 3632 1753 lumen

391 1784 445 1840 8.
479 1783 534 1837 Si
591 1785 662 1838 ad
690 1784 921 1839 litteram
977 1787 1081 1842 hoc
1108 1787 1461 1859 accipiamus,
1492 1787 1766 1843 dehortari
1821 1803 1921 1842 nos
1950 1799 2003 1858 Β
2033 1782 2274 1853 cognitio
2304 1783 2424 1851 Dei,
2455 1784 2525 1838 de
2555 1801 2661 1854 qua
2691 1785 2951 1855 scriptum
2972 1792 3082 1839 est:
3106 1786 3441 1842 ltluminate
3485 1787 3634 1842 vobis

316 1871 500 1942 potius
529 1887 693 1942 quam
721 1889 944 1929 monere
973 1875 1207 1930 videtur.
1242 1876 1376 1946 Quis
1403 1877 1548 1932 enim
1573 1885 1679 1932 tam
1702 1875 1921 1946 pusilla-

315 1958 504 2028 nimis,
563 1968 624 2014 ut
669 1977 780 2016 una
837 1969 1048 2017 tantum
1080 1964 1169 2020 die
1199 1974 1380 2036 speret
1408 1966 1462 2019 in
1498 1965 1730 2020 Domino
1760 1966 1788 2018 ?
1819 1965 1923 2020 Ubi

317 2047 437 2116 jam
497 2048 604 2103 erit
662 2049 755 2103 illa
785 2050 941 2104 Pauli
971 2052 1258 2120 sententia,
1290 2067 1392 2123 qua
1449 2053 1523 2108 ait
1555 2071 1567 2107 :
1604 2051 1677 2107 Si
1730 2058 1924 2109 autem

314 2135 464 2205 quod
485 2151 602 2192 non
623 2137 895 2206 videmus,
915 2155 1228 2211 speramus,
1245 2157 1348 2212 per
1366 2143 1709 2212 patientiam
1725 2157 1920 2214 exspe-

319 2227 547 2279 ctamus
569 2227 745 2293 (Rom.
771 2241 887 2294 vm,
918 2227 1010 2297 25)
1041 2228 1070 2282 ‘l
1096 2229 1268 2296 Quam
1300 2245 1469 2299 parva
1498 2229 1654 2284 unius
1681 2230 1787 2284 diei
1817 2245 1920 2300 pa-

318 2310 528 2377 tientia,
579 2321 634 2367 et
689 2329 857 2384 quam
903 2313 1083 2376 brevis
1115 2317 1445 2386 exspectatio
1480 2320 1491 2370 l
1526 2319 1638 2374 Sed
1667 2323 1725 2372 ut
1779 2319 1921 2374 hunc

315 2398 496 2454 locum
541 2399 738 2456 melius
759 2402 1145 2474 intelligamus,
1167 2404 1236 2458 ad
1254 2405 1500 2460 vicesimi
1531 2407 1690 2477 primi
1721 2407 1917 2477 psalmi

313 2486 527 2542 titulum
551 2503 852 2544 curramus.
874 2491 1353 2560 Intitulaturenim,
1385 2493 1502 2550 Pro
1531 2497 1916 2567 assumptione

307 2578 605 2632 matutina
624 2580 778 2646 (Psal
800 2595 936 2647 xm,
962 2581 1033 2649 l).
1055 2579 1190 2648 Quae
1219 2589 1298 2635 est
1313 2582 1609 2652 assumptio
1629 2584 1912 2650 matutina,

308 2663 418 2717 nisi
478 2667 807 2722 resurrectio
846 2683 878 2721 a
935 2668 1053 2723 Deo
1107 2685 1268 2724 mane
1298 2669 1437 2724 facta
1464 2673 1493 2724 ‘l
1522 2671 1603 2726 Ibi
1641 2687 1834 2742 nempe
1862 2680 1915 2726 et

307 2751 560 2806 custodia
601 2753 746 2808 facta
793 2755 914 2827 fuit,
945 2757 1014 2810 ad
1040 2759 1146 2813 hoc
1173 2775 1345 2831 usque
1376 2767 1761 2830 prorumpente
1812 2762 1912 2814 Ju-

315 2839 496 2895 duicae
515 2839 761 2910 perﬁdia
789 2845 1051 2914 caecitate,
1083 2853 1140 2900 ut
1167 2863 1326 2918 quem
1339 2848 1590 2903 viderant
1615 2858 1908 2918 mortuum,

304 2927 595 2982 crederent
662 2945 772 2984 non
819 2943 1246 2990 resurrecturum
1281 2952 1294 2996 ;
1329 2944 1379 2990 et
1408 2952 1476 2992 ne
1506 2953 1628 2992 eum
1657 2934 1910 3007 discipuli

306 3024 467 3070 nocte
526 3027 797 3088 raperent,
853 3021 1175 3078 custodibus
1203 3025 1510 3094 sepulcrum
1568 3026 1899 3081 munierunt.

303 3103 426 3159 Alia
437 3106 723 3208 translatio
734 3108 1182 3208 habet,A.vigi-tia
1193 3114 1621 3208 matutina(Mat
1629 3116 1782 3208 ﬂuxa
1789 3120 1906 3186 vn);
1944 3147 1991 3208 Ο

309 3209 410 3264 per
441 3195 594 3264 quod
613 3197 794 3265 aptius
819 3196 939 3267 ipsa
959 3199 1177 3254 Domini
1197 3202 1526 3257 resurrectio
1557 3203 1900 3274 exprimitur.

306 3280 407 3349 Qui
439 3282 588 3336 enim
638 3284 900 3340 dormivit
927 3287 985 3340 in
1018 3295 1206 3354 morte,
1241 3289 1490 3359 vigilavit
1545 3291 1600 3344 in
1655 3307 1910 3346 resurre-

305 3369 510 3425 ctione.
537 3371 774 3443 ldeoque
791 3373 922 3429 dicit
941 3393 952 3429 :
968 3375 1073 3446 Ego
1091 3379 1416 3445 dormivi,et
1439 3384 1732 3451 soporatus
1761 3395 1910 3447 sum,

311 3465 367 3514 et
386 3462 691 3516 resurrexi
736 3462 910 3530 (Psal.
942 3478 1024 3531 ιιι,
1058 3466 1133 3535 6).
1184 3466 1248 3520 Et
1290 3467 1481 3521 iterum
1517 3482 1529 3520 :
1571 3469 1800 3538 Vigilavi
1855 3473 1911 3524 et

306 3549 498 3615 factus
516 3565 642 3603 sum
658 3551 1313 3621 sicutpassersolitarius
1343 3556 1405 3610 in
1449 3561 1595 3612 tecto
1618 3558 1790 3625 (Psal.
1838 3573 1907 3623 ει,

305 3636 378 3702 8).
413 3635 548 3690 Hec
576 3636 756 3709 itaque
775 3640 1096 3696 resurrectio
1126 3643 1241 3712 spei
1271 3652 1467 3698 nostra:
1499 3644 1910 3700 fundamentum

313 3732 412 3790 est,
446 3725 579 3796 quia
606 3726 734 3782 illuc
765 3743 864 3782 nos
891 3737 1249 3797 perventuros
1279 3747 1562 3802 speramus
1587 3751 1694 3804 quo
1749 3743 1911 3804 caput

310 3821 556 3867 nostrum
587 3817 846 3884 praecessi
875 3832 933 3871 se
951 3819 1356 3889 cognoscimus.
1393 3821 1589 3877 Multos
1620 3824 1762 3877 enim
1785 3831 1910 3878 ante

307 3901 454 3956 hanc
482 3903 938 3959 resurrectionem
969 3906 1206 3978 legimus
1248 3910 1613 3978 resuscitatos,
1646 3919 1697 3965 et
1730 3920 1908 3967 tamen

306 3989 726 4060 dicitapostolus
749 4010 761 4046 :
789 3993 931 4060 Quia
944 3997 1217 4066 primitiae
1236 3998 1637 4055 dormientium
1657 3999 1909 4056 Christus

306 4077 498 4144 (ICor.
539 4095 636 4148 xv,
657 4083 772 4150 20).
798 4082 1040 4138 Joannes
1057 4100 1274 4155 quoque
1304 4086 1726 4158 primogenitum
1757 4105 1906 4144 mor-

304 4171 524 4220 tuorum
554 4183 676 4222 eum
705 4169 950 4224 nominat
971 4171 1155 4244 (Apoc.
1187 4174 1251 4243 ι).
1295 4174 1728 4244 Quotquotenim
1784 4185 1907 4233 ante

307 4268 430 4308 eum
462 4265 899 4327 resurrexerunt,
957 4259 1149 4314 iterum
1206 4262 1402 4316 mortui
1445 4272 1568 4318 sunt
1601 4281 1613 4318 :
1649 4264 1905 4322 Christus

303 4358 432 4399 vero
452 4359 762 4415 resurgens
779 4363 814 4401 a
833 4348 1097 4416 mortuis,
1108 4350 1225 4418 iam
1243 4366 1359 4406 non
1376 4353 1626 4408 moritur
1645 4354 1793 4421 (Rom
1807 4371 1899 4420 .vr,

307 4434 378 4500 9).
398 4431 604 4486 Christi
633 4449 766 4505 ergo
783 4436 1110 4490 resurrectio
1139 4438 1255 4506 spei
1273 4447 1470 4495 nostrae
1493 4441 1900 4497 fundamentum

2037 1872 2232 1926 lumen
2255 1874 2599 1942 cognitionis
2633 1874 2791 1942 (Osee
2813 1891 2866 1939 x,
2894 1878 2983 1940 t2,
3007 1890 3114 1930 sec.
3149 1875 3316 1943 LXX).
3370 1877 3630 1947 Magnum

2033 1957 2214 2013 lumen
2235 1961 2379 2030 quod
2430 1961 2684 2015 tenebras
2713 1962 2890 2016 cordis
2945 1967 3195 2029 evacuat,
3220 1963 3413 2017 mentis
3444 1963 3637 2018 oculos

2031 2056 2248 2118 purgat,
2282 2047 2494 2103 animos
2524 2049 2701 2119 erigit,
2734 2050 2898 2104 corda
2918 2051 3188 2118 accendit,
3220 2051 3414 2106 edocet
3467 2051 3638 2106 semi~

2032 2142 2115 2189 tas
2150 2135 2396 2205 justitiae,
2457 2137 2753 2191 desiderim
2799 2137 3007 2192 virtutis
3061 2139 3318 2209 adauget.
3378 2140 3636 2210 Magnum

2031 2224 2232 2292 lumen,
2266 2241 2366 2295 per
2395 2225 2538 2294 quod
2558 2225 2790 2279 vitamus
2805 2225 3150 2292 oﬁ‘endicula,
3168 2227 3473 2297 praecipitia
3486 2243 3634 2297 prm-

2029 2327 2310 2379 cavemus,
2343 2313 2622 2367 evadimus
2664 2312 2921 2382 pericula,
2958 2313 3353 2383 pertransimus
3382 2313 3625 2385 laqueos,

2028 2417 2136 2455 non
2172 2401 2421 2457 timemus
2448 2417 2726 2472 prospera,
2767 2400 3090 2455 sustinemus
3119 2401 3353 2455 adversa
3406 2401 3624 2472 respui-

2025 2505 2145 2543 mus
2176 2505 2432 2558 errorem,
2468 2489 2747 2560 sequimur
2774 2490 3077 2546 veritatem.
3099 2488 3234 2558 Quis
3273 2505 3381 2545 non
3412 2491 3479 2544 de
3500 2490 3622 2545 ide-

2024 2587 2104 2632 ret
2160 2579 2261 2633 hoc
2315 2579 2605 2633 illuminari
2656 2579 2860 2633 lumine
2894 2580 2922 2630 ‘.’
2950 2578 3068 2649 quis
3098 2593 3206 2633 non
3253 2579 3360 2633 hoc
3415 2577 3628 2650 fulgore

2025 2665 2276 2720 illustrari
2308 2669 2573 2738 exoptet‘l
2603 2667 2740 2722 Hinc
2787 2675 2871 2722 est
2907 2667 3056 2738 quod
3089 2668 3358 2738 Propheta
3385 2682 3484 2722 nos
3523 2666 3627 2722 ad-

2023 2763 2226 2821 monet,
2260 2755 2446 2810 dicens
2477 2774 2489 2809 :
2523 2756 2796 2811 Accedite
2815 2755 2888 2811 ad
2917 2771 3064 2821 eum,
3108 2759 3166 2810 et
3205 2755 3627 2810 illuminamini

2022 2844 2196 2912 (Psal.
2226 2859 2422 2911 χχχιιι,
2441 2846 2522 2913 6).
2562 2843 2665 2912 Qui
2694 2843 2903 2898 accedit
2928 2859 3026 2913 per
3052 2841 3232 2907 ﬁdem,
3281 2843 3618 2897 illuminatur

2020 2947 2115 3001 per
2135 2932 2521 3002 cognitionem.
2563 2933 2754 2987 Statim
2786 2939 2964 2985 autem
2991 2939 3115 3000 post
3143 2930 3610 2998 iiluminationem,

2020 3019 2214 3091 gratiae
2244 3035 2397 3090 spem
2428 3019 2578 3089 sequi
2610 3025 2843 3089 oportet.
2875 3020 2991 3073 Hoc
3016 3019 3160 3072 enim
3191 3025 3376 3073 monet
3406 3019 3498 3090 qui
3529 3018 3618 3072 di-

2021 3107 2124 3163 cit:
2152 3109 2190 3161 A
2234 3107 2493 3163 custodia
2531 3108 2827 3162 matutina
2857 3121 3030 3177 usque
3061 3107 3133 3161 ad
3165 3111 3387 3162 noctem
3428 3112 3622 3179 speret

2019 3197 2197 3252 Israel
2212 3198 2274 3251 in
2293 3197 2545 3252 Domino.
2563 3195 2696 3263 Quae
2714 3204 2796 3252 est
2811 3198 2926 3251 haec
2940 3195 3184 3251 custodia
3195 3196 3224 3248 ‘?
3238 3196 3491 3265 Nunquid
3505 3197 3620 3250 auri

2018 3285 2105 3339 vel
2126 3285 2337 3358 argenti
2350 3286 2531 3341 ‘lNum
2549 3285 2945 3350 monilium,vel
2960 3284 3199 3354 lapidum
3212 3283 3570 3353 pretiosorum
3593 3284 3621 3337 ‘l

2019 3373 2161 3427 Num
2179 3373 2428 3438 vestium,
2462 3375 2552 3428 vel
2581 3372 2937 3444 pecuniarum
2960 3375 2986 3425 ἢ
3007 3373 3200 3427 Nonne
3220 3373 3336 3426 haec
3355 3380 3477 3425 sunt
3499 3387 3620 3441 quas

2020 3467 2276 3533 mergunt
2303 3464 2580 3517 hominem
2608 3462 2666 3516 in
2700 3461 2976 3516 interitum
3007 3461 3034 3512 ‘l
3065 3461 3174 3516 Sed
3205 3468 3286 3515 est
3313 3460 3395 3514 his
3449 3461 3620 3514 multo

2018 3550 2330 3620 pretiosius,
2359 3552 2505 3620 quod
2525 3551 2887 3605 illuminatum
2911 3548 3167 3604 custodiri
3197 3555 3466 3618 oporteat.
3517 3549 3620 3603 Di-

2017 3639 2089 3694 cit
2105 3639 2247 3693 enim
2263 3641 2556 3709 PrOpheta:
2577 3640 2803 3696 Iudicia
2821 3640 3046 3696 Domini
3059 3654 3210 3703 vera,
3221 3637 3546 3708 justiﬁcata
3557 3637 3622 3692 in

2017 3727 2772 3800 semetipsa;desiderabilia
2817 3743 2988 3799 super
3007 3743 3218 3782 aurum
3259 3730 3318 3781 et
3375 3727 3622 3796 lapidem

2015 3817 2326 3889 pretiosum
2347 3817 2597 3872 multum
2622 3817 2797 3883 (Psal.
2818 3831 2975 3881 xvm,
2993 3815 3098 3884 10).
3142 3814 3389 3882 Denique
3413 3814 3482 3868 de
3517 3812 3621 3868 Sa-

2018 3905 2222 3975 pientia
2242 3905 2440 3958 dictum
2474 3912 2576 3971 est,
2611 3905 2737 3975 quia
2755 3911 2834 3958 est
2850 3903 3138 3973 pretiosior
3173 3902 3380 3958 cunctis
3402 3901 3618 3972 opibus,

2017 4000 2069 4048 et
2084 3992 2266 4047 omnia
2288 4009 2406 4062 quae
2436 3991 2827 4056 desiderantur,
2844 3992 2968 4046 huic
2982 4007 3087 4046 non
3103 3991 3286 4046 valent
3314 3989 3619 4059 comparari

2017 4082 2204 4150 (Prov.
2237 4083 2318 4150 ιιι)
2334 4123 2346 4135 ,
2374 4082 2471 4136 Hae
2487 4089 2609 4134 sunt
2631 4095 2764 4152 ergo
2783 4080 2985 4135 divitiae
3015 4095 3148 4148 quas
3167 4079 3443 4134 custodire
3457 4076 3618 4131 debet

2017 4168 2105 4238 qui
2137 4170 2204 4223 de
2243 4177 2399 4224 nocte
2455 4170 2524 4224 ad
2554 4169 2876 4224 matutinum
2907 4166 3176 4237 pervenit,
3222 4165 3389 4220 multo
3405 4164 3618 4235 pretio-

2015 4256 2184 4312 siores
2225 4257 2466 4324 terrenis,
2500 4267 2552 4312 et
2586 4256 2983 4329 temporalibus
3036 4254 3292 4317 veriores,
3328 4267 3464 4324 quas
3520 4267 3620 4308 nec

2012 4347 2159 4420 ignis
2189 4364 2434 4416 exurere,
2467 4363 2569 4403 nec
2599 4348 2744 4403 tinea
2764 4345 3078 4412 comedere,
3097 4359 3196 4398 nec
3223 4341 3409 4413 praedo
3438 4349 3621 4412 potest

2009 4437 2228 4492 auferre
2253 4436 2472 4506 (Matth.
2506 4436 2599 4504 vr).
2634 4436 2759 4492 Haec
2816 4434 2978 4489 etiam
3034 4432 3166 4487 mihi
3221 4431 3438 4487 videtur
3483 4431 3619 4485 Pro-

304 4528 386 4575 est
418 4539 431 4581 ;
469 4519 599 4590 quia
646 4520 738 4575 illa
767 4521 879 4577 vita
907 4534 1298 4581 resurrecturos
1344 4543 1446 4582 nos
1501 4531 1792 4600 credimus,
1849 4531 1901 4585 in
1936 4527 1982 4588 D
2022 4526 2187 4595 pheta
2216 4528 2450 4580 sensisse
2487 4541 2608 4582 cum
2637 4525 2691 4579 in
2739 4521 3184 4594 prmoedentibus
3214 4527 3477 4592 quaereret
3507 4536 3521 4573 :
3555 4520 3621 4574 In

306 4625 413 4677 qua
471 4623 573 4663 nos
629 4623 753 4665 cum
781 4625 849 4665 eo
899 4612 1137 4668 virturos
1167 4614 1281 4669 sine
1311 4614 1416 4671 ﬁne
1445 4633 1742 4687 speramus.
1791 4621 1907 4676 Nec

303 4696 466 4752 debet
493 4698 607 4767 jam
639 4699 803 4754 homo
825 4699 894 4755 de
923 4703 1336 4758 resurrectionis
1352 4706 1579 4761 veritate
1605 4707 1902 4780 ambigere,

304 4800 426 4838 cum
463 4785 602 4839 sciat
629 4802 814 4841 verum
835 4786 1114 4844 hominem
1129 4791 1398 4846 Christum
1431 4808 1464 4848 a
1484 4797 1708 4850 mortuis
1728 4812 1908 4851 resur-

302 4871 534 4926 rexisse.
594 4873 677 4927 Ad
731 4874 837 4929 hoc
879 4876 1020 4930 enim
1052 4883 1296 4934 mortuus
1345 4888 1443 4950 est,
1475 4891 1538 4936 ut
1576 4885 1904 4952 viveremus,

303 4960 518 5031 accepit
548 4977 581 5014 a
611 4961 770 5016 nobis
798 4972 856 5017 ut
883 4963 1099 5021 offerret
1133 4983 1237 5036 pro
1267 4969 1445 5024 nobis.
1488 4971 1770 5028 Moriendo
1799 4973 1906 5027 ita-

303 5065 408 5120 que
438 5058 676 5105 mortem
709 5051 991 5119 destruxit,
1015 5057 1346 5127 resurgendo
1376 5058 1502 5112 vitae
1524 5059 1726 5114 aditum
1748 5062 1908 5117 nobis

301 5137 578 5207 patefecit.
605 5137 742 5194 Hinc
761 5146 842 5194 est
869 5141 1012 5210 quod
1042 5143 1217 5198 eidem
1248 5145 1491 5200 Ecclesia
1534 5146 1666 5203 dicit
1698 5151 1906 5206 :Notas

302 5227 447 5282 mihi
467 5229 660 5297 fecisti
673 5228 794 5282 vias
821 5230 1141 5296 vitw(Psal.
1177 5249 1272 5302 xv,
1307 5236 1414 5302 10).
1434 5237 1581 5291 Ante
1611 5236 1904 5294 adventum

301 5315 509 5386 quippe
537 5316 822 5386 ejus,vitze
852 5319 941 5372 via
969 5320 1223 5376 omnibus
1245 5322 1430 5394 ignota
1461 5325 1653 5391 fuerat,
1673 5328 1902 5384 tenden-

297 5402 443 5458 tibus
484 5404 691 5460 cunctis
719 5405 788 5458 ad
818 5415 1070 5475 mortem,
1102 5417 1151 5464 et
1184 5409 1251 5464 ad
1274 5410 1478 5467 inferos
1523 5415 1903 5472 descendenti-

299 5491 400 5547 bus
457 5493 620 5547 etiam
678 5493 882 5563 electis,
909 5495 1085 5552 donec
1115 5497 1206 5554 ille
1252 5499 1476 5567 veniret,
1509 5503 1598 5574 qui
1629 5511 1680 5559 et
1711 5503 1905 5576 impius

297 5581 361 5634 ad
414 5581 881 5651 justiﬁcationem,
939 5592 992 5641 et
1048 5594 1296 5644 mortuos
1353 5599 1570 5647 vocaret
1626 5593 1694 5647 ad
1733 5593 1896 5663 viam,

2017 4630 2122 4687 quo
2143 4615 2800 4686 corrigitadolescentior
2825 4614 2975 4667 viam
2998 4627 3160 4666 suam
3211 4611 3388 4682 (Psal.
3427 4625 3619 4676 cxvm,

2018 4705 2113 4774 9)?
2133 4706 2214 4759 Ne
2236 4705 2281 4758 si
2323 4705 2425 4758 hoc
2469 4703 2586 4757 sine
2633 4702 2972 4757 discussione
3023 4707 3308 4766 assereret,
3349 4697 3624 4753 videretur

2022 4794 2168 4863 quod
2185 4793 2251 4847 ad
2263 4795 2505 4862 junctum
2521 4801 2624 4857 est,
2650 4790 2824 4862 magis
2839 4789 3266 4860 praecipitatione
3311 4787 3617 4858 prolatum,

2019 4898 2182 4951 quam
2201 4897 2270 4936 ex
2287 4881 2494 4953 judicio
2514 4879 2821 4936 deﬁnitum.
2849 4880 2913 4933 Et
2939 4885 2995 4932 ut
3043 4876 3328 4932 consilium
3362 4890 3426 4929 eo
3474 4874 3619 4929 salu-

2016 4971 2165 5026 brius
2176 4971 2614 5041 crederetur,quo
2626 4986 2762 5040 prop
2769 4967 2966 5023 cnsiori
2978 4965 3327 5021 meditatione
3342 4962 3619 5017 examina-

2019 5068 2128 5114 tum
2141 5060 2658 5128 videretur,secutus
2673 5055 2917 5126 adjudxit
2936 5073 2949 5109 :
2970 5057 3034 5109 In
3083 5050 3444 5108 custodiendo
3493 5064 3616 5104 ser-

2016 5163 2210 5205 mones
2233 5153 2377 5204 tuos.
2400 5150 2705 5204 Conversus
2721 5153 2898 5199 autem
2934 5142 3003 5197 ad
3045 5142 3240 5208 Deum,
3266 5139 3332 5192 ad
3377 5138 3616 5191 interro-

2016 5242 2147 5309 gata
2171 5239 2482 5307 respondet,
2503 5246 2558 5290 ut
2575 5235 2772 5291 divinae
2793 5232 3008 5303 pietatis
3037 5227 3342 5284 remedium
3363 5225 3620 5280 credere-

2016 5335 2120 5395 tur,
2138 5327 2282 5398 quod
2301 5333 2447 5381 esset
2468 5326 2745 5379 inventum
2760 5336 2870 5375 non
2898 5315 3320 5389 praesumptione
3355 5315 3618 5383 humana,

2017 5415 2112 5472 sed
2129 5415 2487 5486 inspiratione
2509 5412 2713 5467 divina.
2738 5405 3146 5464 HincJeremias
3159 5404 3233 5458 ait
3253 5420 3266 5458 :
3289 5406 3504 5461 Bonum
3534 5409 3621 5460 est

2014 5507 2131 5562 viro
2151 5521 2279 5560 cum
2293 5503 2604 5575 portaverit
2611 5501 2817 5569 fagum
2835 5497 2900 5552 ab
2913 5495 3298 5551 adolescentia
3316 5510 3440 5550 sua.
3463 5493 3623 5550 Sede-

2013 5593 2478 5660 bitsolitarius,et
2493 5590 2696 5647 tacebit
2717 5589 2740 5661 (
2751 5587 2929 5643 Thren
2967 5584 3367 5655 11:,27).Jugum
3391 5590 3471 5638 est
3495 5599 3621 5640 ver-
