4034 6166
423 258 526 316 639

420 472 652 537 cervice,
686 478 777 526 aut
797 471 1015 526 nutibus
1031 472 1390 543 procedamus
1418 472 1701 527 oculorum
1748 473 1875 541 (lsa.
1907 470 2015 538 ιιι),

418 574 517 615 nec
545 560 615 615 de
644 568 866 630 accepta
882 561 1119 630 qualibet
1141 560 1315 632 gratia
1345 561 1617 628 inilemur,
1669 577 1769 616 nec
1789 560 2019 615 extolla-

418 663 538 702 mus
564 647 618 702 in
648 649 815 703 altum
863 663 1036 703 cornu
1068 658 1336 704 nostrum.
1377 664 1479 703 nec
1531 650 1793 703 adversus
1845 649 2016 703 Deum

416 735 752 806 iniquitatem
779 737 1062 806 loquamur
1081 737 1254 807 (Psal.
1291 740 1483 806 Lxxw)
1518 755 1531 800 ;
1565 737 1663 790 sed
1697 738 1750 790 in
1766 737 2021 792 omnibus

418 824 565 881 sicut
620 824 718 879 Dei
794 825 1071 879 ministros
1129 825 1491 895 nosmetipsos
1572 825 1897 880 exhibentes
1952 825 2026 894 (II

422 914 550 969 Cor.
590 913 686 981 vn),
706 913 915 967 animas
936 921 1153 968 nostras
1168 912 1593 980 humiliemus,et
1608 914 1760 980 juxta
1778 915 2019 983 Aposto-

424 1001 556 1066 lum,
614 1000 908 1057 imitatores
950 1002 1048 1056 Dei
1104 1001 1251 1056 sicut
1291 1000 1384 1056 filii
1417 1000 1677 1058 carissimi
1729 1000 2020 1055 existamus

422 1087 626 1161 (Ephes
639 1132 652 1145 .
688 1096 761 1159 v).

491 1182 558 1232 10
593 1179 926 1233 Portandum
957 1187 1138 1235 autem
1170 1179 1274 1234 hoc
1293 1180 1498 1251 jugum
1520 1178 1588 1234 ah
1621 1178 2017 1244 adolescentia,

419 1265 794 1333 utjuventutis
824 1282 1006 1322 annos
1036 1283 1293 1339 congrua
1321 1268 1629 1338 disciplina
1677 1267 2021 1321 correctione

417 1354 799 1425 unusquisque
822 1355 1129 1425 praveniat
1153 1375 1165 1420 ;
1192 1372 1259 1410 ne
1278 1355 1327 1409 si
1357 1364 1481 1426 post
1496 1357 1747 1410 decursa
1760 1356 2019 1424 juventu-

419 1442 544 1497 tutis
561 1458 739 1498 annos
753 1445 946 1516 jugum
961 1444 1391 1509 tulerit,suorum
1414 1444 1724 1498 stimuletur
1737 1459 2020 1498 rememo-

414 1530 627 1585 ratione
643 1536 1088 1602 peccatorum,et
1103 1532 1298 1587 erroris
1313 1548 1414 1587 usu
1436 1537 1493 1586 et
1507 1532 1771 1603 peccandi
1796 1546 2021 1587 consue-

416 1620 607 1674 tudine
629 1621 1011 1691 exagitetur,et
1034 1620 1190 1675 novis
1210 1637 1432 1693 semper
1448 1620 1853 1691 insurgentibus
1871 1635 2017 1689 pra-

1617 258 1863 315 SANCTI
1905 248 2243 309 GREGORII
2286 257 2511 312 MAGNI

424 382 549 437 bum
581 381 680 438 Dei
709 383 904 438 mentis
924 393 1118 440 nostra
1139 384 1279 440 collo
1310 384 1647 453 impositum,
1680 393 1737 438 ut
1767 399 1867 438 nec
1909 382 2014 436 alta
2045 377 2099 436 Δ

3600 263 3694 321 6&0

2199 382 2373 449 (Vers.
2407 384 2483 451 7.)
2535 374 2684 454 Quia
2705 382 2860 456 apud
2897 385 3198 441 Dominum
3246 386 3632 446 misericordia
3661 395 3713 447 et

2126 470 2345 540 copiosa
2376 472 2528 543 apud
2544 489 2674 528 eum
2704 473 3037 546 redemptio.

2203 561 2292 612 11.
2359 560 2716 616 Commendat
2744 561 2903 616 nobis
2950 563 3054 617 Dei
3084 563 3424 633 Charitatem,
3454 572 3509 619 ut
3522 582 3619 621 nos
3647 567 3710 621 ad

2128 648 2456 714 sperandum
2488 650 2748 705 hortetur.
2780 651 2868 704 Ex
2901 651 3004 706 hoc
3032 653 3179 707 enim
3214 669 3383 722 usque
3413 669 3475 708 ac
3501 659 3708 710 noctem

2128 745 2429 805 speramus,
2463 738 2587 809 quia
2618 754 2739 793 eum
2761 739 3171 797 misericordem
3212 742 3497 808 credimus,
3517 743 3708 816 longa-

2129 824 2328 878 nimem
2351 826 2570 881 scimus.
2611 827 2767 882 Unde
2798 843 2904 882 non
2935 827 3232 899 incongrue
3279 846 3375 900 per
3429 833 3707 902 quemdam

2130 913 2435 982 sapientem
2456 915 2660 971 dictum
2680 923 2759 970 est
2782 934 2794 969 :
2823 917 2902 985 (a)
2929 918 3272 985 Tribularer,
3305 919 3353 973 si
3383 934 3498 974 non
3515 923 3711 976 scirem

2129 1000 2542 1056 misericordias
2557 1008 2704 1067 tuas,
2736 1002 2981 1059 Domine
3013 1004 3193 1071 (Exeo.
3216 1007 3447 1075 χχχιιι).
3472 1005 3682 1061 Tribula

2131 1086 2258 1143 tioni
2288 1088 2491 1160 quippe
2511 1089 2692 1145 cordis
2720 1092 2888 1146 nostri
2920 1092 3219 1147 remedium
3248 1093 3605 1149 miserationis
3632 1094 3714 1149 di-

2129 1176 2276 1231 vina
2288 1178 2518 1232 occurrit
2537 1195 2549 1240 ;
2566 1186 2618 1232 et
2640 1188 2832 1234 contra
2847 1178 3165 1236 difﬁdentia
3181 1180 3384 1235 malum
3401 1179 3712 1238 ﬁrmissima

2128 1264 2242 1336 spei
2275 1264 2954 1335 adhibetconsolationem,
2974 1268 3400 1338 promissionum
3419 1270 3717 1324 divinarum

2128 1361 2270 1408 certa
2300 1353 2459 1408 nobis
2490 1370 2799 1424 proponens
2840 1356 3116 1427 exempla,
3162 1358 3359 1427 quibus
3386 1357 3714 1426 peccantium

2128 1441 2355 1497 salutem
2386 1459 2446 1497 se
2475 1443 2637 1498 malle
2665 1443 3028 1515 asseritquam
3050 1446 3448 1514 perditionem;
3477 1461 3718 1517 quorum-

2126 1528 2251 1584 dam
2305 1547 2521 1602 quoque
2576 1531 2961 1587 correctionem
3019 1534 3091 1587 ad
3146 1533 3387 1587 animum
3444 1533 3713 1601 reducens,

2125 1633 2262 1689 quos
2292 1618 2389 1673 etsi
2412 1635 2443 1673 a
2463 1627 2602 1673 statu
2622 1620 2965 1674 rectitudinis
2986 1636 3140 1676 error
3176 1621 3403 1688 subruit,
3433 1620 3717 1676 conditoris

415 1705 520 1775 liis,
545 1723 642 1762 eos
662 1707 719 1761 in
751 1709 941 1778 seipso
972 1710 1179 1763 sentiat
1218 1708 1700 1780 impugnationum
1733 1707 2011 1773 tumultus,
2042 1721 2097 1783 Β
2128 1712 2306 1761 tamen
2337 1707 2515 1776 gratia
2536 1706 2587 1761 in
2611 1708 3161 1764 meliusreformavit.
3202 1709 3341 1763 Ecce
3367 1709 3617 1779 gravium
3633 1709 3715 1764 de-

418 1795 581 1863 543
601 1811 704 1864 per
724 1797 866 1865 quod
886 1796 1131 1867 quotidie
1154 1800 1246 1851 aut
1266 1798 1447 1851 victor
1464 1796 1780 1864 existat,aut
1811 1796 2016 1851 victus.

412 1882 555 1937 Nam
583 1885 630 1938 si
660 1883 730 1937 ab
758 1884 899 1954 ipsis
928 1885 1306 1940 adolescentia
1362 1885 1675 1956 primordiis
1731 1885 2018 1942 cervicem

416 1970 576 2025 verbi
602 1972 742 2043 jugo
771 1972 1096 2039 subdiderit,
1122 1973 1449 2027 omnibusin
1470 1974 1656 2043 seipso
1674 1973 1771 2028 rite
1792 1988 2016 2042 campo.

416 2057 562 2127 sitis,
588 2060 644 2113 in
661 2076 799 2129 pace
821 2060 1054 2115 sedebit.
1080 2061 1304 2117 Sedebit
1322 2061 1562 2133 quidem,
1587 2062 1783 2116 anima
1798 2076 2020 2116 carnem

416 2146 744 2216 subjiciens,
766 2156 820 2203 et
837 2149 905 2203 de
926 2149 1178 2204 tribunali
1206 2149 1620 2219 rationis,quasi
1640 2151 1709 2203 de
1728 2147 2021 2219 judiciaria

415 2234 547 2290 sede
575 2236 833 2291 omnibus
863 2236 1098 2292 internis
1110 2238 1345 2292 motibus
1362 2237 1507 2292 velut
1525 2238 1855 2308 quibusdam
1874 2236 2017 2290 civi-

414 2322 519 2377 bus
550 2324 727 2379 edicta
744 2341 1084 2395 proponens.
1120 2325 1368 2388 Sedebit,
1400 2329 1644 2395 inquam,
1668 2326 1874 2378 nullum
1896 2340 2017 2378 uie-

415 2418 572 2465 tuens
592 2411 825 2479 hostem,
844 2414 1050 2467 nullam
1081 2414 1323 2467 sentiens
1351 2413 1839 2484 impugnationem.
1866 2413 2019 2466 Stare

416 2513 651 2567 namque
682 2501 984 2570 pugnantis
1014 2509 1111 2567 est,
1145 2501 1339 2555 sedere
1367 2516 1502 2555 vero
1560 2501 1761 2555 feriati.
1796 2500 2021 2556 Sedebit

419 2600 636 2657 quoque
664 2586 952 2654 solitarius,
984 2588 1039 2642 id
1070 2596 1146 2643 est
1177 2590 1245 2642 ab
1276 2589 1423 2643 omni
1453 2588 1760 2643 carnalium
1791 2589 2016 2643 deside-

415 2674 621 2728 riorum
651 2675 881 2730 tumultu
911 2683 1171 2731 remotus.
1223 2678 1306 2731 Do
1348 2679 1450 2733 hac
1507 2677 1798 2731 solitudine
1845 2676 2017 2731 David

420 2760 548 2817 dicit
564 2779 576 2815 :
599 2763 863 2835 Etongavi
882 2766 1129 2835 fugiens,
1148 2769 1203 2820 et
1221 2766 1410 2821 mansi
1424 2768 1487 2821 in
1503 2766 1811 2822 solitudine
1836 2763 2013 2833 (Psal.

417 2864 534 2919 Liv,
553 2850 627 2919 8).
652 2852 842 2921 Neque
856 2853 1000 2907 enim
1016 2869 1108 2907 rex
1131 2855 1550 2923 potentissimus
1566 2855 1659 2924 qui
1679 2862 1755 2908 tot
1775 2853 2017 2906 millibus

418 2939 746 3007 populorum
769 2949 1018 3010 praerat,
1051 2942 1107 2995 in
1127 2942 1417 2996 solitudine
1446 2942 1747 2996 habitabat.
1787 2940 2016 2994 Habita-

419 3025 510 3079 bat
535 3032 713 3080 autem
745 3028 801 3081 in
830 3030 1124 3085 solitudine
1152 3031 1330 3085 cordis
1361 3031 1465 3096 sui,
1498 3029 1552 3083 in
1583 3046 1690 3100 qua
1721 3029 2014 3083 nullosho-

417 3113 588 3168 stium
611 3115 929 3184 spiritalium
953 3118 1205 3187 impetus,
1239 3118 1415 3173 nullos
1445 3133 1831 3189 perversurum
1854 3119 2015 3188 cogi-

420 3202 680 3257 tationum
736 3206 1009 3275 strepitus,
1065 3208 1242 3261 nullos
1271 3210 1548 3277 pateretur
1566 3206 1820 3260 clamoris
1849 3206 2016 3275 iniqui

421 3292 694 3345 tumultus.
727 3291 836 3361 Qui
864 3309 995 3349 vero
1025 3294 1297 3349 solitarius
1313 3296 1484 3361 sedet,
1518 3303 1675 3361 tacet,
1710 3293 2020 3365 intelligens

421 3379 613 3432 melius
643 3396 766 3436 esse
811 3383 971 3436 silere
1022 3398 1186 3454 quam
1214 3383 1358 3452 loqui
1388 3383 1622 3436 incaute.
1653 3382 1789 3435 Hinc
1819 3381 2019 3436 etenim

420 3466 678 3535 scriptum
699 3477 776 3522 est
798 3488 810 3523 :
835 3472 998 3525 Homo
1017 3473 1245 3541 sapiens
1260 3471 1463 3526 tacebit
1487 3487 1663 3542 usque
1684 3470 1756 3525 ad
1797 3474 2019 3541 tempus

422 3556 606 3622 (Prov.
663 3571 742 3623 χι,
796 3560 886 3629 12)
913 3557 1069 3612 Prius
1097 3575 1330 3630 namque
1386 3568 1599 3629 oportet
1622 3558 1831 3613 discere
1857 3574 2019 3628 quam

422 3641 644 3699 docere.
672 3644 800 3699 ldeo
821 3646 1021 3700 dictum
1041 3654 1152 3700 est:
1181 3648 1323 3702 Audi
1342 3648 1515 3702 Israel
1533 3649 1723 3713 (Deut.
1755 3650 1864 3715 γι).
1900 3647 2018 3700 Nc-

424 3747 527 3800 que
558 3731 698 3786 enim
712 3733 870 3802 prius
891 3734 1045 3799 dixit,
1060 3734 1301 3804 loquere,
1325 3736 1424 3790 sed
1449 3736 1595 3790 audi.
1621 3735 1725 3790 Sed
1739 3736 2020 3805 propheta

423 3819 626 3875 dictum
644 3829 724 3875 est
753 3837 781 3874 a
811 3823 1079 3878 Domino:
1106 3824 1150 3877 Ρ
1152 3825 1218 3878 ili
1236 3826 1505 3892 hominis,
1523 3829 1614 3880 sta
1643 3840 1816 3895 super
1844 3824 2012 3895 pedes

426 3914 570 3971 tuos.
595 3914 651 3964 et
671 3911 807 3965 audi
834 3927 1182 3984 quacunque
1201 3913 1396 3984 loquar
1412 3914 1487 3967 ad
1503 3916 1555 3967 te
1575 3914 1592 3979 (_
1599 3913 1796 3968 Ezech.
1833 3928 1895 3980 ιι,
1932 3914 2011 3980 1).

426 3996 531 4065 Qui
561 3998 727 4068 audit,
789 4005 959 4054 tacet.
1002 4002 1169 4055 Tacet
1189 4016 1324 4072 ergo
1353 4002 1444 4070 qui
1477 4002 1530 4055 in
1560 4001 1684 4072 lege
1715 4000 1815 4055 Dei
1845 4000 2021 4054 medi-

428 4092 568 4140 tatur
594 4086 683 4141 die
712 4103 777 4143 ac
807 4095 986 4156 nocte,
1018 4097 1071 4143 et
1097 4089 1246 4144 audit
1267 4090 1396 4158 quid
1428 4089 1681 4159 loquatur
1728 4089 1781 4142 in
1810 4103 1876 4143 eo
1908 4089 2021 4142 Do-

422 4174 600 4228 minus
628 4176 772 4230 Deus
798 4177 889 4246 qui
919 4176 1157 4247 loquitur
1190 4193 1380 4247 pacem
1412 4177 1466 4231 in
1524 4193 1620 4231 eos
1648 4178 1740 4247 qui
1787 4192 2021 4231 conver-

422 4270 603 4317 tuntur
621 4263 688 4318 ad
706 4279 807 4319 cor
835 4266 1292 4335 (Psal.Lxxx1v).
1323 4266 1509 4320 Restat
1525 4281 1661 4336 ergo
1695 4269 1751 4318 ut
1780 4263 2025 4318 dicamus

422 4350 551 4418 quid
569 4352 640 4404 sit
661 4352 803 4419 quod
823 4367 993 4422 usque
1024 4353 1091 4407 ad
1114 4361 1327 4407 noctem
1358 4352 1689 4424 sperandum
1719 4352 1769 4406 in
1788 4352 2021 4406 Domino

2127 1794 2379 1849 lictorum
2432 1795 2576 1851 mole
2605 1796 2851 1864 obrutus,
2879 1804 2931 1851 et
2981 1796 3052 1851 de
3101 1797 3414 1851 meritorum
3472 1797 3717 1866 qualitate

2127 1881 2331 1937 diffisus
2347 1883 2553 1953 aspicio
2574 1885 2855 1939 Zachaum
2880 1885 3038 1953 (Luc.
3062 1886 3211 1956 xxx),
3250 1886 3467 1940 intueor
3494 1885 3710 1939 Mariam

2128 1972 2284 2039 (Luc.
2316 1973 2432 2041 vn),
2464 1972 2748 2028 considero
2765 1974 2982 2027 Petrum
3005 1973 3224 2044 (Matth.
3259 1973 3413 2041 xxv),
3446 1972 3711 2043 perpendo

2128 2058 2391 2115 latronem
2414 2061 2570 2129 (Luc.
2593 2063 2746 2127 xxiii)
2771 2079 2783 2114 :
2810 2062 2864 2114 in
2891 2061 3086 2130 quibus
3116 2061 3482 2115 miserationis
3523 2059 3713 2114 divina

2129 2148 2389 2217 splendor
2441 2149 2714 2219 apparuit,
2746 2160 2907 2218 atque
2940 2166 3038 2221 per
3063 2165 3158 2204 eos
3185 2166 3342 2221 spem
3365 2151 3539 2207 venia
3586 2164 3713 2219 pec-

2128 2237 2375 2291 cantibus
2427 2237 2595 2291 dedit.
2642 2238 2738 2292 Ha
2769 2246 2894 2292 sunt
2923 2238 3318 2292 inaestimabilis
3358 2236 3717 2294 miserationis

2129 2324 2233 2380 Dei
2264 2325 2487 2389 divitia,
2508 2326 2743 2380 humano
2766 2326 3190 2398 quidem'generi
3220 2327 3474 2383 asseculis
3488 2327 3714 2382 abscon-

2128 2412 2274 2481 dita,
2309 2413 2623 2468 novissimis
2662 2430 2788 2470 vero
2838 2415 3182 2482 temporibus
3214 2431 3315 2486 per
3363 2415 3710 2470 mediatorem

2127 2501 2225 2556 Dei
2256 2506 2307 2556 et
2333 2502 2610 2556 hominum
2633 2502 2922 2558 declarata
2951 2504 3000 2571 (ι
3031 2504 3169 2558 Tim.
3219 2504 3309 2573 ιι).
3348 2502 3484 2571 Qua
3513 2517 3607 2573 pro
3634 2499 3709 2554 sui

2126 2589 2488 2645 immensitate
2516 2590 2656 2646 adeo
2684 2591 3255 2660 incomprehensibiles
3283 2599 3429 2657 sunt,
3462 2598 3518 2645 ut
3548 2590 3599 2644 in
3619 2604 3714 2644 ex-

2128 2678 2439 2749 planatione
2475 2694 2663 2734 eorum
2716 2695 2907 2733 manus
2929 2687 3156 2749 torpeat,
3177 2680 3428 2735 fatiscant
3486 2676 3714 2749 ingenia,

2125 2766 2450 2836 eloquentia
2479 2767 2867 2823 conticescant.
2906 2770 3071 2836 544
3100 2768 3367 2837 Superant
3423 2766 3565 2822 enim
3594 2780 3714 2818 sen-

2124 2870 2261 2921 sum,
2288 2870 2591 2909 sermonem
2632 2856 3040 2924 transcendunt,
3071 2855 3404 2910 intellectum
3434 2852 3713 2908 excedunt.

2126 2942 2259 3012 Quis
2289 2943 2431 2997 enim
2460 2943 2628 3015 digne
2659 2959 2908 2998 enarrare
2958 2942 3198 2999 sufﬁciat
3250 2951 3470 3014 quanta
3514 2938 3716 2995 miseri-

2123 3030 2325 3086 cordia
2355 3031 2471 3094 fuit,
2504 3031 2840 3103 unigenitum
2872 3030 2969 3085 Dei
2998 3030 3195 3086 Filium
3213 3030 3281 3085 de
3310 3030 3435 3085 sinu
3459 3027 3621 3084 Patris
3646 3025 3707 3081 ad

2123 3120 2397 3190 publicum
2449 3127 2692 3174 nostrum
2743 3118 3091 3185 descendere,
3168 3134 3388 3174 carnem
3441 3116 3712 3173 mortalem

2125 3222 2430 3273 assumere,
2449 3207 2724 3261 irrisiones
2754 3222 2855 3277 pro
2876 3206 3058 3272 nobis,
3088 3207 3324 3274 vincula,
3348 3206 3587 3278 ﬂagella,
3604 3219 3713 3259 cru-

2124 3312 2263 3361 cem,
2316 3304 2648 3366 mortemque
2704 3295 2933 3350 tolerare
2988 3296 3016 3347 ‘?
3062 3293 3196 3363 Quis
3251 3295 3497 3366 cogitare
3552 3292 3713 3348 valeat

2127 3392 2341 3452 quanta
2371 3382 2535 3437 fuerit
2562 3382 2771 3453 gratia,
2800 3398 2960 3438 ovem
2990 3383 3256 3453 perditam
3289 3398 3556 3452 quaerere,
3576 3394 3713 3453 qua-

2128 3472 2287 3526 sitam
2318 3471 2579 3537 invenire,
2631 3471 2912 3525 inventam
2955 3472 3009 3525 in
3039 3471 3275 3525 humeris
3304 3470 3565 3541 portare?
3591 3466 3712 3535 Quis

2129 3575 2407 3629 exponere
2438 3567 2619 3628 queat,
2653 3568 2866 3628 quanta
2896 3558 3059 3613 fuerit
3091 3558 3479 3623 miserationis,
3536 3571 3713 3612 sacra-

2131 3648 2337 3702 tissima
2367 3647 2593 3716 pretiosi
2615 3645 3186 3718 sanguiniseﬂusione
3215 3662 3389 3717 genus
3436 3648 3713 3700 humanum

2131 3738 2420 3802 redimere,
2454 3744 2505 3790 et
2533 3744 2930 3790 sacrosanctum
2987 3732 3186 3789 vivifici
3233 3734 3481 3804 corporis
3525 3741 3575 3788 ct
3601 3746 3715 3785 san.

2133 3825 2315 3896 guinis
2342 3825 2425 3877 sui
2470 3823 2782 3893 mysterium
2840 3821 3100 3877 membris
3129 3821 3240 3876 suis
3262 3822 3497 3877 tribuere
3518 3822 3546 3875 ?
3573 3820 3715 3889 cujus

2137 3912 2489 3983 perceptione
2518 3926 2717 3980 corpus
2746 3927 2925 3976 suum,
2957 3911 3105 3980 quod
3136 3918 3224 3964 est
3249 3911 3515 3978 Ecclesia,
3547 3907 3715 3980 pasci-

2132 4007 2224 4054 tur
2251 4009 2303 4054 et
2332 4007 2566 4069 potatur,
2599 3998 2837 4052 abluitur
2864 4006 2920 4053 et
2947 3997 3312 4053 sanctiﬁcatur
3340 3999 3369 4053 ‘2
3401 3999 3532 4053 ldeo
3554 4006 3604 4051 et
3619 3993 3719 4065 ple-

2132 4088 2319 4143 nitudo
2359 4087 2616 4157 temporis
2645 4095 2860 4156 tempus
2893 4087 3082 4156 gratia
3130 4088 3465 4153 nominatur,
3520 4086 3572 4140 in
3618 4096 3717 4153 quo

2127 4177 2283 4246 juxta
2301 4176 2445 4229 Pauli
2466 4190 2655 4230 vocem
2678 4192 2690 4227 :
2717 4176 2996 4246 Apparuit
3014 4175 3202 4245 gratia
3217 4174 3384 4231 Salva
3393 4178 3528 4231 toris
3544 4169 3717 4228 nostri

2133 4266 2269 4321 Deio
2282 4281 2320 4312 ιη
2331 4265 2496 4319 nibus
2515 4263 2853 4328 hominibus,
2872 4263 3136 4319 erudiens
3158 4266 3357 4328 nos,ut
3382 4262 3718 4331 abnegauies

2132 4355 2483 4425 impietatem
2506 4356 2563 4407 et
2579 4353 2879 4407 saecularia
2897 4351 3387 4418 desideria,sobrie
3416 4356 3470 4407 et
3489 4352 3642 4421 juste
3665 4348 3717 4401 et

423 4437 569 4492 dicit.
631 4437 763 4506 Quis
819 4420 1029 4494 dubitat
1074 4447 1287 4497 noctem
1311 4420 1471 4496 linem
1503 4458 1621 4495 esse
1641 4440 1751 4495 diei
1784 4442 1812 4495 Ἰ
1843 4440 1937 4495 Sic
1968 4449 2020 4494 ct
2048 4420 2102 4480 D
2137 4420 2227 4514 pie
2250 4442 2503 4496 vivamus
2519 4441 2579 4495 in
2603 4440 2703 4496 hoc
2720 4440 3352 4507 swculo(Tit.it,1l).Et
3372 4420 3560 4494 iterum
3586 4456 3598 4492 :
3623 4444 3715 4505 Δρ-

424 4526 718 4595 unicuique
747 4527 951 4581 homini
976 4527 1099 4582 ﬁnis
1133 4548 1145 4593 ;
1179 4529 1333 4584 istius
1363 4530 1486 4584 vita
1508 4544 1657 4583 mors
1677 4544 1771 4583 sua
1794 4537 1893 4583 est.
1916 4529 2025 4582 Po-

420 4617 533 4667 test
568 4629 788 4685 quoque
812 4632 915 4685 per
943 4626 1159 4672 noctem
1192 4617 1421 4690 intelligi
1453 4618 1545 4672 illa
1593 4617 2029 4687 eatremijudicii

424 4701 560 4765 dies,
601 4718 762 4772 quam
821 4704 1087 4774 propheta
1117 4706 1261 4760 diem
1293 4707 1534 4761 nominat
1568 4706 1915 4761 tenebrarum
1975 4713 2028 4759 et

425 4789 698 4860 caliginis,
729 4791 786 4845 in
814 4809 921 4863 qua
952 4793 1021 4847 ad
1050 4795 1278 4849 caeleste
1308 4810 1535 4866 regnum
1555 4803 1817 4849 vocantur
1871 4793 2027 4848 electi

426 4878 585 4950 (laet.
603 4881 684 4947 ιι),
721 4879 813 4934 ubi
836 4880 954 4950 jam
985 4897 1110 4952 spes
1129 4897 1315 4937 eorum
1356 4881 1761 4947 terminabitur,
1793 4883 2027 4951 receptis

424 4968 679 5023 omnibus
711 4985 834 5039 qua
863 4970 918 5023 in
950 4970 1055 5026 hac
1087 4971 1198 5024 vita
1221 4979 1593 5041 speraverunt,
1617 4974 1674 5024 et
1701 4970 1770 5024 ad
1813 4969 2024 5024 laudem

429 5056 528 5111 Dei
556 5057 970 5112 concinentibus
985 5058 1213 5113 sanctis:
1236 5058 1395 5114 Sicut
1413 5059 1662 5114 audiuim
1672 5060 1842 5127 us,sic
1875 5057 2024 5112 vidi-

426 5162 553 5201 mus
574 5145 882 5202 incivitate
931 5147 1156 5204 Domini
1202 5149 1659 5215 virtutumU’sal
1723 5162 1892 5210 vau,
1926 5150 2010 5214 9).

429 5232 585 5301 Quod
599 5234 743 5289 enim
776 5234 923 5290 videt
951 5235 1235 5305 quis,quid
1264 5244 1447 5305 sperat
1470 5237 1644 5301 (Rom.
1680 5244 1797 5302 vni)
1828 5236 1855 5285 Ἰ
1878 5239 2025 5303 Spe-

429 5322 669 5376 ravimus
693 5337 823 5393 ergo
853 5322 906 5377 in
928 5323 1033 5379 hac
1064 5325 1195 5393 vita,
1243 5331 1301 5378 ut
1329 5323 1474 5394 quod
1496 5323 1585 5378 hic
1614 5323 1671 5376 in
1694 5338 1790 5393 spe
1845 5320 2024 5376 conci-

431 5407 636 5475 pimus,
668 5408 747 5462 ibi
776 5410 832 5464 in
858 5417 910 5466 te
940 5412 1258 5467 habeamus.

2131 4530 2325 4603 paruit
2338 4529 2658 4600 benignitas
2669 4532 2725 4583 et
2737 4526 3072 4584 humanitas
3088 4529 3251 4584 Salva
3259 4528 3398 4583 toris
3411 4526 3715 4593 nostri,non

2135 4635 2209 4673 ex
2229 4617 2487 4688 operibus
2493 4618 2742 4688 justitite
2756 4633 2878 4684 qua:
2894 4617 3134 4685 fecimus
3161 4617 3385 4684 nos,sed
3423 4612 3715 4671 secundum

2134 4723 2297 4762 suam
2321 4704 2772 4761 misericordiam
2818 4703 3002 4760 salvos
3041 4720 3142 4759 nos
3174 4705 3313 4774 fecit
3340 4704 3487 4774 (Zac.
3511 4716 3628 4767 xm,
3653 4700 3713 4765 1).

2135 4795 2267 4850 Hinc
2290 4810 2390 4863 per
2400 4793 2708 4847 Zachariam
2730 4794 3047 4862 prophetam
3060 4792 3287 4847 dicitur:
3316 4794 3378 4847 In
3396 4791 3483 4847 die
3495 4791 3594 4846 illa
3612 4785 3714 4843 erit

2131 4887 2261 4955 fons
2268 4887 2476 4954 patens
2494 4881 2691 4937 domus
2715 4882 2887 4936 David
2906 4880 3364 4936 inhabitantibus
3393 4877 3712 4938 Jerusalem,

2133 4973 2197 5026 in
2217 4973 2504 5027 ablatione
2519 4974 2881 5041 peccatorum
2907 4973 2961 5024 et
2977 4974 3268 5025 menstrua
3279 4972 3367 5023 tae.
3388 4966 3520 5036 Quis
3535 4971 3611 5019 est
3625 4962 3715 5016 iste

2136 5059 2276 5125 fons,
2297 5059 2397 5112 nisi
2422 5057 2730 5124 unigenitus
2746 5057 2843 5112 Dei
2865 5056 3031 5112 Filius
3049 5059 3077 5109 εἰ
3100 5057 3167 5111 de
3181 5072 3289 5128 quo
3301 5072 3395 5127 per
3410 5052 3712 5126 pmplietam

2149 5147 2343 5202 dicitur
2368 5164 2379 5199 :
2413 5145 2585 5218 Apud
2612 5149 2665 5201 te
2696 5147 2925 5216 est/ous
2949 5145 3077 5200 vita:
3107 5144 3278 5203 (Psal.
3315 5159 3477 5209 xxxv,
3499 5141 3599 5200 ιο).
3619 5132 3713 5203 Qui

2144 5235 2398 5290 nimirum
2428 5242 2551 5288 tunc
2565 5243 2759 5303 patens
2777 5233 2996 5301 exstitit,
3021 5234 3238 5303 quando
3269 5233 3322 5286 in
3364 5229 3560 5285 mundo
3598 5222 3711 5278 visi-

2133 5323 2255 5378 bilis
2284 5338 2573 5393 apparens,
2596 5337 2696 5392 pro
2727 5320 3054 5377 liberatione
3081 5328 3268 5376 nostra
3293 5333 3506 5379 carnem
3543 5326 3711 5368 susce-

2134 5411 2211 5482 pit
2241 5412 2413 5479 (Rom.
2447 5413 2501 5477 ι).
2535 5408 2640 5478 Qui
2671 5409 2836 5465 etiam
2865 5409 3061 5466 domus
3081 5408 3253 5465 David
3270 5408 3445 5465 dictus
3467 5410 3544 5460 est
3564 5397 3713 5472 ,-quia

504 5547 573 5615 (ιι)
598 5544 814 5601 Initium
843 5555 925 5602 est
953 5548 1313 5620 Responsorii
1344 5554 1375 5604 8
1396 5550 1453 5607 in
1481 5549 1656 5609 oﬂicio
1681 5557 1839 5608 noct.
1877 5550 2181 5610 Dominica
2216 5553 2233 5605 ι
2272 5548 2739 5621 Quadragesima.
