4034 6166
320 322 406 377 till
988 311 1059 370 lN
1098 312 1373 370 SEPTEM
1414 306 1659 366 PSALM.
1710 306 1970 366 ΡΟΕΝΙΤ.
2011 301 2420 366 EXPOSITIO.
2463 342 2530 352 —
2574 308 2771 368 PSAL.
2815 307 2929 369 VII.

3521 317 3625 372 642

318 454 380 491 ex
411 434 626 490 semine
652 431 831 488 David
855 431 1157 487 secundum
1190 444 1408 485 carnem
1438 434 1595 482 natus
1624 433 1723 482 est.
1756 426 1916 481 Jeru-
1944 423 2001 484 A
2030 425 2104 480 ris
2132 424 2379 494 linguam
2408 426 2647 496 produnt
2676 429 2854 496 (Rom.
2884 430 3026 503 VIII).
3060 432 3216 501 Quod
3244 433 3353 490 hoc
3399 433 3454 489 in
3503 434 3627 492 loco

322 524 485 581 salem
515 536 650 578 vero
681 520 821 576 visio
849 520 1005 590 pacis
1031 520 1437 589 interpretatur.
1468 515 1673 587 Hiergo
1702 515 1918 569 Jerusa-

320 613 422 669 lem
452 610 784 673 inhabitant,
818 609 911 679 qui
942 608 1011 662 ad
1042 623 1283 662 amorem
1331 604 1627 661 cmlestium
1681 610 1917 657 mentem

318 700 517 757 levant.
555 700 821 754 Peccator
848 713 978 753 vero
1007 705 1061 751 et
1088 701 1425 750 menstruata
1464 700 1564 760 est,
1610 691 1703 747 vel
1730 691 1775 745 is
1828 691 1917 762 qui

321 787 580 858 delinquit
610 787 664 841 in
693 802 884 857 opere,
911 786 998 842 vel
1026 801 1180 840 mens
1195 800 1317 854 quae
1332 781 1601 838 labiturin
1630 796 1797 851 prava
1817 795 1917 836 co-

321 877 597 948 gitatione.
629 876 961 931 Menstruata
993 888 1225 944 namque
1256 870 1451 927 mulier
1505 871 1581 923 ita
1637 869 1692 923 in
1741 868 1921 939 seipsa

321 966 595 1038 polluitur,
626 969 687 1019 ut
714 964 896 1019 aliena
926 978 1087 1018 carne
1134 961 1357 1016 minime
1415 966 1684 1031 tangatur.
1747 955 1919 1020 Quasi

322 1069 449 1126 ergo
480 1059 817 1109 menstruata
844 1051 940 1105 illa
969 1060 1048 1106 est
1085 1051 1290 1119 anima,
1323 1064 1446 1120 quae
1502 1048 1602 1102 etsi
1656 1047 1709 1101 in
1761 1044 1917 1117 pravi

322 1142 495 1214 operis
523 1140 775 1196 effectum
805 1154 912 1195 non
943 1138 1175 1203 ducitur,
1207 1138 1262 1192 in
1292 1137 1695 1192 immundamm
1734 1141 1916 1189 tamen

319 1229 709 1302 cogitationum
740 1227 1100 1284 delectatione
1131 1234 1400 1281 versatur.
1442 1224 1578 1293 Quia
1609 1224 1777 1297 igitur
1798 1223 1919 1292 jam

319 1326 465 1389 patet
491 1317 653 1372 nobis
704 1317 826 1371 fons
880 1314 1295 1371 misericordiae.
1327 1314 1657 1383 Redemptor
1711 1318 1916 1380 noster,

322 1415 431 1462 toto
459 1407 600 1462 hunc
630 1413 851 1476 pectore
882 1404 1230 1465 hauriemus;
1266 1409 1324 1456 ut
1368 1402 1717 1472 exstinguere
1774 1400 1919 1455 sitim

322 1493 623 1550 carnalium
652 1492 1042 1548 desideriorum
1074 1491 1376 1546 valeamus.
1410 1491 1686 1544 Lavemus
1740 1488 1794 1543 in
1852 1503 1919 1544 eo

319 1583 564 1638 maculas
594 1582 904 1647 criminum,
939 1589 1092 1635 notas
1132 1581 1401 1635 diluamus
1432 1578 1730 1633 carnalium
1759 1577 1918 1649 cogi-

322 1671 602 1742 tationum.
632 1670 703 1725 Et
732 1669 821 1741 qui
869 1669 1076 1725 fontem
1133 1669 1538 1732 misericordiae,
1600 1667 1646 1721 si
1706 1667 1921 1722 clausus

323 1768 488 1825 esset,
521 1774 763 1831 quaerere
776 1758 1282 1826 debuimus,saltem
1312 1765 1556 1827 apertum
1579 1764 1631 1810 et
1647 1762 1920 1826 patentem

321 1863 435 1902 non
463 1847 830 1919 negligemus.
865 1846 1204 1916 Sperandum
1235 1861 1471 1916 namque
1502 1844 1659 1899 nobis
1679 1852 1776 1911 est,
1796 1843 1923 1912 quia

322 1934 392 1989 ibi
428 1934 756 2005 paenitentiae
788 1942 984 1989 nostra;
1012 1932 1163 1988 locus
1198 1948 1303 1987 non
1327 1932 1520 1993 deerit,
1552 1932 1643 1986 ubi
1665 1935 1921 1985 innume-

324 2023 577 2078 rabilium
609 2022 889 2079 hominum
947 2020 1292 2092 compunctio
1346 2020 1525 2075 locum
1582 2018 1807 2074 invenit.
1841 2020 1923 2073 Ad

326 2111 434 2167 hoc
461 2111 606 2166 enim
635 2118 780 2182 patet
804 2118 863 2165 ut
890 2110 1056 2177 lavet,
1086 2109 1156 2163 ad
1202 2110 1305 2163 hoc
1335 2108 1447 2162 ﬂuit
1479 2117 1531 2161 ut
1564 2106 1820 2173 lietiﬁcet,
1855 2105 1925 2161 ad

328 2200 437 2255 hoc
464 2199 733 2254 redundat
764 2206 822 2253 ut
851 2204 1072 2269 purget.
1111 2197 1249 2251 Nam
1280 2196 1566 2250 subditur:

386 2286 579 2361 (Vera.
613 2290 667 2355 8)
698 2288 768 2342 Et
789 2288 907 2358 ipse
937 2285 1176 2342 redimet
1198 2286 1371 2341 Israel
1392 2299 1467 2341 ea:
1514 2282 1775 2340 omnibus
1804 2283 1925 2338 ini-

328 2374 645 2449 quitatibus
682 2377 826 2447 ejus.

393 2466 489 2519 12.
520 2463 704 2518 Restat
733 2462 899 2534 igitur
925 2468 984 2516 ut
1029 2461 1200 2517 Israel
1247 2461 1564 2530 efﬁciamur,
1598 2469 1652 2517 et
1706 2473 1925 2516 omnem

324 2550 773 2607 transcendentes
801 2559 1122 2618 creaturam,
1141 2550 1197 2603 in
1221 2565 1342 2605 eum
1373 2550 1467 2621 qui
1495 2550 1677 2604 omnia
1698 2548 1924 2614 creavit,

320 2639 520 2695 mentis
550 2640 721 2697 aciem
750 2639 1073 2711 dirigamus.
1107 2640 1473 2709 Disponamus
1494 2638 1849 2694 ascensiones
1870 2640 1929 2692 in

321 2727 491 2783 corde
520 2735 739 2793 nostro,
769 2736 823 2781 et
848 2743 947 2797 per
974 2742 1066 2783 eas
1121 2727 1191 2782 ad
1220 2726 1550 2782 conditorem
1609 2726 1928 2797 angelorum

321 2831 460 2886 puro
490 2823 545 2871 et
571 2808 807 2885 simplici
839 2815 1110 2870 intellectu
1141 2814 1528 2869 ascendamus.
1582 2813 1728 2882 Quid
1784 2815 1929 2869 enim

324 2910 434 2958 tam
465 2918 634 2958 suave
664 2911 719 2958 et
749 2910 854 2957 tam
879 2902 1201 2972 jucundum,
1235 2917 1398 2973 quam
1428 2903 1622 2957 mentis
1651 2902 1824 2958 oculis
1876 2909 1930 2958 et

323 2989 516 3046 cordis
546 2990 820 3045 desiderio
847 2991 1201 3060 contemplari
1233 2992 1428 3058 Deum,
1461 2999 1626 3060 atque
1655 2990 1775 3059 ejus
1800 3006 1932 3044 sua-

322 3078 373 3132 vi
383 3078 612 3133 ssimam
626 3078 917 3150 degustare
931 3078 1786 3147 dulcedinem,dulcissimamque
1806 3094 1927 3132 sen-

325 3164 427 3221 tire
461 3166 835 3220 suavitatem?
892 3165 1062 3221 Adest
1104 3166 1263 3221 nobis
1317 3166 1490 3238 gloria
1546 3166 1926 3237 Redemptoris

324 3253 515 3319 nostri,
548 3269 674 3323 quae
703 3268 802 3307 nos
830 3268 863 3308 a
894 3254 1122 3309 terrenis
1152 3254 1222 3309 ad
1251 3254 1491 3310 coelestia
1520 3255 1706 3325 erigat,
1740 3255 1929 3311 oculos

325 3340 509 3396 cordis
538 3341 704 3396 nostri
731 3340 798 3395 ad
832 3341 1129 3396 videndum
1158 3342 1330 3397 solem
1356 3342 1579 3409 justitiae
1607 3343 1833 3412 aperiat,
1866 3359 1931 3399 ac

324 3444 426 3497 per
459 3429 564 3484 hoc
591 3444 659 3483 ex
690 3427 945 3484 omnibus
994 3444 1096 3484 nos
1121 3428 1494 3500 iniquitatibus
1522 3431 1721 3485 nostris
1772 3431 1929 3486 redi-

325 3525 460 3570 mat.
493 3514 598 3584 Qui
626 3516 762 3571 vivit
790 3524 844 3571 et
872 3524 1065 3587 regnat
1092 3516 1242 3572 Deus
1273 3534 1371 3588 per
1401 3519 1584 3575 omnia
1612 3519 1809 3575 saecula
1831 3535 1931 3575 sae-

326 3604 598 3660 culorum.
629 3607 801 3659 Amen
814 3644 828 3657 .

826 3693 990 3761 545
1032 3694 1439 3751 PROOEMIUM

530 3814 589 3853 1N
629 3813 910 3854 SEPTIMUM
948 3813 1211 3855 PSALUUM
1250 3813 1744 3856 ΡωΝιτΕΝΤΙΑιΕΜ.

398 3888 671 3943 Psalmus
736 3888 932 3955 David,
991 3888 1213 3959 quando
1288 3890 1725 3960 persequebatur
1804 3904 1935 3945 eum

810 3976 1070 4031 Absalom
1107 3976 1265 4044 ﬁlius
1293 3976 1436 4045 ejus.

396 4063 488 4117 De
512 4061 711 4134 psalmi
740 4062 1021 4118 centesimi
1085 4062 1494 4133 quadragesimi
1522 4064 1743 4120 secundi
1760 4064 1933 4134 titulo,

326 4148 495 4219 juxta
524 4150 668 4219 quod
694 4149 870 4219 pietas
894 4150 1076 4205 divina
1104 4150 1407 4219 contulerit,
1436 4151 1731 4219 locuturus,
1785 4153 1939 4223 prius

331 4238 460 4293 volo
494 4238 692 4292 modos
721 4238 937 4307 aperire
965 4238 1309 4309 prophetiae;
1334 4247 1596 4309 quatenus
1642 4241 1771 4295 dum
1824 4242 1939 4310 ejus

333 4323 627 4380 diversitas
657 4325 974 4395 ostenditur,
1009 4326 1130 4396 ejus
1159 4335 1211 4382 et
1238 4326 1600 4399 intelligentia
1631 4329 1845 4383 facilius
1871 4344 1938 4386 ac

334 4413 602 4483 quiratur.
635 4413 930 4469 Sciendum
959 4430 1198 4487 namque
1229 4424 1307 4471 est
1337 4416 1463 4485 quia
1492 4417 1779 4487 prophetia
1834 4418 1931 4473 tri-

334 4601 554 4660 cunque
586 4590 728 4644 enim
758 4591 1021 4662 propheta
1050 4591 1230 4646 futura
1274 4593 1526 4661 innotuit,
1585 4600 1677 4648 aut
1742 4594 1946 4662 verbis,

339 4682 435 4730 aut
466 4677 647 4745 lactis,
679 4685 767 4732 aut
796 4679 1023 4733 somniis
1049 4679 1415 4749 prophetavit.
1458 4680 1656 4736 Verbis
1702 4697 1939 4753 namque

338 4762 526 4819 futura
558 4765 815 4834 praedixit
846 4766 1161 4834 lsaias,cum
1190 4767 1264 4822 ait
1289 4769 1453 4823 :Eoee
1482 4769 1631 4840 virgo
1661 4770 1942 4841 concipiet

342 4856 400 4907 et
428 4852 623 4924 pariet
639 4854 921 4923 filium,“
943 4856 1235 4911 vocabitur
1261 4871 1470 4911 nomen
1487 4856 1945 4926 ejusEmmanuel

338 4939 597 5009 (Isa.vn,
631 4941 765 5010 14.).
797 4941 1033 4997 Somniis
1064 4958 1193 4998 vero
1234 4944 1740 5000 Nabuchodonosor
1770 4944 1946 5000 futura

340 5029 615 5097 previdit,
649 5044 769 5099 quae
800 5029 1001 5100 Spiritu
1031 5039 1221 5086 sancto
1252 5032 1442 5087 Daniel
1469 5032 1703 5102 repletus
1741 5033 1947 5088 enoda-

342 5116 416 5171 vit
476 5117 653 5187 (Dan.
711 5118 798 5189 ιι).
859 5118 1035 5173 Factis
1090 5119 1372 5175 Abraham
1430 5119 1608 5176 futura
1661 5122 1947 5191 nuntiavit,

344 5205 565 5274 quando
596 5204 813 5260 unicum
831 5205 1001 5261 ﬁlium
1015 5224 1173 5264 suum
1205 5208 1276 5263 ad
1296 5208 1558 5264 sacriﬁcia
1579 5208 1774 5265 obtulit
1787 5211 1947 5282 (Gen.

343 5295 514 5361 xxii).
554 5292 731 5361 Quem
760 5294 1036 5363 nimirum,
1068 5312 1233 5368 quem
1263 5297 1316 5352 in
1348 5299 1453 5353 hoc
1476 5313 1643 5368 opere
1682 5298 1950 5371 designat,

343 5376 451 5435 nisi
485 5396 607 5435 eum
643 5381 735 5452 qui
762 5385 988 5454 p'rOprio
1017 5384 1127 5441 ﬁlio
1158 5401 1258 5441 suo
1286 5400 1396 5442 non
1424 5387 1690 5458 pepercit,
1721 5388 1825 5443 sed
1851 5404 1954 5459 pro

343 5466 516 5523 nobis
540 5469 796 5525 omnibus
826 5473 1045 5528 tradidit
1074 5473 1255 5529 illum?
1282 5475 1410 5544 Ipsa
1435 5474 1580 5531 enim
1609 5476 1955 5549 antiquorum

343 5562 572 5627 patrum
600 5565 759 5629 gesta
792 5560 950 5615 nobis
981 5563 1290 5632 prophetiae
1318 5570 1460 5631 sunt,
1494 5563 1583 5634 qui
1620 5564 1751 5620 dum
1806 5565 1956 5621 aliud

341 5650 538 5721 agunt,
566 5652 622 5703 et
647 5643 795 5703 aliud
821 5648 1290 5722 innuunt,occulta
1316 5650 1474 5708 nobis
1498 5652 1663 5725 quasi
1686 5668 1789 5725 per
1810 5668 1952 5726 ope-

1064 5772 1129 5779 ε

2033 513 2315 569 evidenter
2342 514 2666 582 ostenditur,
2698 533 2819 571 cum
2851 519 3109 575 Absalom
3140 520 3281 577 facta
3309 522 3379 576 ad
3408 539 3625 581 memo-

2037 602 2173 656 riam
2196 602 2811 661 reducuntur.Absalom
2826 623 3055 679 namque
3071 617 3271 680 patrem
3292 626 3627 683 persequens

2043 690 2119 759 (II
2140 693 2264 763 Reg.
2297 693 2474 763 xviu),
2506 692 2575 748 ad
2608 695 2708 749 hoc
2737 710 2909 765 usque
2936 696 3106 752 livore
3144 696 3327 754 feratis
3379 701 3631 771 prorupit

2040 778 2282 850 invidiae,
2316 789 2374 834 ut
2401 781 2453 835 in
2483 782 2662 852 seipso
2692 782 2989 840 destrueret
3011 785 3139 854 jura
3185 794 3415 843 naturae.
3454 788 3629 858 Quem

2041 867 2182 922 enim
2215 869 2528 925 naturaliter
2556 886 2736 926 amare
2766 872 3031 928 debuerat
3057 882 3115 928 ut
3142 883 3507 944 patrem,cum
3538 878 3628 933 in-

2043 957 2277 1012 humane
2307 959 2734 1030 perscquebatur
2760 969 2819 1015 ut
2863 962 3091 1016 hostem.
3148 963 3404 1019 Absalom
3447 970 3626 1021 autem

2039 1060 2147 1115 pax
2178 1047 2342 1116 patris
2371 1046 2776 1117 interpretatur,
2809 1065 2917 1104 non
2948 1050 3092 1119 quod
3123 1051 3170 1106 ei
3201 1068 3314 1121 pax
3362 1053 3470 1109 ulla
3508 1070 3633 1110 eum

2035 1142 2186 1202 patre
2219 1134 2393 1204 fuerit,
2427 1137 2523 1191 sed
2555 1137 2679 1206 quia
2709 1147 2922 1209 quantae
2950 1139 3102 1207 pacis
3146 1148 3200 1194 et
3228 1142 3502 1210 patientiae
3531 1159 3631 1198 ex-

2031 1223 2179 1291 stitit,
2214 1224 2265 1277 in
2297 1225 2414 1294 ejus
2443 1226 2797 1296 perversitate
2824 1235 2981 1298 pater
3009 1230 3268 1284 ostendit.
3299 1230 3430 1299 Quis
3450 1239 3631 1287 autem

2030 1328 2128 1381 per
2157 1312 2432 1381 Absalom,
2461 1314 2563 1368 nisi
2590 1315 2845 1371 Iudaicus
2872 1317 3107 1388 populus
3132 1336 3144 1371 :
3187 1319 3309 1388 quis
3368 1335 3496 1375 vero
3524 1336 3626 1391 per

2033 1400 2233 1467 David,
2267 1401 2319 1455 ni
2350 1402 2683 1472 Redemptor
2703 1411 2887 1460 noster
2917 1406 3205 1476 signatur?
3235 1407 3375 1466 Hinc
3394 1425 3627 1478 namque

2029 1505 2128 1559 per
2155 1490 2474 1561 Pr0phetam
2502 1492 2708 1547 Veritas
2732 1494 2806 1547 ait
2839 1493 3002 1549 :Fz’lii
3030 1496 3210 1549 alieni
3233 1499 3468 1553 mentiti
3486 1501 3626 1553 sunt

2030 1579 2318 1649 mihi,/ilii
2346 1581 2523 1636 alieni
2555 1582 2861 1637 inreterati
2879 1584 3627 1654 sunt(Psal.xvn,46).Deni-

2030 1683 2135 1737 que
2166 1666 2284 1737 ipse
2314 1675 2394 1723 est
2422 1666 2561 1723 ﬁlius
2589 1669 2789 1732 senior,
2822 1671 2911 1739 qui
2940 1672 3385 1728 adolescentioris
3421 1673 3625 1730 inven-

2030 1754 2159 1809 tioni
2189 1755 2438 1810 invidens
2468 1765 2518 1811 et
2550 1757 2762 1825 salutis,
2783 1758 3003 1813 domum
3036 1761 3209 1815 renuit
3236 1762 3435 1817 intrare
3465 1764 3621 1832 (Luc.

2031 1843 2122 1908 xv)
2152 1843 2553 1913 Ecclesiae.Qui
2608 1846 2851 1914 profecto
2881 1848 3151 1903 canticum
3182 1865 3289 1904 non
3316 1857 3495 1905 cantat
3522 1851 3625 1907 lte-

2030 1928 2179 1997 titia:,
2210 1944 2309 1983 nec
2338 1930 2736 1985 concinentium
2767 1931 3095 1987 admiscetur
3118 1935 3316 1999 choris,
3351 1943 3404 1990 et
3423 1936 3623 1992 annulo

2030 2026 2221 2066 carens
2250 2011 2396 2077 ﬁdei,
2429 2029 2527 2068 nec
2556 2014 2696 2068 stola
2725 2015 3143 2071 immortalitatis
3198 2019 3457 2086 induitur,
3523 2034 3625 2076 nec

2030 2100 2180 2155 vituli
2236 2100 2471 2172 saginati
2506 2101 2762 2156 alimento
2792 2102 3043 2158 satiatur.
3081 2104 3182 2172 Qui
3214 2107 3374 2161 etiam
3406 2109 3624 2163 haedum

2032 2188 2244 2259 qumrit,
2280 2188 2402 2257 quia
2431 2204 2632 2259 agnum
2663 2190 2753 2260 qui
2785 2190 2923 2245 tollit
2968 2201 3192 2260 peccata
3250 2195 3458 2256 mundi,
3516 2210 3627 2250 non

2032 2276 2318 2348 sequitur:
2354 2284 2407 2331 et
2437 2276 2559 2332 ideo
2587 2276 2725 2332 inter
2753 2277 2938 2333 haedos
2986 2278 3041 2333 in
3093 2280 3300 2349 judicio
3355 2282 3622 2348 statuitur,

2032 2380 2133 2420 nec
2163 2365 2231 2419 ad
2280 2380 2489 2421 coenam
2520 2365 2828 2436 nuptiarum
2858 2366 2981 2436 ejus
3011 2376 3235 2423 vocatur
3250 2370 3460 2425 Patrem
3490 2387 3624 2442 ergo

2033 2453 2295 2508 Absalom
2324 2459 2640 2524 persecutus
2670 2463 2769 2524 est,
2800 2456 2927 2524 quia
2955 2456 3211 2512 Iudaicus
3232 2458 3465 2528 populus
3492 2459 3626 2514 dum

2035 2542 2240 2595 monita
2265 2542 2457 2597 salutis
2485 2543 2709 2613 respuit,
2740 2543 2795 2597 in
2824 2545 3048 2615 prOpria
3077 2545 3384 2602 venientem
3415 2547 3516 2603 Dei
3545 2547 3629 2602 Fi-

2035 2629 2167 2684 lium
2201 2630 2444 2701 recipere
2473 2632 2749 2686 recusavit
2778 2629 3081 2702 (Joan.m).
3114 2635 3173 2687 In
3207 2641 3412 2689 tantum
3454 2643 3633 2691 autem

2035 2719 2275 2773 vesaniae
2304 2735 2417 2773 sua:
2450 2719 2741 2774 extendere
2772 2729 2996 2775 conatus
3028 2728 3111 2776 est
3140 2722 3366 2791 rabiem,
3398 2726 3456 2778 ut
3475 2739 3633 2778 suum

2037 2806 2283 2861 oscidere
2311 2814 2662 2875 praesumeret
2693 2809 3027 2863 Creatorem.
3088 2811 3150 2863 In
3207 2826 3320 2880 quo
3377 2811 3634 2865 nimirum

2041 2895 2185 2949 facto
2214 2894 2474 2962 patientia
2503 2894 2701 2948 Chrisii
2731 2895 3004 2951 declarata
3028 2905 3127 2964 est,
3160 2898 3250 2966 qui
3280 2914 3390 2954 non
3449 2899 3628 2954 solum

2040 2982 2118 3036 eis
2143 2981 2344 3059 malum
2376 2998 2476 3053 pro
2507 2982 2650 3037 malo
2682 2999 2792 3037 non
2824 2984 3076 3052 reddidit,
3107 3001 3295 3040 verum
3348 2985 3508 3045 etiam
3563 2987 3636 3041 ad

2042 3078 2266 3124 mortem
2299 3071 2493 3125 ductus
2520 3087 2620 3140 pro
2651 3071 2731 3126 eis
2759 3071 2952 3140 oravit,
2985 3072 3205 3128 dicens:
3244 3072 3434 3142 Pater,
3465 3075 3630 3145 igno-

2034 3174 2123 3214 sce
2144 3158 2282 3226 illis,
2299 3160 2431 3232 quia
2453 3160 2871 3230 nesciuntquid
2887 3161 3117 3231 faciunt
3137 3160 3478 3233 (Luc.xxm,
3501 3164 3620 3234 34).

2034 3247 2189 3302 Unde
2222 3255 2273 3301 et
2298 3248 2575 3316 apostolus
2604 3248 3067 3313 admonet,dicens
3091 3266 3103 3302 ε
3132 3248 3392 3305 Christus
3404 3267 3512 3323 pro
3528 3269 3634 3309 no-

2037 3336 2117 3390 bis
2147 3351 2346 3408 passus
2368 3340 2471 3402 est,
2490 3337 2781 3408 reliquens
2807 3338 2963 3393 nobis
2989 3338 3411 3409 exemplum,ut
3438 3355 3637 3413 sequa-

2035 3425 2415 3495 murvestigia
2443 3426 2688 3496 ejus,qui
2704 3429 3002 3497 peccatum
3032 3442 3149 3481 non
3160 3427 3637 3495 fecit,necinven-

2039 3512 2132 3563 tus
2151 3512 2237 3563 est
2266 3508 2426 3564 dolus
2448 3509 2510 3563 in
2533 3524 2632 3564 ore
2652 3510 3037 3581 ejus,quicum
3056 3510 3637 3579 malediceretur,non

2039 3596 2428 3662 maledicebat,
2469 3612 2600 3652 cum
2629 3601 3066 3667 pateretur,non
3095 3598 3551 3655 comminabatur
3592 3597 3641 3670 (Ι

2036 3683 2708 3753 Petr.u,21).0ratautem
2739 3685 2967 3755 caputin
2995 3686 3100 3741 hoc
3127 3686 3340 3756 psalmo
3357 3702 3454 3757 pro
3468 3702 3641 3742 mem-

2038 3772 2169 3839 bris,
2195 3772 2440 3827 Christus
2455 3787 2554 3841 pro
2576 3772 3017 3840 Ecclesia,virtus
3036 3789 3135 3844 pro
3158 3773 3488 3830 inﬁrmitate.
3512 3775 3646 3833 Orat

2041 3861 2245 3934 quippe
2277 3868 2335 3915 ut
2365 3876 2474 3915 non
2503 3875 2694 3915 severe
2720 3859 3056 3930 judicentur,
3080 3863 3179 3917 sed
3210 3862 3647 3920 misericorditer

2041 3949 2420 4004 exaudiantur.
2454 3948 2799 4018 Persequitur
2825 3948 2987 4004 etiam
3027 3950 3132 4006 hoc
3193 3958 3436 4023 tempore
3493 3952 3643 4009 schi-

2041 4037 2299 4093 smaticus
2329 4051 2532 4105 corpus
2561 4035 2778 4101 Christi,
2806 4036 3092 4109 impugnat
3120 4038 3412 4094 haereticus
3439 4041 3640 4096 Eccle-

2042 4127 2200 4192 siam,
2233 4125 2500 4180 unitatem
2530 4122 2768 4177 inﬁdelis
2785 4125 3077 4193 perturbat.
3112 4129 3161 4194 5
3180 4128 3279 4193 46
3301 4126 3410 4182 Sed
3440 4128 3639 4183 clamat

2042 4212 2113 4268 ad
2142 4212 2314 4266 Deum
2344 4206 2785 4277 Ecclesia,capiti
2815 4224 2912 4263 suo
2944 4209 3158 4268 Christo
3186 4213 3242 4267 in
3269 4214 3474 4269 unitate
3516 4216 3637 4286 spi-

2041 4300 2174 4355 ritus
2201 4294 2654 4366 conjuncta.Quaa
2675 4296 2776 4349 etsi
2805 4296 2955 4351 omni
2975 4304 3216 4369 tempore
3238 4301 3306 4355 ad
3328 4301 3499 4357 Deum
3520 4304 3640 4360 cla-

2041 4391 2177 4456 mat,
2211 4384 2485 4457 praecipue
2518 4391 2699 4438 tamen
2726 4383 2783 4439 in
2813 4383 3157 4442 tribulatione
3183 4405 3240 4443 se
3269 4389 3339 4445 ad
3367 4392 3632 4447 orandum

333 4465 442 4555 5.;
464 4465 1306 4569 sui;sissesisse;
1330 4465 1934 4574 s;;;.:'.;.:.;n'.';Q;;-
1965 4465 2024 4528 υ
2056 4474 2457 4574 ensis
2484 4480 2540 4574 et
2567 4472 2729 4527 ἀίείιε
2762 4470 2835 4574 ζη
2861 4472 3643 4574 ξίεξνξιίαισιίοηεεττξεξεοια-

2050 4564 2203 4620 mavi
2222 4562 2294 4618 ad
2319 4565 2370 4618 te
2384 4559 2974 4631 (Psal.Lxxxv,"l‘).Sed
2994 4561 3277 4620 videamus
3296 4566 3428 4638 quid
3451 4566 3602 4624 dicat
3623 4586 3637 4625 :

2662 4673 3046 4732 EXPOSITIO

2360 4778 2580 4821 εεινιυηίι
2618 4779 2818 4818 PSALMI
2856 4780 3331 4825 PCENITBNTIALIS.

2090 4900 2095 4905 .
2122 4851 3088 4927 (Psal.CXLll.-—Vers.l.)Domine,
3109 4858 3322 4912 exaudi
3336 4859 3651 4916 orationem

2050 4959 2258 5010 meam,
2289 4943 2522 4998 auribus
2546 4942 2771 5013 percipe
2795 4942 3231 4998 obsecrationem
3263 4959 3445 4999 meam
3463 4946 3524 5002 in
3548 4962 3645 5001 ve-

2053 5033 2229 5089 ritate
2256 5036 2378 5100 tua,
2394 5030 2610 5087 exaudi
2625 5046 2714 5086 me
2735 5031 2798 5085 in
2821 5034 2922 5085 tua
2931 5032 3168 5101 justitia
3183 5069 3198 5083 .

2127 5121 2178 5177 1.
2213 5121 2413 5177 Sancta
2440 5118 2757 5175 universalis
2785 5118 3037 5173 Ecclesia
3086 5117 3381 5173 secundum
3431 5118 3651 5192 dignio-

2056 5226 2171 5266 rem
2201 5217 2413 5281 partem
2442 5207 2527 5263 sui
2557 5208 2609 5261 in
2641 5223 2739 5276 spe
2767 5205 3074 5261 ccelestium
3103 5206 3449 5275 praemiorum
3482 5207 3650 5265 robo«

2058 5308 2196 5367 rata,
2227 5298 2367 5355 sicut
2394 5297 2449 5351 in
2478 5294 2665 5351 electis
2694 5293 3015 5363 habetquod
3027 5294 3338 5349 conservari
3358 5294 3652 5366 desideret,

2063 5388 2139 5442 ita
2167 5387 2225 5441 in
2251 5383 2479 5441 inﬁrmis
2500 5381 2705 5440 invenit
2721 5381 2866 5451 quod
2889 5380 2992 5435 sibi
3014 5381 3211 5436 dimitti
3232 5392 3419 5440 exoret
3441 5403 3453 5439 :
3479 5384 3657 5442 sciens

2061 5490 2261 5532 omnes
2289 5472 2473 5530 divino
2503 5485 2668 5544 egere
2698 5468 2923 5538 auxilio,
2953 5483 3089 5540 quos
3116 5469 3348 5527 infelicis
3373 5472 3497 5529 vitae
3524 5490 3661 5530 con-

2063 5564 2199 5621 ditio
2230 5567 2502 5636 angustat,
2535 5574 2659 5615 cum
2687 5565 2740 5614 et
2781 5557 2965 5630 justus
2995 5557 3137 5615 inter
3165 5559 3403 5630 pericula
3430 5576 3662 5619 securus

2063 5669 2185 5711 esse
2215 5668 2327 5709 non
2356 5650 2553 5719 valeat,
2582 5655 2638 5706 et
2682 5653 3000 5723 peccantem
3056 5649 3270 5706 nonnisi
3319 5650 3438 5709 sola
3480 5651 3662 5727 gratis
