4034 6166
444 385 546 444 643

1647 378 1893 437 SANCTI
1935 374 2278 436 GREGORII
2320 381 2554 437 MAGNI
2702 381 2704 384 ’
3629 380 3720 440 644

445 512 646 568 divinae
667 505 1030 565 miserationis
1059 505 1632 578 absolvat.Utrobique
1659 522 1792 578 ergo
1813 507 2033 577 pavida,
2064 506 2122 566 A
2148 509 2381 563 ciamus.
2419 507 2713 564 Nonnullis
2771 506 2974 578 quippe
3023 506 3423 578 impatientibus
3471 503 3723 566 Dominus
3759 492 3765 498 ’

443 601 729 670 utrobique
757 605 1086 669 suspecta,et
1112 612 1216 666 pro
1246 596 1580 651 currentibus
1631 603 1748 651 orat
1789 603 1847 650 ut
1899 612 2034 666 per-

439 689 676 755 veniant,
707 695 760 742 et
787 703 886 756 pro
912 686 1176 758 regressis
1232 685 1449 740 abserat
1504 693 1562 739 ut
1617 693 1854 740 currant.
1893 686 2040 739 Inter

439 776 737 832 orationem
768 783 945 830 autem
979 783 1031 830 et
1057 774 1491 829 obsecrationem
1513 775 1614 828 hac
1644 773 2038 845 interest,quod

440 866 618 921 oratio
650 879 747 936 pro
771 863 1176 936 perseverantia
1203 862 1800 928 virtutum,obsecratio
1830 877 1958 916 vero
1982 860 2038 916 ﬁt

445 970 542 1024 pro
573 953 913 1024 indulgentia
943 951 1443 1023 peccatorum.0rat
1473 967 1603 1023 ergo
1634 959 1798 1021 caput
1825 950 1911 1006 vel
1928 951 2038 1005 Ec-

441 1043 624 1110 clesia,
653 1049 798 1098 utet
855 1042 992 1096 bene
1048 1048 1334 1111 operantes
1389 1039 1648 1110 injustitia
1699 1040 2035 1095 roborentur.

442 1133 504 1185 In
534 1145 600 1185 eo
630 1145 760 1185 vero
791 1128 936 1200 quod
961 1129 1064 1183 ait:
1091 1128 1340 1183 Auribus
1360 1131 1584 1200 percipe
1597 1128 2036 1184 obsecrationem

441 1235 654 1284 meam,
685 1217 1115 1288 delinquentium
1147 1217 1398 1287 designat
1436 1216 1790 1282 debilitatem,
1824 1216 1914 1286 qui
1970 1216 2039 1272 ad

445 1306 863 1361 similitudinem
921 1305 1300 1377 aegrotantium
1357 1306 1596 1376 quadam
1657 1304 2040 1376 omnipotentis

447 1395 651 1450 medici
679 1395 931 1464 indigent
959 1393 1445 1460 condescensione,
1477 1409 1601 1449 cum
1643 1410 1700 1448 se
1727 1409 1836 1448 non
1866 1394 2042 1448 valeat

449 1484 518 1537 ad
547 1499 670 1538 eum
701 1490 954 1552 peccator
985 1483 1184 1537 levare.
1222 1482 1318 1536 Vel
1349 1481 1570 1537 auribus
1602 1484 1842 1553 percipe,
1876 1483 1930 1536 id
1963 1491 2042 1538 est

441 1570 906 1626 obsecrationibus
936 1570 1173 1625 intende.
1208 1571 1321 1624 Hoc
1352 1585 1582 1639 namque
1611 1587 1708 1640 per
1720 1571 2040 1642 prophetam

447 1659 748 1730 pollicetur,
763 1658 1401 1715 dicenszConvertimini
1421 1659 1492 1713 ad
1507 1663 1679 1726 me,et
1701 1675 1794 1729 ego
1815 1676 2041 1715 conver-

450 1752 544 1802 tar
561 1748 633 1803 ad
653 1764 746 1804 vos
767 1747 929 1818 (Zac.
963 1763 1000 1813 ι,
1036 1750 1111 1812 3).
1144 1747 1300 1802 Unde
1331 1755 1383 1801 et
1409 1747 1690 1801 subditur:
1717 1747 1778 1802 In
1800 1749 2042 1803 veritate

2148 596 2294 667 quod
2320 597 2572 668 petebant
2603 612 2751 666 saepe
2778 595 3052 652 concessit
3081 596 3250 651 iratus
3275 615 3287 651 :
3337 597 3470 652 sicut
3489 614 3516 652 e
3557 608 3727 654 contra

2144 680 2414 751 Apostolo
2437 681 2661 754 negavit
2678 680 2942 752 propitius
2981 678 3036 750 (1
3057 682 3180 737 Cor.
3205 697 3281 748 ix,
3305 683 3379 749 2).
3411 682 3567 736 Dedit
3593 685 3730 739 enim

2147 785 2334 841 regem
2363 769 2671 840 petentibus
2699 769 2996 825 secundum
3027 769 3298 824 desideria
3327 771 3508 826 cordis
3554 787 3730 828 eorum

2148 859 2196 927 (I
2219 861 2344 930 Reg.
2370 861 2486 927 vui)
2513 876 2526 912 ε
2560 858 2711 914 dedit
2739 859 2898 913 etiam
2921 857 3214 930 postulanti
3243 859 3479 930 diabola,
3529 869 3584 916 ut
3635 863 3730 917 Job

2147 946 2453 1016 simplicem
2487 955 2541 1002 et
2591 955 2797 1003 rectum
2851 954 2907 1002 et
2959 947 3243 1003 timentem
3296 949 3467 1004 Deum
3522 957 3731 1007 tentaret

2147 1034 2293 1104 (Job.
2319 1050 2360 1102 1,
2381 1038 2461 1105 2).
2493 1034 2761 1108 Malignos
2789 1034 3007 1106 spiritus
3036 1036 3328 1104 exaudivit,
3360 1045 3413 1092 et
3467 1039 3520 1093 in
3543 1055 3732 1110 porco-

2145 1140 2263 1178 rum
2297 1139 2525 1196 gregem
2543 1125 2860 1179 daemonum
2891 1125 3161 1181 concessit
3217 1124 3490 1196 legionem
3546 1128 3734 1187 intrare

2149 1212 2370 1281 (Matth.
2417 1213 2492 1280 8).
2525 1213 2647 1268 Non
2703 1212 2869 1284 igitur
2922 1229 3022 1282 pro
3063 1229 3264 1284 magno
3313 1214 3435 1284 quis
3475 1215 3664 1273 habeat
3689 1218 3730 1273 si

2148 1299 2306 1354 fuerit
2336 1299 2642 1367 exauditus,
2675 1317 2798 1356 cum
2831 1301 3037 1372 aliquid
3066 1309 3214 1371 petat
3269 1303 3415 1374 quod
3473 1320 3578 1360 non
3631 1307 3731 1361 im-

2147 1397 2366 1460 petrare
2387 1389 2512 1460 plus
2539 1390 2734 1459 prosit.
2765 1389 2922 1458 Quod
2952 1391 2996 1444 si
3027 1391 3297 1462 postulata
3352 1408 3465 1447 non
3511 1393 3731 1464 obtinet,

2149 1493 2258 1532 non
2290 1494 2348 1533 se
2379 1478 2620 1548 abjiciat,
2654 1487 2745 1533 aut
2773 1478 2841 1533 de
2900 1478 3086 1534 divina
3115 1495 3246 1551 erga
3294 1496 3354 1536 se
3410 1481 3737 1540 miseratione

2151 1566 2420 1637 deSperet,
2454 1584 2575 1622 cum
2609 1567 2746 1622 forte
2777 1583 2841 1623 ea
2866 1571 3073 1638 peteret
3118 1569 3312 1639 quibus
3366 1572 3604 1642 acceptis
3655 1573 3736 1628 vel

2151 1653 2419 1726 atiligatur
2447 1655 2707 1722 atrocius,
2740 1656 2828 1711 vel
2858 1655 3101 1711 inutilius
3131 1666 3502 1728 prosperetur.
3559 1659 3738 1732 Scrip-

2151 1751 2262 1798 tum
2294 1743 2496 1813 quippe
2517 1752 2595 1798 est
2618 1763 2634 1798 :
2652 1746 2878 1801 Aversio
2893 1745 3264 1816 parvulorum
3290 1748 3604 1817 interﬁciet
3633 1766 3738 1819 eos,

447 1840 567 1890 tua.
600 1837 659 1889 In
689 1837 791 1890 hoc
819 1835 964 1890 enim
995 1849 1117 1888 vera
1148 1842 1376 1903 apparet
1407 1835 1712 1905 promissio,
1747 1836 1872 1905 quia
1903 1851 2040 1892 con-
2071 1848 2125 1907 Β
2153 1836 2208 1886 et
2231 1834 2580 1904 prosperitas
2595 1835 2908 1889 stultorum
2926 1834 3123 1906 perdet
3145 1849 3235 1890 eos
3256 1837 3743 1908 (Prov.i,32).0uia

448 1939 608 1980 verso
666 1923 918 1977 tribuitur
972 1922 1222 1978 remissio
1275 1931 1640 1992 peccatorum,
1694 1925 1854 1993 juxta
1898 1924 2042 1994 quod

445 2011 701 2082 scriptum
719 2019 800 2066 est
823 2012 1178 2078 :Justiﬁceris
1197 2013 1260 2066 tn
1275 2012 1624 2067 sermonibus
1637 2013 1834 2080 tuis,et
1851 2013 2042 2067 vincas

445 2117 576 2156 cum
597 2100 880 2170 judicaris
902 2101 1074 2169 (Psal.
1097 2114 1147 2165 L,
1164 2102 1239 2168 6).
1258 2100 1481 2155 Exaudi
1494 2117 1583 2155 me
1603 2101 1664 2154 in
1682 2105 1780 2155 tua
1785 2101 2041 2170 justitia.

444 2183 546 2251 Qui
579 2184 850 2254 gloriatur
878 2184 934 2236 in
961 2198 1153 2249 se,non
1171 2183 1477 2238 exauditur.
1509 2185 1628 2238 Non
1687 2184 2046 2238 exaudiuntur

444 2271 523 2326 illi
552 2273 648 2341 qui
679 2273 992 2342 ignorantes
1021 2272 1119 2325 Dei
1159 2272 1442 2340 justitiam,
1476 2280 1529 2326 et
1584 2287 1738 2326 suam
1794 2272 2046 2326 volentes

445 2367 698 2427 statuere,
725 2359 1054 2429 justitizeDei
1070 2375 1176 2414 non
1189 2360 1827 2432 suntsubjecti.Denique
1853 2360 2044 2429 phari-

445 2465 586 2505 saeus
610 2448 876 2517 justitiam
907 2464 1059 2502 suam
1091 2449 1143 2500 in
1164 2449 1367 2518 templo
1391 2454 1628 2503 statuere
1671 2449 1842 2503 voluit
1883 2451 2040 2516 (Luc.

446 2538 624 2603 xvm),
661 2545 712 2590 et
742 2536 864 2590 ideo
896 2553 928 2589 a
952 2535 1184 2590 Domino
1215 2536 1536 2605 reprobatus
1586 2536 1707 2592 fuit.
1741 2537 2048 2592 Gloriemur

447 2640 581 2694 ergo
612 2625 667 2677 in
693 2624 904 2693 justitia
935 2624 1034 2678 Dei
1064 2624 1109 2678 si
1139 2624 1384 2678 exaudiri
1407 2625 1782 2694 quaerimus,ut
1799 2641 1896 2680 nos
1920 2641 2042 2683 cum

448 2713 717 2782 Propheta
746 2713 926 2768 dicere
954 2712 1576 2782 possimus:Exaudime
1593 2715 1654 2768 in
1669 2719 1768 2770 tua
1794 2717 2041 2778 iustitia.

447 2799 578 2870 Quis
607 2807 785 2856 autem
812 2801 1076 2872 gloriatur
1104 2801 1156 2854 in
1219 2801 1430 2871 justitia
1484 2802 1605 2870 Dei,
1639 2803 1746 2857 nisi
1805 2805 1896 2875 qui
1953 2805 2043 2859 ni-

449 2889 523 2944 hil
556 2889 682 2944 boni
712 2893 823 2944 suis
853 2890 1060 2944 meritis
1093 2889 1295 2957 tribuit,
1325 2897 1380 2945 et
1401 2891 1605 2960 justum
1636 2907 1758 2946 esse
1778 2892 2042 2962 quidquid

447 2977 664 3034 adversi
700 2978 912 3046 tolerat,
947 2978 1134 3032 senti?
1179 2978 1526 3033 Gloriabatur
1571 2979 1767 3034 Paulus
1794 2980 2043 3036 inninﬁr-

446 3067 726 3121 mitalibus
755 3066 864 3121 suis
895 3067 966 3134 (II
984 3067 1111 3122 Cor.
1145 3068 1268 3136 xu),
1302 3067 1433 3120 nihil
1473 3068 1599 3124 boni
1616 3084 1724 3124 non
1753 3070 1955 3141 accepti
1987 3086 2046 3125 se

2151 1936 2266 1975 non
2269 1921 2300 1991 j
2306 1921 2692 1988 ustiﬁcabitur
2704 1923 2766 1976 in
2780 1925 3084 1994 conspectu
3101 1925 3197 1978 tuo
3213 1925 3399 1980 omnis
3416 1927 3743 1982 vivens.Seio

2150 2008 2346 2062 multos
2377 2009 2430 2062 in
2460 2017 2754 2078 conspectu
2785 2010 3065 2065 hominum
3118 2011 3294 2080 justos
3351 2013 3547 2082 videri,
3580 2022 3631 2069 et
3675 2014 3741 2070 ad

2153 2111 2305 2166 spem
2338 2096 2639 2151 caelestium
2670 2097 3068 2166 promissorum
3099 2105 3319 2156 evectos
3340 2100 3652 2157 innocenter
3687 2103 3741 2157 in

2153 2184 2361 2238 mundo
2378 2183 2582 2252 vivere;
2602 2185 2692 2255 qui
2715 2185 2814 2240 etsi
2840 2201 2948 2240 non
2959 2185 3348 2258 delinquantin
3367 2190 3736 2260 opere,labun-

2152 2278 2240 2326 tur
2270 2280 2450 2328 tamen
2496 2273 2789 2344 aliquando
2817 2289 2958 2331 vena
2987 2282 3078 2329 aut
3105 2291 3364 2344 perversa
3385 2278 3730 2350 cogitatione.

2154 2359 2319 2428 Cujus
2347 2360 2493 2415 enim
2523 2370 2761 2416 mentem
2793 2363 3159 2434 cogitationes
3188 2381 3342 2420 vane
3367 2382 3478 2422 non
3492 2367 3690 2422 laniant
3711 2366 3741 2423 ?

2153 2448 2309 2517 cujus
2339 2463 2435 2504 cor
2459 2450 2779 2505 tentationes
2799 2466 2912 2506 non
2927 2453 3320 2524 vexant?cujus
3333 2455 3574 2511 animum
3593 2457 3736 2512 desi-

2153 2535 2303 2589 deria
2332 2536 2508 2592 carnis
2537 2553 2644 2592 non
2677 2537 3078 2594 turbant?Non
3106 2556 3236 2612 ergo
3267 2543 3323 2596 in
3345 2555 3634 2614 conspectu
3647 2545 3740 2601 Dei

2148 2623 2471 2693 justiticatur
2497 2625 2588 2695 qui
2618 2627 2781 2681 corde
2811 2626 3093 2697 delinquit,
3127 2629 3270 2699 quod
3300 2631 3538 2688 intuetur
3581 2635 3736 2690 Deus.

2224 2712 2398 2781 (Vers.
2425 2713 2500 2780 3.)
2533 2713 2672 2780 Quia
2707 2720 3038 2786 persecutus
3078 2722 3164 2772 est
3193 2718 3466 2776 inimicus
3493 2726 3737 2778 animam

2153 2815 2337 2855 meam
2357 2820 2375 2855 :
2407 2802 2735 2858 humiliavit
2757 2803 2819 2858 in
2833 2807 2988 2859 terra
3008 2805 3184 2860 vitam
3199 2822 3414 2864 meam.

2225 2890 2281 2940 3.
2317 2887 2451 2956 Quis
2482 2889 2552 2942 sit
2576 2889 2790 2960 generis
2819 2892 3041 2946 humani
3069 2891 3331 2960 inimicus,
3372 2897 3610 2952 ostendit
3655 2897 3740 2968 qui

2150 2975 2470 3044 parabolam
2527 2977 2855 3032 zizaniorum
2912 2995 3188 3050 exponens
3231 2982 3452 3042 (Matth.
3486 3000 3600 3052 xm,
3633 2988 3735 3053 39),

2151 3063 2224 3118 ait
2245 3081 2256 3117 :
2294 3064 2572 3121 Inimicus
2589 3070 2782 3122 autem
2802 3066 3054 3122 diabolus
3072 3073 3155 3124 est
3182 3070 3336 3140 (Luc.
3372 3073 3513 3143 vm).
3532 3074 3738 3145 Etapo—

446 3155 655 3210 habere
685 3155 996 3221 testabatur,
1028 3155 1348 3209 humilitatis
1373 3156 1530 3211 nobis
1559 3159 1808 3229 exempla
1835 3175 2044 3229 prope-
2076 3185 2127 3250 Ο
2153 3151 2323 3206 stolus
2353 3152 2544 3207 Petrus
2575 3153 2648 3207 ait
2666 3155 2958 3210 :lnimicus
2980 3161 3165 3212 vester
3192 3157 3452 3216 diabolus
3480 3165 3740 3234 tanquam

444 3259 598 3312 nens,
630 3245 696 3299 ut
735 3243 1138 3315 quiglorietur,
1163 3245 1227 3299 in
1270 3245 1498 3301 Domino
1521 3247 1798 3317 glorietur
1829 3248 1884 3313 (Ι
1913 3248 2040 3304 Cor.

443 3344 483 3397 ι,
517 3333 626 3400 31).

516 3417 689 3482 (Vers.
715 3418 792 3485 2.)
810 3417 879 3471 Et
899 3432 1014 3472 non
1031 3419 1215 3474 intres
1231 3420 1292 3473 in
1301 3419 1586 3491 judicium
1604 3435 1734 3475 cum
1748 3436 1904 3477 servo
1924 3425 2040 3490 tuo,

447 3503 580 3576 quia
591 3519 703 3559 non
717 3504 1193 3572 iustiﬁcabiturin
1207 3516 1509 3578 conspectu
1524 3511 1620 3563 tuo
1633 3511 1817 3564 omnis
1831 3510 2038 3566 vivens.

518 3593 571 3644 2.
605 3588 711 3657 Qui
741 3595 926 3642 contra
955 3589 1250 3644 conditoris
1279 3589 1500 3660 ﬂagella
1529 3601 1853 3662 murmurat,
1886 3597 2042 3666 quasi

449 3685 570 3727 cum
601 3687 666 3726 eo
695 3671 752 3724 in
776 3670 1046 3739 judicium
1075 3672 1252 3726 intrat.
1285 3673 1382 3728 Dei
1416 3690 1649 3744 namque
1679 3687 1898 3733 accusat
1949 3681 2040 3750 ju-

446 3754 766 3826 dicium,qui
797 3770 855 3809 se
895 3757 1127 3811 aestimat
1172 3757 1368 3827 injuste
1395 3774 1738 3827 percussum.
1772 3763 1833 3817 Et
1890 3769 2042 3834 quasi

443 3853 568 3895 cum
600 3840 714 3894 Deo
744 3838 802 3892 in
825 3837 1034 3907 judicio
1065 3841 1360 3909 contendit,
1392 3843 1484 3912 qui
1514 3843 1650 3898 inter
1677 3844 1896 3917 ﬂagella
1951 3849 2040 3902 in-

440 3930 726 3977 nocentem
757 3938 817 3977 se
844 3922 1253 3978 ostendit.Hinc
1280 3925 1478 3978 etenim
1508 3926 1776 3982 Dominus
1807 3929 1876 3983 ad
1906 3930 2041 3984 bea-

443 4018 556 4064 tum
592 4010 694 4065 Job
725 4011 990 4081 loquitur,
1041 4011 1244 4068 dicens:
1282 4014 1546 4085 Nunquid
1593 4018 1688 4087 qui
1745 4019 2041 4076 contendit

443 4115 573 4155 cum
596 4101 724 4168 Deo,
759 4104 877 4154 tam
897 4101 1071 4170 [acile
1087 4104 1434 4172 conquiescit
1453 4101 1598 4174 (Job.
1623 4109 2041 4176 xxxix,32)‘?Ut-

441 4203 546 4260 que
575 4188 666 4260 qui
705 4190 882 4261 arguit
903 4190 1092 4258 Deum,
1121 4189 1284 4245 debet
1311 4199 1363 4245 et
1390 4193 1718 4262 respondere
1748 4196 1852 4250 illi.
1893 4197 2042 4254 Tunc

441 4276 635 4332 beatus
661 4277 764 4332 Job
795 4276 952 4346 quasi
979 4278 1154 4332 Deum
1175 4279 1373 4350 arguit,
1406 4295 1529 4334 cum
1581 4281 1649 4336 de
1691 4286 2044 4354 percussione

443 4381 543 4419 sua
571 4381 641 4420 an
670 4365 834 4420 fuerit
857 4365 1007 4434 justa
1037 4367 1319 4421 dubitavit.
1360 4368 1572 4423 Nullius
1602 4371 1805 4442 quippe
1856 4374 2038 4434 delicti

441 4453 545 4508 sibi
567 4453 1041 4524 conscius,injuste
1069 4470 1130 4510 se
1159 4469 1477 4526 percussum
1499 4458 1883 4533 credidit,quia
1912 4479 2032 4520 me-

442 4540 543 4595 rita
572 4541 681 4595 sibi
737 4542 924 4612 augeri
980 4558 1048 4596 ex
1097 4545 1422 4613 pecussione
1476 4547 1722 4603 nescivit.
1780 4550 1888 4606 Sed
1947 4567 2046 4625 qui

442 4628 611 4682 multa
640 4628 707 4682 de
736 4630 1053 4698 operatione
1083 4647 1182 4686 sua
1227 4633 1456 4700 locutus,
1489 4634 1675 4690 audita
1728 4648 2036 4698 sanctorum

439 4717 553 4774 vita
580 4717 763 4785 tacuit,
796 4717 950 4787 quasi
979 4733 1102 4775 cum
1131 4721 1246 4776 Deo
1301 4722 1633 4779 contendens
1664 4727 1826 4799 547
1875 4731 2034 4788 facile

440 4801 877 4871 conquievit.Vel
907 4810 1050 4859 certe
1077 4803 1169 4860 ille
1201 4821 1323 4861 cum
1352 4809 1466 4867 Deo
1494 4813 1549 4868 in
1575 4815 1840 4874 iudicium
1860 4819 2037 4892 ingre-

440 4888 602 4958 ditur,
635 4890 728 4960 qui
757 4905 880 4945 cum
905 4891 1463 4960 oraverit,murmurat
1491 4902 1538 4956 si
1568 4920 1676 4960 non
1720 4888 2026 4966 exauditur.

441 4976 653 5046 Quibus
682 4978 882 5034 dicitur
904 4994 916 5035 :
939 4985 1024 5035 An
1039 4983 1212 5039 vultis
1234 4992 1680 5062 mecumjudicio
1697 4999 2035 5058 contendere

439 5067 669 5157 (Jerrem.
693 5083 760 5157 ii,
793 5070 931 5139 29)?
961 5068 1131 5137 Quasi
1177 5073 1320 5128 enim
1366 5076 1577 5144 judicio
1615 5086 2032 5157 contendebant,

442 5156 535 5247 qui
565 5156 820 5212 dicebant
841 5157 1045 5224 :Quare
1058 5161 1458 5233 iejunavimus,
1492 5172 1549 5223 et
1577 5187 1692 5228 non
1721 5156 2037 5247 aspexisti?

440 5245 874 5336 humiliavimus
895 5249 1122 5305 animas
1143 5255 1454 5322 nostras,et
1474 5245 2032 5336 nescisti(1sai.i.vm,

438 5331 576 5424 ξω
607 5335 894 5424 Siquidem
925 5336 1145 5392 stultum
1175 5347 1256 5394 est
1284 5340 1354 5395 ab
1410 5346 1657 5404 oratione
1701 5331 1955 5424 deﬁcere,
1989 5331 2036 5412 si

437 5421 582 5477 Deus
612 5421 1004 5515 diﬂ'erat_,_cum
1059 5435 1305 5515 rogatur,
1340 5434 1635 5504 exaudire;
1695 5448 1747 5495 et
1788 5421 2033 5515 iniquum

439 5519 668 5576 arguere
697 5509 1058 5579 conditorem,
1091 5512 1138 5566 si
1170 5511 1396 5571 eﬂ'ectus
1415 5533 1523 5576 non
1553 5525 1798 5595 sequitur
1825 5509 2032 5587 oratio-

437 5607 587 5662 nem,
617 5597 920 5666 praesertim
949 5615 1072 5654 cum
1103 5601 1233 5669 quid
1260 5619 1476 5665 oremus
1506 5609 1646 5670 sicut
1670 5624 2036 5689 oportet,nes-

2155 3241 2238 3297 leo
2269 3241 2500 3311 rugiens
2529 3242 3021 3315 circuit,quaerens
3040 3261 3204 3316 quem
3233 3247 3511 3320 devoret(l
3531 3252 3738 3318 Petr.v,

2153 3329 2228 3398 8).
2254 3329 2376 3398 Ipse
2396 3329 2541 3383 enim
2560 3338 2637 3384 est
2661 3331 2753 3401 qui
2776 3332 2985 3386 animas
3015 3335 3386 3406 persequitus,
3409 3338 3506 3408 qui
3527 3346 3738 3393 mortem

2151 3415 2350 3471 inferre
2381 3427 2696 3487 perpetuam
2747 3418 2987 3473 molitur.
3039 3421 3164 3490 Ipse
3227 3430 3329 3488 est,
3386 3424 3624 3496 inquam,
3657 3425 3739 3495 qui

2151 3503 2396 3558 incautos
2425 3504 2645 3576 decipit,
2679 3514 2732 3560 et
2779 3506 2835 3560 in
2862 3507 2951 3562 via
3007 3509 3168 3578 hujus
3225 3510 3348 3566 vita:
3380 3513 3740 3584 gradientibus

2149 3591 2371 3662 laqueos
2401 3591 2597 3648 tendit.
2615 3593 2743 3648 Ideo
2770 3596 3033 3665 propheta
3060 3596 3166 3650 ait:
3186 3596 3249 3651 In
3266 3598 3358 3653 via
3381 3601 3480 3656 hac
3495 3618 3602 3673 qua
3620 3617 3739 3656 am-

2147 3681 2850 3746 bulabam,absconderunt
2873 3683 3136 3754 laqueum
3164 3686 3308 3741 mihi
3328 3687 3738 3759 (Psal.cx1.t,t).

2148 3767 2382 3823 Rursum
2417 3770 2486 3823 de
2511 3785 2577 3825 eo
2607 3770 2866 3840 scriptum
2889 3779 2970 3826 est
2994 3788 3006 3825 :
3034 3773 3374 3830 Abscondita
3413 3781 3499 3832 est
3513 3779 3574 3832 in
3593 3782 3740 3834 terra

2143 3857 2344 3928 pedica
2355 3857 2558 3928 ejus,et
2577 3859 2837 3929 decipula
2847 3860 3008 3915 illius
3019 3876 3188 3930 super
3203 3863 3735 3934 semitas(lob.xvm,

2149 3948 2259 4014 10).
2293 3947 2432 4000 Dum
2463 3945 2607 4000 enim
2640 3947 2891 4004 humanae
2921 3948 3079 4002 saluti
3101 3948 3350 4006 invidens
3388 3953 3617 4022 perdere
3655 3954 3738 4008 in-

2146 4041 2427 4088 nocentem
2447 4034 2673 4102 appetit,
2705 4035 2854 4105 prius
2875 4034 2925 4090 ei
2959 4036 3165 4107 aliquid
3222 4039 3374 4109 quod
3431 4041 3594 4097 libeat
3647 4057 3734 4097 os-

2148 4119 2349 4174 tendit:
2382 4120 2527 4190 quod
2555 4121 2684 4176 dum
2714 4129 2976 4192 appetere
3006 4123 3252 4180 incautus
3297 4127 3501 4197 nititur,
3539 4127 3737 4184 occulto

2146 4207 2355 4279 peccati
2383 4224 2640 4264 mucrone
2671 4211 3152 4266 transverberatur.
3187 4211 3354 4281 Quasi
3385 4231 3519 4287 ergo
3547 4216 3600 4271 in
3629 4224 3737 4272 ter-

2147 4311 2207 4350 ra
2233 4296 2429 4366 pedica
2457 4297 2829 4365 absconditur,
2861 4299 2990 4353 dum
3047 4299 3103 4354 in
3158 4301 3386 4357 terrenis
3440 4304 3736 4360 commodis

2146 4393 2430 4454 peccatum
2459 4386 2780 4444 occultatur.
2814 4387 3076 4459 Decipula
3131 4405 3345 4462 quoque
3399 4391 3472 4446 ab
3527 4391 3736 4464 antiquo

2066 4511 2120 4571 D
2148 4474 2301 4529 hoste
2331 4489 2494 4544 super
2522 4475 2769 4530 semitam
2801 4475 3037 4546 ponitur,
3069 4492 3192 4532 cum
3221 4477 3276 4532 in
3315 4479 3533 4536 actione
3586 4479 3737 4548 hujus

2149 4561 2337 4618 mundi
2374 4576 2542 4634 quam
2573 4579 2727 4618 mens
2751 4565 2978 4634 appetit,
2996 4565 3203 4636 peccati
3233 4565 3460 4638 laqueus
3489 4576 3727 4640 patratur.

2146 4650 2226 4705 Ita
2253 4665 2484 4720 namque
2513 4651 2568 4706 in
2598 4660 2738 4707 terra
2784 4651 3035 4724 decipula
3097 4655 3332 4724 ponitur,
3393 4665 3453 4712 ut
3503 4655 3734 4728 exposita

2145 4753 2267 4794 esca
2295 4738 2415 4808 ipsa
2443 4754 2551 4794 non
2580 4740 2852 4796 videatur.
2893 4741 2985 4796 Sic
3041 4741 3295 4798 nimirum
3345 4744 3430 4801 sic
3490 4745 3732 4816 antiquus

2143 4825 2317 4882 hostis
2346 4827 2476 4882 dum
2508 4828 2766 4884 subruere
2796 4827 3028 4898 aliquem
3059 4831 3226 4900 cupit,
3273 4833 3426 4902 quasi
3456 4849 3630 4889 escam
3681 4832 3732 4887 in

2144 4915 2464 4985 muscipula,
2495 4916 2705 4973 lucrum
2736 4918 2791 4971 in
2845 4917 3006 4988 culpa
3050 4919 3224 4988 ponit.
3281 4921 3364 4975 Ad
3414 4923 3559 4993 quod
3609 4921 3730 4978 dum

2144 5004 2419 5059 aviditatis
2447 5019 2632 5060 amore
2659 5005 2838 5061 viator
2879 5005 3069 5074 inhiat,
3130 5022 3198 5062 ex
3254 5008 3551 5080 improviso
3615 5024 3730 5064 eum

2143 5093 2350 5164 peccati
2375 5093 2600 5164 laqueus
2624 5092 3010 5162 suﬂ‘ocat.Quis
3039 5095 3202 5164 hujus
3259 5097 3429 5154 hostis
3477 5098 3730 5154 vezrsutias

2143 5196 2250 5236 non
2289 5189 2512 5250 metuat,
2544 5181 2636 5252 qui
2662 5189 2812 5238 tanto
2843 5191 2925 5238 est
2953 5183 3329 5255 perniciosior,
3380 5194 3582 5256 quanto
3635 5201 3728 5241 oc-

2141 5268 2378 5326 cultior?
2404 5271 2527 5326 Non
2556 5271 2698 5326 enim
2719 5287 2842 5343 quae
2865 5280 3012 5326 extra
3062 5287 3161 5328 nos
3188 5282 3314 5328 sunt
3342 5274 3562 5330 auferre
3605 5273 3730 5327 niti-

2140 5360 2248 5425 tur,
2281 5358 2378 5414 sed
2407 5359 2643 5430 diripere
2671 5361 2948 5416 thesauros
2975 5360 3256 5417 interiores
3299 5371 3534 5418 conatur.
3574 5361 3728 5417 Nulla

2143 5446 2250 5502 sibi
2281 5449 2657 5519 temporalium
2690 5449 2958 5506 bonorum
2989 5450 3278 5520 cupiditas,
3309 5449 3456 5506 nulla
3511 5450 3726 5507 c'livitia-

2142 5551 2262 5590 rum
2293 5537 2538 5609 ambitio,
2569 5537 2778 5594 nullum
2807 5538 3085 5612 dignitatis
3115 5538 3466 5610 desiderium,
3497 5538 3613 5595 sola
3652 5537 3725 5592 in-

2142 5623 2341 5682 teriora
2368 5627 2597 5699 appetit,
2626 5627 2773 5685 solas
2799 5627 3020 5687 virtutes
3065 5627 3267 5699 diripit,
3297 5627 3470 5685 solam
3495 5627 3724 5683 animam
