4034 6166
323 311 421 364 645

1050 307 1123 366 IN
1164 310 1434 367 SEPTEM
1466 310 1710 367 PSALM.
1743 309 2003 366 POENIT.
2038 309 2508 370 EXPOSITIO.—-
2539 313 2730 373 PSAL.
2772 319 2886 374 VII.

3519 320 3624 379 6‘6

322 450 545 526 occidit.
584 450 742 519 Quod
777 451 824 505 si
857 451 1151 522 aliquanda
1174 451 1444 506 exteriora
1468 452 1632 520 548
1659 453 1912 523 tetigerit.
1944 437 1999 495 A
2032 434 2233 526 nititur,
2266 436 2384 504 ipso
2413 453 2501 526 sus
2525 437 2807 494 conamine
2847 439 3102 512 fatigatus
3133 447 3379 497 tassatur.
3411 443 3524 499 Sed
3555 459 3623 499 eo

318 553 425 593 non
451 554 516 592 ea
545 539 722 594 aufert
753 547 808 593 ut
837 539 1055 607 habeat,
1089 539 1185 594 sed
1207 547 1263 594 ut
1281 556 1343 595 ea
1371 540 1668 596 auferendo
1682 541 1916 596 animam

317 634 542 681 evertat.
576 627 838 682 Novimus
871 628 1146 697 quomodo
1179 629 1375 682 multos
1406 629 1648 700 quotidie
1698 630 1912 684 fraudi-

319 714 423 770 bus
451 716 569 769 suis
599 724 846 786 occupet,
881 717 1156 788 quomodo
1203 717 1548 772 vestimentis
1583 717 1773 789 gratias
1812 734 1914 774 ex-

312 804 526 873 spoliet,
544 805 801 875 deceptos
821 805 1072 860 virtutum
1087 805 1263 876 privet
1276 814 1516 874 ornatus,
1538 806 1740 862 divitiis
1752 822 1914 877 opum

314 891 616 962 defraudet,
650 893 914 950 livoribus
943 893 1563 963 infuscettentationum,
1597 894 1916 950 vulneribus

310 987 659 1050 peccatorum
691 979 986 1054 transﬁgat.
1021 982 1150 1036 Haec
1185 991 1520 1052 estnamque
1548 983 1915 1054 perversitatis

310 1069 429 1138 ejus
457 1069 713 1137 intentio,
747 1077 804 1126 ut
835 1070 1092 1126 omnibus
1134 1078 1345 1138 noceat,
1411 1087 1601 1126 omnes
1665 1071 1907 1142 dejiciat.

309 1157 562 1230 Denique
590 1174 732 1229 quos
763 1159 818 1212 in
847 1159 952 1214 viis
982 1159 1080 1213 Dei
1113 1159 1455 1214 ambulantes
1486 1160 1708 1227 viderit,
1767 1168 1822 1216 et
1861 1160 1914 1214 in

309 1246 592 1317 proposito
626 1246 846 1316 iustitiae
877 1247 1193 1318 cognoverit
1235 1247 1504 1315 fortiores,
1537 1263 1639 1304 eos
1695 1249 1918 1320 gravius

309 1335 678 1406 persequitur,
712 1351 744 1390 a
774 1343 915 1390 statu
960 1336 1304 1392 rectitudinis
1359 1336 1621 1392 subruere
1650 1344 1907 1392 conatur.

312 1423 552 1494 Ideoque
564 1424 637 1477 ait
659 1426 1020 1481 :Persecutus
1042 1429 1126 1480 est
1150 1425 1420 1482 inimicus
1435 1425 1688 1480 animam
1709 1443 1916 1492 meam;

312 1510 644 1568 humiliavit
666 1513 730 1567 in
765 1517 919 1568 terra
938 1515 1115 1569 vitam
1131 1530 1338 1569 meam.
1373 1513 1570 1568 Gravis
1588 1514 1914 1585 persecutio.

307 1599 418 1667 Qui
451 1615 724 1671 coeperam
755 1616 944 1656 amore
972 1602 1275 1656 cmlestium
1337 1610 1553 1657 terrena
1623 1601 1914 1672 reliquere,

304 1696 356 1743 et
390 1689 722 1759 contemptis
745 1689 948 1744 divitiis
980 1689 1355 1757 smcularibus,
1415 1690 1566 1744 coelis
1622 1705 1915 1747 conversa-

304 1777 368 1843 ri,
397 1777 518 1845 jam
547 1777 867 1848 impultione
898 1778 1168 1833 diabolica
1197 1794 1366 1850 cogor
1393 1795 1606 1833 summa
1627 1787 1680 1833 et
1708 1788 1912 1834 aeterna
1940 1789 1993 1848 Β

301 1865 616 1936 despicere,
649 1874 702 1920 et
732 1866 800 1921 de
830 1868 1016 1921 mundi
1050 1867 1206 1937 hujus
1234 1867 1580 1938 providentia
1600 1867 1808 1923 incerta
1837 1885 1922 1923 co-

302 1953 508 2025 gitare.
537 1955 892 2010 Terrenarum
922 1972 1100 2012 rerum
1123 1957 1269 2012 curis
1299 1971 1589 2028 aggravor,
1621 1957 1918 2012 carnalium

303 2043 650 2114 voluptatum
682 2052 872 2115 captus
902 2045 1192 2113 illecebris,
1226 2045 1296 2099 ad
1324 2045 1434 2099 ima
1455 2045 1918 2118 deducor.Depri-

305 2132 420 2186 mit
445 2133 589 2185 enim
624 2137 853 2188 terrena
878 2133 1153 2189 habitatio
1188 2149 1417 2189 sensum
1443 2134 1630 2188 multa
1661 2136 1918 2204 coyitan-

307 2221 431 2274 tem
455 2219 693 2291 (Sap.ix,
717 2221 827 2293 15).
851 2222 1181 2278 Humiliavit
1211 2223 1272 2277 in
1297 2226 1451 2278 terra
1485 2223 1660 2277 vitam
1697 2238 1910 2277 meum.

311 2305 427 2375 Qui
458 2308 782 2378 contemptis
809 2308 1117 2377 celestibus,
1152 2309 1220 2363 ad
1252 2309 1363 2364 ima
1383 2308 1722 2364 solummodo
1744 2325 1920 2380 appe-

309 2395 488 2450 tenda
520 2395 821 2464 deducitur,
847 2397 966 2466 ejus
995 2396 1104 2450 vita
1134 2397 1187 2450 in
1221 2405 1364 2452 terra
1394 2397 1723 2452 humiliatur.
1766 2399 1922 2454 Unde

318 2482 402 2550 ﬁt,
445 2492 503 2538 ut
533 2499 597 2538 eo
623 2484 788 2539 morti
817 2483 906 2538 ﬁat
930 2485 1232 2555 proximus,
1264 2501 1370 2556 quo
1400 2501 1432 2539 a
1462 2486 1575 2540 Deo
1605 2487 1782 2542 factus
1838 2495 1921 2542 est

311 2587 421 2641 per
453 2570 945 2627 dissimilitudinem
977 2572 1325 2644 longinquus.
1340 2573 1478 2629 Hinc
1495 2589 1725 2645 namque
1745 2577 1921 2644 Apos-

311 2659 467 2714 tolus
497 2659 572 2714 ait
596 2677 610 2713 ε
637 2660 744 2727 Qui
764 2662 964 2717 volunt
979 2661 1179 2716 divites
1199 2663 1354 2732 fieri,
1379 2663 1644 2718 incidunt
1663 2665 1724 2718 in
1740 2669 1923 2720 tenta-

309 2751 561 2816 tionem,
580 2750 714 2804 etin
730 2750 992 2820 laqueum
1009 2750 1296 2818 diaboli,et
1310 2747 1592 2807 desideria
1605 2754 1789 2808 multa
1803 2755 1924 2809 inu-

307 2837 471 2904 tilia,
491 2853 613 2908 quae
632 2842 901 2908 mergunt
925 2839 1180 2894 homines
1201 2839 1263 2893 in
1283 2839 1582 2895 interitum
1611 2841 1682 2910 (Il
1703 2842 1920 2912 Tim.vr,

305 2925 381 2994 9).
424 2924 583 2982 Unde
603 2933 657 2981 et
684 2933 811 2996 apte
839 2926 1115 2981 subditur:

375 3031 569 3101 (Vers.
593 3033 670 3102 4.)
693 3033 998 3089 Collocavit
1013 3048 1102 3088 me
1123 3035 1182 3088 in
1205 3032 1454 3089 obscuris
1488 3036 1637 3090 sicut
1673 3039 1925 3092 mortuos

2024 522 2242 578 enixius
2271 525 2544 594 superiora
2569 526 2856 594 desiderat,
2889 545 2994 597 quo
3023 529 3207 586 verius
3230 531 3500 586 seminam
3529 547 3624 603 ag-

2027 610 2200 667 noscit
2229 627 2391 682 quam
2422 621 2618 683 portat.
2650 615 2918 670 Turbatur
2944 633 3072 672 vero
3103 635 3200 673 cor
3228 619 3526 689 peccatoris
3567 620 3624 673 in

2024 699 2404 755 recordatione
2433 703 2669 771 peccati,
2702 719 2824 758 cum
2854 704 3091 773 primum
3121 707 3342 777 coeperit
3384 708 3623 778 seipsum

2027 803 2381 860 cognoscere,
2414 798 2464 844 et
2496 807 2654 860 quam
2675 791 2882 863 longea
2904 793 3022 848 Deo
3039 795 3322 850 recesserit
3360 797 3622 867 cogitare.

2032 876 2147 930 Nec
2185 885 2342 932 vacat
2373 878 2514 947 quod
2546 878 2771 945 addidit,
2802 881 2865 935 In
2895 897 3003 936 me.
3039 880 3202 949 Quasi
3231 883 3374 938 enim
3395 892 3545 938 extra
3567 900 3627 939 se

2024 964 2220 1035 fuerat,
2244 965 2334 1036 qui
2365 970 2557 1036 spretis
2584 967 2888 1022 salubribus
2913 977 2964 1023 et
2993 970 3226 1037 aeternis,
3260 971 3328 1025 de
3359 973 3542 1027 noxiis
3573 980 3626 1028 et

2024 1054 2416 1122 temporalibus
2457 1055 2751 1126 cogitabat,
2784 1058 2875 1128 qui
2904 1058 3240 1130 aegritudinis
3266 1075 3374 1114 suae
3420 1062 3626 1116 moles-

2025 1140 2131 1195 tias
2158 1157 2266 1196 non
2295 1143 2580 1207 sentiebat;
2615 1145 2711 1214 qui
2742 1161 2802 1200 se
2845 1146 3033 1202 videre
3076 1164 3196 1202 cum
3245 1164 3421 1204 caecus
3461 1157 3622 1219 esset,

2026 1229 2267 1299 putabet.
2302 1231 2410 1285 Sed
2445 1233 2610 1300 549
2638 1248 2704 1287 eo
2733 1233 2786 1287 in
2816 1250 2876 1289 se
2900 1235 3076 1305 rediit,
3113 1252 3216 1306 quo
3238 1237 3478 1307 seipsum
3499 1254 3628 1308 qua-

2025 1317 2092 1370 lis
2123 1317 2318 1384 fuerat,
2354 1321 2692 1391 recognovit.
2726 1322 3000 1391 Scriptum
3035 1341 3268 1394 numque
3299 1334 3396 1380 est:
3437 1328 3626 1383 Redite

2022 1411 2489 1476 praevaricatores
2520 1407 2596 1463 ad
2629 1411 2904 1482 eor(lsai.
2938 1428 3083 1481 XLVI,
3116 1414 3191 1484 8).
3240 1415 3344 1469 Sed
3386 1416 3454 1470 de
3511 1415 3625 1471 filio

2025 1494 2264 1566 prodigo
2293 1498 2531 1551 narravit
2580 1498 2861 1566 Dominus,
2913 1501 3038 1572 quia
3085 1518 3207 1556 cum
3255 1503 3526 1558 distractis
3572 1511 3627 1560 et

2026 1583 2268 1653 profusis
2283 1585 2534 1654 paternis
2554 1585 2729 1655 bonis,
2751 1589 2874 1643 vitae
2891 1589 3131 1645 caelestis
3145 1591 3402 1647 alimento
3416 1600 3621 1663 egeret,

2023 1671 2078 1724 in
2111 1687 2169 1726 se
2199 1688 2460 1730 reversos
2488 1674 2718 1745 sit(Luc.
2752 1679 2865 1745 xv).
2911 1679 3032 1733 Non
3063 1679 3205 1732 enim
3244 1679 3299 1732 in
3346 1696 3406 1734 se
3434 1696 3624 1736 rever-

2025 1767 2246 1828 teretur,
2291 1762 2395 1816 nisi
2441 1779 2471 1816 a
2515 1779 2575 1818 se
2626 1764 2777 1833 prius
2825 1766 3041 1821 exisset.
3095 1766 3332 1838 Ideoque
3379 1775 3430 1823 et
3472 1775 3627 1838 pater

2029 1842 2147 1912 ejus
2179 1844 2272 1899 ait:
2307 1848 2404 1900 Hic
2416 1847 2573 1915 ﬁlius
2588 1863 2747 1904 meus
2776 1854 3036 1907 mortuus
3059 1854 3274 1922 fuerat,
3306 1857 3360 1909 et
3390 1854 3626 1909 revixit:

2028 1934 2299 2001 perierat,
2334 1938 2390 1989 et
2417 1936 2683 1990 inventus
2705 1941 2790 1991 est
2813 1939 2974 2004 (Luc.
3005 1956 3094 2004 xv,
3118 1941 3231 2008 24).
3253 1940 3308 1994 Si
3323 1956 3452 2012 ergo
3469 1957 3500 1995 a
3518 1955 3627 2010 pa-

2033 2026 2130 2088 tre,
2181 2037 2211 2074 a
2262 2038 2368 2090 quo
2417 2039 2516 2090 per
2555 2023 2974 2080 inobedientiam
3019 2027 3366 2097 discesseras,
3397 2029 3625 2086 inveniri

2030 2107 2327 2177 desideras,
2360 2118 2412 2164 et
2439 2111 2698 2167 deliciose
2725 2112 2778 2167 in
2811 2114 2973 2169 domo
2996 2114 3138 2169 illius
3171 2116 3400 2186 epulari,
3442 2118 3511 2172 ad
3543 2127 3620 2172 te-

2029 2194 2206 2266 ipsum
2238 2198 2415 2252 statim
2448 2209 2735 2270 revertere,
2770 2210 2820 2256 et
2850 2202 3111 2259 discussis
3137 2204 3346 2259 actibus
3366 2205 3487 2274 tuis,
3518 2223 3625 2260 un-

2030 2284 2099 2339 de
2144 2287 2412 2342 excideris
2453 2288 2758 2354 recordare,
2805 2297 2862 2344 ut
2909 2306 2974 2346 eo
3023 2292 3196 2364 magis
3244 2294 3516 2348 movearis
3553 2294 3624 2348 ad

2030 2374 2423 2445 poenitentiam,
2456 2392 2562 2447 quo
2583 2377 2812 2448 incipies
2834 2395 3163 2450 cognoscere
3183 2380 3330 2452 quod
3349 2381 3620 2448 amiseris,

2029 2471 2082 2518 et
2111 2463 2338 2534 perdere
2365 2465 2508 2534 quod
2539 2466 2828 2523 inveneris.
2865 2467 3119 2540 Sequitur
3147 2486 3158 2522 :

2104 2571 2282 2638 (Vers.
2314 2574 2389 2642 5.)
2416 2573 2622 2628 Memor
2647 2574 2736 2644 fui
2750 2573 2970 2631 dierum
2986 2577 3369 2646 antiquorum,
3392 2577 3628 2634 medita-

2032 2662 2258 2713 tussum
2273 2661 2336 2714 in
2349 2660 2876 2734 omnibusoperibus
2892 2664 3098 2732 tuis,et
3129 2667 3192 2720 in
3220 2667 3394 2736 factis
3415 2683 3627 2725 manu-

2030 2762 2127 2803 um
2158 2751 2390 2802 tuarum
2425 2749 2760 2806 meditabar.

2101 2854 2154 2909 5.
2189 2853 2397 2909 Felices
2426 2855 2632 2926 antiqui
2688 2857 2837 2924 dies,
2899 2857 3035 2912 nihil
3081 2859 3445 2928 tenebrarum,
3494 2862 3632 2919 nihil

2032 2942 2291 3012 caliginis
2313 2943 2687 3012 praeferentes.
2708 2945 2854 3012 Quas
2868 2945 3034 3000 divini
3044 2947 3478 3005 tatisillustrabat
3492 2967 3633 3021 prae-

2033 3030 2223 3096 sentia,
2238 3030 2543 3086 securitatis
2555 3033 2820 3104 purgabat
2839 3034 3120 3102 serenitas,
3139 3035 3340 3092 laetitia
3355 3037 3631 3094 immensi-

306 3120 540 3183 saeculi,
565 3123 619 3174 et
637 3122 919 3177 anxiam:
949 3124 1036 3177 est
1063 3137 1242 3193 super
1261 3137 1351 3177 me
1384 3122 1622 3194 spiritus
1651 3139 1830 3194 meus,
1854 3126 1917 3180 in
1949 3141 1998 3202 Ο
2033 3125 2116 3173 tas
2131 3119 2579 3174 decorabat.Dies
2591 3121 2910 3192 gaudiorum
2926 3123 3358 3191 etluminis,dies
3374 3126 3632 3183 virtutum

307 3223 400 3262 me
423 3207 732 3263 turbatum
750 3213 835 3265 est
858 3226 960 3265 cor
979 3225 1190 3264 meum.

378 3299 450 3351 4.
491 3295 636 3364 Quid
675 3297 976 3352 infelicius?
1008 3298 1269 3354 Vivebam
1315 3298 1444 3353 olim
1493 3299 1630 3367 Deo,
1674 3308 1920 3356 mortuus

306 3383 544 3452 saeculo,
574 3401 717 3440 nunc
744 3401 774 3440 e
802 3386 1079 3442 contrario
1109 3395 1352 3442 mortuus
1379 3387 1494 3442 Deo
1525 3388 1728 3443 mundo
1773 3389 1917 3444 vivo.

307 3473 464 3540 Quid
493 3481 579 3527 est
620 3475 764 3530 enim
811 3483 1118 3544 peccatum,
1165 3475 1270 3530 nisi
1317 3476 1493 3530 mors?
1535 3475 1672 3530 Hinc
1715 3476 1914 3532 etenim

308 3561 579 3632 scriptum
610 3568 690 3618 est
723 3581 736 3616 :
770 3565 889 3620 Non
911 3568 997 3620 est
1023 3563 1084 3619 in
1127 3569 1308 3619 morte
1337 3565 1434 3634 qui
1465 3580 1680 3621 memor
1706 3565 1784 3619 sit
1833 3565 1923 3620 tui

309 3650 579 3719 (Psal.vr,
605 3653 680 3720 6).
715 3652 783 3706 Et
811 3652 1023 3707 iterum:
1053 3653 1304 3708 Intravit
1339 3669 1486 3710 mors
1506 3669 1609 3724 per
1636 3655 1920 3723 fenestras

306 3742 546 3794 nostras
573 3737 809 3808 (Jer.ix,
835 3738 949 3808 21).
982 3741 1130 3795 Mors
1160 3756 1397 3810 namque
1426 3748 1507 3794 est
1537 3757 1655 3810 quae
1684 3741 1917 3797 animam

308 3839 342 3879 a
373 3826 498 3881 Deo
539 3836 776 3898 separat,
807 3844 1063 3884 sensuum
1092 3828 1423 3883 internarum
1469 3828 1787 3884 intercludit
1829 3831 1918 3885 of-

313 3911 472 3983 ﬁcia,
508 3915 754 3970 divinam
784 3917 1038 3988 deturpat
1065 3917 1384 3988 imaginem,
1414 3916 1551 3970 lucis
1577 3917 1767 3971 adimit
1792 3917 1922 3973 clari

306 4013 507 4060 tatem.
557 4005 802 4074 Denique
866 4005 960 4076 qui
1004 4006 1216 4060 Christo
1265 4005 1515 4072 moritur,
1569 4004 1626 4058 in
1673 4005 1921 4076 sepulcro

309 4093 684 4152 conscientia
730 4093 1047 4159 tumulatur,
1111 4094 1314 4166 ligatur
1357 4092 1920 4164 concupiscentiarum

309 4182 548 4249 institis,
580 4197 612 4236 a
640 4190 930 4253 conspectu
969 4182 1063 4236 Dei
1093 4180 1394 4252 projicitur,
1430 4181 1624 4235 duritie
1651 4182 1924 4251 operitur;

307 4270 505 4341 lapide
535 4270 829 4340 iniquitatis
858 4271 1000 4324 intus
1029 4269 1314 4326 clauditur.
1347 4269 1427 4324 De
1449 4269 1646 4324 talibus
1664 4270 1926 4340 scriptum

309 4369 394 4415 est
430 4377 444 4412 :
480 4359 679 4415 Prodit
709 4362 873 4430 quasi
894 4375 970 4415 ea:
1000 4359 1165 4430 adipe
1193 4358 1471 4430 iniquitas
1520 4373 1714 4414 eorum
1735 4359 1916 4428 (Psal.

2029 3215 2081 3262 et
2096 3207 2389 3277 pacis,dies
2409 3208 2725 3264 deliciarum
2745 3211 3086 3265 etsuavitatis
3105 3229 3116 3272 ;
3138 3229 3276 3281 quos
3292 3229 3400 3268 non
3414 3219 3631 3284 pertur-

2028 3294 2194 3348 babat
2211 3309 2426 3364 maeror,
2441 3311 2550 3351 non
2571 3297 2860 3352 infestabat
2872 3299 3251 3370 angustia,non
3268 3301 3632 3359 obumbrabat

2029 3381 2331 3438 infirmitas.
2367 3383 2481 3438 Hos
2509 3383 2626 3440 dies
2654 3385 2709 3439 in
2730 3387 2980 3456 paradiso
3011 3387 3200 3442 habuit
3238 3389 3440 3459 anima,
3471 3399 3631 3448 ante-

2028 3487 2192 3540 quam
2222 3487 2252 3526 a
2283 3477 2422 3527 statu
2453 3473 2792 3528 rectitudinis
2820 3490 2918 3544 per
2944 3474 3159 3545 culpam
3181 3477 3398 3533 caderet
3425 3495 3631 3551 praeva-

2026 3559 2328 3614 ricationis:
2363 3560 2462 3615 sed
2491 3561 2710 3616 eosdem
2743 3569 2868 3617 tunc
2890 3561 3179 3619 infeliciter
3211 3566 3470 3635 perdidit,
3505 3585 3630 3624 cum

2026 3656 2300 3718 praecepta
2337 3649 2634 3704 conditoris
2665 3667 2880 3705 servare
2909 3652 3258 3722 contempsit.
3289 3655 3471 3711 Potest
3499 3673 3631 3728 quo-

2029 3752 2134 3806 que
2161 3736 2217 3789 in
2244 3737 2392 3809 elligi
2425 3753 2522 3808 per
2550 3737 2801 3808 antiquos
2832 3739 2971 3808 dies,
3005 3739 3305 3812 primorum
3347 3753 3631 3812 parentum

2027 3825 2402 3895 transgressio,
2435 3841 2533 3895 per
2563 3842 2725 3896 quam
2756 3827 2940 3882 oculos
2966 3843 3151 3883 eorum
3205 3838 3423 3900 apertos
3465 3840 3631 3888 testa-

2027 3918 2114 3966 tur
2136 3911 2414 3981 Scriptura
2444 3914 2606 3982 (Gen.
2637 3917 2742 3983 In).
2779 3915 2873 3970 Vel
2906 3917 3073 3970 etiam
3107 3917 3430 3975 illecebrosa
3479 3921 3638 3982 istius

2028 4000 2216 4054 mundi
2257 4000 2611 4070 prosperitas,
2651 4002 2996 4058 fraudulenta
3035 4005 3268 4073 quadam
3318 4009 3632 4068 amoenitate

2029 4086 2205 4143 stultis
2234 4087 2496 4159 arridens,
2519 4089 2605 4144 cui
2627 4090 2902 4146 maledicit
2927 4092 3122 4161 justus,
3159 4093 3363 4149 dicens:
3421 4099 3632 4154 Pereat

2029 4177 2147 4233 dies
2169 4177 2230 4232 in
2253 4194 2361 4246 qua
2377 4182 2550 4234 natus
2567 4195 2694 4234 sum
2715 4179 2858 4248 (Job.
2891 4195 2971 4249 ιιι,
2994 4182 3074 4250 3).
3104 4182 3286 4237 Sancti
3309 4184 3509 4239 etenim
3526 4186 3630 4242 viri

2030 4265 2218 4320 mundi
2247 4267 2406 4336 hujus
2428 4283 2695 4336 prospera
2723 4269 2897 4340 magis
2927 4284 3090 4340 quam
3120 4270 3352 4327 adversa
3383 4281 3629 4330 metuen-

2033 4361 2131 4422 tes,
2156 4354 2208 4408 in
2237 4353 2378 4425 ipsis
2415 4355 2760 4411 successibus
2803 4357 2912 4412 suis
2950 4357 3163 4429 seipsos
3210 4359 3524 4433 discutiunt,
3581 4372 3633 4420 et

310 4463 486 4513 Lxxn,
518 4448 599 4518 7).
631 4447 742 4502 Hos
775 4455 952 4502 tamen
978 4447 1273 4518 aliquando
1326 4446 1611 4502 resuscitat
1655 4447 1830 4515 Jesus,
1871 4451 1926 4502 et
1953 4485 2004 4544 D
2035 4459 2198 4513 quam
2227 4443 2332 4498 cito
2363 4451 2598 4499 transeat
2626 4445 2913 4502 mundana:
2944 4446 3213 4502 felicitatis
3238 4449 3440 4520 fumus,
3463 4459 3634 4508 atten-

312 4537 540 4592 sublato
571 4535 1000 4607 impmnitudinis
1026 4534 1228 4605 lapide,
1267 4550 1298 4589 a
1345 4535 1586 4589 tenebris
1632 4534 1701 4589 ad
1745 4534 1923 4591 lucem

2035 4532 2192 4599 dunt,
2215 4532 2561 4588 revolventes
2579 4534 2725 4606 quod
2741 4535 3006 4604 scriptum
3025 4543 3126 4590 est:
3159 4536 3225 4594 In
3241 4537 3330 4594 die
3350 4541 3634 4596 malorum

313 4632 569 4682 revocat.
601 4625 668 4679 Et
697 4641 816 4680 cum
845 4641 949 4695 pro
979 4625 1058 4680 eis
1102 4622 1356 4680 Ecclesia
1402 4623 1786 4693 intercesserit,
1824 4641 1929 4694 per
2025 4634 2097 4675 ne
2113 4620 2410 4678 immemor
2429 4622 2505 4676 sis
2527 4622 2803 4678 honorum
2827 4623 3021 4688 (Eecli.
3053 4639 3226 4692 xxvn,
3253 4625 3360 4692 11).
3382 4626 3439 4681 Si
3469 4645 3632 4700 quem

307 4712 683 4768 ministerium
710 4729 802 4770 eos
832 4713 1172 4770 sacerdotum
1202 4712 1453 4768 absolvit.
1489 4712 1654 4767 Venit
1697 4713 1815 4782 ipse
1857 4713 1927 4768 ad

310 4806 755 4868 monumentum,
801 4799 872 4853 ad
916 4799 1174 4870 lacrymas
1219 4796 1485 4854 Ecclesiae
1530 4806 1925 4863 commovetur;

313 4886 482 4958 jubet
512 4893 576 4941 ut
604 4886 670 4940 ad
696 4887 959 4957 justitiam
990 4893 1258 4958 resurgat,
1290 4885 1382 4957 qui
1413 4885 1622 4957 pridem
1652 4885 1709 4940 in
1736 4886 1929 4957 iniqui-

309 4981 427 5032 tate
448 4977 714 5044 jacuerat.
735 4975 1131 5032 Tantummodo
1156 4991 1292 5045 opus
1320 4981 1402 5030 est
1423 4981 1482 5029 ut
1507 4990 1609 5045 per
1630 4975 1925 5031 confessio-

316 5081 451 5120 nem
474 5065 627 5119 foras
659 5064 858 5132 veniat,
890 5064 1086 5120 sentiat
1115 5064 1292 5120 cordis
1321 5063 1584 5131 dolorem,
1614 5062 1804 5118 timeat
1826 5064 1924 5135 ju-

315 5153 532 5208 dicium
582 5151 704 5220 Dei,
735 5152 805 5206 ab
848 5151 1129 5223 iniquitate
1171 5153 1408 5208 recedat.
1457 5151 1631 5207 Habet
1674 5151 1836 5207 etiam
1869 5152 1925 5208 in

312 5242 424 5297 hoc
438 5241 728 5312 prophetae
748 5240 1152 5297 documentum.
1176 5241 1317 5296 Nam
1333 5240 1598 5297 subditur:
1629 5240 1924 5298 Anxiatus

308 5334 402 5386 est
429 5345 606 5403 super
628 5345 716 5385 me
737 5331 977 5402 spiritus
1007 5345 1187 5400 meus,
1210 5331 1274 5386 in
1294 5345 1385 5386 me
1407 5329 1703 5386 turbatum
1723 5334 1811 5386 est
1827 5347 1922 5388 cor

307 5433 530 5474 meum.
555 5417 872 5474 Pwnitentis
885 5418 986 5478 viri
1015 5419 1236 5492 spiritus
1256 5419 1530 5490 anxiatur,
1551 5435 1674 5475 cum
1691 5434 1926 5490 superna

311 5505 657 5574 desiderans,
691 5506 868 5563 carnis
886 5508 1227 5579 corruptione
1249 5507 1592 5580 deprimitur.
1621 5507 1757 5563 Cum
1778 5508 1922 5564 enim

309 5603 553 5652 terrena:
572 5593 714 5651 labis
776 5596 980 5654 ondere
996 5605 1394 5672 praegravatus,
1413 5595 1622 5655 sustolli
1647 5596 1720 5653 ad
1732 5595 1924 5656 altiora

2023 4723 2152 4764 vero
2183 4707 2237 4760 in
2257 4708 2461 4764 mundo
2491 4709 2801 4780 prosperari
2830 4709 3082 4778 viderint,
3133 4720 3187 4767 et
3214 4713 3268 4767 in
3290 4714 3468 4786 gloria
3489 4716 3633 4773 divi-

2024 4795 2224 4850 tiarum
2245 4811 2463 4852 suarum
2492 4799 2784 4866 exsultare,
2817 4815 2928 4854 non
2959 4801 3170 4856 culmen
3208 4801 3486 4872 dignitatis
3515 4806 3632 4876 ejus

2027 4884 2390 4951 considerant,
2442 4886 2539 4940 sed
2585 4884 2750 4941 ﬁnem
2797 4887 2943 4942 illius
2971 4895 3148 4943 mente
3186 4897 3530 4960 pertractant,
3569 4901 3629 4948 ut

2032 4980 2184 5028 tanto
2211 4973 2466 5029 obnixius
2494 4990 2623 5030 vera
2644 4975 2787 5030 bona
2814 4975 3174 5044 considerent,
3208 4985 3411 5048 quanto
3460 4993 3628 5048 aper-

2030 5063 2137 5118 tius
2166 5063 2310 5118 bona
2338 5078 2446 5118 non
2471 5079 2588 5119 esse
2617 5080 2738 5136 quae
2762 5066 3046 5120 transeunt
3075 5064 3280 5120 vident.
3314 5067 3450 5121 Hinc
3465 5083 3626 5122 nam-

2031 5168 2136 5222 que
2159 5152 2259 5208 Job
2287 5151 2416 5206 dicit
2435 5168 2447 5206 :
2466 5152 2571 5223 Ego
2595 5153 2708 5208 vidi
2728 5154 2980 5209 stultum
3006 5153 3171 5222 ﬁrma
3189 5153 3398 5222 radice,
3422 5161 3479 5210 et
3496 5171 3627 5213 ma-

2034 5241 2212 5298 ledixi
2229 5239 2649 5312 pulchritudini
2668 5257 2790 5312 ejus
2809 5243 3013 5298 statim
3033 5242 3168 5312 (Job.
3193 5258 3245 5309 v,
3270 5242 3343 5312 3).
3368 5241 3467 5310 Qui
3482 5245 3626 5301 enim

2029 5329 2086 5383 in
2130 5327 2470 5384 multitudine
2500 5327 2810 5385 divitiarum
2849 5344 3067 5384 suarum
3097 5327 3342 5398 confidit,
3390 5330 3541 5400 quasi
3571 5331 3628 5388 in

2033 5427 2179 5474 terra
2205 5417 2448 5473 radicem
2478 5415 2730 5472 ﬁrmavit.
2763 5417 2874 5472 Sed
2904 5417 2988 5472 vir
3010 5425 3226 5473 sanctus
3253 5417 3374 5487 ejus
3402 5419 3626 5477 maledi-

2030 5506 2102 5563 cit
2128 5503 2540 5578 pulchritudini,
2571 5520 2695 5560 cum
2726 5503 2873 5560 illius
2891 5504 3119 5578 derogat
3139 5509 3490 5578 prosperitati
3511 5510 3626 5567 Me-

2027 5597 2246 5655 ditatus
2257 5609 2386 5655 sum
2401 5594 2464 5651 in
2485 5592 2746 5685 omnibus
2765 5595 3026 5668 aperibus
3040 5599 3178 5654 tuis.
3197 5595 3304 5666 Qui
3322 5597 3511 5654 mundi
3531 5599 3627 5655 hu-
