4034 6166
450 327 551 387 6L7

1644 322 1899 384 SANCTI
1947 321 2291 384 GREGORII
2324 321 2543 383 MAGNI
3615 334 3703 390 648

430 457 523 528 jus
553 457 772 512 divitias
805 453 1028 510 fallaces
1055 466 1180 511 esse
1207 454 1513 525 agnoverit,
1546 462 1601 509 et
1630 469 1813 509 amore
1842 453 2029 507 coules-
2060 452 2118 512 A
2147 452 2504 523 accipiamus;
2538 450 2639 509 sed
2670 452 2726 506 in
2755 451 2897 506 vasis
2919 451 3118 507 nostris
3140 451 3322 507 oleum
3343 461 3612 524 sumentes,
3632 472 3707 513 ve-

434 546 565 602 tium
607 543 991 614 contempserit
1050 552 1278 607 terrena,
1335 541 1624 597 meditatur
1679 543 1732 595 in
1773 540 2030 610 operibus

436 634 613 701 bonis,
647 649 769 702 quae
795 632 913 687 vita
941 634 1044 686 hac
1074 638 1382 686 transeunte
1411 637 1783 699 permaneant,
1803 638 1854 684 et
1882 637 2035 684 reter~

435 739 522 777 nae
546 722 671 776 vita:
700 721 932 791 praemia
957 720 1152 775 ferant.
1176 720 1369 789 Neque
1389 719 1533 773 enim
1555 726 1798 789 tempore
1828 717 2036 771 utiliter

436 812 652 879 vivitur,
677 810 780 864 nisi
810 810 881 864 ad
910 808 1339 879 comparandum
1368 806 1623 861 meritum
1655 822 1762 876 quo
1791 805 1846 860 in
1878 813 2035 860 teter-

435 900 604 955 nitate
635 900 866 953 vivatur.
888 897 1139 968 Sequitur
1164 914 1176 950 :
1204 898 1272 951 Et
1302 898 1364 951 in
1394 896 1571 966 factis
1602 909 1879 950 manuum
1912 897 2035 949 tua-

435 1005 568 1044 rum
596 986 911 1042 meditabar
938 986 1108 1056 (Fsal.
1132 1001 1206 1053 οι,
1238 987 1351 1054 26).
1381 984 1644 1054 Loquitur
1671 983 1936 1053 propheta
1966 979 2036 1035 ad

435 1078 609 1131 Deum
633 1096 651 1129 .-
675 1073 858 1146 Opera
885 1089 1163 1128 manuum
1183 1077 1418 1128 tuarum
1438 1076 1574 1127 sunt
1596 1071 1742 1127 caeli.
1769 1071 1832 1124 Et
1854 1069 1984 1124 alibi
2016 1086 2029 1122 :

436 1165 569 1221 Caeli
596 1167 873 1219 enarrant
902 1162 1145 1230 gloriam
1173 1162 1273 1216 Dei
1302 1160 1479 1225 (Psal.
1505 1175 1662 1227 xvm,
1695 1159 1761 1227 1).
1793 1157 1877 1211 Illi
1910 1166 2036 1213 sunt

434 1253 579 1321 caeli,
612 1251 703 1322 qui
734 1257 987 1305 enarrant
1016 1249 1244 1319 gloriam
1274 1250 1379 1303 Dei
1412 1266 1423 1301 :
1459 1249 1549 1318 qui
1592 1263 1730 1316 opus
1775 1260 2031 1300 manuum

433 1342 534 1396 Dei
564 1340 832 1402 dicuntur,
859 1338 988 1407 quia
1019 1337 1258 1392 divinam
1281 1336 1337 1391 in
1357 1352 1414 1391 se
1436 1352 1544 1391 non
1565 1335 1875 1390 deformant
1904 1333 2037 1386 ima-

432 1430 641 1502 ginem,
689 1427 1073 1482 charismatum
1118 1441 1227 1480 non
1266 1425 1564 1480 excludunt
1615 1424 1778 1489 dona,
1837 1421 2035 1476 animae

433 1518 672 1589 speciem
704 1531 810 1570 non
839 1514 1226 1569 demoliuntur.
1277 1513 1379 1580 Qui
1410 1511 1543 1565 nihil
1592 1511 1722 1566 boni
1764 1510 1889 1573 sibi,
1938 1508 2035 1563 sed

435 1614 604 1661 totum
636 1604 830 1677 gratiae
860 1603 961 1657 Dei
994 1601 1257 1669 tribuunt,
1288 1601 1521 1656 scientes
1564 1616 1623 1654 se
1671 1598 1803 1652 nihil
1830 1597 2035 1652 habere

433 1694 577 1766 quod
607 1709 715 1748 non
741 1697 1069 1761 acceperunt
1097 1690 1146 1759 (I
1174 1693 1292 1747 Cor.
1327 1690 1422 1759 tv).
1456 1689 1570 1744 Hoc
1600 1688 1745 1742 enim
1778 1693 2033 1756 Operatus

2149 540 2314 595 nienti
2346 555 2554 611 sponso
2584 555 2956 607 occurramus,
3000 548 3058 594 ut
3100 540 3284 595 dicere
3319 556 3437 595 cum
3475 546 3709 613 Apostolo

2142 628 2412 698 possimus
2440 629 2684 699 (Matth.,
2731 628 2913 699 xxv):
2950 629 3141 684 Gloria
3207 635 3401 684 nostra
3454 629 3563 687 hazc
3616 637 3710 690 tes-

2150 720 2547 773 testimonium
2571 723 2931 773 conscientia:
2960 723 3169 773 nostra:
3197 718 3276 781 (ΙΙ
3312 721 3435 773 Cor.
3466 734 3504 785 ι,
3532 722 3633 793 12).

2233 809 2285 860 7.
2314 808 2519 861 Anima
2549 821 2682 862 mea
2710 808 2858 861 sicut
2885 812 3045 861 terra
3070 810 3190 861 sine
3210 823 3354 879 aqua
3375 809 3487 864 tibi.
3512 808 3619 865 Hoc
3643 818 3716 866 est

2143 902 2366 964 propter
2396 894 2542 964 quod
2574 896 2754 967 magis
2799 894 3081 949 timoratus
3131 895 3357 967 quisque
3397 912 3453 950 se
3496 897 3557 950 ad
3588 898 3711 954 bene

2144 982 2477 1051 operandum
2526 983 2743 1053 excitat,
2776 982 2821 1037 si
2852 999 2909 1038 se
2937 998 3045 1037 non
3094 983 3319 1038 extollat
3345 983 3412 1038 de
3442 986 3649 1053 meritis,
3678 987 3717 1040 si

2142 1072 2200 1125 in
2216 1087 2273 1126 se
2290 1070 2595 1141 superbiam
2614 1074 2866 1126 humanae
2887 1072 3335 1141 praesumptionis
3356 1074 3658 1144 exstinguat,
3678 1074 3719 1129 si

2142 1159 2275 1213 nihil
2306 1175 2365 1214 se
2397 1176 2512 1214 esse
2540 1168 2770 1230 reputet,
2803 1161 2849 1213 si
2881 1159 3091 1214 virtuti;
3121 1160 3512 1216 incrementum
3542 1179 3573 1216 a
3602 1178 3720 1218 cou-

2143 1247 2316 1303 ditore
2327 1256 2618 1318 exspectet.
2639 1248 2872 1319 Ideoque
2888 1248 2996 1302 ait:
3014 1254 3221 1304 Anima
3241 1266 3371 1305 mea
3410 1252 3561 1307 sicut
3573 1255 3717 1306 terra

2141 1344 2264 1391 sine
2291 1354 2439 1408 aqua
2470 1338 2590 1391 tibi.
2627 1335 2795 1405 Quasi
2820 1337 2966 1392 enim
2990 1344 3129 1392 terra
3149 1338 3264 1393 sine
3285 1354 3443 1409 aqua,
3462 1348 3539 1393 est
3554 1339 3718 1395 anima

2142 1425 2256 1480 sine
2284 1425 2486 1497 gratia.
2520 1424 2672 1480 Sicut
2703 1424 2846 1479 enim
2877 1433 3019 1480 terra
3050 1442 3171 1496 quae
3199 1426 3374 1482 imbre
3394 1443 3498 1482 non
3518 1428 3717 1498 perfun-

2143 1512 2309 1577 ditur,
2343 1529 2449 1567 non
2481 1515 2706 1568 vestitur
2735 1513 2946 1582 herbis,
2987 1530 3095 1569 non
3144 1522 3464 1569 venustatur
3492 1515 3716 1583 ﬂoribus,

2142 1617 2250 1656 non
2281 1601 2509 1656 abundat
2544 1617 2744 1662 messe;
2766 1601 2848 1656 sic
2869 1602 3049 1656 anima
3074 1604 3252 1674 gratia
3273 1619 3462 1658 carens
3482 1620 3584 1659 non
3603 1619 3719 1674 ope-

2140 1690 2276 1743 ritur
2304 1690 2612 1753 virtutibus,
2645 1706 2753 1743 non
2792 1690 2995 1761 cogitat
3038 1691 3107 1745 de
3151 1692 3480 1758 ccelestibus,
3512 1707 3613 1748 nou
3642 1692 3721 1746 in-

438 1791 519 1840 est
548 1784 603 1837 in
634 1782 730 1848 eis,
755 1780 845 1851 qui
877 1794 1011 1834 vasa
1039 1778 1432 1832 misericordia)
1463 1776 1587 1831 fecit
1612 1791 1704 1830 eos
1721 1777 1900 1845 (Rom.
1924 1773 2030 1843 IX),
2060 1801 2113 1861 B
2143 1778 2279 1833 sistit
2308 1778 2553 1832 utilibus.
2594 1778 2788 1833 Vitiato
2828 1795 3062 1849 namque
3091 1779 3143 1833 in
3173 1780 3348 1850 primo
3402 1789 3618 1851 parente
3658 1781 3721 1834 li-

441 1872 532 1944 qui
564 1870 688 1925 illos
717 1877 839 1923 ante
869 1868 1056 1921 mundi
1086 1867 1518 1922 constitutionem
1550 1865 1602 1919 in
1631 1864 1806 1934 seipso
1844 1862 2030 1934 elegit,

437 1970 497 2016 ut
527 1962 582 2015 in
608 1976 667 2015 se
696 1974 805 2013 non
834 1958 1157 2029 glorientur,
1190 1972 1289 2011 nec
1319 1956 1484 2010 altum
1534 1955 1778 2024 sapiant,
1822 1953 1918 2008 sed
1968 1952 2039 2005 ti-

440 2057 623 2106 meant
655 2047 876 2119 (Ephes.
901 2048 964 2115 ι),
989 2060 1090 2100 nec
1111 2045 1294 2099 dicant
1321 2045 1377 2097 in
1406 2044 1734 2098 abundantia
1763 2057 1893 2095 sua:
1919 2042 2039 2095 Non

439 2138 696 2195 movebar
714 2139 777 2191 in
797 2140 1078 2191 aeternum
1104 2134 1257 2203 (Pal.
1282 2139 1466 2202 xx1x).
1493 2132 1550 2186 In
1576 2132 1658 2185 his
1683 2131 1847 2197 550
1870 2127 2040 2183 medi-

441 2223 664 2289 tabitur,
698 2220 790 2292 qui
824 2219 894 2274 de
924 2216 1197 2287 Babylone
1245 2232 1514 2286 reversus,
1547 2218 1805 2287 exempla
1853 2231 2039 2271 eorum

437 2311 541 2368 sibi
589 2310 657 2364 ad
698 2306 1021 2361 imitandum
1051 2321 1383 2376 proponens,
1416 2321 1484 2359 ne
1515 2306 1773 2375 deceptus
1802 2320 2036 2359 conver-

436 2400 645 2456 satione
675 2411 863 2453 eorum
894 2394 985 2465 qui
1015 2402 1230 2448 terrena
1250 2392 1484 2462 sapiunt,
1509 2393 1566 2446 in
1579 2395 1774 2448 eadem
1806 2408 1932 2464 quae.
1958 2390 2040 2445 di-

437 2489 657 2544 miserat
685 2484 987 2548 relabatur,
1035 2488 1086 2536 et
1133 2479 1226 2534 ﬁat
1274 2481 1515 2535 deterior
1541 2480 1741 2536 erroris
1788 2479 2036 2535 confusio

437 2573 597 2644 (Luc.
630 2567 738 2637 ix),
770 2567 814 2621 si
845 2574 968 2636 post
1005 2571 1290 2634 acceptum
1340 2572 1573 2619 aratrum
1620 2564 1844 2635 coeperit
1891 2572 2037 2618 retro

438 2660 717 2731 aspicere;
750 2663 840 2710 aut
870 2653 936 2708 ad
970 2652 1268 2708 tollendam
1301 2652 1535 2708 tunicam
1592 2653 1647 2708 in
1694 2654 1915 2708 domum
1946 2667 2037 2706 re-

440 2762 625 2805 meare
655 2743 878 2815 (Matth.
908 2744 1094 2808 xxiv).
1154 2741 1360 2795 Eorum
1385 2741 1567 2811 itaque
1596 2741 1849 2812 exemplo
1880 2757 1938 2795 se
1969 2740 2039 2795 ad

443 2838 584 2893 bene
612 2831 951 2904 operandam
982 2829 1200 2895 excitat,
1226 2836 1279 2884 et
1307 2845 1429 2883 cum
1460 2829 1538 2884 eis
1566 2829 1767 2884 absens
1787 2843 2034 2899 corpore,

439 2931 622 2982 mente
649 2928 1017 2977 conversatur.
1053 2916 1298 2973 Gloriam
1331 2932 1462 2988 ergo
1491 2916 1844 2973 beatitudinis
1873 2925 2037 2971 aster-

440 3031 526 3070 ηε
574 3027 737 3082 quam
768 3014 1104 3077 receperunt,
1138 3013 1230 3060 aut
1265 3005 1535 3075 recepturi
1578 3014 1722 3071 sunt,
1768 3005 2033 3074 attendit;

438 3110 500 3158 ut
526 3116 591 3155 eo
620 3098 795 3169 magis
822 3096 891 3149 ad
920 3110 1057 3165 opus
1087 3093 1293 3147 bonum
1338 3093 1625 3161 animetur,
1660 3109 1766 3163 quo
1806 3093 2042 3163 coeperit

2143 1866 2278 1922 bero
2309 1866 2551 1933 arbitrio,
2577 1867 2695 1937 jam
2726 1883 2825 1921 nec
2852 1866 2990 1923 velle
3021 1867 3242 1938 quidem
3290 1869 3492 1925 bonum
3536 1885 3722 1939 possu—

2146 1972 2287 2021 mus,
2320 1955 2418 2009 nisi
2450 1955 2595 2009 illius
2634 1955 2811 2026 gratia
2848 1954 3189 2025 adjuvemur,
3223 1958 3369 2026 apud
3398 1974 3556 2027 quem
3581 1973 3726 2029 gres-

2145 2060 2240 2097 sus
2271 2044 2506 2099 hominis
2535 2043 2859 2113 diriguutur.
2895 2044 3165 2115 Scriptum
3197 2046 3401 2116 quippe
3427 2054 3507 2102 est
3536 2065 3548 2100 :
3585 2049 3727 2103 Prw-

2143 2139 2391 2206 paratur
2435 2133 2696 2188 voluntas
2726 2149 2761 2187 α
2791 2132 3026 2187 Domino
3078 2133 3263 2199 (Prov.
3297 2150 3417 2204 vni,
3467 2136 3556 2203 35,
3603 2137 3726 2190 sect.

2145 2221 2313 2288 LXX).
2348 2220 2415 2274 Et
2444 2220 2710 2275 Dominus
2740 2220 3023 2289 discipulis
3051 2220 3126 2276 ait
3158 2239 3171 2276 :
3202 2222 3325 2278 Non
3369 2239 3457 2279 vos
3494 2239 3580 2280 me
3622 2225 3729 2280 ele-

2144 2311 2324 2381 gistis,
2348 2308 2442 2365 sed
2472 2325 2567 2378 ego
2594 2310 2736 2379 elegi
2763 2324 2854 2363 vos
2876 2308 3062 2379 (loan.
3087 2327 3179 2378 xv,
3203 2312 3313 2380 16).
3334 2312 3727 2382 EtApostolus:

2144 2399 2291 2454 Deus
2316 2403 2419 2465 est,
2452 2397 2647 2469 inquit,
2689 2402 2787 2469 qui
2834 2402 3103 2468 aperatur
3130 2402 3189 2453 in
3221 2400 3367 2455 vobis
3415 2404 3471 2455 et
3519 2400 3653 2455 velle
3681 2404 3732 2453 et

2141 2487 2429 2557 perﬁcere,
2474 2503 2578 2557 pro
2621 2486 2763 2542 bona
2804 2487 3116 2541 voluntate:
3147 2486 3380 2558 (Philip.
3415 2503 3474 2554 ll,
3507 2488 3613 2557 l3).
3669 2489 3734 2543 Et

2116 2566 2119 2571 ’
2145 2574 2341 2629 iterum
2375 2591 2388 2630 :
2427 2575 2621 2630 Gratia
2645 2574 2743 2630 Dei
2771 2575 2979 2630 saluati
3007 2579 3163 2643 estis,
3180 2591 3281 2648 per
3308 2576 3491 2645 ﬁdem
3513 2575 3720 2648 (Ephes.

2145 2678 2243 2730 vn,
2277 2667 2354 2729 8).
2387 2662 2442 2717 Si
2473 2678 2603 2734 ergo
2635 2660 2796 2715 ﬁdem
2827 2662 2943 2715 sine
2971 2663 3147 2733 gratia
3185 2662 3285 2717 Dei
3337 2680 3500 2719 nemo
3558 2663 3732 2729 habet,

2144 2752 2265 2822 quis
2290 2767 2347 2805 se
2378 2750 2561 2806 facere
2594 2751 2822 2805 fructum
2852 2749 3085 2805 restimet
3114 2750 3228 2806 sine
3258 2751 3534 2823 adjutorio
3572 2752 3727 2819 illius,

2145 2838 2235 2908 qui
2265 2838 2339 2892 ait
2365 2855 2385 2890 :
2416 2839 2584 2895 Posui
2616 2853 2704 2893 vos
2748 2840 2813 2892 ut
2855 2839 3016 2901 eatis,
3070 2843 3124 2893 et
3150 2843 3413 2907 fructum
3445 2841 3723 2910 afferatis,

2142 2932 2198 2981 et
2218 2929 2446 2998 fructus
2471 2930 2654 2981 vester
2671 2928 2903 2979 maneat
2925 2924 3121 2995 (Joan,
3143 2943 3232 2995 xv,
3258 2929 3350 2998 16)
3370 2928 3398 2980 ‘l
3419 2927 3728 2996 Quicunque

2142 3015 2290 3070 enim
2336 3015 2543 3084 plantat
2569 3020 2661 3068 aut
2696 3014 2861 3083 riget,
2891 3012 3164 3067 incassum
3219 3029 3329 3069 vox
3387 3013 3736 3087 correptionis

2141 3103 2385 3158 exterius
2408 3101 2718 3172 perstrepit,
2738 3099 2839 3154 nisi
2866 3100 2957 3155 ille
2974 3100 3371 3157 incrementum
3392 3107 3436 3169 5
3450 3105 3498 3171 5
3517 3106 3550 3171 ί
3573 3103 3737 3157 dede-

442 3151 743 3262 agnoscer;
762 3184 908 3256 quod
929 3186 1256 3253 egerunt,et
1277 3196 1495 3251 sperare
1516 3182 1661 3251 quod
1684 3190 2030 3250 acceperunt.
2064 3151 2114 3213 Ο
2139 3188 2225 3256 rit,
2255 3188 2373 3241 sine
2403 3151 2509 3258 quo
2536 3151 2669 3241 nihil
2699 3151 2991 3258 possumus
3023 3188 3203 3245 facere
3232 3191 3283 3260 (I
3313 3151 3573 3261 0017.7").

515 3279 689 3347 (Vers.
726 3274 803 3344 6.)
851 3271 1117 3344 Expandi
1161 3286 1368 3325 manus
1414 3285 1570 3325 meas
1606 3270 1678 3324 ad
1706 3275 1757 3325 te
1788 3287 1807 3323 :
1835 3270 2035 3324 anima

441 3382 570 3425 mea
597 3366 750 3421 sicut
779 3364 934 3417 terra
963 3359 1087 3413 sine
1115 3374 1265 3428 aqua
1297 3357 1419 3413 tibi.

516 3459 568 3510 6.
600 3454 722 3508 Non
750 3448 943 3504 sufﬁcit
970 3447 1108 3501 bene
1138 3446 1295 3513 velle,
1329 3444 1433 3498 nisi
1465 3452 1722 3516 sequatur
1749 3453 1803 3501 et
1834 3444 2035 3501 facere.

441 3544 575 3600 Ideo
617 3540 709 3611 qui
734 3538 787 3592 in
819 3534 1073 3607 operibus
1103 3532 1259 3587 bonis
1290 3532 1601 3587 meditatum
1632 3549 1689 3588 se
1720 3534 1952 3600 dixerat,
1986 3541 2038 3588 et

441 3633 499 3686 in
523 3626 869 3683 meditatione
896 3622 1075 3677 laudis
1103 3629 1408 3676 sanctorum
1440 3621 1805 3690 immoratum,
1825 3629 2038 3677 secutus

442 3715 692 3787 adjunxit
716 3731 729 3768 :
751 3709 1013 3784 Expandi
1032 3724 1235 3764 manus
1256 3725 1410 3764 meas
1437 3709 1510 3764 ad
1539 3712 1612 3764 te.
1642 3709 1779 3763 Hinc
1802 3724 2038 3781 namque

440 3807 710 3880 propheta
722 3817 821 3858 nos
838 3800 1113 3864 admonet,
1127 3797 1341 3852 dicens:
1362 3795 1636 3854 Levemus
1650 3798 1818 3855 corda
1838 3802 2037 3855 nostra

442 3911 575 3953 cum
602 3891 862 3948 manibus
896 3888 967 3944 ad
997 3887 1173 3943 Deum
1211 3886 1441 3955 (Thren.
1484 3902 1565 3953 Ill,
1598 3886 1710 3956 41).
1763 3886 1908 3954 Quid
1950 3892 2036 3941 est

441 4000 635 4040 manus
663 3981 734 4035 ad
752 3980 924 4035 Deum
954 3975 1282 4046 expandere,
1306 3974 1407 4028 nisi
1427 3975 1796 4045 operationem
1827 3975 1898 4028 ad
1918 3990 2032 4029 om-

440 4073 783 4143 nipotentem
814 4065 1036 4122 levare?
1065 4064 1311 4134 Denique
1337 4063 1434 4118 ille
1465 4078 1657 4117 manus
1685 4079 1810 4117 suas
1829 4070 2040 4118 contra-

440 4161 541 4230 hit,
574 4159 668 4230 qui
697 4152 1069 4227 indigentibus
1098 4151 1228 4205 nihil
1260 4150 1468 4219 tribuit,
1500 4150 1588 4221 qui
1618 4165 1808 4207 vocem
1839 4166 2038 4221 paupe-

441 4250 516 4304 ris
545 4264 654 4303 non
683 4244 924 4301 exaudit.
954 4242 1092 4296 Hinc
1121 4240 1345 4311 quidam
1376 4239 1595 4309 sapiens
1636 4240 1911 4306 admonet,
1944 4239 2035 4293 di-

439 4354 567 4394 cens
591 4353 603 4392 :
624 4337 742 4392 Non
763 4334 839 4388 sit
854 4346 1062 4386 manus
1078 4334 1179 4385 tua
1198 4329 1270 4384 ad
1291 4328 1539 4383 dandum
1550 4331 1875 4393 contracta,
1891 4330 1947 4381 et
1964 4326 2035 4382 ad

438 4423 844 4497 accipiendum
866 4422 1125 4491 porrecta
1143 4418 1337 4487 (Eccli.
1358 4433 1433 4480 iv,
1455 4418 1565 4485 36).
1586 4415 1884 4470 Docuitille
1908 4430 2032 4469 ma-

2210 3275 2385 3346 (Vers.
2419 3275 2496 3343 7.)
2535 3276 2800 3331 Velociter
2844 3276 3058 3332 exaudi
3102 3292 3213 3343 me,
3250 3278 3504 3349 Domine,
3536 3278 3741 3350 defecit

2143 3367 2378 3436 spiritus
2409 3378 2588 3419 meus.

2216 3451 2267 3505 8.
2302 3451 2422 3506 Non
2454 3451 2753 3524 incongrue
2784 3468 2817 3507 a
2848 3452 3080 3523 quodam
3112 3453 3363 3526 sapiente
3386 3456 3596 3512 dictum
3626 3462 3737 3509 est:

2146 3540 2451 3612 Cupiditati
2478 3541 2598 3611 ipsa
2639 3542 2903 3597 celeritas
2935 3543 3103 3598 tarda
3134 3548 3240 3599 est.
3265 3544 3465 3599 Parum
3494 3543 3635 3598 enim
3665 3549 3743 3598 est

2145 3627 2475 3683 desideranti
2481 3628 2899 3697 justiﬁcationes
2914 3632 3012 3686 Dei
3029 3640 3083 3685 ut
3100 3632 3455 3698 exaudiatur,
3471 3632 3571 3687 nisi
3588 3632 3742 3687 etiam

2146 3716 2403 3771 velociter
2455 3715 2798 3772 exaudiatur.
2852 3718 3017 3773 Addit
3071 3719 3236 3774 etiam
3293 3736 3540 3788 causam,
3589 3733 3743 3790 quare

2146 3804 2386 3860 exaudiri
2415 3804 2632 3872 debeat,
2666 3806 2822 3877 quasi
2862 3805 3154 3862 instantem
3193 3807 3311 3878 jam
3360 3809 3612 3879 spiritum
3644 3822 3744 3862 non

2145 3893 2366 3961 habeat,
2387 3893 2475 3964 qui
2496 3909 2646 3963 spem
2678 3909 2831 3948 suam
2862 3895 3284 3952 omninoinDeo
3315 3897 3491 3968 ponit.
3512 3895 3744 3952 Dicenda

2146 3981 2289 4036 enim
2331 3998 2342 4034 :
2382 3981 2598 4050 Defecit
2640 3984 2876 4053 spiritus
2918 4000 3099 4052 meus,
3131 3999 3435 4054 pauperem
3469 3984 3662 4056 spiritu
3690 3996 3747 4037 se

2145 4080 2264 4120 esse
2293 4068 2539 4132 testatur,
2564 4071 2617 4119 et
2646 4066 2715 4119 de
2743 4066 2917 4137 seipso
2948 4083 3056 4123 non
3088 4083 3447 4138 presumere,
3472 4070 3568 4124 sed
3589 4068 3745 4123 sacri-

2144 4151 2326 4208 ficium
2358 4153 2471 4207 Deo
2502 4152 2754 4222 spiritum
2784 4154 3208 4210 contribulatum
3239 4155 3462 4213 offerre.
3495 4154 3748 4230 Agnoscit

2142 4240 2247 4296 hoc
2276 4240 2443 4296 etiam
2473 4255 2532 4295 se
2561 4256 2629 4295 ex
2658 4242 2832 4313 gratia
2862 4241 2960 4297 Dei
2992 4242 3199 4298 habere
3249 4246 3402 4314 quod
3436 4244 3745 4300 humiliatus

2143 4336 2244 4398 est,
2277 4327 2556 4384 conﬁdens
2586 4345 2644 4384 se
2675 4329 2800 4398 ejus
2831 4330 3038 4386 auxilio
3071 4331 3419 4404 erigendum,
3445 4335 3600 4404 cujus
3627 4347 3747 4405 gra«

2145 4418 2217 4473 tia
2244 4433 2302 4472 se
2329 4417 2487 4472 sentit
2516 4417 2729 4472 elisum.
2752 4419 2887 4473 Hinc
2908 4434 3141 4491 namque
3167 4423 3440 4491 propheta
3458 4423 3745 4478 Dominum

435 4531 539 4569 nus
562 4509 890 4581 expandere,
907 4507 998 4576 qui
1015 4505 1181 4561 dixit:
1204 4505 1341 4560 Date
1362 4506 1769 4575 eleemosynam
1790 4544 1803 4569 ,
1822 4512 1875 4559 et
1903 4518 2027 4559 ecce
2057 4499 2109 4559 D
2139 4505 2475 4572 exorans,ait
2493 4521 2504 4557 :
2521 4508 2758 4576 Auferes
2783 4513 3045 4577 spiritum
3080 4523 3296 4578 eorum,
3328 4516 3381 4566 et
3395 4510 3745 4581 deﬁcient,et

437 4601 631 4659 omnia
662 4597 877 4654 munda
905 4598 1039 4650 sunt
1060 4594 1206 4650 vobis
1228 4592 1388 4659 (Luc,
1412 4607 1488 4660 χι,
1526 4592 1635 4661 ll).
1669 4593 1736 4646 Et
1763 4592 2031 4661 propheta

437 4692 682 4755 testatur,
714 4685 901 4740 dicens
927 4700 938 4740 :
966 4684 1029 4739 In
1046 4682 1134 4737 die
1157 4680 1553 4736 tribulationis
1578 4696 1719 4735 mea:
1733 4681 1910 4735 Deum
1928 4696 2030 4735 ea:-

436 4778 631 4846 quisivi
662 4774 920 4830 manibus
952 4771 1089 4827 meis
1119 4770 1291 4841 (Psal.
1317 4784 1483 4832 Lxxv,
1510 4771 1584 4835 3).
1609 4766 1752 4835 Quid
1774 4775 1857 4822 est
1884 4767 2028 4823 enim

435 4866 688 4923 manibus
706 4864 878 4917 Deum
900 4859 1205 4928 exquirere,
1225 4857 1330 4911 nisi
1347 4857 1600 4927 operibus
1616 4855 1819 4910 sanctis
1839 4855 2030 4912 Salva-

438 4964 609 5013 torem
640 4950 932 5008 invocare?
961 4949 1077 5002 Nec
1103 4947 1275 5002 otiose
1306 4945 1549 5000 additum
1580 4952 1676 5006 est,
1701 4944 1781 5001 Ad
1805 4947 1879 5010 te,
1906 4943 2030 5015 quia

435 5054 560 5102 sunt
586 5041 832 5114 plerique
863 5036 954 5108 qui
981 5036 1037 5089 in
1065 5050 1130 5091 eo
1161 5032 1305 5105 quod
1336 5035 1471 5089 bene
1501 5042 1687 5105 agunt,
1719 5032 1927 5087 laudari
1959 5031 2030 5086 ab

437 5130 750 5190 hominibus
789 5128 1068 5198 appetunt.
1102 5123 1168 5177 Hi
1198 5136 1388 5176 manus
1415 5137 1540 5177 suas
1586 5121 1655 5175 ad
1703 5122 1872 5176 Deum
1921 5135 2028 5175 non

437 5220 773 5295 expandunt,
796 5216 924 5288 quia
952 5228 1051 5283 per
1078 5228 1245 5284 opera
1266 5210 1571 5265 sanctitatis
1591 5225 1699 5265 non
1722 5210 1914 5275 Deum,
1937 5208 2030 5263 sed

436 5309 625 5367 mundi
640 5306 880 5380 gloriam
898 5304 1169 5374 quaerunt.
1188 5301 1267 5354 De
1285 5299 1479 5354 talibus
1499 5299 1631 5355 dicit
1649 5297 1903 5354 Dominus
1926 5314 1939 5351 :
1962 5298 2031 5352 A~

434 5416 566 5456 men
586 5396 708 5453 dico
720 5394 884 5462 vobis,
904 5392 1241 5462 receperunt
1263 5387 1577 5444 mercedem
1604 5401 1765 5442 suam
1785 5386 2030 5455 (Matth.,

436 5501 514 5555 vr,
546 5487 623 5555 2).
654 5481 1046 5552 Expandamus
1094 5492 1226 5550 ergo
1273 5492 1467 5532 manus
1500 5483 1709 5531 nostras
1734 5473 1802 5529 ad
1834 5474 2027 5539 Deum,

437 5587 510 5630 ne
547 5570 812 5641 justitiam
854 5574 1101 5623 nostram
1159 5564 1432 5620 faciamus
1481 5578 1667 5621 coram
1717 5561 2032 5618 hominibus

445 5658 719 5734 (Ibidem):
747 5672 846 5712 nec
873 5670 997 5712 cum
1013 5653 1174 5711 fatuis
1202 5651 1506 5726 virginibus
1533 5650 1813 5723 lampades
1830 5664 2032 5706 vacuas

2137 4594 2201 4649 in
2239 4594 2526 4665 pulverem
2556 4609 2720 4649 suum
2761 4600 3159 4663 revertentur;
3201 4602 3435 4655 emittes
3471 4601 3745 4671 spiritum

2137 4687 2322 4749 tuum,
2338 4687 2391 4736 et
2403 4682 2762 4737 creabantur
2779 4683 2959 4752 (Psal.
2981 4699 3097 4752 cm,
3112 4685 3222 4753 29).
3237 4686 3362 4741 Non
3384 4687 3543 4742 enim
3563 4701 3741 4756 recep-

2136 4770 2369 4826 taculum
2387 4769 2603 4840 spiritus
2618 4769 2713 4823 Dei
2736 4770 3021 4841 quisquam
3040 4770 3284 4839 efﬁcitur,
3304 4773 3413 4830 nisi
3429 4774 3619 4845 spiritu
3649 4789 3742 4829 suo

2136 4858 2393 4930 primitus
2423 4864 2741 4912 evacuetur.
2760 4859 2901 4912 Nam
2932 4875 3033 4914 nec
3062 4860 3362 4930 requiescit
3388 4862 3626 4934 spirith
3643 4861 3738 4917 Dei

2138 4946 2240 5001 nisi
2267 4960 2434 5016 super
2462 4946 2720 5000 humilem
2752 4954 2806 5001 et
2835 4945 3098 5017 quietum,
3118 4956 3168 5002 et
3186 4956 3514 5005 trementem
3545 4965 3740 5006 sermo-

2136 5049 2233 5090 nes
2263 5034 2362 5088 Dei
2391 5034 2713 5103 (lsa.va1).
2746 5035 2994 5106 Denique
3025 5035 3117 5105 qui
3150 5037 3353 5106 tremit,
3379 5038 3584 5093 deﬁcit.
3609 5038 3740 5092 Hine

2135 5122 2400 5192 propheta
2426 5121 2501 5175 ait
2536 5139 2547 5174 :
2583 5122 2796 5191 Defecit
2841 5125 2903 5176 in
2945 5123 3192 5179 salutari
3239 5129 3338 5181 tuo
3385 5129 3584 5183 anima
3618 5139 3741 5182 mea

2137 5211 2365 5281 (Psalm
2415 5223 2602 5276 cxvm,
2634 5213 2744 5279 8t).
2777 5210 2891 5266 Nisi
2920 5210 3063 5265 enim
3094 5213 3217 5284 quis
3244 5228 3275 5267 a
3304 5216 3612 5285 semetipso
3640 5214 3739 5269 de—

2138 5296 2300 5366 ﬁciat,
2332 5296 2400 5351 ad
2428 5312 2552 5351 eum
2583 5296 2674 5367 qui
2702 5312 2864 5367 supra
2907 5297 3084 5367 ipsum
3127 5306 3229 5368 est,
3273 5316 3391 5355 non
3437 5301 3738 5373 appropin-

2139 5391 2285 5455 quat.
2305 5385 2441 5440 Hinc
2469 5384 2538 5440 de
2566 5385 2760 5457 regina
2782 5383 2930 5440 Saba
2961 5386 3226 5458 scriptum
3255 5396 3338 5442 est
3371 5389 3530 5460 quod
3560 5389 3742 5445 audita

2139 5472 2401 5545 sapientia
2430 5472 2755 5540 Salomonis,
2787 5479 2843 5528 et
2870 5472 3010 5527 visis
3050 5475 3309 5530 ministris
3357 5476 3561 5532 domus
3604 5476 3738 5547 ejus,

2137 5575 2248 5616 non
2274 5560 2513 5617 habebat
2554 5561 2695 5616 ultra
2735 5560 2990 5632 spiritum
3022 5562 3126 5631 (HI
3147 5565 3272 5635 Reg.
3311 5564 3431 5635 10),
3466 5566 3593 5636 quia
3623 5565 3739 5621 ele-

2136 5656 2346 5707 ctorum
2404 5650 2655 5708 Ecclesia
2680 5650 2755 5707 de
2807 5649 3062 5721 gentibus
3116 5661 3488 5724 congregata,
3521 5653 3738 5728 cognita
