4082 6170
350 259 489 315 1209

1010 256 1255 314 ALULFI
1284 256 1660 314 EXPOSITIO
1688 256 1863 313 NOVI
1888 257 2086 316 TEST.
2114 288 2181 301 -—
2212 259 2367 315 8UP.
2398 257 2660 314 EVANG.
2691 258 2819 317 SEC
2849 262 3002 320 LUC.

3518 262 3656 317 1210

337 394 515 440 reatus
544 383 781 455 aperitur
798 380 997 437 dehinc
1023 390 1076 437 et
1096 385 1160 458 in
1193 383 1649 458 consuetudinem
1702 383 1945 458 ducitur,
1976 386 2034 448 Α
2064 393 2219 439 tenus
2248 385 2613 458 reﬂectantur.
2652 386 2771 454 Quo
2797 396 2989 442 contra
3018 388 3087 442 de
3121 386 3383 458 reprobis
3425 386 3651 442 dicitur.

338 458 408 511 ad
438 453 735 511 extremum
767 468 998 522 quoque,
1031 455 1113 507 vel
1137 453 1286 509 falsae
1342 454 1457 524 spei
1513 453 1934 522 seductionibus,

336 527 422 582 vel
454 526 815 581 obstinatione
844 524 1052 578 miserae
1081 525 1477 595 desperationis
1494 526 1776 579 enutritur.
1809 525 1943 578 Cum

338 607 517 653 autem
547 598 709 666 culpa
739 596 792 648 in
824 611 982 649 usum
1015 598 1240 661 venerit,
1273 597 1321 651 ei
1349 597 1464 666 jam
1479 596 1707 663 animus,
1727 596 1941 649 etiarnsi

333 676 575 738 appetat,
633 666 868 738 debilins
900 667 1120 738 resistit,
1154 668 1284 738 quia
1309 675 1453 738 quot
1502 666 1709 738 vicibus
1754 682 1939 738 pravae

334 735 782 810 frequentationis
802 735 1134 810 astringitur,
1166 735 1321 808 quasi
1345 735 1430 792 tot
1453 737 1682 810 vinculis
1698 737 1767 791 ad
1783 752 1940 810 me_n-_-

336 807 450 863 tem
478 810 699 878 ligatur.
733 808 883 862 Unde
908 807 963 860 tit
993 816 1049 860 ut
1104 807 1229 863 cum
1280 809 1493 865 enervis
1530 808 1741 861 animus
1797 808 1935 862 solvi

333 896 444 935 non
478 880 643 945 valet,
690 879 759 933 ad
825 878 1077 947 quaedam
1129 895 1188 932 se
1245 879 1437 933 solatia
1487 878 1635 933 falsae
1686 880 1940 933 consola-

335 950 503 1006 tionis
532 950 771 1009 inclinet,
799 958 1062 1019 quatenus
1090 958 1371 1003 venturum
1398 950 1643 1019 judicem
1666 954 1829 1003 tantm
1855 949 1935 1003 si-

334 1021 388 1075 bi
425 1020 811 1075 misericordiaa
842 1020 1127 1088 spondent,
1162 1029 1217 1073 ut
1247 1036 1339 1074 eos
1369 1021 1529 1074 etiam
1563 1036 1696 1089 quos
1712 1036 1935 1091 arguen-

333 1092 436 1146 dos
468 1091 732 1146 invenerit
760 1091 958 1161 petitus
989 1107 1095 1144 non
1126 1091 1338 1145 occidat
1371 1110 1383 1152 ;
1418 1092 1503 1146 cui
1549 1093 1621 1144 rei
1675 1092 1776 1145 hoc
1832 1091 1933 1145 de-

334 1164 498 1217 terius
540 1162 740 1217 accidit
779 1162 926 1231 quod
977 1163 1030 1216 ei
1087 1162 1377 1216 multorum
1434 1163 1690 1215 similium
1748 1161 1935 1233 lingua

331 1242 615 1313 consentit,
642 1247 767 1313 cum
787 1233 947 1313 etiam
973 1233 1113 1313 male
1130 1241 1284 1313 gesta
1307 1233 1553 1313 laAudibus
1574 1240 1930 1313 exaggerant,

331 1305 468 1358 sicut
516 1319 618 1372 per
652 1303 988 1356 Psalmistam
1047 1303 1275 1357 dicitur:
1337 1304 1613 1370 Quoniam
1662 1304 1934 1358 laudatur

329 1380 598 1445 peccator
638 1377 700 1428 in
741 1372 1037 1445 desideriis
1064 1375 1274 1429 animle
1300 1391 1416 1428 suae
1452 1379 1543 1429 :et
1575 1390 1701 1429 cum
1732 1376 1931 1445 iniqua

328 1444 506 1515 egerit
528 1446 779 1516 iniquus.
815 1444 1367 1516 benedicitur(Psal.
1407 1461 1480 1510 IX,
1515 1448 1630 1513 24).
1676 1445 1828 1500 Unde
1875 1444 1929 1499 ﬁt

328 1524 388 1570 ut
417 1515 753 1570 incessanter
780 1524 987 1569 crescat
1017 1515 1174 1584 culpa
1206 1516 1482 1569 favoribus
1499 1516 1713 1570 nutrita.
1740 1516 1928 1569 Curari

326 1602 457 1641 vero
487 1586 681 1640 vulnus
708 1586 1003 1657 negligitur
1040 1588 1182 1658 quod
1213 1587 1437 1658 dignum
1468 1587 1693 1656 praemio
1751 1586 1929 1640 laudis

325 1658 554 1711 videtur.
591 1658 743 1712 Unde
763 1666 816 1710 et
847 1674 942 1725 per
972 1657 1320 1711 Salomonem
1353 1658 1554 1711 dicitur
1585 1673 1599 1711 :
1660 1658 1769 1711 Fili
1824 1660 1925 1724 mi,

2056 458 2197 527 Quia
2216 456 2386 529 corde»
2408 457 2766 529 reuersisunt
2788 459 2849 512 in
2864 456 3193 529 ﬁgi/ptum.
3220 460 3287 512 Et
3343 473 3440 527 per
3467 472 3642 511 seme-

2051 526 2249 599 tipsam
2268 527 2517 599 Veritatis
2534 526 2660 581 dicit
2682 546 2696 580 :
2718 533 2889 583 Nemo
2907 526 3145 585 mittens
3170 544 3310 583 man
3322 526 3416 585 um
3436 528 3508 583 ad
3524 544 3649 582 ara-

2052 597 2205 657 trum
2235 602 2291 671 et
2310 597 2587 666 aspiciens
2604 602 2775 671 retro,
2806 605 2975 670 aptus
2991 605 3075 654 est
3096 617 3264 671 regno
3288 600 3409 655 Dei.
3428 600 3648 671 Manum

2049 672 2251 743 quippe
2280 669 2595 743 iners-trum
2627 667 2942 743 mittere'est
2997 667 3321 743 quasiiper
3370 670 3642 739 quendam

2046 737 2480 810 compunctionis
2509 753 2787 810 vomerem
2812 739 2880 793 ad
2909 737 3275 809 prolenendos
3299 737 3504 797 fructus
3543 749 3645 794 ter-

2044 808 2299 868 ram‘suze
2330 808 2516 864 cordis
2542 809 2787 881 aperire:
2823 808 2923 881 sed
2942 819 3082 866 retro
3112 821 3232 881 post
3261 818 3507 866 aratrum
3548 826 3636 864 as-

2044 885 2170 954 picit
2200 881 2291 951 qui
2328 887 2452 954 post
2481 878 2705 954 exorndia
2734 880 2863 954 boni
2885 883 3071 954 operis
3098 878 3168 936 ad
3215 883 3366 937 mala
3407 881 3634 954 reverti-

2047 948 2133 1009 tur
2164 948 2284 1024 quae
2315 948 2557 1021 reliquit.
2590 948 2751 1024 Quod
2774 948 2958 1004 electis
2982 953 3085 1024 Dei
3108 953 3334 1007 minime
3390 951 3638 1022 contigit,

2043 1026 2166 1101 quia
2182 1019 2262 1078 'ad
2288 1038 2352 1076 ea
2374 1019 2494 1101 quae
2525 1019 2862 1101 reliquerunt
2890 1023 3042 1077 nullo
3066 1022 3183 1091 jam
3235 1025 3480 1101 appetitu
3535 1019 3646 1076 res-

2044 1093 2279 1166 piciunt,
2303 1101 2356 1147 et
2387 1093 2442 1145 in
2473 1093 2688 1166 aeternis
2718 1109 2842 1166 quas
2870 1102 3130 1166 appetunt
3157 1110 3271 1148 suae
3304 1093 3501 1147 mentis
3518 1108 3649 1166 con-

2043 1162 2393 1235 templatione
2416 1178 2638 1235 semper
2659 1162 2963 1235 intendunt.
3003 1165 3155 1220 Unde
3176 1173 3229 1218 et
3259 1180 3488 1233 magnus
3544 1163 3640 1218 ille

2043 1232 2367 1307 praedicator
2394 1232 2631 1307 dicebat,
2664 1234 2755 1303 qui
2788 1250 2954 1304 usque
2979 1236 3047 1288 ad
3080 1235 3206 1290 coeli
3239 1232 3378 1288 tertii
3435 1242 3645 1289 secreta

2039 1305 2460 1377 penetraverat:
2495 1305 2674 1360 Unum
2707 1320 2831 1359 vero
2877 1322 3001 1376 quae
3040 1307 3263 1371 quidem
3301 1310 3452 1359 retro
3507 1308 3644 1377 sunt

2037 1374 2262 1446 oblitus,
2278 1379 2340 1432 in
2352 1392 2418 1431 ea
2436 1391 2559 1447 qua:
2575 1378 2710 1429 sunt
2725 1374 3218 1447 ante,fextendens
3234 1392 3341 1443 me,
3357 1392 3557 1445 sequor
3568 1374 3641 1447 ad

2036 1452 2292 1520 palmam
2332 1461 2594 1520 superna!
2616 1446 2923 1500 vocationis
2948 1446 3179 1518 (Philip.
3238 1463 3319 1512 ιιι,
3382 1448 3466 1520 ις),
3520 1446 3637 1520 14).

2036 1516 2176 1575 Άηῑθ
2206 1536 2305 1574 nos
2319 1517 2466 1571 enim
2498 1524 2702 1570 aeterna
2732 1522 2878 1581 sunt,
2901 1526 3026 1585 post
3045 1516 3499 1586 nostemporalia,
3525 1516 3648 1584 quia

2038 1600 2090 1646 et
2109 1592 2203 1645 illa
2232 1595 2534 1660 pergentes»
2550 1587 2880 1660 invenimus,
2907 1596 2961 1642 et
2983 1587 3104 1660 ista
3134 1588 3448 1660 recedentes
3499 1586 3653 1660 quasi

2048 1670 2167 1732 post
2190 1657 2411 1715 dorsum
2442 1657 2825 1725 relinquimus.
2866 1658 3063 1732 Paulus
3095 1659 3278 1732 igitur,
3299 1658 3352 1711 in
3375 1657 3652 1732 anteriora

324 1729 373 1783 si
392 1733 447 1783 te
479 1730 817 1783 lartauerint
844 1732 1185 1798 peccatores,
1211 1744 1282 1783 ne
1299 1731 1620 1800 acquiescas
1642 1731 1722 1800 eis
1738 1729 1917 1797 (Prov.
1952 1739 2005 1798 Β
2034 1728 2301 1796 extentus,
2321 1744 2510 1786 eorum
2525 1743 2645 1797 quae
2661 1736 2808 1800 retro
2823 1728 3156 1784 suntoblitu’s
3171 1730 3364 1796 fuerat,
3382 1728 3654 1800 quietem-

324 1801 500 1866 t,10).
543 1800 860 1853 Peccatores
889 1800 1089 1852 etenim
1138 1799 1384 1863 lactant,
1417 1814 1539 1854 cum
1587 1799 1673 1853 vel
1722 1814 1920 1869 perpe-

326 1870 523 1923 tranda
555 1871 695 1922 mala
726 1869 1111 1923 blandimentis
1167 1870 1421 1935 inferunt,
1481 1870 1565 1923 vel
1615 1877 1924 1939 perpetrata

326 1939 605 1994 favoribus
632 1940 921 1994 extollunt.
953 1940 1246 1994 Sciendum
1272 1956 1489 2011 quoque
1528 1948 1608 1994 est
1643 1941 1785 2010 quod
1844 1940 1921 1993 illi

324 2020 433 2081 tres
462 2012 605 2065 modi
625 2012 964 2080 peccantium
1001 2012 1151 2081 juxta
1195 2012 1275 2065 sui
1333 2012 1620 2065 descensus
1676 2012 1921 2064 ordinem

321 2080 537 2153 facilius
593 2082 939 2153 corriguntur
968 2080 1259 2151 {quartus
1309 2097 1442 2135 vero
1492 2083 1590 2136 iste
1653 2080 1923 2136 difﬁcilius

320 2151 659 2206 emendatur.
696 2151 848 2206 Unde
880 2160 931 2206 et
963 2152 1301 2221 Redemptor
1345 2160 1525 2207 noster
1578 2152 1816 2221 puellam
1864 2153 1921 2204 in

318 2222 507 2288 domo,
554 2222 811 2289 juvenem
851 2233 1008 2277 extra
1040 2233 1272 2293 portam,
1304 2223 1357 2275 in
1388 2224 1636 2292 sepulcro
1657 2239 1788 2277 vero
1813 2224 1919 2276 La—

320 2309 505 2347 zarum
526 2294 823 2348 suscitavit.
859 2295 1056 2348 Adhuc
1086 2296 1293 2363 quippe
1341 2302 1586 2347 mortuus
1646 2295 1704 2347 in
1757 2294 1922 2348 domo

312 2364 642 2435 jacetquiin
678 2372 895 2432 peccato
951 2365 1096 2418 latet.
1154 2366 1274 2418 Jam
1314 2365 1462 2435 quasi
1517 2372 1665 2418 extra
1704 2372 1921 2434 portam

313 2435 563 2490 educitur
590 2436 744 2504 cujas
773 2435 1024 2506 iniquitas
1052 2451 1222 2505 usque
1249 2436 1321 2488 ad
1345 2436 1784 2489 iuverecundiam
1816 2452 1920 2505 pu-

320 2506 487 2577 blicae
510 2506 926 2575 perpetrationis
953 2507 1213 2573 aperitur.
1234 2506 1544 2576 Sepulturae
1558 2522 1690 2561 vero
1719 2520 1921 2577 aggere

315 2576 585 2645 premitur
603 2576 703 2648 qui
736 2578 787 2629 in
846 2580 1249 2646 perpetratione
1297 2577 1556 2647 nequitiae
1611 2576 1773 2631 etiam
1823 2593 1919 2629 usu

314 2647 723 2701 consuetudinis
752 2663 969 2717 pressus
999 2657 1271 2717 gravatur.
1304 2648 1412 2702 Sed
1436 2649 1533 2701 hos
1556 2648 1626 2701 ad
1644 2648 1807 2700 vitam
1821 2648 1918 2700 mi-

314 2726 546 2798 seratus.
567 2726 810 2798 revocat,
843 2718 967 2798 quia
998 2720 1313 2798 plerumque
1363 2719 1560 2798 divina
1592 2718 1767 2798 gratia
1802 2733 1918 2798 non

316 2788 497 2843 solum
533 2790 589 2841 in
619 2790 843 2843 occultis
870 2792 964 2843 sed
994 2789 1156 2843 etiam
1187 2790 1240 2841 in
1289 2791 1493 2856 apertis
1550 2788 1919 2859 iniquitatibus

315 2868 562 2914 mortuos
588 2860 988 2929 etmolepravaa
1018 2860 1421 2914 consuetudinis
1448 2874 1670 2929 pressos
1714 2859 1917 2913 lumine

308 2930 395 2985 sui
427 2939 704 2999 respectus
734 2930 981 2983 illustrat.
1002 2929 1268 2998 Quartum
1301 2946 1430 2985 vero
1454 2938 1739 2997 mortuum,
1772 2946 1915 2983 nun-

306 3001 482 3055 tiante
506 3000 793 3069 discipulo,
827 3002 1363 3072 Redemptorgnoster
1381 3001 1649 3072 agnoscit,
1683 3015 1785 3055 nec
1827 3009 1914 3054 ta-

2034 1805 2243 1874 poralia
2258 1800 2586 1870 despiciens,
2609 1798 2728 1853 sola
2746 1815 2865 1868 quae
2882 1808 3006 1853 sunt
3027 1808 3227 1854 aeterna
3257 1798 3584 1869 requirebat.

2029 1912 2156 1961 CAP.
2181 1909 2415 1960 XXXIII.
2446 1938 2507 1947 —
2530 1907 2599 1956 Et
2625 1907 2767 1955 misit
2792 1906 2908 1957 illos
2927 1907 3079 1957 binos
3114 1913 3237 1958 ante
3273 1907 3465 1972 faciem
3510 1918 3652 1956 suam

2679 1975 2830 2036 (Luc.
2858 1988 2909 2035 ι,
2938 1974 3012 2038 1).

2102 2060 2166 2113 ln
2192 2056 2423 2127 exposit.
2456 2056 2515 2127 Β.
2566 2054 2690 2122 Job,
2748 2056 2848 2110 lib.
2899 2071 3065 2118 xxxv,
3125 2071 3279 2127 num.
3332 2055 3449 2127 fit.)
3510 2054 3647 2127 cum

2028 2124 2415 2200 praedicatores
2431 2126 2499 2179 ad
2516 2127 2945 2200 annuntiandum
2980 2126 3240 2200 Dominus
3257 2126 3525 2200 mitteret,
3552 2124 3642 2176 bi-

2029 2196 2127 2256 nos
2157 2199 2365 2253 misisse
2378 2204 2603 2251 testatur
2621 2197 2999 2267 Evangelium,
3016 2212 3139 2250 cum
3162 2197 3326 2249 dicit:
3368 2196 3633 2264 Designa-

2031 2273 2108 2326 vit
2142 2271 2412 2326 Dominus
2432 2269 2592 2323 Iesus
2617 2270 2984 2339 septuaginta
3014 2268 3149 2339 duos
3185 2267 3496 2336 discipulos
3520 2283 3545 2339 :7
3584 2268 3641 2339 et

2029 2343 2187 2396 misit
2216 2342 2344 2395 illos
2367 2340 2522 2393 binos
2537 2337 2901 2407 ante/aciem
2921 2355 3104 2400 suam,
3131 2338 3191 2392 in
3243 2352 3467 2391 omnem
3496 2337 3639 2390 civi-

2036 2416 2213 2467 tatem
2238 2417 2293 2466 et
2314 2413 2496 2465 locum
2517 2424 2621 2479 quo
2640 2418 2765 2464 erat
2784 2415 2898 2475 ipse
2925 2413 3222 2462 venturus.
3268 2407 3399 2479 Ideo
3459 2415 3639 2459 autem

2029 2483 2142 2536 bini
2173 2483 2325 2535 missi
2355 2496 2471 2534 esse
2499 2476 2904 2543 describuntur,
2936 2487 2992 2533 ut
3021 2479 3149 2548 quia
3208 2479 3296 2532 vel
3354 2476 3462 2548 duo
3515 2483 3641 2548 sunt

2028 2561 2301 2623 przecepta
2332 2550 2624 2623 charitatis,
2673 2551 2756 2604 vel
2794 2550 2922 2619 quia
2952 2547 3184 2623 societas
3228 2547 3416 2623 haberi
3459 2547 3637 2599 minus

2027 2620 2193 2694 quam
2222 2624 2363 2676 inter
2393 2621 2527 2675 duos
2556 2635 2665 2694 non
2700 2629 2899 2694 potest,
2932 2620 3101 2675 sancti
3139 2621 3537 2694 przedicatores‘
3571 2631 3640 2672 ex

2030 2690 2153 2764 ipsa
2171 2694 2429 2763 qualitate
2452 2708 2563 2745 suae
2595 2690 2868 2764 missionis
2923 2700 3321 2763 cognoscerent
3376 2690 3640 2758 quantum

2024 2763 2380 2820 cOucordiam
2410 2763 2684 2818 societatis
2714 2770 2986 2818 amarent.

2022 2863 2147 2914 CAP.
2187 2860 2413 2912 XXXIV.
2481 2887 2533 2898 —
2588 2859 2827 2913 Videbam
2889 2862 3134 2912 Satanam
3187 2858 3331 2909 uelut
3378 2857 3559 2923 fulgur
3586 2857 3648 2906 de

2424 2928 2547 2979 caelo
2580 2929 2839 2978 cadentem
2870 2928 3025 2989 (Luc.
3047 2939 3105 2986 ι,
3133 2925 3237 2983 18).

2095 3012 2180 3079 (In
2209 3012 2439 3080 exposit.
2472 3011 2531 3064 Β.
2572 3010 2697 3071 Job,
2733 3010 2825 3062 lib.
2870 3024 3027 3080 χχιιι,
3070 3023 3215 3062 num.
3274 3007 3398 3077 t3.)
3482 3006 3643 3076 Qua-

314 3087 440 3125 men
458 3072 697 3159 suscitat,
728 3072 855 3140 quia
884 3070 1295 3159 vnal‘deditt‘icile
1325 3070 1493 3159 es‘tbt
1521 3071 1566 3152 is
1595 3086 1756 3159 quem
1794 3078 1917 3140 post

2039 3070 2148 3159 tuor
2176 3070 2304 3159 sun't
2347 3080 2557 3151 species
2631 3070 3064 3159 quibus_omnis
3139 3086 3320 3159 tumor
3373 3070 3643 3159 arrogan-

309 3158 471 3197 usum
499 3143 660 3196 mala:
689 3142 1099 3196 consuetudinis
1128 3142 1295 3196 etiam
1325 3140 1663 3195 adulantium
1718 3142 1917 3212 linguae

313 3213 593 3281 excipiunt
628 3228 656 3265 a
680 3214 878 3266 mentis
897 3229 1010 3267 suae
1039 3221 1213 3267 morte
1236 3221 1541 3281 revocetur,
1566 3213 1634 3266 de
1653 3227 1760 3282 quo
1780 3212 1921 3266 bene

313 3283 554 3354 dicitur:
591 3282 735 3339 Sine
764 3288 838 3338 ut
877 3286 1092 3338 mortui
1133 3284 1413 3354 sepeliant
1469 3287 1719 3338 mortuos
1768 3298 1915 3338 suos.

317 3353 509 3409 lortui
540 3354 684 3408 enim
713 3354 983 3423 sepeliunt
1014 3353 1272 3415 mortuos,
1297 3368 1422 3409 curn
1451 3362 1766 3423 peccatores
1792 3370 1920 3423 pec—

317 3429 566 3481 catorum
592 3425 877 3479 favoribus
907 3432 1183 3495 premunt.
1244 3423 1386 3492 Quid
1441 3425 1592 3479 enim
1646 3432 1729 3495 est
1773 3424 1922 3477 aliud

315 3511 548 3567 peccare
576 3511 738 3565 quam
768 3494 1109 3561 occumbere,
1144 3504 1199 3567 et
1222 3496 1457 3567 sepelire
1488 3510 1651 3565 quam
1681 3494 1920 3550 abscon-

312 3565 447 3621 dere
476 3567 505 3618 ‘i
533 3567 628 3620 sed
673 3567 763 3636 qui
815 3575 1130 3635 peccantem
1189 3565 1438 3620 laudibus
1494 3573 1918 3636 prosequuntur,

312 3638 640 3691 exstinctum
674 3635 774 3691 sub
802 3639 1089 3691 verborum
1106 3652 1323 3691 suorum
1346 3651 1551 3708 aggere
1563 3635 1917 3690 abscondunt.

309 3709 448 3762 Erat
481 3716 661 3762 autem
692 3715 746 3761 et
774 3710 1005 3762 Lazarus
1036 3716 1300 3767 mortuus,
1334 3708 1433 3761 sed
1490 3714 1669 3761 tamen
1725 3721 1832 3760 non
1889 3722 1923 3759 a

309 3778 542 3833 mortuis
596 3779 863 3847 sepultus.
931 3778 1145 3833 Fideles
1189 3778 1392 3847 quippe
1450 3777 1607 3847 illum
1660 3777 1921 3831 mulieres

308 3849 610 3903 obruerent
639 3846 759 3917 qua:
788 3858 840 3904 et
870 3850 987 3919 ejus
1030 3846 1259 3903 mortem
1313 3846 1643 3919 vivificatori
1700 3847 1920 3919 nuntia-

306 3919 465 3973 bant.
499 3919 652 3974 Unde
672 3926 727 3972 et
756 3917 968 3989 protinu
998 3920 1069 3974 ad
1100 3920 1275 3974 lucem
1306 3917 1483 3989 rediit,
1517 3918 1645 3986 quia
1689 3933 1812 3989 cum
1865 3918 1922 3970 in

310 3998 541 4059 peccato
571 3988 787 4044 animus
818 3992 1068 4056 moritur,
1099 3990 1256 4044 citius
1286 3988 1355 4042 ad
1389 3988 1558 4042 vitam
1624 3988 1921 4059 reducitur,

309 4057 359 4132 si
382 4076 547 4131 super
562 4062 707 4132 hunc
722 4060 965 4116 sollicite
981 4061 1346 4132 cogitationes
1366 4057 1919 4132 vivunpAliquando,

307 4128 762 4212 si_cut'superieur
788 4132 991 4212 dictum
1021 4128 1120 4195 est,
1153 4128 1659 4212 nequaquamfalsa
1678 4144 1810 4212 spes
1832 4128 1920 4212 di:

310 4203 459 4257 vina}
489 4200 880 4257 misericordia:
910 4211 1143 4255 mentem
1176 4201 1476 4270 peccatoris
1505 4200 1793 4269 intercipit,
1826 4200 1923 4253 sed

308 4274 455 4328 hanc
485 4289 583 4337 pro
613 4274 849 4342 peccatis
880 4290 1001 4342 quae
1035 4272 1163 4327 fecit
1196 4272 1463 4326 factorem
1493 4287 1649 4324 suum
1682 4270 1921 4342 Ainordi-

309 4354 437 4399 nate
476 4339 857 4399 formidantem
896 4339 1159 4398 _deterior
1206 4343 1518 4408 desperatio
1565 4339 1811 4413 contigit,
1868 4349 1924 4395 et

2029 3154 2163 3207 tium
2192 3150 2605 3207 demonstratur
2641 3168 2653 3204 :
2683 3166 2807 3204 cum
2848 3150 3058 3205 bonum
3099 3157 3193 3202 aut
3241 3164 3273 3202 a
3330 3150 3641 3219 semetipsis

2026 3224 2235 3278 habere
2264 3240 2320 3277 se
2352 3223 2650 3287 aestimant,
2687 3229 2776 3275 aut
2791 3221 2898 3274 sibi
2928 3221 3167 3289 desuper
3182 3220 3367 3272 datum
3384 3220 3636 3290 credunt,

2027 3304 2080 3349 et
2106 3310 2204 3364 pro
2236 3295 2348 3348 suis
2375 3295 2479 3348 hoc
2505 3309 2563 3347 se
2583 3292 2798 3364 meritis
2827 3292 3107 3364 accepisse
3140 3296 3348 3364 putant,
3382 3299 3473 3344 aut
3488 3299 3637 3364 certe

2027 3362 2153 3421 cum
2185 3381 2242 3419 se
2275 3366 2482 3431 jactant
2508 3363 2708 3418 habere
2738 3362 2884 3434 quod
2916 3378 3024 3416 non
3070 3362 3287 3424 habent,
3347 3368 3440 3434 aut
3495 3362 3636 3434 des-

2028 3436 2198 3506 pectis
2225 3435 2464 3502 czeteris,
2495 3435 2672 3490 videri
2694 3432 3068 3506 singulariter-
3106 3439 3369 3501 appetunt
3426 3432 3634 3506 habere

2031 3502 2175 3576 quod
2207 3507 2426 3561 habent.
2457 3509 2501 3560 A
2532 3502 2826 3573 semetipso
2856 3505 3002 3576 enim
3054 3502 3292 3576 bonumA
3313 3517 3402 3576 se_
3429 3503 3633 3559 habere

2024 3572 2287 3647 jactabat,
2323 3577 2409 3631 cui
2437 3592 2536 3645 per
2584 3572 2905 3644 Apostolum
2951 3575 3149 3628 dicitur
3200 3587 3212 3626 :
3261 3572 3403 3647 Quid
3439 3578 3634 3647 autem

2030 3645 2217 3731 habes,
2241 3648 2383 3731 quod
2413 3664 2528 3730 non
2557 3647 2825 3715 accepisti
2857 3650 2880 3730 ξ
2909 3648 3181 3731 siautem
3196 3645 3477 3731 acqep‘is't‘i,
3501 3646 3639 3715 quid

2027 3714 2296 3789 gloriaris
2310 3718 2599 3789 quasinon
2616 3714 2903 3789 acceperis
2938 3717 2990 3783 (Ι
3017 3716 3143 3772 Cor.
3169 3730 3246 3789 iv,
3278 3716 3331 3781 7)
3361 3714 3389 3766 ε)
3410 3714 3638 3789 Rursum

2030 3785 2100 3841 ne
2135 3787 2251 3842 dari
2284 3785 2440 3841 nobis
2473 3786 2672 3840 bonum
2704 3785 2900 3857 gratias
2931 3802 3028 3856 pro
3062 3785 3263 3857 nostris
3283 3786 3637 3857 pmcenden-

2030 3857 2184 3912 tibus
2204 3858 2407 3911 meritis
2435 3856 2806 3923 crederemus,
2840 3857 2985 3910 idem
3027 3856 3305 3925 apostolus
3356 3856 3635 3920 admonet,

2029 3928 2253 3983 dicens:
2283 3926 2495 3984 Gratia
2512 3929 2651 3982 estis
2688 3928 2898 3982 saluati
2928 3942 3032 3998 per
3060 3926 3249 3993 ﬁdem,
3274 3929 3348 3998 et
3382 3926 3483 3981 hoc
3522 3944 3639 3982 non

2030 4016 2109 4055 ex
2130 3998 2294 4060 vobis,
2314 3998 2410 4053 sed
2435 3998 2753 4053 Deidonum
2772 4002 2880 4062 est,
2899 3994 3016 4051 non
3030 4012 3105 4050 ea:
3127 3994 3405 4065 operibus,
3457 4000 3523 4051 ut
3563 4014 3635 4052 ne

2066 4071 2155 4124 uis
2170 4068 2829 4140 glorieturtEphes.n,8).
2848 4065 2952 4133 Qui
2970 4067 3135 4120 etiam
3148 4065 3214 4120 de
3227 4066 3519 4140 semetipso
3531 4068 3632 4121 ait:

2066 4086 2155 4124 uis
2170 4086 2471 4140 glorieturt
2486 4086 2829 4138 apaes.n,u).
2848 4086 2952 4133 υυι
2970 4086 3135 4120 euam
3148 4086 3214 4120 ue
3227 4086 3519 4136 semetipso
3531 4086 3632 4121 an:

2030 4086 2141 4206 aui
2161 4141 2328 4207 prius
2345 4140 2440 4209 fui
2460 4138 2844 4210 blasphemus,
2870 4143 2927 4192 et
2966 4140 3312 4208 persecutor,
3347 4139 3405 4189 et
3436 4142 3638 4210 contu-

2028 4206 2315 4272 meliosus,
2333 4206 2431 4265 sed
2453 4206 2899 4264 misericordiam
2919 4206 3255 4264 consecutus
3283 4222 3411 4261 sum
3431 4206 3481 4276 (1
3496 4209 3634 4262 Tim.

2028 4299 2068 4349 ι,
2105 4280 2447 4351 t3).Quibus
2478 4279 2660 4334 verbis
2715 4286 2900 4351 aperte
2957 4277 3201 4351 declarat
3260 4277 3405 4351 quod
3458 4280 3639 4349 gratia

2031 4348 2143 4407 non
2174 4348 2277 4422 pro
2298 4351 2505 4405 meritis
2533 4351 2822 4415 tribuatur,
2847 4350 2978 4422 dum
3011 4365 3077 4422 ex
3103 4348 3287 4422 seipso
3314 4348 3517 4422 docuit,
3578 4358 3631 4404 et

309 4430 535 4495 omnem
565 4430 724 4495 spem
752 4415 920 4469 veniae
952 4430 1020 4468 ne
1047 4414 1231 4469 redeat
1258 4413 1329 4468 ad
1358 4412 1757 4467 correctionem
1789 4412 1918 4465 fun-

2039 4412 2260 4495 quidne
2292 4422 2493 4475 malitia
2522 4422 2738 4495 meruit,
2767 4412 2820 4495 et
2849 4420 2979 4490 quid
3013 4421 3082 4474 de
3096 4412 3513 4495 benevolentia
3544 4435 3635 4475 ac-

311 4486 462 4540 ditus
490 4485 770 4539 interimit.

306 4591 648 4645 CALXXXI.
672 4619 733 4631 -
781 4593 858 4641 Tu
902 4601 1070 4643 autem
1114 4592 1258 4653 vade,
1305 4598 1356 4641 et
1400 4592 1658 4643 annuntio
1708 4604 1928 4656 regnum

870 4660 966 4709 Dei
994 4662 1139 4721 (Luc.
1165 4672 1235 4719 is,
1266 4658 1382 4723 60).

382 4743 469 4807 (In
500 4742 732 4810 exposit.
767 4743 825 4795 Β.
856 4742 979 4805 Job,
1013 4743 1109 4795 lib.
1143 4758 1255 4807 XIX,
1289 4758 1437 4794 num.
1475 4741 1585 4810 62.)
1633 4739 1929 4795 Sciendum

310 4820 414 4876 est,
440 4809 896 4882 quiaaliquando
931 4813 983 4865 iu
1018 4812 1325 4866 actionibus
1342 4812 1543 4867 nostris
1556 4810 1767 4865 minora
1784 4809 1930 4864 bona

309 4883 781 4954 praetermittenda
840 4892 966 4937 sunt
1008 4899 1106 4951 pro
1159 4883 1389 4936 utilitate
1443 4883 1735 4954 majorum.
1789 4882 1927 4954 Nam

314 4951 436 5023 quis
465 4955 682 5024 ignoret
710 4954 838 5008 boni
869 4957 1056 5022 operis
1083 4970 1206 5008 esse
1238 4961 1505 5008 mortuum
1539 4951 1844 5024 sepelire»?
1863 4952 1931 5004 Et

313 5021 502 5079 tamen
530 5024 748 5078 cuidam
774 5025 863 5093 qui
898 5021 967 5078 ad
1002 5025 1377 5094 sepeliendum
1411 5032 1617 5094 patrem
1653 5021 1846 5076 dimitti
1874 5037 1932 5094 se

313 5103 639 5164 popoScerat
668 5112 699 5149 a
738 5092 972 5149 Dumino
1004 5092 1207 5149 dictum
1242 5103 1322 5147 est
1357 5114 1368 5148 :
1408 5092 1552 5148 Sine
1595 5097 1659 5147 ut
1714 5093 1932 5146 mortui

315 5166 601 5236 sepeliant
632 5170 1029 5220 m-orluossuos
1066 5170 1130 5220 tu
1167 5169 1358 5220 autem
1384 5165 1541 5225 vade.
1568 5168 1624 5218 et
1637 5164 1931 5236 annuntia

315 5233 563 5305 regnum
597 5237 712 5290 Dei.
742 5237 1176 5306 Postponendum
1210 5250 1442 5305 namque
1474 5243 1584 5306 erat
1608 5233 1932 5306 obsequium

316 5304 488 5376 hujus
513 5307 801 5361 ministerii
822 5304 1006 5362 ofﬁcio
1030 5304 1457 5375 praedicationis,
1488 5305 1614 5374 quia
1646 5304 1739 5359 illo
1771 5320 1933 5358 carne

318 5386 563 5431 mortuos
594 5378 645 5430 in
679 5388 876 5432 terram
909 5380 1187 5444 conderet,
1222 5378 1327 5431 isto
1358 5386 1537 5431 autem
1568 5376 1752 5429 anima
1779 5391 1930 5429 mor-

322 5457 445 5502 tuos
475 5449 547 5501 ad
578 5449 749 5501 vitam
780 5450 1152 5504 resuscitaret.

325 5560 462 5611 Car.
492 5559 765 5613 XXXll.-
798 5557 1184 5672 Nemo‘ilnittens
1220 5569 1418 5672 tggpum
1447 5556 1512 5605 ad
1544 5557 1792 5618 aratrum,
1819 5560 1929 5604 etc.

1028 5637 1107 5672 uc.
1136 5636 1202 5672 ix.
1319 5660 1332 5672 .

963 5625 1107 5680 (Luc.
1136 5636 1202 5683 Ix,
1225 5624 1332 5681 62).

394 5700 622 5771 (Homil.
657 5702 708 5771 3,
742 5700 798 5753 in
823 5699 1042 5771 Ezech_.,
1074 5702 1221 5752 n.16
1280 5706 1331 5752 et
1370 5698 1466 5771 Δ1³7,
1512 5696 1607 5771 μ,
1664 5698 1706 5771 3-
1751 5703 1803 5749 et
1856 5696 1934 5759 4.)

326 5765 497 5826 Electi
520 5772 617 5825 Dei
648 5770 727 5823 sic
757 5786 789 5825 a
818 5769 1043 5824 terrenis
1074 5770 1283 5823 actibus
1316 5768 1388 5821 ad
1443 5765 1745 5836 spiritualia
1801 5780 1934 5836 per-

326 5846 627 5908 transeunt,
648 5847 708 5894 ut
736 5840 804 5894 ad
834 5854 899 5894 ea
919 5854 1041 5908 quae
1067 5839 1241 5907 reliqu
1268 5844 1425 5894 erunt
1475 5835 1705 5891 ulterius
1753 5835 1936 5889 nulla-

2030 4490 2200 4563 cepit.
2234 4494 2469 4547 Rursum
2500 4492 2743 4547 nonnulli
2769 4491 2980 4563 jactant
3008 4507 3069 4545 se
3096 4490 3302 4563 habere
3342 4491 3488 4563 quod
3526 4507 3637 4546 non

2039 4562 2262 4628 habent,
2292 4565 2430 4619 sicut
2454 4564 2653 4633 angelo
2703 4562 2970 4617 Ecclesiae
3036 4562 3317 4617 Laodiceae
3366 4562 3566 4616 dicitur
3621 4580 3635 4617 :

2044 4636 2183 4704 Quia
2204 4636 2344 4690 dicis
2362 4636 2505 4706 quod
2536 4635 2687 4688 dives
2708 4651 2834 4689 sum
2857 4635 2911 4687 et
2930 4633 3334 4706 locupletatus,
3350 4634 3644 4706 etnullius

2040 4722 2169 4776 egeo
2191 4723 2208 4757 :
2240 4711 2297 4760 et
2316 4705 2498 4760 nescis
2519 4706 2651 4773 quia
2681 4711 2740 4758 tu
2787 4721 2845 4759 es
2876 4705 3065 4776 miser,
3107 4709 3163 4757 et
3196 4705 3552 4776 miserabilis,
3585 4708 3642 4758 et

2035 4774 2347 4849 pauper,et
2362 4782 2634 4849 clecus,_et
2655 4776 2842 4849 nullus
2859 4775 3075 4849 (Apoc._
3098 4790 3176 4835 Ill,
3237 4776 3347 4838 17).
3410 4774 3640 4849 Rursum

2040 4843 2310 4912 nonnulli,
2344 4847 2614 4915 despectis
2646 4846 2876 4905 caeteris,
2907 4843 3077 4898 videri
3100 4914 3107 4915 ί
3134 4851 3392 4915 appetunt
3447 4843 3639 4915 singu-

2040 4917 2229 4971 lariter
2260 4913 2460 4970 bonum
2477 4917 2678 4971 habere
2697 4917 2837 4985 quod
2860 4915 3083 4985 habent._
3096 4914 3252 4985 Unde
3265 4922 3313 4966 et
3332 4913 3640 4985 Pharisieus

2042 4987 2249 5043 idcirco
2284 4988 2353 5042 de
2401 4988 2603 5057 templo
2662 4982 2869 5055 absque
2916 4982 3637 5057 justiﬁcationedescendit,

2042 5059 2169 5127 quia
2201 5059 2466 5114 bonorum
2491 5054 2715 5128 operum
2748 5054 2940 5111 merita
2962 5055 3062 5109 sibi
3096 5055 3247 5128 quasi
3284 5054 3642 5128 singulariter

2042 5123 2311 5194 tribuens,
2344 5123 2541 5205 oranti:
2562 5128 2951 5205 Publicauose
2983 5123 3241 5205 praetulit.
3278 5123 3467 5205 sancti
3499 5140 3641 5205 quo-

2042 5216 2148 5269 que
2175 5201 2407 5269 apostoli
2436 5200 2504 5254 ab
2525 5200 2628 5253 hoc
2660 5195 2910 5251 elationis
2942 5194 3075 5269 vitio
3092 5204 3439 5269 revocantur,
3461 5194 3548 5269 qui
3573 5195 3644 5249 de

2041 5264 2437 5340 praedicatione
2469 5270 2778 5340 redeuntes,
2807 5281 2927 5320 cum
2944 5265 3067 5340 elati
3083 5264 3323 5340 dicerent
3338 5282 3355 5340 _:
3384 5266 3643 5332 Domine,

2044 5336 2107 5396 in
2122 5344 2355 5396 nomine
2385 5346 2480 5395 tuo
2507 5342 2683 5393 etiam
2718 5338 3000 5391 dremonia
3030 5336 3191 5390 nobis
3218 5337 3474 5406 subjecta
3506 5340 3648 5391 sunt

2043 5411 2210 5479 (Luc.
2238 5430 2291 5474 x,
2319 5412 2410 5473 17)
2444 5428 2455 5462 :
2493 5426 2563 5462 ne
2594 5410 2662 5462 de
2692 5408 2792 5462 hac
2814 5406 3197 5479 miraculorum
3259 5407 3644 5479 singularitate

2042 5475 2502 5552 gauderentillico
2533 5479 2613 5532 eis
2642 5477 2923 5552 respondit
2956 5477 3243 5552 Dominus,
3272 5475 3461 5552 dic—ens
3496 5498 3507 5532 :
3552 5475 3642 5533 Vi-

2044 5549 2244 5608 debam
2291 5550 2576 5605 Satanam
2615 5550 2767 5605 velut
2801 5550 2999 5616 fulgur
3037 5549 3102 5602 de
3141 5550 3277 5604 crelo
3349 5550 3648 5605 cadentem

2047 5624 2181 5687 (Isa.
2216 5639 2323 5686 XIV,
2357 5622 2467 5687 13).
2505 5622 2623 5688 Ipse
2640 5621 2839 5688 quippe
2857 5619 3199 5685 singulariter
3216 5621 3387 5674 elatus
3399 5621 3607 5675 dixerat
3632 5638 3644 5674 :

2046 5696 2399 5763 Superastra
2416 5692 2544 5746 σιειί
2563 5691 3042 5763 exaltabosolium
3078 5707 3264 5746 meum
3295 5710 3306 5744 :
3347 5691 3540 5763 sedebo
3582 5693 3646 5744 in

2047 5760 2237 5834 monte
2251 5765 2603 5834 testamenti,
2626 5763 2690 5834 in
2714 5760 3303 5834 lateribus‘tquilonis,
3318 5762 3525 5816 similis
3546 5776 3644 5834 cro

2048 5832 2361 5890 Altisslmo.
2384 5834 2450 5889 Et
2477 5832 2613 5888 inire
2629 5831 2892 5889 Dominus
2907 5839 2965 5887 ut
2989 5829 3439 5900 iu'discipulorum
3460 5830 3644 5886 cordia
