4082 6170
431 249 566 304 1215

1303 198 1668 299 APPENDIX
1705 242 1796 297 AD
1828 240 1891 297 s.
1929 235 2280 294 GREGORII
2312 238 2549 295 OPERA
2582 239 2829 296 ouum.

3577 239 3712 295 1216

418 369 743 425 sententiam
778 368 1113 437 increpando
1158 365 1356 421 dicitur
1397 381 1416 418 :
1451 364 1666 433 Stulte,
1706 366 1809 422 hac
1839 368 2009 437 nocte
2038 365 2092 425 Α
2121 371 2237 418 tens
2270 365 2412 419 Deus
2432 364 2604 437 _vitam
2636 365 2913 420 hominum
2966 381 3030 437 ex
3061 365 3181 437 sola
3211 364 3474 435 qualitate
3528 366 3706 421 inter-

422 442 673 496 animam
692 444 852 494 tuam
880 436 1148 509 repetunt
1168 455 1202 491 a
1217 438 1373 509 te.In
1406 445 1563 509 nocte
1579 437 1794 509 quippe
1824 436 2005 491 ablata

422 519 504 566 est
533 525 653 579 quae
696 509 751 563 in
783 507 1106 563 obscuritate
1162 508 1341 579 cordis
1378 507 1454 579 esi
1486 507 1709 562 amissa.
1762 510 1822 561 In
1849 514 2009 579 nocte

419 577 596 636 ablata
628 588 708 634 est
736 596 857 650 quae
885 578 1328 650 considerationis
1383 578 1559 650 lucem
1590 578 1788 650 habere
1815 577 2005 650 ualuit,

420 658 481 706 ut
509 651 650 721 quod
699 648 1048 721 peteratpati
1078 649 1429 721 praevideret.
1487 649 1641 721 Unde
1671 649 1809 721 bene
1837 648 2010 721 disci-

421 716 565 794 pulis
604 716 778 776 futura
808 716 1171 794 cogitantibus
1203 719 1397 794 Paulus
1414 719 1684 794 apostolus
1709 718 1872 794 dicit:
1910 716 2011 794 [fus

424 790 639 857 autem,
653 790 899 860 fratres,
916 807 1029 846 non
1042 793 1178 846 estis
1197 790 1257 844 in
1282 791 1527 845 tenebris
1545 810 1563 855 ;
1586 795 1649 844 ut
1668 805 1760 845 vos
1772 790 1889 843 dies
1907 790 2014 844 illa

427 868 699 935 tanquam
744 864 843 932 fur
889 861 1327 935 comprehendat
1371 862 1425 927 (Ι
1468 862 1651 915 Thess.
1684 877 1738 925 ν,
1773 862 1849 935 4.).
1886 860 2014 935 Dies

422 931 564 990 enim
614 933 789 987 exitus
834 931 1087 1003 tanquam
1138 932 1222 985 fur
1267 932 1323 1003 in
1371 939 1528 985 nocte
1574 931 2013 1003 comprehendit,

426 1005 646 1076 quando
677 1001 968 1058 stultorum
1008 1002 1218 1057 animas
1260 1002 1445 1056 futura
1494 1016 1603 1057 non
1649 1001 2016 1071 praevidentes

421 1075 585 1147 ejicit.

420 1186 548 1237 Car.
574 1182 754 1233 XLVI.
778 1183 973 1232 --Sint
988 1182 1145 1233 lumbi
1180 1181 1345 1232 vestri
1385 1181 1668 1246 praecincti,
1713 1186 1767 1231 et
1799 1181 2021 1231 lucerna

624 1249 861 1304 ardentes
884 1250 943 1299 in
962 1249 1190 1300 manibus
1216 1248 1405 1300 vestris
1420 1247 1560 1309 (Luc.
1588 1261 1686 1309 xu,
1712 1248 1816 1309 35).

496 1356 580 1425 (In
606 1345 927 1425 exposit.'B.
959 1350 1085 1425 iob,
1109 1349 1226 1425 _lib.
1245 1365 1458 1425 __xxv1u,
1493 1349 1785 1425 numam.)
1807 1348 2019 1425 Sanctis

422 1420 870 1497 praedicatoribus
900 1438 928 1473 a
961 1420 1456 1497 Domino_dicitur_:
1487 1420 1619 1476 Sint
1641 1420 1820 1497 lumbi
1844 1421 2019 1497 vestri

465 1495 740 1556 rmcincti,
776 1498 829 1547 et
851 1494 1100 1547 lucerna:
1118 1491 1385 1547 ardentes
1408 1492 1470 1545 in
1493 1490 1758 1546 manibus
1788 1490 2012 1545 vestris.

467 1567 661 1620 umbos
692 1562 861 1632 praedi
916 1578 1045 1633 gere
1100 1569 1182 1617 est
1212 1562 1266 1615 in
1313 1577 1480 1631 opere
1511 1561 1785 1633 luxuriam
1815 1560 2014 1633 refre-

423 1654 574 1704 nare,
605 1631 891 1690 delectatio
924 1631 1183 1704 namque
1212 1633 1390 1704 carnis
1444 1640 1525 1686 est
1555 1632 1608 1685 in
1662 1631 1878 1704 lumbis.
1913 1632 2016 1685 Per

2121 442 2280 504 rogat
2312 435 2646 502 meritorum,
2679 441 2731 489 st
2782 451 2928 503 saepe
2969 436 3093 491 inde
3125 436 3245 504 plus
3273 437 3427 505 punit
3451 438 3594 492 unde
3628 439 3714 494 hic

2116 506 2325 575 majora
2355 506 2424 560 ad
2473 506 2828 561 ministerium
2859 508 3104 562 contulit.
3140 508 3379 561 Veritate
3408 515 3713 573 attestante,

2119 592 2238 702 quae
2270 578 2345 630 ait
2368 594 2382 630 :
2413 577 2515 632 Cui
2530 577 2782 633 multum
2803 579 3009 634 datum
3029 583 3134 645 est,
3158 578 3407 633 multum
3429 583 3717 650 quaeretur

2118 662 2154 702 a
2201 663 2282 704 eo.

2118 750 2702 819 Car.L.—Ianemveni
2725 756 2929 808 mittere
2950 759 3010 808 in
3035 768 3239 808 terram
3265 755 3408 823 (Luc.
3461 759 3549 810 xii.
3601 756 3717 821 49).

2197 855 2427 929 (Ηρηιίιἒ
2462 856 2601 929 2,_in
2633 857 2857 923 Eaech.,
2904 874 2959 911 n.
2993 860 3105 927 12.)
3136 859 3287 929 Ignis
3318 858 3558 925 nomine,
3594 875 3719 914 cum

2122 942 2225 997 per
2253 925 2706 1001 signiﬁcationem
2753 929 2971 1001 dicitur,
3004 925 3292 1000 aliquando
3322 931 3558 1001 Spiritus
3587 946 3719 984 san-

2129 1005 2268 1073 ctus,
2302 997 2594 1073 aliquando
2625 1014 2756 1053 vero
2785 997 3217 1073 mentisnma—litia
3249 997 3587 1073 designatur.
3624 1001 3725 1055 Per

2125 1068 2318 1142 ignaui
2332 1068 2561 1142 Spiritus
2580 1079 2797 1142 sanctus
2818 1070 2960 1125 solet
2977 1070 3223 1142 ﬁgurari,
3251 1073 3319 1126 de
3339 1068 3447 1141 quo
3469 1073 3524 1125 in
3548 1072 3722 1125 Evan-

2126 1139 2272 1211 gelio
2285 1139 2550 1193 Dominus
2568 1139 2696 1194 dicit
2718 1157 2730 1193 :
2750 1141 2936 1210 Ignem
2954 1139 3086 1196 veni
3100 1139 3404 1198 mitterein
3423 1146 3724 1206 terram,et

2125 1210 2261 1284 quid
2274 1211 2538 1278 velo,nisi
2550 1215 2617 1266 ut
2629 1211 3019 1284 accendatur?
3041 1212 3189 1283 Ignis
3208 1215 3408 1284 quippe
3436 1214 3491 1267 in
3514 1224 3717 1284 terram

2126 1280 2375 1347 mittitur,
2433 1297 2557 1334 cum
2586 1296 2685 1351 per
2739 1281 2992 1354 ardorem
3023 1280 3195 1338 sancti
3228 1280 3484 1354 'Spiritus
3542 1282 3730 1338 adlata

2126 1355 2341 1407 terrena
2370 1367 2520 1406 mens
2549 1368 2581 1405 a
2608 1352 2919 1407 carnalibus
2948 1354 3059 1407 suis
3083 1352 3373 1409 desideriis
3400 1369 3724 1409 concrema-

2129 1430 2235 1496 tur.
2276 1422 2409 1477 Cum
2433 1423 2581 1496 enim
2598 1424 2837 1496 carnalis
2855 1439 3008 1478 mens
3025 1434 3273 1480 sanctum
3294 1425 3552 1496 Spiritum
3580 1425 3731 1496 accif

2166 1495 2227 1567 it,
2260 1508 2450 1567 arnore
2480 1493 2749 1567 spirituali
2781 1510 3060 1567 succensa,
3096 1496 3295 1551 malum
3329 1493 3541 1567 plangit
3576 1495 3729 1564 quod

2149 1566 2283 1619 ecit.
2321 1564 2387 1618 Et
2416 1569 2561 1619 terra
2580 1564 2755 1631 ardet,
2790 1565 3007 1634 quando
3033 1564 3404 1621 accusante—se
3436 1564 3728 1622 conscien-

2124 1635 2218 1695 tia.
2249 1650 2343 1688 cor
2370 1636 2673 1703 peccatoris
2721 1637 2911 1701 uritur,
2943 1645 2997 1691 et
3052 1637 3107 1690 in
3133 1637 3324 1693 dolore
3380 1638 3723 1707 poenitentia

424 1702 641 1762 lumbos
661 1708 844 1788 ituqu‘e
874 1702 1118 1788 lu‘xurta‘,
1143 1718 1247 1788 per
1264 1702 1510 1788 incernas
1539 1710 1717 1757 autem
1750 1702 2011 1788 bonorum
2039 1717 2093 1777 Β
2124 1702 2411 1788 crematur:
2435 1708 2512 1761 De
2532 1708 2676 1761 malo
2693 1714 2873 1788 autem
2897 1709 3021 1788 igne
3043 1707 3273 1788 dicitur;
3306 1702 3726 1788 lit-nuncignis

424 1794 651 1861 nperum
673 1773 887 1861 claritus
909 1774 1241 1855 designatur.
1260 1774 1524 1861 Jubentur
1545 1789 1676 1845 ergo
1691 1773 1863 1861 sancti
1879 1788 2013 1861 prue-

424 1845 696 1905 dicatores
728 1845 943 1899 lumbos
972 1845 1287 1915 acCingere,
1329 1845 1657 1915 etlucernas
1690 1852 1895 1898 tenere.
1916 1914 1919 1915 ν
1940 1846 2018 1898 Ac

424 1920 471 1975 si
499 1927 685 1989 aperte
714 1915 935 1971 audiant
977 1929 989 1969 :
1027 1914 1178 1989 Prius
1208 1915 1262 1989 in
1311 1914 1717 1989 vobismetipsis
1749 1914 2014 1968 luxuriam

423 1985 760 2060 rest-ringite,
792 1996 844 2039 et
887 1995 1011 2039 tunc
1040 1986 1109 2040 de
1137 1986 1295 2041 vobis
1325 1985 1449 2039 aliis
1485 1986 1751 2040 bonorum
1783 2000 2016 2055 operum

422 2062 676 2131 exempla
706 2064 1026 2112 monstrate.

420 2170 550 2220 Car.
601 2164 799 2221 XLVII.
834 2164 1060 2224 —Quod
1108 2163 1365 2215 sidixerit
1408 2177 1589 2215 servus
1635 2164 1729 2214 ille
1773 2165 1828 2213 in
1869 2165 2019 2215 corde

483 2249 577 2362 in;
605 2248 617 2281 :
646 2236 844 2286 Moram
871 2228 1001 2294 facit
1050 2233 1306 2283 Dominus
1350 2244 1514 2292 meus,
1563 2235 1665 2280 etc.
1726 2232 1864 2293 (Luc.
1919 2245 2018 2293 xu,

497 2402 656 2473 (Reg.
678 2408 895 2473 pastor.
920 2406 1065 2473 part.
1100 2402 1162 2466 ιι,
1188 2414 1312 2469 cap.
1337 2399 1415 2467 6.)
1439 2397 1651 2452 Debent
1670 2397 1886 2473 studere
1906 2397 2020 2454 sine

427 2469 828 2527 intermissione
845 2472 931 2539 qui
957 2477 1210 2539 praesunt,
1242 2479 1299 2523 ut
1329 2484 1516 2523 eorum
1540 2469 1785 2537 potentia
1816 2477 2018 2539 quanto

427 2558 629 2614 magna
657 2541 894 2596 exterius
939 2541 1204 2614 cernitur,
1260 2547 1423 2614 tanto
1447 2539 1592 2614 apud
1646 2555 1741 2593 eos
1798 2539 2019 2594 interius

425 2609 773 2690 deprimatur,
806 2628 874 2665 ne
903 2625 1093 2690 eorum
1121 2609 1426 2690 animusad
1453 2609 1742 2690 elgtipnem
1765 2618 2017 2690 potesta-

428 2680 636 2738 tis—sure
667 2682 1025 2736 delectatione
1054 2682 1312 2749 rapiatur.
1347 2680 1483 2735 Hinc
1510 2682 1699 2735 Petrus
1728 2680 1803 2734 ait
1835 2698 1845 2733 :
1881 2680 2017 2737 Non

427 2754 783 2811 dominantes
796 2754 858 2806 in
874 2752 1062 2816 cleris,
1085 2752 1184 2807 sed
1210 2754 1396 2821 forma
1407 2752 1556 2821 facti
1581 2753 1763 2822 gregis
1783 2751 1831 2818 (ι
1846 2750 2014 2807 Petr.

424 2842 477 2903 v2
523 2826 594 2893 3).
632 2824 774 2877 Hinc
822 2838 926 2903 per
979 2822 1567 2903 semetipsa‘mFenitas
1597 2822 1667 2875 ad
1697 2822 1889 2903 altiora
1918 2838 2018 2903 nos

425 2892 682 2950 virtutum
704 2892 893 2949 merita
911 2908 1235 2963 provocans,
1253 2893 1381 2947 dicit
1399 2910 1411 2945 :
1435 2892 1762 2963 Quicunque
1778 2894 2019 2949 voluerit

426 2909 682 2950 Virtutum
704 2909 893 2949 merita
951 2909 1235 2957 rovocans,
1253 2909 1411 2947 arcu:
1435 2909 1762 2963 quicunque
1778 2909 2017 2949 valuerit

426 2970 585 3023 inter
594 2982 679 3021 vos
696 2965 878 3033 maior
894 2909 1123 3031 [aruit
1138 2969 1322 3019 vester
1335 2964 1603 3018 minister
1616 2980 1635 3015 :
1647 2968 1703 3018 et
1719 2966 1815 3034 qui
1830 2963 2017 3019 volue-

2123 1776 2478 1850 adversarios
2488 1779 2772 1850 consumit
2782 1778 2806 1850 _(
2813 1776 3294 1849 Heb’r.x,27),quia
3308 1795 3405 1834 cor
3419 1776 3727 1850 pessimum

2128 1862 2197 1902 ex
2226 1863 2322 1901 sua
2351 1847 2560 1902 malitia
2591 1847 2843 1903 tabescit.

2125 1964 2256 2015 CAP.
2288 1962 2370 2014 LI.
2400 1992 2463 2000 —
2496 1965 2617 2016 Cum
2643 1964 2795 2016 vadis
2824 1978 2939 2027 cum
2983 1967 3280 2017 adversario
3329 1973 3416 2017 tuo
3454 1967 3525 2015 ad
3568 1967 3732 2028 prin-

2282 2031 2446 2095 eipem
2466 2030 2522 2082 in
2544 2032 2653 2091 via,
2675 2032 2745 2081 da
2765 2045 2988 2099 operam,
3017 2038 3114 2083 etc.
3140 2035 3280 2095 (Luc.
3310 2045 3408 2093 xu,
3455 2034 3566 2095 58).

2195 2131 2418 2201 (Homil.
2471 2132 2659 2212 391m
2678 2133 2913 2212 Iivangw
2946 2149 3003 2187 n.
3030 2137 3062 2188 ὅ
3096 2152 3126 2212 ;_
3150 2134 3206 2187 in
3233 2133 3465 2212 exposit.
3498 2133 3559 2187 Β.
3592 2133 3723 2212 Job,

2128 2199 2225 2274 lib.
2259 2218 2331 2274 iv,
2366 2218 2520 2257 num.
2540 2203 2668 2273 69.)
2689 2199 2955 2271 Quoniam
2979 2204 3130 2274 pravi
3161 2199 3392 2274 quilibet
3412 2212 3465 2258 et
3484 2204 3730 2273 perversi

2127 2270 2378 2345 homines
2411 2274 2469 2326 in
2504 2273 2605 2345 hac
2636 2270 2744 2345 vita
2774 2275 2871 2329 Dei
2902 2270 3579 2345 praecepta'contemnunt,
3612 2274 3723 2327 illis

2127 2341 2183 2396 in
2212 2351 2454 2415 extremo
2484 2344 2609 2399 vitae
2653 2341 2916 2399 inimicis'
2943 2345 3238 2412 tradentur,
3286 2361 3411 2399 cum
3443 2344 3646 2415 quibus
3676 2346 3732 2398 in

2127 2423 2328 2469 aeterno
2350 2413 2558 2483 judicio
2580 2415 2951 2470 damnationis
2968 2425 3244 2485 perpetuae
3267 2413 3525 2471 societate
3556 2415 3720 2469 colli-

2127 2486 2415 2557 gabuntur,
2448 2485 2583 2557 sicut
2605 2488 2858 2556 scriptum
2882 2496 2962 2541 est
2986 2505 2997 2539 :
3028 2486 3166 2542 Cum
3186 2489 3341 2542 vadis
3360 2504 3493 2542 cum
3513 2487 3721 2541 adver-

2125 2556 2277 2629 sario
2304 2561 2400 2609 tuo
2420 2556 2493 2611 ad
2508 2558 2821 2629 principem
2840 2558 2904 2629 in
2927 2559 3036 2621 via.
3059 2558 3130 2612 da
3157 2573 3385 2629 operam
3403 2558 3640 2613 liberari
3661 2561 3730 2612 ab

2126 2627 2326 2690 illo,ne
2337 2629 2485 2699 forte
2497 2628 2689 2682 tradat
2708 2633 2761 2682 te
2776 2628 2849 2682 ad
2859 2628 3115 2698 judieem
3135 2645 3146 2681 :
3173 2627 3418 2699 etjudezc
3449 2629 3645 2682 tradat
3670 2632 3727 2682 te

2127 2698 2466 2753 exactorizet
2479 2701 2714 2755 exactor
2731 2701 2921 2753 mittat
2946 2703 3000 2754 te
3021 2700 3085 2754 in
3101 2698 3417 2754 carcerem.
3435 2699 3718 2752 Adversa-

2126 2768 2242 2822 rius
2258 2768 2453 2837 quippe
2471 2774 2656 2822 noster
2668 2769 2722 2822 in
2739 2768 2825 2822 via
2851 2774 2932 2823 est
2943 2785 3122 2824 sermo
3148 2770 3242 2822 Dei
3259 2769 3564 2823 contrarius
3581 2784 3716 2823 nos-

2128 2838 2221 2909 tris
2235 2838 2542 2893 carnalibus
2584 2839 2954 2909 desideriisin
2979 2839 3235 2909 praesenti
3257 2840 3385 2907 vita,
3408 2855 3441 2894 a
3461 2855 3573 2909 quo
3605 2838 3720 2907 ipse

2126 2908 2400 2979 liberatur
2414 2910 2511 2979 qui
2528 2910 2813 2978 praeceptis
2841 2908 2959 2978 ejus
2977 2908 3252 2964 humiliter
3263 2908 3511 2964 subditur
3528 2930 3553 2974 ,-
3575 2909 3721 2964 alio-

2127 2980 2255 3049 quin
2285 2977 2627 3034 adversarius
2651 2977 2842 3049 judici,
2876 2990 2928 3035 et
2952 2981 3122 3050 judex
3152 2981 3327 3035 tradet
3373 2990 3424 3035 te
3455 2982 3720 3047 exactori,

426 3034 2019 3130 ἷῗῖίῖἓέῗῖῘΞἿἮΪἌἕξῇἓξβέἶξξέθῗέε’ζὲἰῖἓίὲῗὶδξῗῗξιξίῗίέδ
2048 3066 2098 3130 C
2128 3034 2407 3120 ίίυοοίατητ
2439 3067 2511 3130 8.x.
2533 3034 2784 3130 εθτηῖοηθ
2815 3034 3032 3130 Domini
3054 3122 3065 3130 .
3088 3034 3719 3130 centemuoreusrsc:

424 3109 666 3164 hominis
679 3104 795 3163 non
809 3106 961 3160 venit
972 3105 1316 3172 ministrari,
1335 3105 1431 3161 sed
1446 3106 1775 3160 ministrare
1791 3104 2014 3175 (Matth.

421 3194 511 3245 xx,
534 3179 652 3246 26).
689 3177 833 3232 Hinc
852 3177 1094 3247 estquod
1115 3191 1331 3230 servum
1362 3192 1428 3230 ex
1458 3179 1712 3245 suscepto
1743 3175 2012 3299 regimine

421 3250 621 3299 elatum
653 3264 773 3299 ante
801 3255 927 3299 post
954 3246 1222 3299 sunnlicia
1250 3254 1502 3299 maneant
1536 3246 1760 3299 indicat.
1832 3246 2012 3299 icens:

421 3250 621 3304 elatum
653 3264 773 3317 quae
801 3255 927 3317 post
954 3246 1222 3317 Supplicia
1250 3254 1502 3317 maneant
1536 3246 1760 3317 indicat,
1793 3246 2014 3317 dicens:

420 3318 580 3389 Quod
609 3319 653 3373 si
671 3315 873 3373 dixerit
898 3315 1092 3371 melius
1121 3317 1214 3371 ille
1237 3331 1424 3389 servus
1446 3315 1500 3368 in
1533 3316 1700 3389 corde
1734 3330 1830 3370 suo
1865 3330 1879 3368 :
1913 3316 2018 3371 Mo-

419 3386 550 3446 ram
564 3390 706 3459 facit
725 3389 995 3443 Dominus
1009 3403 1166 3442 meus
1184 3388 1457 3449 venire,et
1469 3386 1702 3459 creperi!
1716 3390 2022 3459 percutere

419 3456 716 3517 conservos
733 3459 1195 3519 suos,mandueet
1213 3460 1477 3512 autemet
1494 3456 1646 3510 bibat
1662 3472 1796 3511 cum
1816 3457 1985 3511 ebriis
2001 3474 2021 3509 :

417 3531 891 3587 v'enietDominus
917 3528 1066 3582 servi
1094 3528 1260 3582 illius
1276 3528 1339 3581 in
1350 3528 1441 3581 die
1455 3543 1565 3597 qua
1597 3543 1711 3581 non
1728 3532 1945 3597 sperat,
1965 3532 2025 3583 et

419 3601 559 3659 hora
585 3616 699 3671 qua
707 3602 959 3671 ignorat,
973 3602 1041 3671 et_
1051 3597 1423 3671 divideteum,
1448 3601 1780 3671 partemque
1793 3598 1913 3671 ejus
1924 3614 2022 3669 po-

414 3677 516 3728 net
533 3667 664 3742 cum
682 3667 1164 3742 hypocritislnter
1177 3667 1488 3742 h‘ypocritas
1501 3668 1643 3742 enim
1655 3667 1780 3742 jure
1792 3667 2022 3742 deputa-

417 3751 503 3798 tur
522 3740 613 3813 qui
627 3757 695 3796 ex
711 3738 1061 3813 ai'mulatione
1084 3738 1393 3813 disciplinae
1405 3738 1773 3793 ministerium
1792 3739 2018 3811 regimi-

414 3813 498 3868 nis
526 3809 682 3867 vertit
709 3811 764 3865 in
797 3826 955 3866 usum
982 3809 1402 3866 dominationis.

415 3919 545 3971 Cn.
577 3918 801 3970 XLVIII.
825 3945 889 3954 —
925 3918 1114 3970 Servus
1160 3919 1250 3982 qui
1286 3920 1520 3980 cognovit
1562 3919 1876 3972 voluntates»
1913 3922 2010 3971 do-

472 3984 612 4121 (mLini
627 3986 729 4046 sui,
757 3995 929 4109 canon
948 3986 1074 4047 facit
1113 3986 1393 4037 secundum
1414 3999 1541 4047 eam,
1566 3987 1857 4052 vapulabit,
1900 3992 2003 4040 etc.

537 4067 618 4106 uc.
654 4066 750 4115 xu,
866 4088 880 4103 .

485 4156 567 4211 (In
597 4156 837 4226 exposit.
877 4156 943 4209 Β.
979 4154 1104 4217 Job,
1127 4153 1225 4208 lib.
1248 4171 1341 4226 xv,
1372 4170 1501 4226 num
1516 4153 1674 4226 ._5l.)
1703 4154 1839 4209 Sunt
1859 4170 2002 4209 non-

410 4226 543 4281 nulli
572 4223 762 4297 qui'ex
795 4242 860 4281 eo
889 4226 1036 4294 quod
1066 4226 1276 4282 Veritas
1306 4225 1439 4280 dicit
1467 4243 1479 4279 :
1516 4223 1728 4297 Servus
1765 4226 1864 4296 qui
1883 4241 1999 4282 non

400 4296 1028 4369 .cognovitvoluntatem
1040 4297 1257 4352 domini
1268 4298 1441 4362 δαί,εέ
1454 4298 1593 4369 fecit
1609 4296 1781 4366 digna
1793 4297 1999 4366 plagis,

413 4367 703 4439 vapulabit
718 4369 994 4439 pauciszet
1011 4384 1201 4423 servus
1217 4369 1400 4423 sciens
1417 4367 1765 4439 voluntatem
1782 4369 2002 4422 domini

411 4424 583 4504 sui,et
597 4424 1125 4509 nonfaeiensjuxta
1142 4436 2007 4509 eam,vapulabitmultis,nolunt
2033 4424 2086 4485 D

411 4509 549 4563 scire
591 4508 735 4579 quod
793 4508 1013 4579 faciant,
1046 4516 1099 4563 et
1126 4510 1280 4578 quasi
1336 4508 1515 4561 minus
1543 4524 1599 4562 se
1655 4508 2003 4579 vapulaturos

411 4578 746 4644 existimant,
777 4578 821 4632 si
848 4579 997 4649 quod,
1021 4580 1232 4649 operari
1264 4579 1563 4633 debuerunt
1593 4579 1858 4633 nesciant.
1892 4578 2002 4633 Sed

410 4648 562 4703 aliud
584 4648 934 4720 estnescisse,
954 4648 1103 4703 aliud
1120 4650 1256 4704 scire
1277 4649 1534 4705 noluisse.
1558 4649 1752 4720 Nescit
1770 4664 2007 4720 namque

411 4720 504 4791 qui
554 4719 977 4791 apprehendere
1021 4720 1155 4787 vult,
1186 4728 1239 4791 et
1268 4736 1373 4775 non
1406 4721 1566 4775 valet.
1599 4719 1704 4788 Qui
1733 4719 1928 4774 autem
1948 4725 2009 4775 ut

414 4790 621 4848 nesciat
648 4805 836 4844 aurem
868 4806 900 4845 a
929 4806 1064 4845 voce
1096 4790 1355 4846 Veritatis
1385 4792 1596 4859 avertit,
1630 4794 1735 4846 iste
1763 4806 1873 4846 non
1904 4807 2008 4847 ne-

405 4861 589 4918 sciens
616 4861 714 4917 sed
741 4870 1084 4934 contemptor
1110 4861 1335 4918 dicitur.

400 4973 526 5024 CAP.
558 4970 733 5022 XLIX.
757 5000 820 5009 -—
852 4969 946 5024 Cui
971 4970 1185 5020 multum
1203 4970 1373 5020 datum
1391 4976 1492 5034 est,
1514 4970 1723 5021 multum
1752 4979 2008 5031 (ιω-σταται

906 5036 969 5087 ab
999 5039 1055 5087 eo
1078 5036 1223 5100 (Luc.
1247 5049 1344 5095 xu,
1385 5035 1492 5097 48).

473 5119 560 5178 (In
590 5119 822 5189 exposit.
859 5117 930 5171 Β.
963 5118 1085 5185 Job,
1119 5118 1213 5173 lib.
1260 5136 1390 5188 xxv,
1422 5135 1577 5173 num.
1619 5120 1710 5188 1.)
1739 5117 2008 5187 Quoniam

406 5190 475 5246 ab
506 5188 737 5246 internis
766 5198 927 5259 atque
983 5188 1348 5245 invisibilibus
1391 5190 1581 5245 oculos
1609 5189 1924 5256 clausimus,
1955 5196 2006 5243 et

406 5261 720 5317 visibilibus
769 5262 1063 5330 pascimur,
1093 5263 1413 5332 plerumque
1469 5260 1743 5315 hominem
1802 5276 1910 5315 non
1940 5276 2004 5314 ex

409 5347 476 5388 eo
508 5333 649 5403 quod
684 5332 801 5401 ipse
849 5339 951 5397 est,
983 5332 1082 5385 sed
1129 5348 1196 5386 ex
1236 5333 1318 5387 his
1345 5347 1471 5403 quae
1500 5331 1853 5403 circaipsum
1884 5338 2007 5403 sunt

402 5402 758 5458 veneramur.
827 5403 1070 5471 Cumque
1116 5418 1222 5457 non
1254 5402 1528 5457 intuemur
1582 5402 1710 5473 quid
1740 5402 1859 5470 ipse
1914 5402 2002 5468 sit,

404 5472 501 5527 sed
549 5474 678 5554 quid
734 5474 926 5554 possit,
955 5474 1359 5554 in‘accepiione
1418 5472 1769 5554 personarum
1803 5487 2005 5554 nonex

407 5540 669 5614 personis
728 5540 827 5614 sed
857 5561 919 5598 ex
952 5543 1114 5597 rebus
1162 5540 1538 5614 adiacentibus
1578 5544 1845 5598 dummur.
1878 5540 2004 5614 Sic-

405 5612 514 5683 que
542 5613 603 5667 ﬁt
632 5620 693 5685 ut
748 5613 793 5665 is
822 5629 1038 5685 quoque
1081 5612 1356 5682 apud—nos
1414 5616 1559 5668 intus
1610 5615 1663 5667 in
1693 5612 2004 5685 despectio-

408 5682 534 5738 item
567 5682 881 5756 veniatqui
942 5682 1073 5737 toris
1101 5685 1453 5756 honoratur.”
1479 5686 1603 5755 quia
1632 5685 1763 5739 dum
1793 5682 2005 5756 probis

411 5766 533 5819 quae
562 5754 730 5819 circa
762 5749 918 5802 illum
974 5761 1098 5805 sunt
1150 5749 1513 5809 honorabilis-
1543 5749 1807 5819 habetur;
1840 5754 2003 5810 rebus

415 5817 529 5872 Suis
557 5817 613 5872 in
666 5818 916 5872 examine
973 5823 1161 5877 nostro
1192 5824 1552 5893 postponitur.
1612 5821 1716 5879 Sed
1748 5817 2004 5894 omnipo-

2134 3119 2283 3176 calor
2338 3121 2603 3176 tenebitur
2655 3121 2710 3175 in
2741 3121 2996 3176 examine
3043 3122 3262 3191 judicis.
3309 3119 3498 3188 Quem
3553 3119 3723 3191 judex

2133 3192 2374 3264 exactori
2430 3191 2630 3264 tradet,
2661 3194 2917 3262 quoniam
2962 3194 3107 3247 hunc
3134 3192 3378 3264 maligno
3404 3192 3622 3264 spiritui
3652 3193 3720 3246 ad

2130 3262 2389 3334 ultionem
2410 3262 2545 3316 tradi
2567 3264 2860 3333 permittet,
2889 3271 2947 3317 ut
2976 3262 3311 3332 compulsam
3340 3263 3585 3317 animam
3610 3264 3725 3334 ipse

2133 3332 2201 3404 de
2221 3348 2446 3402 corpore
2470 3332 2658 3404 exigat
2681 3335 2745 3387 ad
2777 3349 2994 3404 poenam
3017 3350 3138 3403 qua:
3160 3335 3207 3388 ei
3231 3342 3425 3403 sponte
3446 3332 3729 3388 consensit

2131 3403 2201 3476 ad
2229 3404 2465 3474 culpam.
2525 3403 2757 3460 Exactor
2778 3403 2994 3475 quippe
3026 3404 3343 3476 intelligitur
3371 3404 3725 3476 importunus

2129 3473 2223 3547 ille
2278 3473 2572 3547 persuasor
2598 3476 2688 3547 qui
2718 3473 2957 3532 humano
3007 3473 3397 3547 generi—semel
3432 3473 3720 3547 nummum

2129 3544 2462 3615 deceptionis
2484 3546 2726 3609 contulit.
2758 3555 2812 3600 et
2836 3544 3285 3616 adhuc'quotidie
3314 3545 3507 3600 mortis
3536 3561 3715 3616 expe-

2130 3623 2240 3671 tere
2269 3616 2506 3671 debitum
2538 3632 2646 3671 non
2679 3617 2905 3685 desistit,
2937 3617 3024 3688 qui
3055 3617 3111 3671 in
3150 3616 3404 3688 paradiso
3432 3617 3723 3686 pecuniam

2126 3687 2331 3742 homini
2349 3688 2595 3756 peccanti
2616 3687 3002 3755 commodavit,
3020 3688 3114 3742 sed
3136 3688 3208 3742 ini
3252 3687 3416 3741 nitate
3439 3696 3727 3742 crescente

2126 3758 2268 3813 banc
2323 3758 2564 3813 quotidie
2593 3774 2713 3813 cum
2769 3759 2942 3813 usuris
2970 3758 3155 3813 exigit.
3206 3704 3442 3813 auctor
3469 3758 3725 3812 diabolus

2125 3758 2268 3814 banc
2323 3758 2564 3830 Quotidie
2593 3774 2713 3830 cum
2769 3759 2942 3813 usuris
2970 3758 3155 3830 exigit.
3206 3758 3442 3813 Exactor
3469 3758 3725 3830 diabolus

2123 3839 2225 3895 est,
2258 3827 2353 3900 qui
2379 3829 2521 3884 male
2544 3829 2821 3884 suadendo
2850 3846 3004 3899 spem
3022 3827 3248 3884 contulit
3269 3827 3720 3900 immortalitatis,

2123 3899 2471 3973 decipiendo,
2530 3900 2791 3973 tributum
2847 3901 3026 3973 exigit
3048 3900 3275 3973 mortis,
3308 3899 3400 3969 qui
3431 3899 3715 3973 sugdendo

2119 3968 2299 4026 intulit
2351 3970 2587 4041 culpam,
2645 3971 2918 4026 smviendo
2949 3968 3146 4042 wexigit
3202 3968 3444 4042 pernam.
3485 3968 3718 4026 Exactor

2118 4057 2249 4115 ergo
2277 4051 2649 4115 peccatoremn
2677 4042 2850 4115 mittet
2876 4042 2931 4095 in
2961 4041 3254 4115 carcerem,
3286 4041 3417 4111 quia
3441 4055 3544 4109 per
3595 4056 3712 4115 ma-

2113 4111 2323 4185 lignum
2361 4113 2605 4185 spiritum
2636 4111 2690 4166 in
2718 4111 2929 4185 inierun
2958 4112 3256 4185 detruditur
3283 4126 3567 4185 quousque
3597 4113 3711 4185 dies

2105 4182 2299 4271 ju'dicii
2331 4182 2530 4271 veniat,
2554 4198 2619 4239 ex
2650 4199 2756 4254 quo
2772 4183 2885 4252 jam
2908 4182 2965 4237 in
2991 4183 3212 4256 ignibus
3232 4182 3431 4237 inferni
3453 4182 3614 4236 simul
3661 4189 3710 4235 et

2104 4256 2229 4329 ipse
2259 4256 2544 4312 crucietur.

2114 4383 2241 4436 Car.
2267 4410 2328 4422 —
2353 4382 2462 4434 ιιι.
2477 4407 2543 4419 -
2568 4378 2875 4507 εοηιῗῖἀίιε
2897 4381 3205 4509 iung)”
3227 4388 3494 4443 angustam
3505 4383 3704 4442 partem

2759 4460 2857 4498 .uc.
2881 4460 2998 4509 xm,
3119 4487 3131 4498 .

2759 4460 2857 4498 Luc.
2881 4460 2998 4510 xui,
3023 4460 3131 4509 at).

2188 4551 2271 4617 (In
2300 4550 2534 4620 exposit.
2587 4548 2647 4602 B.
2672 4548 2805 4620 Job,
2856 4548 2951 4603 lib.
2987 4565 3063 4617 χι,
3095 4564 3246 4603 num.
3280 4548 3397 4615 68.)
3425 4548 3579 4620 ﬂens
3609 4547 3708 4620 bu-

2116 4616 2279 4693 mana
2307 4616 2429 4675 cum
2461 4620 2531 4674 ad
2577 4618 2807 4693 meliora
2834 4621 3049 4693 nititur,
3070 4620 3224 4693 quasi
3254 4626 3445 4672 contra
3477 4616 3708 4693 ﬂuminis

2114 4691 2279 4747 ictum
2310 4698 2555 4746 conatur.
2616 4691 2748 4745 Cum
2780 4705 2907 4745 vero
2937 4686 3331 4744 ab'in'tentione
3375 4686 3704 4742 ascendendi

2112 4763 2420 4825 resolvitur,
2449 4761 2563 4815 sine
2594 4760 2777 4815 labore
2808 4762 2874 4814 ad
2906 4761 3016 4815 ima
3044 4761 3274 4814 ducitur.
3308 4756 3453 4825 Quia
3481 4758 3626 4813 enim
3655 4757 3706 4809 in

2114 4849 2343 4890 ascensu
2373 4832 2533 4887 labor
2557 4839 2657 4897 est,
2689 4831 2743 4885 in
2772 4834 3037 4886 descensu
3068 4830 3259 4895 otium,
3295 4829 3592 4883 intraturos
3617 4841 3712 4896 per

2114 4912 2407 4975 angustam
2424 4910 2633 4972 portam
2659 4903 2924 4956 Dominus
2939 4903 3215 4975 admonet,
3232 4900 3451 4954 dicens:
3473 4900 3585 4955 Con
3596 4905 3710 4952 ten-

2113 4971 2230 5031 dite
2242 4971 2464 5029 intrare
2475 4988 2575 5046 per
2589 4976 2895 5046 angustam
2906 4976 3156 5046 portam.
3183 4971 3316 5033 Quae
3329 4978 3603 5046 astantem
3623 4984 3706 5046 an-

2114 5055 2273 5118 gusta
2295 5039 2488 5115 porta,’
2513 5043 2615 5118 nisi
2650 5039 2718 5118 in
2738 5044 2849 5118 bo_c_
2862 5039 3066 5118 mundo
3101 5042 3304 5118 vivere,
3327 5041 3424 5095 sed
3453 5041 3522 5095 de
3554 5039 3705 5108 hujus

2114 5112 2483 5171 r'nundi'concu
2493 5113 2756 5183 piscentia
2780 5113 2853 5167 nil
2873 5113 3091 5176 habere,
3108 5112 3288 5166 aliena
3308 5128 3415 5166 non
3432 5119 3704 5181 appetere.

2152 5188 2333 5256 ropria
2368 5200 2473 5239 non
2508 5193 2708 5249 tenere,
2748 5183 2948 5256 laudes
2979 5183 3165 5237 mundi
3193 5183 3494 5256 despicere,
3529 5188 3583 5256 et
3615 5195 3703 5249 pro

2152 5204 2333 5256 roprta
2368 5204 2473 5239 non
2508 5204 2708 5249 tenere,
2749 5204 2939 5239 tauues
2979 5204 3165 5237 munut
3193 5204 3494 5252 despicere,
3529 5204 3583 5235 et
3615 5204 3703 5249 pm

2112 5204 2234 5313 Deo
2263 5255 2557 5328 opprobria
2579 5271 2784 5328 amare,
2807 5255 3045 5328 gloriam
3063 5253 3256 5328 mundi
3281 5253 3503 5328 iugere,
3526 5252 3705 5328 despe—

2113 5338 2257 5384 ctum
2288 5322 2467 5397 sequi,
2490 5325 2778 5380 adulantes
2808 5322 3105 5397 despicere,
3140 5322 3503 5397 despicientes
3533 5322 3703 5376 bono-

2116 5415 2251 5463 rare,
2314 5394 2455 5453 mala
2486 5404 2791 5451 nocentium
2833 5412 2901 5449 ex
2930 5396 3094 5450 corde
3148 5394 3444 5459 dimittere,
3494 5401 3547 5447 et
3577 5404 3703 5463 erga}

2113 5486 2208 5525 eos
2230 5459 2536 5524 dilectionis
2557 5468 2790 5539 gratiam
2816 5466 3149 5539 immobilem
3171 5465 3225 5519 in
3244 5464 3411 5520 corde
3431 5466 3659 5539 retinere
3677 5459 3703 5509 ἢ

2112 5541 2364 5596 Dicturus
2384 5534 3033 5619 itaque'Pominu-s‘hujus.
3054 5543 3298 5617 angustae
3318 5543 3489 5619 porta)
3509 5534 3692 5619 introii

2112 5619 2244 5675 tum,
2264 5606 2542 5680 praemisit.
2568 5608 2925 5680 Contendite,
2947 5606 3075 5680 quia
3095 5606 3199 5661 nisi
3221 5606 3415 5660 mentis
3432 5606 3692 5680 contentio

2113 5675 2296 5750 fuerit,
2356 5680 2499 5758 unda
2529 5678 2715 5733 mundi
2766 5695 2872 5732 non
2905 5675 3154 5758 vincitur,
3196 5694 3295 5758 per
3323 5692 3488 5758 quam
3515 5675 3686 5758 anima

2110 5746 2327 5821 Semper
2360 5751 2427 5805 ad
2456 5751 2563 5804 ima
2584 5757 2900 5821 revocatur.
2952 5749 3103 5821 Mens
3132 5746 3278 5821 enim
3325 5746 3686 5821 mutabilitatis

2111 5812 2498 5891 suae'pondere
2530 5819 2596 5875 ad
2629 5818 2776 5875 aliud
2797 5816 3323 5889 semper-impellitur
3344 5818 3507 5886 quam
3531 5820 3624 5875 est,
3645 5812 3693 5865 et
