4082 6170
491 233 631 290 1223

1377 218 1737 285 APPENDIX
1764 230 1856 284 AD
1887 229 1950 284 S.
1986 228 2330 288 GREGORII
2357 230 2590 298 OPERA
2637 223 2888 288 OMNIA.

3626 246 3742 303 H24

496 356 736 430 trahatur
770 368 831 408 ex
879 353 1043 419 dono,
1098 359 1151 407 et
1208 352 1344 407 alius
1374 352 1712 430 repellatur
1747 370 1814 407 ex
1862 353 2079 430 merito.
2118 357 2175 418 Α
2208 360 2447 429 tempsit.
2477 358 2742 414 Intellexit
2771 358 2846 412 ibi
2878 358 3021 430 quod
3047 358 3135 415 hic
3151 362 3330 415 tacere
3361 362 3543 426 noluit,
3563 363 3755 420 indam-

495 425 791 481 Consilium
848 440 1075 478 summae
1123 430 1175 477 et
1232 423 1458 477 occulta;-
1530 423 1745 477 virtutis
1797 424 2091 479 satisfactio

493 498 566 549 sit
592 505 795 565 apertas
828 495 1083 560 rationis;
1118 501 1169 547 et
1198 493 1253 547 in
1295 493 1508 565 cunctis
1559 511 1679 565 qum
1733 494 2095 565 disponuntur

491 563 753 690 exterius,
782 574 970 636 aperta
996 580 1165 619 causa
1210 564 1279 618 sit
1321 563 1547 618 rationis
1578 563 1836 626 'pccultae
1881 565 2091 634 justitia

495 652 561 690 vo
587 644 806 690 untatts.

495 652 806 692 voruntaus.

487 736 835 788 CAP-LXVII.
860 764 923 772 —
948 737 1162 786 Factum
1195 741 1270 786 est
1312 739 1480 786 autem
1524 740 1580 784 ut
1625 743 1908 786 moreretur
1952 747 2089 784 men-

553 803 722 863 dicus,
767 809 820 853 et
854 806 1150 867 portaretur
1195 804 1258 854 ab
1299 804 1492 861 angelis
1536 803 1591 850 in
1638 802 1799 852 sinum
1842 801 2086 852 Abram.

552 867 786 1000 (Ilionam
811 880 1082 999 exagitatam
1106 876 1153 920 et
1188 868 1334 920 dives
1362 879 1415 919 et
1438 868 1668 930 sepultus
1690 874 1769 918 est
1790 869 1843 918 in
1890 870 2089 928 inferno

608 950 687 986 uc.
714 950 824 991 xvi.
884 970 911 985 ..
932 968 946 982 .

559 1016 784 1098 (Regul.
823 1024 1164 1097 pastorpart.
1193 1031 1278 1098 ut,
1307 1032 1366 1098 ς.
1406 1015 1898 1098 21.)Nequaquam
1929 1015 2088 1070 dives

488 1087 587 1144 iste
618 1086 795 1144 aliena
824 1086 1092 1158 rapuisse,
1117 1086 1211 1141 sed
1243 1086 1574 1140 infructuose
1602 1086 1925 1158 perhibetur,
1950 1102 2084 1155 pro-

526 1159 620 1214 riis
650 1177 779 1213 usus
809 1156 1023 1226 fruisse,
1058 1173 1291 1227 eumque
1306 1166 1429 1228 post
1449 1160 1587 1211 hanc
1608 1158 1770 1211 vitam
1805 1156 1970 1211 ultrix
1997 1173 2087 1228 ge-

526 1176 620 1214 rus
650 1177 779 1213 usus
809 1176 1023 1226 iruisse,
1058 1176 1291 1227 eumque
1306 1176 1429 1228 posr
1449 1176 1587 1211 nano
1608 1176 1770 1211 Vitam
1805 1176 1970 1211 uurix
1997 1176 2083 1228 ge-

485 1176 670 1285 Eenna
701 1230 955 1300 suscepit,
991 1245 1097 1283 non
1129 1229 1255 1297 quia
1274 1228 1755 1300 aliquid‘illicitum
1775 1228 1964 1300 gessit,
1987 1228 2083 1282 sed

488 1302 618 1372 quia
648 1298 1005 1355 immoderato
1034 1315 1135 1352 usu
1167 1307 1332 1372 totum
1375 1314 1465 1372 se__
1489 1298 1651 1352 licitis
1706 1298 1956 1352 tradidit.
2023 1301 2084 1372 In

486 1367 571 1426 bis
595 1380 772 1426 autem
803 1372 959 1425 dictis
986 1369 1317 1439 evangelicis
1344 1367 1605 1440 colligere
1635 1385 1928 1440 possumus
1958 1368 2083 1438 quia

487 1442 802 1497 incendium
833 1445 1012 1495 anima
1032 1456 1141 1494 non
1169 1440 1344 1492 solum
1367 1439 1625 1504 videndo,
1659 1439 1754 1494 sed
1786 1440 1949 1493 etiam
1981 1456 2079 1493 ex-

486 1513 746 1581 periendo
777 1511 1287 1583 patiatur.Veritatis
1315 1509 1464 1583 enim
1491 1525 1648 1583 voce,
1669 1510 1820 1564 dives
1836 1518 2083 1583 mortuus

487 1580 685 1637 dicitur
714 1580 1007 1638 in'inferno
1034 1582 1292 1650 sepultus.
1318 1581 1476 1648 Cujus
1499 1580 1679 1634 anima
1710 1581 1923 1650 quodin
1951 1580 2079 1651 igne

487 1661 741 1709 teneatur
768 1654 1006 1708 insinuat
1038 1668 1143 1707 vox
1164 1651 1345 1706 divitis
1374 1651 1469 1720 qui
1499 1652 1765 1705 Abraham
1819 1652 2079 1720 depreca-

2204 431 2420 505 natione
2449 448 2545 484 sua
2575 431 2859 505 compulsa
2884 438 2969 505 est
2997 446 3324 505 cognoscere
3343 433 3468 503 quid
3497 435 3604 499 fuit,
3632 438 3756 505 quod

2199 502 2459 624 perdillit,
2490 501 2706 570 quando
2736 500 3047 570 proximum
3066 500 3398 573 indigentem
3414 520 3515 559 non
3543 500 3753 575 agnovit.

2242 580 2428 624 ronter
2457 574 2564 624 hoc
2593 580 2770 624 autem
2804 573 2946 624 quod
2977 572 3045 624 de
3074 572 3179 624 hoc
3208 575 3378 624 divite
3421 575 3477 624 in
3510 579 3753 624 tormentis

2242 580 2428 641 ropter
2457 574 2564 626 hoc
2593 580 2770 625 autem
2804 573 2946 642 quod
2977 572 3045 625 de
3074 572 3378 628 boc’divite
3421 575 3478 628 in
3510 572 3756 632 tormentis

2196 643 2380 711 posito
2412 642 2624 708 dicitur,
2657 644 2802 711 quod
2832 643 3026 696 viderit
3056 642 3331 698 Abraham
3361 654 3412 700 et
3440 645 3681 700 Lazarum
3708 649 3753 702 in

2198 713 2317 767 sinu
2338 715 2476 781 ejus,
2508 713 2839 767 credendum
2887 720 2971 767 est
3016 715 3159 781 quod
3204 724 3330 769 ante
3373 716 3757 772 retributionem

2196 784 2424 855 extremi
2445 783 2633 852 judicii
2663 783 2848 855 injusti
2876 783 3141 853 quosdam
3168 785 3222 838 in
3244 786 3427 855 requie
3450 785 3621 854 justos
3640 804 3757 845 con-

2195 854 2451 923 spiciunt,
2480 863 2537 908 ut
2565 870 2657 909 eos
2680 854 2920 909 videntes
2939 855 2995 925 in
3016 855 3219 925 gaudio
3238 854 3345 911 non
3378 856 3547 912 solum
3576 859 3640 914 de
3674 874 3759 913 suo

2195 925 2461 993 supplicio
2491 925 2587 980 sed
2616 925 2773 979 etiam
2806 925 2871 978 de
2901 924 3113 979 illorum
3147 927 3451 981 crucientur
3481 929 3754 984 bonoJusti

2193 1011 2325 1052 vero
2352 995 2408 1049 in
2441 996 2722 1068 tormentis
2744 1012 2960 1065 semper
2986 995 3259 1068 intuentur
3284 998 3531 1068 injustos,
3562 1009 3611 1053 ut
3646 1000 3758 1054 hinc

2193 1081 2384 1123 eorum
2388 1067 2645 1139 gaudium
2665 1076 2897 1134 crescat,
2917 1066 3039 1137 quia
3059 1068 3262 1121 malum
3277 1066 3758 1138 co‘nspiciuntquod

2193 1139 2617 1194 misericorditer
2644 1146 2949 1202 evaserunt,
2983 1144 3237 1207 tantoque
3277 1141 3517 1209 majores
3543 1141 3757 1196 Redem-

2192 1215 2332 1283 ptori
2364 1226 2460 1264 suo
2490 1209 2691 1283 gratias
2719 1209 2973 1283 referant,
2984 1218 3189 1283 quanto
3210 1210 3395 1265 vident
3415 1211 3608 1283 inialiis
3633 1213 3758 1283 quod

2189 1279 2299 1349 ipsi
2330 1279 2538 1350 perpeti
2567 1281 2612 1333 si
2645 1287 2821 1333 essent
2851 1279 3091 1334 derelicti
3120 1289 3426 1348 potuerunt.
3471 1282 3582 1336 Nec
3633 1279 3759 1336 illam

2191 1358 2354 1405 tantae
2385 1350 2729 1405 beatitudinis
2763 1350 3061 1404 claritatem
3079 1351 3227 1418 apud
3247 1353 3520 1420 justorum
3542 1354 3758 1406 animum

2189 1420 2593 1494 fuscataspecta
2623 1436 2783 1489 pmna
2815 1420 3189 1494 reproborum,
3239 1422 3486 1494 quiaubi
3518 1439 3752 1494 compas-

2189 1493 2272 1547 sio
2304 1492 2533 1547 miseriae
2560 1493 2679 1561 jam
2713 1507 2819 1545 non
2849 1492 2966 1554 erit,
3001 1492 3165 1544 minui
3195 1493 3387 1562 procul
3410 1494 3573 1547 dubio
3594 1492 3762 1549 beato-

2186 1579 2312 1635 rum
2336 1563 2519 1618 laetitia
2542 1578 2648 1617 non
2678 1562 2900 1635 valebit.
2926 1563 3197 1635 Jostorum
3219 1563 3360 1635 enim
3383 1564 3578 1619 animae
3597 1580 3761 1635 quam-

2186 1634 2270 1689 vis
2300 1633 2354 1687 in
2384 1650 2502 1688 suae
2533 1640 2743 1687 naturae
2769 1632 3009 1687 bonitate
3049 1633 3483 1688 misericordiam
3524 1632 3761 1697 habeant,

482 1703 1482 1788 saa'aicsa‘s'nau.iam».:at
1500 1703 1744 1794 aia-gs;
1755 1703 2079 1777 armis.

2194 1704 2401 1759 etiamsi
2431 1703 2938 1794 misereri-vellent.
2966 1705 3079 1784 jam
3097 1706 3487 1785 _tunc.omnino
3517 1722 3620 1760 non
3648 1721 3763 1785 pos-

485 1795 653 1866 ἀέριτί
664 1797 754 1851 sui
765 1797 826 1851 in
838 1811 1038 1867 aquam
1051 1798 1135 1859 ,ιιι
1150 1796 1455 1867 refrigeret
1471 1792 1725 1867 lipgudm
1743 1796 2085 1864 meam,quia

485 1863 710 1921 crucior
726 1868 791 1921 in
812 1863 916 1921 hac
931 1867 1165 1934 ﬂamma
1180 1872 1195 1931 t
1210 1863 1355 1935 Vera.
1373 1865 1484 1932 24).
1506 1863 1643 1935 Dum
1661 1880 1793 1935 ergo
1824 1863 2085 1935 peccato-

485 1951 602 1991 rem
633 1935 853 1992 divitem
883 1936 1197 2006 damnatum
1225 1934 1437 1989 Veritas
1467 1935 1525 2006 in
1571 1934 1756 2006 ignem
1814 1934 2081 2006 perbibet,

486 2007 736 2076 quisnam
767 2007 986 2077 sapiens
1015 2005 1371 2076 reproborum
1402 2004 1615 2077 animas
1648 2005 1823 2077 teneri
1864 2004 2084 2075 ignibus

484 2074 695 2149 neget?
725 2079 781 2133 Si
812 2074 989 2149 autem
1014 2074 1275 2149 quaeritur
1303 2075 1577 2145 quomodo
1622 2092 1709 2129 res
1762 2074 2085 2149 incorporea

484 2147 657 2202 teneri
689 2156 741 2203 et
769 2147 937 2218 afﬂigi
967 2147 1139 2217 possit
1161 2163 1194 2202 a
1223 2161 1601 2218 re_corporep,
1633 2156 1779 2200 certe
1793 2147 2086 2218 audiamus

485 2217 614 2289 quid
646 2215 903 2289 reprobis'
928 2215 1141 2274 Veritas
1170 2218 1225 2270 in
1267 2215 1373 2269 ﬁne
1417 2224 1497 2271 est
1545 2216 1754 2289 dictura
1813 2234 1825 2269 :
1886 2217 1968 2271 Ite
2022 2217 2085 2289 in

485 2287 673 2358 ignem
690 2287 1097 2360 mternumajui
1108 2290 1463 2360 praeparatas
1475 2287 1788 2360 est_diaboio
1805 2287 2087 2358 etangeli‘s

490 2357 609 2429 éja:
631 2361 849 2427 (Matth.
871 2357 1129 2428 xxv,'Ll)'.
1154 2357 1209 2413 Si
1230 2357 1374 2429 ergo
1394 2357 1647 2411 diabolus
1698 2357 1924 2429 ejusque
1956 2357 2084 2411 an-

490 2427 621 2500 geli,
652 2447 775 2485 cum
806 2431 913 2485 sint
945 2427 1279 2500 incorporei,
1304 2443 1573 2496 corporeo
1614 2436 1738 2482 sunt
1767 2427 1897 2499 igne
1952 2443 2080 2500 cru-

489 2498 693 2567 ciandi,
727 2516 835 2556 non
874 2501 1066 2555 mirum
1098 2500 1141 2551 si
1198 2499 1413 2563 animas,
1443 2507 1758 2570 antequam
1814 2498 2085 2570 recipiant

490 2586 740 2640 corpora,
772 2567 1515 2641 possintcorporerasentire
1546 2567 1828 2641 tormenta.
1886 2568 2084 2641 Teneri

492 2638 990 2712 etiamper—ignem
1021 2638 1198 2712 potest
1227 2638 1428 2712 anima,
1459 2647 1516 2693 ut
1545 2640 1597 2694 in
1630 2646 1899 2712 tormento
1939 2639 2083 2710 ignis

486 2711 556 2764 sit
586 2710 907 2767 videndo—et
935 2710 1234 2765 sentiendo.
1269 2710 1456 2778 Ignem
1486 2726 1721 2779 namque
1740 2726 1804 2765 eo
1834 2710 1954 2778 ipso
1980 2726 2083 2779 pa-

485 2780 617 2836 titur
646 2783 792 2853 quod
824 2782 988 2853 videt,
1017 2791 1069 2836 et
1098 2780 1223 2851 quia
1252 2782 1591 2853 concremari
1624 2797 1681 2835 se
1722 2780 1916 2850 aspicit
1956 2797 2081 2835 cre-

488 2850 687 2908 matur.
711 2855 906 2922 Sicque
935 2850 994 2906 ﬁt
1022 2860 1080 2906 ut
1122 2866 1383 2922 corporea
1421 2866 1509 2905 res
1536 2852 1914 2919 incorpoream
1944 2867 2081 2904 exu-

486 2931 589 2987 rat,
612 2924 747 2995 rdum
783 2920 849 2979 ei:
880 2924 1005 2995 igne
1036 2921 1241 2974 visibili
1274 2920 1440 2975 ardor
1486 2930 1539 2976 et
1585 2922 1742 2976 dolor
1764 2993 1771 2995 _
1796 2922 2084 2977 invisibilis

486 2994 729 3065 trahitur,
753 3004 810 3049 ut
841 2993 934 3065 per
963 2994 1144 3065 ignem
1173 3007 1491 3065 corporeum
1550 3009 1705 3047 mens
1759 2993 2081 3063 incorporea

488 3063 651 3118 etiam
682 3065 737 3118 in
765 3063 1281 3134 ﬂamma—corporea
1312 3063 1604 3119 crucietur.

483 3169 610 3223 CAP.
659 3175 877 3224 LXVIII.
929 3201 992 3211 ——
1031 3173 1257 3224 Etwanc
1300 3179 1464 3223 autem
1510 3172 1684 3223 oculos
1718 3185 1827 3223 cum
1874 3175 2003 3222 esset
2038 3172 2091 3220 in

553 3242 830 3302 tormentis,
868 3241 1000 3289 vidit
1049 3239 1325 3291 Abraham
1370 3254 1406 3289 a
1453 3239 1613 3302 longe,
1650 3241 1701 3289 el
1740 3241 1993 3289 Lazarum
2031 3239 2089 3287 in

552 3311 669 3358 sinu
692 3308 800 3368 ejus
820 3308 966 3370 (Luc.
1001 3319 1111 3366 XVI,
1136 3307 1242 3367 23).

559 3402 643 3470 (In
678 3401 907 3471 exposit.
941 3403 998 3454 Β.
1034 3401 1160 3467 Job,
1191 3401 1289 3454 lib.
1323 3417 1380 3466 x,
1411 3416 1474 3453 n.
1513 3398 1842 3471 49;,Whomil
1885 3400 1972 3465 40,
2024 3399 2086 3471 in

486 3472 707 3545 Evang.
730 3469 786 3524 n.
819 3472 975 3545 3,_‘7_;
1012 3472 1065 3523 in
1098 3471 1412 3545 exposit.B.
1444 3469 1579 3545 Jo_b,_
1602 3470 1705 3545 lib.
1756 3486 1837 3545 iv,
1869 3487 1929 3524 n.
1964 3470 2083 3545 ὅθ.)

482 3540 676 3598 Dives'
696 3543 793 3596 iste
850 3540 1052 3595 idcirco
1101 3540 1336 3611 punitus,
1388 3548 1439 3593 et
1494 3540 1689 3595 inferni
1739 3541 2085 3595 damnatione

484 3628 794 3691 percussus,
828 3627 945 3691 non.
964 3612 1089 3691 quia
1118 3612 1183 3691 vi_
1221 3612 1557 3691 quempiam_
1590 3612 1936 3691 oppresserit,
1994 3612 2081 3666 vel

521 3686 611 3737 uia
641 3684 817 3737 aliena
848 3683 1105 3753 diripiens
1134 3682 1437 3747 abstulerit,
1465 3682 1563 3753 sed
1584 3682 1711 3752 quia
1732 3683 1954 3751 pr0pria
1974 3698 2082 3737 non

521 3702 611 3737 una
641 3702 817 3737 auena
848 3702 1105 3753 (lll'lplenS
1134 3702 1437 3747 αυδιυιεηι,
1465 3702 1563 3735 sea
1584 3702 1711 3752 qum
1732 3702 1954 3751 propria
1974 3702 2080 3737 non

484 3702 717 3821 dederit,
747 3762 800 3808 et
824 3754 1062 3823 acceptis
1084 3754 1264 3821 rebus,
1296 3752 1661 3822 semetipsum
1718 3754 1861 3807 male
1919 3753 2080 3808 dere-

484 3825 755 3896 linquens,
789 3840 849 3880 se
878 3825 1197 3879 extollenter
1216 3824 1534 3879 elevaverit.
1574 3824 1709 3896 Sunt
1737 3825 1881 3877 enim
1936 3839 2081 3896 non-

484 3894 619 3950 nulli
652 3911 786 3966 quos
813 3911 1006 3949 census
1036 3911 1137 3964 per
1175 3903 1437 3966 tumorem
1471 3909 1577 3946 non
1607 3894 1837 3966 elevat,__
1861 3894 2082 3966 sedper

483 3982 650 4037 opera
672 3964 1071 4037 misericordiae
1099 3965 1328 4029 exaltat;
1363 3973 1417 4019 et
1437 3973 1570 4037 sunt
1598 3964 1842 4019 nonnulli
1864 3965 1979 4037 jqui
2006 3981 2078 4037 pse

486 4035 712 4092 terrenis
739 4036 933 4106 opibus
960 4038 1236 4090 abundare
1266 4035 1626 4106 conscipiunt,
1673 4050 1830 4089 veras
1858 4035 1955 4089 Dei
1988 4035 2079 4088 di-

484 4109 642 4163 vitias
672 4105 789 4163 non
810 4108 1113 4187 requirunt,
1145 4116 1305 4187 atque
1340 4105 1593 4187 “patriam
1650 4114 1912 4187 mternam
1970 4121 2079 4187 pou

485 4188 687 4245 amant,
711 4176 969 4248 quoniam
1003 4180 1105 4232 hoc
1132 4176 1236 4230 sibi
1269 4176 1517 4248 suﬁicere
1573 4176 1719 4242 quod
1766 4176 1927 4230 rebus
1964 4176 2075 4248 ful-

481 4251 699 4305 ciuntur
720 4246 1110 4318 temporalibus
1140 4255 1351 4317 putant.
1389 4247 1513 4318 Non
1538 4254 1620 4300 est
1646 4261 1779 4318 ergo
1797 4262 1991 4300 census
2020 4246 2076 4300 in

474 4320 724 4385 crimine,
759 4316 852 4373 sed
874 4316 1351 4384 aﬂ‘ectus,’cuncta
1393 4316 1535 4371 enim
1590 4325 1714 4370 sunt
1761 4316 1904 4371 bona
1951 4333 2074 4386 quae

482 4391 727 4446 condidit
759 4391 923 4443 Deus.
965 4389 1070 4443 Sed
1098 4388 1186 4456 qui
1220 4388 1377 4441 bonis
1403 4386 1545 4440 male
1588 4388 1769 4455 utitur,
1830 4387 2072 4456 profecto

481 4461 596 4531 agit
623 4468 681 4514 ut
710 4460 863 4531 quasi
891 4474 1003 4531 per
1028 4458 1311 4531 edacitatis
1349 4456 1646 4531 ingluviem
1675 4473 1742 4531 eo
1773 4473 1880 4531 quo
1893 4457 2075 4513 vivere

483 4528 670 4584 debuit
702 4528 843 4597 pane
873 4529 1153 4584 moriatur.
1191 4530 1399 4596 Pauper
1420 4528 1495 4582 ad
1549 4529 1789 4598 requiem
1842 4528 2075 4583 Lazarus

481 4601 724 4665 venerat,
766 4599 1055 4669 superbum
1098 4614 1226 4653 vero
1277 4598 1516 4669 divitem,
1543 4606 1806 4653 tormenta
1863 4599 2073 4653 crucia-

481 4669 762 4734 bant;sed
795 4666 975 4723 tamen
1008 4669 1162 4723 dives
1188 4670 1463 4723 Abraham
1493 4666 1669 4723 fuerat
1699 4669 1790 4738 qui
1820 4669 2077 4723 Lazarum

483 4741 540 4796 in
572 4741 688 4796 sinu
722 4741 959 4808 tenebat,
992 4739 1082 4809 qui
1114 4744 1296 4793 tamen
1334 4739 1543 4794 auctori
1586 4755 1682 4793 suo
1740 4740 2074 4810 colloquens,

482 4812 611 4867 dicit
635 4830 647 4869 :
687 4813 900 4881 Loquar
916 4812 986 4865 ad
1009 4811 1678 4882 Dominumrmeummum
1693 4812 1804 4882 sim
1818 4812 2002 4882 pulvis
2022 4816 2078 4866 et

482 4884 629 4938 cinis
662 4885 821 4947 (Gen.
874 4897 1022 4948 xvnt,
1056 4882 1134 4950 2).
1182 4880 1328 4948 Quid
1360 4882 1540 4950 itaque
1570 4882 1669 4934 istc
1700 4880 1915 4935 divitias
1958 4898 2081 4935 suas

479 4954 746 5009 aestimare
775 4961 1004 5007 noverat
1025 4953 1113 5020 qui
1136 4951 1480 5021 semetipsum
1504 4951 1784 5021 pulverem
1810 4951 2077 5006 cinerem-

480 5039 591 5093 que
619 5022 927 5093 pensabat?
954 5027 1057 5077 Aut
1086 5024 1361 5091 quomodo
1411 5038 1498 5077 res
1555 5022 1720 5093 hunc,
1755 5022 2077 5077 cxtollerent

478 5092 746 5165 possessa:
766 5094 856 5163 qui
887 5093 955 5148 de
983 5110 1041 5147 se
1072 5108 1291 5165 quoque
1319 5108 1532 5165 earum
1558 5092 1843 5165 videlicet__
1863 5108 2074 5165 posses-

476 5162 598 5220 sore
626 5173 737 5219 tam
767 5162 981 5233 abjecta
1008 5162 1279 5218 sentiret?
1308 5163 1537 5233 Superbi
1582 5163 1764 5231 itaque
1795 5162 1990 5218 divites
2019 5171 2074 5218 et

474 5236 603 5290 elati
640 5237 849 5291 venturi
879 5235 1081 5289 Judicis
1106 5240 1412 5303 respectum
1440 5248 1547 5287 non
1576 5233 1796 5300 habent,
1824 5233 1952 5287 dum
1982 5251 2072 5288 su-

472 5306 656 5378 perbis
684 5306 826 5375 apud
858 5321 919 5360 se
937 5304 1361 5378 cogitationibus
1391 5311 1616 5378 tument.
1650 5304 1785 5378 Hoc
1809 5319 1943 5378 ergo
1970 5305 2069 5378 iuit

473 5374 620 5445 quod
650 5374 792 5431 hunc
821 5374 1116 5445 superbum
1145 5375 1367 5429 divitem
1397 5374 1613 5429 inferno
1645 5374 1892 5441 tradidit,
1940 5375 2067 5444 quia

470 5444 526 5500 in
565 5463 662 5501 sua
680 5444 935 5501 felicitate
961 5446 1178 5500 timidus
1203 5462 1312 5499 non
1342 5445 1442 5499 fuit
1465 5462 1478 5508 ;
1504 5444 1628 5515 quia
1645 5454 1902 5514 percepta
1925 5445 2069 5501 dona

473 5518 543 5588 ad
573 5533 728 5570 usum
778 5516 1105 5588 arrogantia:
1159 5516 1387 5582 inﬂexit,
1438 5518 1569 5588 quia
1618 5516 1824 5571 viscera
1851 5516 2067 5588 pietatis

471 5586 783 5667 ignoravit;
819 5586 947 5657 quia
977 5595 1199 5667 peccata
1228 5602 1331 5667 sua
1360 5587 1977 5667 redimere,etiamncum.
1995 5587 2067 5667 si-

470 5654 527 5709 bi
554 5654 854 5710 abundaret
880 5654 1134 5725 pretium,
1164 5657 1358 5710 noluit.
1396 5657 1529 5712 Sero
1559 5667 1737 5712 autem
1782 5658 1934 5711 dives
1962 5657 2066 5713 iste

469 5724 660 5797 oculos
679 5724 899 5797 elevans
917 5728 1143 5797 aperuit,
1169 5726 1385 5796 quando
1415 5728 1684 5782 Lazarum
1713 5728 2061 5797 requiescen—

470 5796 585 5847 tem
611 5792 765 5860 vidit,
794 5792 965 5862 quem
980 5792 1257 5864 jacentém
1286 5804 1413 5851 ante
1433 5798 1671 5867 januam
1692 5792 1881 5855 videre
1922 5814 2057 5854 con-

2194 1783 2335 1842 sunt,
2369 1776 2499 1845 quia
2522 1773 2746 1843 justitim
2777 1773 3010 1828 auctoris
3028 1775 3108 1827 sui
3135 1776 3433 1843 conjunctae
3465 1784 3609 1831 tanta
3627 1773 3765 1831 recti-

2194 1846 2378 1901 tudine
2407 1846 2879 1916 constringuntur,
2912 1853 2967 1898 ut
2983 1846 3131 1917 nulla
3150 1846 3219 1899 ad
3241 1848 3510 1916 reprobos
3532 1863 3764 1917 compas-

2193 1917 2346 1971 sione
2378 1926 2719 1988 moveantur,
2753 1923 2807 1970 et
2835 1916 2995 1970 erecti
3019 1916 3136 1984 jam
3166 1932 3266 1988 per
3280 1917 3546 1985 justitiam
3568 1916 3759 1988 judicii,

2193 1988 2273 2042 eis
2289 1988 2604 2058 nullomodo
2628 1987 3002 2041 misereantur.
3029 1987 3139 2056 Ipsi
3168 1987 3368 2057 quippe
3379 1989 3557 2058 judici
3569 1987 3767 2044 Concor.

2194 2059 2322 2112 dant
2349 2057 2437 2112 cui
2460 2057 2747 2129 inhaerent.
2777 2066 2833 2111 et
2862 2058 2949 2129 eis
2972 2073 3108 2127 quos
3138 2058 3369 2129 eripere
3387 2057 3390 2058 ⁷
3408 2075 3518 2114 non
3565 2068 3768 2129 possunt

2191 2144 2294 2184 nec
2313 2145 2382 2183 ex
2415 2128 2781 2183 misericordia
2812 2128 3271 2194 condescendunt,
3305 2129 3432 2198 quia
3465 2128 3668 2184 tantum
3706 2129 3766 2182 il-

2191 2199 2274 2254 los
2313 2208 2432 2254 tunc
2474 2215 2507 2252 a
2565 2198 2824 2252 videbunt
2868 2214 2989 2253 esse
3046 2206 3354 2267 extraneos,
3395 2210 3598 2269 quanto
3623 2201 3686 2255 ab
3712 2214 3766 2254 eo

2192 2286 2355 2341 quem
2385 2270 2620 2341 diligunt
2646 2278 2865 2341 auctore
2894 2284 2994 2324 suo
3020 2270 3367 2341 conspiciunt
3387 2287 3507 2325 esse
3522 2271 3767 2341 repulsos.

2193 2339 2342 2408 Quid
2373 2339 2552 2394 autem
2585 2340 2785 2394 mirum
2812 2340 2856 2393 si
2888 2341 3017 2394 dum
3033 2340 3503 2410 justiinjustorum
3523 2339 3772 2396 tormenta

2191 2411 2561 2484 conspiciunt,
2593 2411 2698 2484 hoc
2727 2409 2806 2464 eis
2833 2410 3053 2484 eveniat
3083 2410 3137 2484 in
3155 2409 3419 2484 obsequio
3438 2412 3770 2484 gaudiorum,

2194 2482 2408 2550 quando
2439 2490 2509 2553 et;
2531 2481 2585 2539 in
2616 2481 2823 2553 pictura
2852 2483 3007 2553 niger
3033 2481 3184 2535 color
3212 2481 3593 2551 substernitur,
3624 2491 3677 2537 ut
3696 2482 3770 2535 al—

2190 2552 2293 2606 bus
2324 2553 2409 2606 vel
2434 2551 2632 2606 rubeus
2649 2551 2848 2607 clarior
2868 2551 3137 2606 videatur.
3161 2553 3291 2616 Sed,
3309 2553 3449 2607 sicut
3470 2553 3665 2609 dictum
3681 2560 3769 2617 est,

2195 2628 2340 2695 tanto
2361 2623 2521 2695 bonis
2545 2639 2643 2676 sua
2689 2623 2907 2695 gaudia
2942 2631 3286 2688 excrescunt,
3341 2633 3549 2695 quanto
3605 2638 3771 2679 eorum

2190 2693 2364 2748 oculis
2396 2693 2770 2748 damnatorum
2803 2693 2948 2764 mala
2978 2693 3374 2764 subterjacenti
3407 2693 3669 2764 Quamvis
3709 2696 3775 2748 eis

2187 2780 2283 2818 sua
2312 2764 2517 2835 gaudia
2536 2764 2698 2834 plene
2731 2762 2995 2835 sruﬂisiant
3025 2765 3092 2817 ad
3112 2762 3671 2833 perfruendu'm,mala
3698 2773 3774 2818 ta-

2190 2834 2337 2915 men,
2375 2851 2657 2916 reprorum
2721 2834 3132 2916 absque‘dubio
3208 2852 3424 2916 semper
3510 2836 3773 2916 aspiciunt,

2191 2906 2318 2974 quia
2347 2904 2468 2961 cum
2502 2904 2771 2960 Creatoris
2792 2904 2873 2959 sui
2911 2905 3210 2960 claritatem
3267 2904 3482 2973 vident,
3540 2904 3669 2960 nihil
3719 2907 3767 2958 in

2187 2985 2435 3047 creatura
2464 2977 2643 3047 agitur
2672 2975 2817 3043 quod
2846 2976 3035 3047 videre
3066 2992 3174 3031 non
3216 2987 3467 3045 possunt.
3523 2978 3773 3047 Praeterea

2109 3057 2158 3121 ί]
2188 3046 2422 3121 deipsis
2447 3047 2734 3121 animabus
2754 3046 3034 3101 sciendum
3059 3056 3139 3101 est
3167 3048 3428 3121 quoniam
3458 3049 3602 3121 sicut
3630 3050 3666 3100 ii
3697 3046 3776 3117 qui

2198 3118 2377 3190 adhuc
2409 3118 2653 3190 viventes
2682 3124 2805 3190 sunt
2835 3127 3162 3190 mortuorum
3196 3120 3410 3190 animas
3424 3136 3535 3190 quo
3556 3119 3671 3173 loco
3692 3122 3779 3170 ha-

2197 3187 2427 3242 beantur
2453 3187 2837 3260 ignorant,ita
2861 3187 3055 3260 mortui
3085 3191 3254 3243 vitam
3302 3189 3356 3242 in
3404 3187 3573 3245 carne
3600 3190 3776 3244 viven-

2195 3261 2328 3338 tium
2356 3258 2591 3338 ppst‘cos
2614 3259 2842 3338 qualiter
2871 3258 3202 3338 disponatur
3239 3260 3515 3338 nesciunt,
3574 3260 3695 3326 quia
3736 3266 3777 3312 et

2195 3330 2305 3410 vita
2322 3330 2540 3399 spiritus
2569 3330 2732 3410 longe
2759 3337 2838 3383 est
2865 3346 2897 3383 a
2918 3330 3028 3410 vita
3056 3330 3253 3394 carnis;
3276 3340 3329 3410 et
3360 3331 3506 3410 sicut
3534 3344 3775 3410 corporea

2193 3408 2245 3455 et
2273 3400 2591 3472 incorporea
2619 3401 2837 3472 diversa
2863 3405 2989 3454 sunt
3016 3415 3240 3472 genere,
3272 3401 3346 3455 ita
3377 3404 3546 3457 etiam
3600 3400 3777 3472 distin-

2192 3480 2278 3526 cta
2305 3468 2633 3542 cognitione.
2665 3468 2825 3538 Quod
2854 3468 3046 3525 tamen
3065 3470 3133 3542 de
3150 3471 3439 3526 animabus
3469 3473 3668 3527 sanctis
3696 3468 3773 3542 di-_

2192 3539 2422 3597 centium
2454 3557 2560 3596 non
2583 3552 2680 3613 est,
2712 3542 2837 3612 quia
2896 3558 3018 3612 quae
3066 3541 3227 3613 intus
3256 3542 3649 3613 omnipotentis
3691 3539 3775 3613 Dei

2190 3613 2490 3684 claritatem
2520 3610 2885 3684 vident—nullo
2915 3610 3078 3666 modo
3099 3610 3442 3684 credendum
3464 3623 3548 3668 est
3577 3613 3693 3684 quia
3712 3610 3774 3684 sit

2190 3681 2321 3737 foris
2351 3682 2553 3756 aliquid
2584 3682 2729 3752 quod
2752 3682 3029 3756 ignorent.
3070 3683 3453 3756 Etsciendum
3468 3680 3615 3756 quod
3637 3680 3772 3737 electi

2188 3762 2242 3807 et
2261 3753 2483 3823 perfecti
2515 3753 2796 3823 postquam
2829 3753 2896 3807 de
2925 3754 3241 3823 corporibus
3268 3753 3770 3823 transenntmequa-

2188 3840 2349 3893 quam
2401 3840 2497 3894 per
2535 3839 2807 3878 morarum
2847 3824 3041 3893 spatia,
3074 3826 3210 3895 sicut
3258 3827 3471 3895 antiqui
3520 3827 3709 3887 Patres,
3747 3838 3773 3874 a

2185 3892 2425 3949 celestis
2456 3895 2643 3962 patria
2673 3892 3023 3964 perceptione
3054 3892 3413 3949 diﬂerunturf
3436 3897 3566 3950 Mox
3596 3896 3772 3964 quippe

2183 3972 2239 4018 ut
2270 3981 2302 4019 a
2330 3966 2509 4020 carnis
2540 3964 2887 4035 colligatione
2918 3973 3134 4031 exeunt,
3166 3965 3220 4018 in
3260 3965 3473 4020 omlesti
3514 3968 3642 4021 sede
3693 3978 3773 4017 re-

2183 4036 2493 4110 quiescunt,
2516 4043 2802 4110 attestante
2827 4035 3008 4110 Paulo,
3042 4036 3130 4110 qui
3148 4036 3510 4110 _ait:AScimus
3525 4036 3769 4110 quoniam

2179 4109 2228 4161 si
2240 4110 2528 4161 terrestris
2541 4107 2735 4161 domus
2749 4117 2940 4161 nostra
2956 4107 3123 4175 huius
3138 4107 3516 4163 habitationis
3529 4106 3773 4162 dissolva-

2185 4180 2302 4243 tur,
2316 4177 2460 4249 quod
2472 4177 2685 4244 aediﬁca
2694 4180 2901 4232 tionem
2915 4194 2989 4232 ea:
3006 4179 3111 4249 Deo
3126 4178 3651 4249 habemus,domum
3668 4190 3769 4229 non

2183 4246 2581 4317 mana/actam
2593 4253 2871 4302 aeternam
2887 4250 2947 4303 in
2964 4248 3122 4302 cratis
3138 4249 3214 4313 (Il
3229 4246 3347 4303 Cor.
3372 4266 3427 4315 v,
3452 4249 3770 4317 1).Priusau—

2186 4325 2294 4371 tem
2326 4335 2484 4388 quam
2498 4318 2829 4388 Redemptor
2858 4324 3043 4372 noster
3068 4328 3240 4371 morte
3287 4334 3387 4372 sua
3414 4319 3637 4375 humani
3681 4331 3769 4388 ge-

2182 4388 2328 4442 neris
2346 4386 2575 4458 poenam
2611 4386 2866 4456 solveret,
2892 4405 2987 4443 eos
3016 4388 3178 4443 etiam
3208 4390 3297 4460 qui
3329 4391 3573 4445 caelestis
3603 4386 3769 4459 patriae

2185 4462 2300 4513 vias
2328 4460 2515 4514 sectati
2545 4467 2687 4523 sunt,
2718 4469 2843 4528 post
2873 4475 3148 4529 egressum
3180 4460 3358 4513 carnis
3388 4460 3594 4515 inferni
3634 4460 3769 4513 clau-

2183 4538 2295 4583 stra
2321 4538 2622 4596 tenuerunt,
2647 4545 2755 4583 non
2784 4538 2842 4583 ut
2871 4546 3030 4599 ptena
3065 4530 3218 4601 quasi
3244 4540 3562 4653 peccatores
3581 4530 3772 4601 plecte—

2184 4609 2286 4653 ret.
2319 4602 2417 4653 sed
2435 4610 2492 4653 ut
2522 4617 2615 4653 eos
2662 4600 2717 4653 in
2778 4600 2909 4653 locis
2967 4601 3242 4653 remotiori
3287 4617 3347 4653 us
3399 4603 3532 4653 auie
3576 4608 3765 4653 centes.

2184 4609 2286 4672 ret,
2319 4602 2417 4655 sed
2435 4610 2492 4654 ut
2522 4617 2615 4656 eos
2662 4600 2717 4653 in
2778 4600 2909 4655 loeis
2967 4600 3347 4672 remetioribus
3399 4603 3532 4672 quie
3576 4600 3765 4672 Centes,

2185 4671 2312 4741 quia
2340 4672 2570 4725 necdum
2600 4671 2912 4726 intercessio
2943 4671 3252 4725 Mediatoris
3273 4669 3593 4739 advenerat,
3622 4671 3687 4724 ab
3705 4669 3771 4741 in-

2186 4738 2373 4822 gressu
2399 4743 2557 4822 regni
2576 4750 2756 4822 reatus
2787 4741 2984 4822 primae.
3008 4742 3212 4822 culpze
3244 4738 3595 4822 prohiberet.
3633 4738 3771 4822 Unde

2180 4808 2333 4880 juxta
2363 4808 2605 4880 ejus'dem
2640 4808 3016 4881 Redemptoris
3046 4808 3213 4866 nostri
3244 4808 3659 4872 'testimonium.
3692 4808 3771 4863 di-

2186 4898 2276 4937 ves
2306 4884 2394 4954 qui
2425 4883 2569 4952 apud
2598 4883 2798 4937 inferos
2828 4890 3108 4951 torquetur
3136 4884 3188 4954 in
3210 4885 3328 4954 sinu
3358 4884 3603 4938 Abrahae
3636 4883 3773 4954 Laza-

2184 4969 2305 5024 rum
2323 4951 2673 5023 requiescere
2702 4951 3255 5024 comtemplatur.Qui
3278 4953 3529 5024 profecto
3545 4955 3589 5007 si
3611 4952 3772 5007 adhuc

2183 5023 2239 5076 in
2260 5024 2381 5078 imis
2411 5041 2515 5078 non
2550 5032 2756 5089 essent,
2784 5025 2880 5078 hos
2902 5023 2990 5077 ille
3021 5025 3071 5077 in
3104 5023 3386 5079 tormentis
3415 5026 3628 5094 positus
3676 5035 3773 5074 non

2184 5094 2416 5166 videret.
2449 5095 2606 5166 Unde
2638 5101 2692 5149 et
2722 5095 2866 5166 idem
2886 5094 3219 5166 Redemptor
3243 5102 3428 5149 noster
3457 5110 3559 5166 pro
3587 5100 3767 5149 nostra!

2182 5164 2356 5234 eulpae
2376 5164 2560 5220 debito
2585 5165 2933 5229 occumbens,
2986 5164 3192 5219 inferna
3246 5164 3515 5235 penetrat,
3557 5177 3616 5219 ut
3657 5176 3769 5217 suos

2179 5235 2272 5315 qui
2298 5236 2347 5290 ei
2378 5236 2698 5315 inhaeserant
2720 5235 2793 5290 ad
2822 5234 3297 5315 melosireducat;
3320 5234 3427 5291 Sed
3479 5252 3589 5315 quo
3643 5245 3769 5287 nunc

2179 5307 2345 5377 homo
2373 5306 2683 5377 redemptus
2714 5306 2959 5361 ascendit
2999 5306 3129 5361 illuc
3169 5305 3410 5377 profecto
3465 5305 3515 5360 si
3555 5316 3767 5377 peccare

2180 5376 2435 5432 noluisset
2462 5378 2624 5433 etiam
2642 5376 2758 5432 sine
2778 5377 3146 5447 redemptione
3178 5376 3538 5447 pertingeret.

2344 5492 2471 5543 CAP.
2497 5492 2737 5543 LXIX.-—
2768 5491 2918 5542 Pater
2951 5490 3492 5555 Abrahammu’serero
3520 5489 3622 5541 mei

2765 5556 2915 5625 (Luc.
2941 5571 3055 5613 va,
3081 5559 3190 5620 24).

2245 5659 2307 5712 In
2330 5659 2571 5729 exposit.
2610 5659 2674 5712 Β.
2699 5658 2822 5725 Job,
2854 5658 2947 5712 lib.
2979 5674 3020 5723 ι,
3054 5674 3108 5711 n.
3134 5660 3242 5729 lt;
3284 5656 3500 5729 ,Regul.
3564 5661 3760 5729 pastor.

2172 5737 2321 5855 part.
2348 5727 2429 5797 ni,
2448 5746 2566 5800 cap.
2590 5734 2652 5784 10
2673 5750 2687 5796 ;
2711 5729 2769 5783 in
2791 5729 3018 5800 exposit.
3044 5731 3103 5783 Β.
3131 5727 3256 5797 Job,
3283 5728 3374 5809 lib.
3396 5743 3558 5797 xvm,
3580 5743 3636 5781 n.
3661 5728 3764 5792 30.)

2212 5814 2313 5855 ene
2366 5815 2583 5855 semper
2633 5800 2821 5855 enulas
2871 5806 3113 5855 sequitur
3167 5799 3488 5855 loauacttas.
3544 5807 3764 5855 cumque

2212 5814 2313 5855 ene
2366 5799 2583 5871 semper
2633 5800 2821 5873 epulas
2865 5799 3113 5871 sequitur
3167 5799 3488 5869 loquacitas,
3544 5807 3765 5864 cumque
