4082 6170
284 301 424 356 12ἓὸ

719 293 974 351 ALULFI
1006 292 1393 353 EXPOSITIO
1427 287 1587 349 VET.
1626 290 1715 347 ET
1743 285 1912 346 NOV.
1942 264 2135 346 TEST.
2171 323 2241 334 —-
2270 292 2415 349 SUP.
2451 292 2709 351 EVANG.
2744 297 2895 355 SEC.
2926 302 3183 360 LUCAM.

3456 309 3597 367 1226

298 434 488 503 veuter
532 423 774 503 reficitur
817 424 1009 503 lingua
1036 421 1385 503 disfrenatur.
1423 418 1896 503 Oenimngula;
1927 415 1985 475 Α
2015 418 2300 488 metipsum
2315 424 3020 503 repararenoperandonon
3050 437 3233 497 posset
3263 438 3610 503 agnoverat;

299 496 509 550 deditos
556 489 926 548 immoderata
935 494 1228 563 loquacitas
1252 496 1488 563 raperet,
1510 490 1665 544 dives
1688 489 1776 544 ille
1808 490 1895 563 qui

294 567 542 635 epulatus
557 565 801 637 quotidie
838 561 1120 633 splendide
1144 563 1361 637 dicitur,
1387 563 1439 615 in
1463 562 1648 637 lingua
1676 561 1901 637 gravius

290 633 403 693 non
422 633 655 702 arderet,
679 651 780 691 nec
805 652 997 704 aquam
1016 643 1244 703 peteret,
1280 634 1497 688 dicens:
1525 635 1697 687 Pater
1718 634 1754 687 Α
1769 633 1899 687 bra-

292 708 451 772 ham,
500 710 764 763 miserere
804 707 937 766 mei.
984 712 1039 762 et
1056 704 1224 760 mitte
1265 704 1547 759 Lazarum
1566 704 1903 773 utintingat

290 783 615 834 extremum
631 778 797 849 digiti
818 780 907 833 sui
926 777 1229 849 inqaquam,
1250 780 1315 830 ut
1329 776 1624 849 refrigeret
1641 776 1900 849 linguam

289 865 476 921 meum
500 850 631 921 quia
650 844 875 921 crucior
888 851 948 921 in
984 844 1087 902 hac
1108 848 1365 921 ﬂamma.
1390 844 1627 921 Quibus
1654 844 1898 921 profecto

290 920 478 974 verbis
507 913 819 975 'ostenditur
862 919 985 988 quia
1005 913 1277 986 epulando
1301 916 1541 988 quotidie
1570 913 1812 988 crebrius
1842 913 1899 969 in

291 990 480 1061 lingua
491 998 836 1061 peccaverat,
863 986 952 1060 qui
976 998 1118 1061 totus
1139 989 1335 1061 ardens
1350 986 1660 1061 refrigerari
1680 1002 1737 1040 se
1751 1001 1895 1055 prae-

288 1058 450 1133 cipue
473 1058 526 1115 in
546 1060 735 1131 lingua
754 1058 1087 1133 requirebat.
1112 1060 1265 1114 Prius
1281 1059 1482 1130 quippe
1500 1058 1748 1133 epulatus
1764 1071 1895 1127 quo-

292 1128 422 1187 tidie
443 1128 725 1203 splendide
759 1128 986 1203 dicitur;
1009 1141 1058 1185 et
1079 1139 1203 1203 post
1225 1128 1420 1203 aquam
1439 1129 1689 1203 peterein
1707 1128 1894 1203 lingua

287 1198 624 1259 memoratur
649 1221 661 1256 :
685 1202 813 1272 quia
830 1202 994 1265 enim,
1013 1198 1343 1264 utdiximus,
1366 1201 1510 1272 inter
1525 1198 1892 1272 epulasvalde

288 1274 531 1329 deﬂuere
591 1268 890 1343 loquacitas
942 1273 1098 1339 solet,
1137 1289 1201 1343 ex
1232 1286 1396 1343 pmna
1426 1268 1626 1325 indicat
1649 1268 1888 1343 culpam,

286 1361 414 1416 cum
444 1361 572 1399 eum
595 1341 758 1416 quem
799 1345 1073 1414 epulatum
1096 1342 1626 1416 splendideYeritas
1656 1341 1886 1416 dixerat,

284 1415 342 1469 in
402 1417 590 1487 lingua
614 1411 742 1485 plus
767 1411 957 1470 ardere
987 1413 1323 1487 perhibebat.
1357 1414 1420 1466 Hi
1453 1412 1541 1482 qui
1560 1411 1889 1487 chordarum

288 1484 631 1542 harmoniam
689 1484 1013 1555 temperant,
1048 1492 1193 1539 tanta
1225 1485 1368 1538 hanc
1406 1484 1885 1555 artedispensant,

286 1564 348 1611 ut
374 1558 698 1627 plerumque
727 1552 852 1612 cum
882 1573 989 1610 una
1019 1556 1282 1627 tangitur,
1307 1555 1469 1627 longe
1492 1554 1599 1627 alia
1620 1569 1687 1607 ex
1706 1552 1887 1627 multis

286 1623 730 1694 interiacentibus
760 1628 941 1697 posita
961 1623 1163 1681 chorda
1191 1623 1477 1695 quatiatur.
1512 1626 1758 1693 Cumque
1783 1623 1884 1676 ista

287 1700 522 1754 sonitum
556 1698 756 1767 reddit,
799 1699 893 1753 illa
935 1714 1057 1767 quae
1086 1698 1140 1751 in
1171 1697 1365 1751 eodem
1394 1704 1554 1767 cantu
1585 1701 1886 1763 temperata

2010 505 2134 572 nam
2167 506 2508 572 nequaquam
2539 492 2662 572 sibi,
2682 494 2780 572 sed
2824 492 3611 572 relictis_fratribu§prodesse

2011 560 2312 639 satagebat,
2339 562 2526 617 dicens
2546 580 2557 615 :
2583 566 2719 639 Rogo
2734 569 2806 631 te,
2818 583 2899 639 pa
2908 572 2994 639 ter
3009 560 3390 639 Abrahamnit
3403 580 3607 632 mittas

2010 645 2139 716 eum
2162 632 2223 716 ira
2240 632 2463 716 domum
2504 632 2689 716 patris
2718 632 2849 716 mei}
2863 638 3050 716 Habeo
3069 644 3222 716 enim
3236 632 3480 716 quinque
3491 648 3613 716 fra-

2011 706 2216 776 tres,ut
2232 704 2709 776 testeturittisme
2726 714 2781 761 et
2801 707 2907 776 ipsi
2920 713 3155 766 veniant
3170 713 3234 767 in
3246 704 3443 770 "locum
3462 704 3614 773 hunc

2010 774 2442 857 tormentorum.
2469 774 2886 857 Salernumque
2915 789 3172 836 moestum
3202 785 3450 839 animum
3483 803 3612 857 spes

2008 842 2091 922 vel
2126 842 2485 926 falsadfovere
2510 864 2525 910 ;
2551 845 2737 926 sed‘ut
2762 842 2981 926 ptenam
3013 867 3168 906 suam
3226 855 3443 926 reprobi
3473 842 3609 926 gra-

2005 915 2125 990 yius
2156 915 2417 990 sentiant,
2442 924 2603 990 etiam
2632 915 2701 971 de
2741 915 2898 990 venia
2961 936 3115 990 spem
3144 915 3414 980 amittunt.
3447 915 3604 985 Unde

2004 982 2237 1065 flammis
2278 986 2585 1065 _ult_ri_cibu_s_
2631 988 2882 1059 traditus,
2919 982 3040 1065 non
3097 993 3221 1065 sibi,
3256 1004 3311 1051 ut
3340 982 3602 1065 diximus,

2004 1055 2101 1135 sed
2124 1056 2375 1125 opitulari
2407 1057 2671 1140 fratribus
2699 1055 3032 1140 concupivit,
3053 1132 3065 1140 _
3083 1055 3219 1134 quia,
3239 1081 3297 1140 se
3326 1055 3606 1140 nunquam

2000 1131 2162 1211 igueo
2210 1143 2394 1183 carere
2424 1137 2726 1211 .tormnento,
2760 1131 3011 1211 adjuncto
3033 1131 3423 1211 desperationis
3458 1131 3604 1211 'sup-

2000 1198 2184 1280 plicio,
2239 1199 2491 1280 agnovit._
2544 1198 2636 1280 Sic
2671 1198 2887 1272 quoque
2922 1198 3186 1280 debemus
3218 1198 3607 1280 indubitanter

1999 1269 2403 1351 crederenquod‘
2421 1269 2591 1351 iniqui
2641 1269 2928 1351 postquam
2956 1276 3439 1351 reternisdamnati
3468 1298 3603 1351 sup-

1998 1338 2177 1420 pliciis
2211 1338 2428 1420 fuderint,
2454 1339 2522 1396 de
2542 1338 2863 1420 parentibus
2893 1353 2946 1420 et
2973 1348 3224 1417 cognatis
3254 1357 3307 1403 et
3339 1338 3606 1420 proximis

1996 1412 2290 1493 suis,'quo_s
2316 1412 2671 1493 reliquerunt,
2703 1412 3187 1493 cogitabuntfcum
3218 1436 3316 1489 per
3339 1412 3603 1493 semetip-

1996 1495 2111 1562 eam
2134 1482 2343 1562 Veritas
2375 1482 2521 1562 dieat
2550 1484 2680 1562 quia
2709 1482 2860 1562 dives
2889 1487 2980 1557 qui
3010 1482 3065 1540 in
3094 1482 3305 1562 inferno
3360 1482 3606 1562 sepultus

1995 1551 2175 1629 fuerat
2199 1553 2267 1629 de
2316 1554 2553 1629 quinque
2571 1551 2838 1609 fratribus
2869 1551 3005 1629 quos
3033 1559 3328 1629 reliquerat
3351 1551 3514 1617 etiam
3543 1565 3600 1619 in

1993 1622 2269 1706 supplici?
2299 1622 2514 1706 positus.
2541 1640 2720 1706 curem
2746 1622 2996 1706 gerebat:
3023 1622 3291 1706 Praeterea
3317 1633 3597 1689 sciendum

1992 1701 2076 1767 est
2107 1695 2252 1763 quod
2311 1695 2456 1767 ignis
2500 1695 2557 1748 in
2580 1695 2818 1765 inferno,
2852 1704 2904 1751 et
2931 1696 3000 1752 ad
3030 1701 3456 1758 consolationem
3488 1721 3597 1760 non

288 1770 500 1841 estaliis
526 1761 883 1838 impercussis
910 1761 1118 1841 tremit.
1139 1768 1240 1841 Sic
1259 1782 1394 1841 ergo
1412 1761 1714 1841 Scriptura
1735 1780 1888 1841 sacra
1917 1761 1973 1823 B
2000 1761 2165 1841 lucet,
2199 1772 2253 1819 et
2290 1761 2469 1821 tamen
2500 1774 2558 1820 ut
2586 1766 2761 1838 magis
2790 1761 3041 1839 torqueat
3067 1770 3136 1841 ad
3167 1772 3379 1841 aliquid
3434 1774 3596 1832 lucet.

284 1839 499 1909 plerum
511 1835 618 1910 que
627 1841 697 1895 de
719 1840 1030 1903 virtutibus,
1051 1839 1129 1893 sic
1145 1839 1213 1910 de
1231 1837 1382 1910 vitiis
1403 1838 1537 1910 agit,
1567 1844 1627 1890 ut
1654 1835 1888 1910 dum‘lo:

287 1906 511 1979 quando
528 1906 690 1965 'aliud
714 1912 967 1975 insinuat,
998 1909 1228 1965 tacendo
1244 1909 1391 1962 aliud
1406 1906 1730 1962 innotescat.
1743 1906 1891 1979 Nihil

282 1976 436 2035 enim
482 1990 669 2036 contra
696 1982 920 2036 divitem
949 1982 1019 2036 de
1049 1980 1379 2050 loquacitate
1410 1985 1764 2050 memoratur,
1791 1976 1891 2032 sed

283 2053 418 2106 dum
471 2068 630 2122 pruna
655 2052 708 2106 in
764 2052 951 2123 lingua
980 2047 1194 2115 dicitur,
1228 2066 1347 2120 qua:
1389 2051 1443 2102 in
1473 2047 1726 2123 egn‘vivio
1752 2048 1893 2102 inter

282 2123 425 2178 alias
454 2120 676 2195 gravior
697 2120 880 2189 fuerit,
904 2123 1064 2195 culpa
1085 2125 1453 2195 monstratur.
1487 2120 1891 2195 Videamusuu-

294 2202 405 2249 tem
453 2189 595 2248 nunc
648 2195 890 2263 inopiam
938 2189 1128 2247 divitis
1157 2191 1398 2246 ardentis
1428 2191 1580 2263 cujus
1612 2198 1763 2263 tanta
1787 2189 1891 2263 fuit

288 2264 622 2319 abundantia
648 2260 943 2333 epulantis.
960 2263 1048 2317 Ait
1066 2262 1213 2317 enim
1234 2280 1247 2316 :
1270 2265 1440 2318 Pater
1458 2260 1893 2325 Abraham,»mi-

234 2372 251 2379 η
280 2351 474 2391 serere
491 2337 622 2401 mei,
637 2339 693 2390 et
715 2335 881 2391 mitte
893 2336 1171 2390 Lazarum
1198 2338 1264 2388 ut
1290 2334 1540 2402 intingat
1560 2335 1888 2386 extremum

285 2406 456 2477 digiti
493 2408 584 2461 sui
624 2409 689 2461 in
730 2423 957 2477 aquam,
986 2410 1049 2460 ut
1063 2405 1360 2477 refrigeret
1381 2406 1636 2474 linguam
1650 2418 1833 2477 meam
1867 2421 1887 2455 .-

282 2471 421 2548 qu'ia
433 2479 660 2548 crucior
679 2478 740 2532 in
754 2471 860 2548 liae
876 2471 1132 2548 ﬂamma.
1145 2471 1356 2542 Quibus
1369 2471 1553 2548 verbis
1588 2471 1751 2527 nobis
1777 2487 1886 2548 nou

280 2542 755 2602 bocinnotcscitur
777 2542 1031 2602 ouiaillic
1059 2547 1114 2600 in
1136 2555 1283 2601 tanto
1313 2546 1503 2599 ardore
1524 2560 1629 2597 una
1660 2551 1786 2597 tunc
1813 2542 1885 2596 ad

277 2617 675 2691 sufﬁcientiam
721 2613 991 2691 refrigerii
1018 2632 1196 2691 aqua:
1252 2616 1395 2669 stilla
1439 2614 1761 2691 requiratur,
1791 2613 1886 2691 sed

278 2689 431 2759 quod
450 2689 497 2743 is
524 2688 615 2760 qui
643 2688 713 2744 de
730 2683 1436 2760 abuddantiajpeccaverat
1460 2683 1590 2760 illic
1637 2683 1886 2760 aestuanti

276 2753 443 2814 nimis
466 2753 736 2816 crémetur
760 2760 961 2829 inopia.
995 2753 1254 2814 Videmus
1281 2756 1426 2812 enim
1457 2756 1512 2810 in
1541 2753 1882 2829 verbis_divi_-

275 2831 367 2897 tis,
400 2846 470 2885 ex
503 2825 869 2885 subtilissime
888 2830 987 2884 Dei
1001 2829 1232 2899 judicio,
1265 2843 1424 2897 quam
1449 2841 1649 2899 magna
1671 2825 1760 2879 tali
1774 2825 1880 2899 cul-

272 2894 366 2971 pte
384 2917 546 2971 pcena
576 2901 935 2971 responderit.
969 2894 1179 2971 ngnte
1223 2894 1459 2971 namque
1506 2894 1732 2971 iriopia,_
1769 2894 1884 2971 illic

272 2965 450 3042 usque
480 2971 548 3027 ad
571 2965 795 3027 minima
826 2965 1062 3042 petenla
1120 2965 1435 3042 compulsus
1475 2965 1613 3042 est,
1647 2965 1733 3035 qui
1790 2967 1882 3042 hic

272 3037 480 3114 egente
508 3042 730 3114 tenacia
770 3037 943 3114 usque
973 3042 1041 3114 ad
1065 3037 1326 3114 neganda
1356 3039 1582 3093 minima
1611 3037 1876 3114 pervenit.

2000 1833 2151 1907 Nam,
2173 1850 2435 1907 sequaces
2466 1833 2727 1907 “quosqu'e
2755 1853 2883 1893 suos
2898 1833 3096 1893 'secum
3118 1840 3172 1895 in
3203 1833 3473 1899 tormento
3503 1861 3600 1904 re-

2000 1853 2143 1888 num
2173 1853 2435 1904 sequaces
2524 1853 2727 1907 uosque
2755 1853 2883 1893 suos
2912 1854 3096 1893 secum
3118 1858 3172 1895 in
3203 1853 3473 1899 tormento
3503 1861 3600 1904 re-

1998 1905 2177 1986 prubi,
2211 1904 2434 1986 ﬂamma
2461 1853 2780 1986 iﬂusuante,
2812 1909 2980 1963 visuri
3010 1919 3154 1986 sunt,
3172 1928 3397 1982 quorum
3416 1930 3602 1972 amore

2000 1974 2367 2046 deliquerunt,
2430 1976 2699 2049 quatenus
2739 1992 2926 2049 eorum
2958 1981 3048 2049 qui
3079 1974 3258 2037 vitam
3313 1986 3605 2042 carnaliter

1999 2054 2186 2101 contra
2240 2047 2508 2125 praecepta
2555 2047 2863 2125 Conditoris
2935 2047 3275 2125 amaverunt,
3358 2054 3603 2125 ipsorum

2000 2132 2217 2192 quoque
2254 2118 2501 2192 iuteritus
2527 2134 2621 2192 eus
2667 2120 2722 2173 in
2749 2129 3048 2192 pugmento
3096 2138 3207 2178 sure
3236 2118 3601 2183 damnationis

1999 2186 2227 2269 affligat.
2263 2188 2420 2269 Quod
2450 2190 2726 2269 profectq_
2748 2186 2856 2269 hoc
2884 2191 3093 2269 eodem
3126 2194 3434 2269 Evangelia
3466 2207 3602 2254 teste

1997 2258 2339 2330 collegimus,
2389 2258 2467 2314 ini
2492 2275 2619 2330 quo,
2678 2260 2917 2316 Veritate
2947 2264 3249 2330 nuntiante,
3289 2258 3455 2322 dives
3506 2268 3602 2324 ille

1999 2345 2159 2401 quem
2190 2330 2415 2401 contigit
2462 2330 2534 2386 ad
2563 2330 2751 2385 aeterni
2781 2331 3015 2386 incendii
3044 2341 3314 2390 tormenta
3360 2338 3600 2394 descen-

1998 2400 2157 2478 dere,_
2199 2400 2458 2478 quinque“
2486 2401 2715 2478 fratrum
2754 2402 3079 2478 describitur
3105 2406 3431 2478 meminisse.
3491 2408 3597 2478 Qui

1994 2469 2272 2526 Abraham
2332 2469 2485 2541 petiit
2513 2479 2568 2526 ut
2614 2472 2682 2526 ad
2713 2488 2900 2527 eorum
2930 2474 3289 2531 eruditionem
3319 2469 3598 2535 Lazarum

1994 2541 2251 2624 mitteret,
2276 2558 2352 2624 ne
2364 2542 2618 2624 illuceos
2647 2543 2973 2624 quandoque
3001 2547 3282 2624 venientes
3302 2564 3403 2620 par
3432 2567 3597 2624 pcena

1995 2612 2276 2668 cruciaret.
2305 2612 2413 2692 Qui
2443 2614 2610 2692 igitur
2635 2612 2700 2668 ad
2728 2612 2933 2692 duleris
2952 2616 3032 2670 sui
3063 2612 3339 2673 cumulum
3362 2612 3600 2692 Δριεορίιι-

1993 2698 2220 2762 quorum
2268 2683 2574 2762 absentium
2622 2683 3397 2762 meminit,__cunstatprocul'
3424 2683 3594 2748 dubio

1991 2754 2114 2833 quia
2141 2770 2236 2809 eos
2257 2754 2330 2809 ad
2359 2762 2712 2833 augmentum
2743 2756 2997 2833 gupplicii
3054 2754 3217 2833 paqu
3246 2768 3384 2833 post,
3419 2762 3596 2831 potuit

1991 2825 2155 2878 etiam
2183 2825 2473 2895 pressantes
2503 2826 2710 2881 videre.
2735 2825 2877 2895 Quid
2908 2825 3089 2883 autem
3119 2825 3315 2884 mirum
3343 2831 3387 2884 si
3407 2825 3592 2887 secum

1990 2909 2206 2974 quoque
2253 2897 2512 2974 reprobos
2558 2896 2816 2974 aspiciat_
2844 2900 3090 2965 cremari,
3121 2900 3255 2974 quid
3280 2902 3351 2955 ad
3384 2900 3592 2974 doloris

1987 2967 2071 3038 sui
2092 2967 2392 3038 cumulum,
2430 2983 2549 3023 eum
2583 2967 2745 3038 quem
2784 2968 3109 3037 despexerat
3130 2967 3186 3023 in
3214 2970 3331 3025 sinu
3359 2971 3591 3029 Abrahae

1989 3035 2254 3109 Lazarum
2286 3037 2422 3091 vidit
2450 3040 2478 3109 Ἰ
2509 3038 2569 3092 Si
2600 3035 2736 3109 ergo
2766 3038 2816 3092 ei
2845 3035 2903 3092 ut
2930 3055 3093 3109 pcena
3120 3050 3395 3096 cresceret
3421 3050 3475 3098 et
3504 3044 3591 3098 vir

273 3104 425 3181 Qvuid
457 3113 622 3167 tribui
652 3104 922 3179 subtilius,
950 3112 1079 3183 quid
1103 3104 1394 3183 districtius
1420 3104 1642 3181 potest?
1663 3109 1881 3163 Guttam
1910 3104 1963 3171 C.
1995 3105 2223 3183 electus
2252 3108 2517 3183 apparuit,
2577 3104 2691 3163 cur'
2727 3124 2840 3183 non
2883 3104 3214 3183 credendum
3260 3112 3329 3166 sit
3355 3112 3503 3183 quod
3532 3114 3588 3167 in

271 3199 438 3253 aqum
464 3185 622 3252 petiit
650 3184 742 3254 qui
755 3185 930 3239 micas
952 3181 1112 3253 panis
1132 3181 1375 3253 negavit.

272 3270 402 3322 Car.
432 3274 583 3323 LXX.
611 3299 678 3311 -
704 3273 974 3332 Memento,
1000 3276 1097 3334 ﬁli,
1121 3274 1246 3336 quia
1281 3272 1409 3323 bona
1438 3270 1680 3334 recepisti
1698 3271 1751 3321 in
1770 3271 1878 3321 vita

434 3349 545 3398 tua,
569 3347 623 3391 et
648 3342 866 3392 Lazarus
888 3341 1138 3392 similiter
1162 3340 1301 3390 mala
1327 3340 1463 3399 (Luc.
1484 3351 1593 3401 xvi,
1610 3337 1716 3401 25).

349 3422 433 3492 (In
489 3423 720 3492 cxposit.
770 3424 836 3477 B.
874 3423 995 3489 Job,
1030 3422 1133 3477 lib.
1171 3439 1224 3487 v,
1259 3438 1409 3475 num.
1446 3423 1519 3489 i.)
1553 3422 1684 3475 Cum
1715 3420 1876 3476 valde

270 3492 495 3548 occulta
516 3493 619 3546 sint
650 3494 837 3547 divina
860 3494 1091 3563 judicia,
1125 3508 1224 3548 cur
1250 3509 1323 3546 un
1354 3493 1457 3546 bac
1485 3492 1595 3546 vita
1623 3507 1876 3547 nonnun-

269 3578 441 3633 quam
474 3564 630 3619 bonis
658 3564 799 3618 male
832 3567 923 3630 sit,
961 3572 1014 3618 et
1032 3563 1191 3619 malis
1204 3563 1346 3618 bene
1377 3581 1389 3625 ;
1425 3570 1550 3617 tunc
1578 3563 1874 3617 occultiora

266 3641 419 3698 sunt,
451 3648 571 3689 cum
602 3642 656 3688 et
677 3635 834 3690 bonis
872 3634 962 3690 hic
981 3635 1120 3689 bene
1137 3641 1236 3696 est,
1269 3644 1323 3687 et
1354 3634 1510 3686 malis
1540 3634 1700 3687 male.
1731 3634 1873 3687 Nam

267 3718 395 3758 cum
428 3703 586 3758 bonis
606 3706 697 3760 hic
714 3706 856 3760 male
874 3713 960 3760 est
988 3714 1039 3759 et
1070 3704 1227 3758 malis
1278 3705 1433 3769 bene,
1482 3704 1591 3758 hoc
1642 3704 1872 3757 fortasse

268 3774 701 3847 deprehenditur
726 3777 851 3847 quia
901 3783 953 3830 et
983 3775 1115 3847 boni
1149 3776 1192 3847 si
1224 3789 1330 3847 qua
1385 3774 1728 3847 deliquerunt
1783 3772 1873 3828 hic

266 3845 569 3915 recipiunt,
601 3851 661 3900 ut
693 3844 761 3901 ab
791 3854 994 3902 interna
1022 3846 1234 3915 plenius
1261 3845 1610 3915 damnatione
1638 3844 1871 3898 liberen-

269 3923 359 3970 tur
436 3924 489 3971 et
514 3917 641 3972 mali
673 3918 815 3972 bona
845 3933 967 3988 quae
995 3914 1095 3985 pro
1140 3917 1246 3970 hac
1276 3917 1385 3969 vita
1417 3914 1621 3970 faciunt
1666 3915 1755 3988 hic
1780 3915 1870 3968 in-

266 3986 519 4052 veniunt,
552 3995 608 4041 ut
639 3988 705 4042 ad
737 3986 929 4043 sola'in
958 3995 1237 4056 posterum
1266 3993 1531 4041 tormenta
1555 3986 1870 4054 pertrahen-

266 4065 377 4111 tur.
401 4057 557 4114 Unde
574 4065 626 4112 et
641 4059 853 4112 ardenti
872 4059 924 4112 in
939 4058 1148 4112 inferno
1164 4057 1313 4113 civiti
1327 4056 1555 4111 dicitur:
1578 4057 1866 4122 Memento,

265 4128 519 4199 ﬁli,quia
541 4128 805 4200 recepisti
825 4130 969 4184 bona
987 4131 1049 4183 in
1062 4130 1180 4184 vita
1204 4132 1388 4194 tua,et
1408 4130 1653 4200 Lazarus
1672 4126 1873 4200 simili-

268 4196 552 4254 termala.
572 4204 636 4253 At
654 4196 773 4253 cum
792 4200 949 4255 bonis
968 4200 1055 4252 hic
1073 4200 1209 4254 bene
1221 4206 1322 4262 est,
1348 4206 1400 4253 et
1420 4199 1577 4253 malis
1594 4198 1756 4263 male,
1778 4196 1866 4250 in-

266 4277 483 4324 certum
506 4270 664 4324 valde
686 4278 766 4325 est
788 4278 965 4324 utrum
983 4269 1111 4323 boni
1129 4270 1333 4325 idcirco
1350 4269 1495 4324 bona
1523 4268 1792 4336 accipiant
1812 4274 1869 4321 ut

265 4341 552 4409 provocati
580 4341 647 4395 ad
679 4342 886 4410 aliquid
917 4340 1110 4394 melius
1136 4348 1402 4407 crescant,
1435 4356 1505 4393 an
1531 4339 1678 4407 justo
1693 4338 1868 4410 laten-

264 4411 415 4481 tique
430 4411 640 4480 judicio
695 4409 788 4466 hic
840 4426 1058 4466 suorum
1104 4426 1327 4481 operum
1375 4409 1864 4465 remunerationem

262 4455 592 4551 peircipiant.
625 4490 682 4535 ut
709 4498 741 4537 a
766 4482 1006 4552 praemiis
1051 4455 1181 4537 vitula
1209 4480 1482 4552 sequentis
1532 4480 1863 4552 inanescant,
1892 4455 1949 4518 D

262 4549 317 4606 et
348 4549 534 4605 utrum
566 4553 744 4607 malos
769 4549 973 4609 idcirco
990 4553 1225 4607 adversa
1238 4549 1450 4617 feriant,
1472 4558 1531 4605 ut
1559 4549 1627 4604 ab
1647 4550 1866 4604 aeternis

257 4622 544 4692 suppliciis
570 4623 896 4691 corrigendo
915 4623 1231 4678 defendant.
1261 4625 1343 4677 An
1375 4624 1465 4676 hic
1494 4636 1686 4676 eorum
1706 4637 1868 4692 poena

260 4691 511 4765 incipiat,
572 4701 632 4746 ut
688 4695 1017 4765 quandoque
1073 4692 1400 4765 complenda
1428 4708 1523 4747 eos
1563 4693 1633 4765 ad
1674 4691 1866 4765 ultima

261 4764 537 4835 gehennae
568 4762 836 4820 tormenta
860 4762 1147 4835 perducat.
1181 4762 1359 4820 Sancti
1383 4763 1554 4835 igitur
1581 4762 1707 4835 viri,
1730 4777 1865 4835 cum

260 4832 693 4906 sibiesuppetere
721 4832 986 4906 prospera
1041 4836 1203 4904 hujus
1259 4832 1445 4888 mundi
1503 4832 1863 4906 conspiciunt,

258 4902 486 5028 pavida“
508 4902 833 4975 suspicione
855 4902 1201 4968 'turbantur;
1236 4907 1431 4959 timent
1487 4904 1629 4958 enim
1663 4917 1729 4957 ne
1781 4902 1868 4957 hic

284 4975 516 5028 aborum
534 4992 753 5028 suorum
785 4977 993 5028 fructus
1013 4977 1295 5028 recipiant.
1357 4975 1543 5028 timent
1600 4988 1671 5027 ne
1719 4973 1866 5028 quod

284 4975 516 5047 aborum
534 4973 753 5031 suurum
785 4977 993 5033 fructus
1013 4977 1295 5047 recipiant,
1357 4975 1543 5047 timent
1573 4988 1671 5047 Ane
1719 4973 1866 5043 quod

263 5046 454 5101 divina
504 5047 711 5115 justitia
757 5047 930 5103 latens
982 5048 1035 5101 in
1064 5044 1143 5102 eis
1193 5047 1389 5100 vulnus
1413 5044 1661 5115 aspiciat,
1696 5052 1749 5115 et
1777 5058 1868 5098 ex-

266 5116 558 5241 teiiiloribus
613 5133 707 5173 eos
755 5117 1071 5173 muneribus
1114 5117 1404 5173 cumulans
1441 5114 1510 5171 ab
1554 5114 1754 5169 intimis
1784 5129 1867 5169 re-

266 5203 332 5241 ne
381 5196 456 5241 at.

261 5196 456 5259 pellat.

262 5279 400 5330 Car.
430 5277 611 5328 LXXI.
644 5304 706 5312 —
729 5282 870 5343 Rogo
897 5285 961 5340 te,
985 5286 1138 5342 pater
1164 5279 1431 5339 Abraham,
1451 5283 1509 5327 ut
1532 5278 1716 5343 emittas
1743 5287 1865 5324 eum

446 5396 451 5402 .
554 5349 612 5395 in
638 5342 834 5397 domum
853 5348 1018 5409 patris
1041 5346 1137 5396 mei
1163 5348 1301 5409 (Luc.
1327 5359 1433 5404 sva,
1461 5342 1575 5409 27).

343 5430 431 5495 (In
488 5428 721 5498 exposit.
782 5430 840 5483 Β.
894 5430 1020 5495 Job,
1078 5429 1173 5483 lib.
1232 5431 1539 5495 vm,n.29,
1572 5434 1625 5481 et
1652 5424 1747 5498 lib.
1780 5439 1862 5498 ix,

259 5515 419 5555 num.
449 5500 541 5553 101
560 5495 596 5567 ἶ)
629 5500 921 5571 Postquam
951 5508 1167 5570 tempus
1185 5499 1312 5554 vitae
1338 5500 1619 5571 prtcsentis
1642 5495 1866 5551 abscin-

260 5569 794 5641 detur,nequaquani
824 5569 1072 5639 reprobi
1099 5579 1152 5625 et
1181 5579 1490 5640 peccatores
1538 5569 1606 5623 ad
1664 5582 1865 5637 opera—

260 5643 472 5697 tionem
539 5642 875 5696 romerendaa
913 5642 1087 5697 veniae
1118 5641 1339 5695 ulterius
1368 5646 1730 5705 revertentur,
1764 5650 1868 5691 nec

263 5711 334 5766 ad
365 5657 679 5766 adhibenda
714 5719 866 5766 recta
916 5726 1082 5766 onera
1138 5711 1564 5766 revocabuntur.
1602 5709 1739 5762 Hinc
1784 5708 1868 5762 est

263 5711 334 5766 ad
365 5708 679 5782 adhibenda
714 5719 866 5782 recta
901 5726 1082 5782 ropera
1138 5711 1564 5782 revocabuntur.
1602 5709 1739 5782 Hinc
1784 5708 1868 5762 est

263 5780 418 5853 quod
450 5781 605 5837 dives
628 5798 795 5852 quem
827 5778 1028 5838 interni
1057 5782 1277 5839 flamma
1304 5780 1599 5845 cruciabat,
1634 5778 1759 5849 quia
1775 5792 1864 5833 se-

558 5877 796 5934 PATROL.
838 5877 1082 5935 LXXIX.

1994 3178 2263 3248 supplicio
2317 3178 2499 3232 videre
2547 3193 2644 3233 eos
2672 3178 2835 3233 etiam
2867 3180 3011 3248 quod
3033 3189 3219 3236 contra
3253 3178 3425 3237 Deum
3443 3183 3587 3240 dile-

1985 3258 2158 3326 uerat
2194 3249 2419 3319 possit?
2450 3248 2568 3317 Qua
2619 3264 2706 3326 eis
2731 3248 3095 3326 recolligitur
3122 3251 3391 3326 quod__eos
3442 3270 3584 3326 quos

1985 3318 2289 3374 inordinate
2315 3335 2462 3392 nunc
2492 3318 2708 3389 reprobi
2726 3318 2991 3392 diligunt,
3022 3318 3163 3377 miro
3183 3323 3372 3391 judicii
3402 3318 3592 3381 ordine

1984 3405 2165 3465 secum
2225 3398 2350 3465 tunc
2401 3390 2457 3465 in
2486 3389 2769 3445 tormentis
2798 3389 3080 3465 videbunt,
3112 3400 3171 3447 ut
3187 3389 3415 3465 ptenam
3457 3411 3594 3465 pro-

1980 3461 2118 3530 priae
2156 3461 2471 3542 ‘punitionis
2521 3468 2818 3542 exaggerat
2890 3461 2983 3542 illa
3033 3461 3243 3542 auctori
3289 3461 3589 3542 praeposita

1983 3532 2222 3586 carnalis
2252 3532 2506 3605 cognatio
2533 3532 2653 3602 pari
2683 3539 2808 3587 ante
2833 3532 3022 3588 oculos
3069 3533 3272 3590 ultione
3290 3532 3582 3592 “damnata.

2314 3642 2443 3691 CAP.
2472 3641 2676 3692 LXXII.
2698 3668 2759 3678 —-
2777 3640 2898 3690 Item
2924 3641 3054 3691 unde
3076 3655 3254 3704 supra.

2052 3719 2225 3799 (Diui.
2254 3720 2350 3799 lib.
2376 3737 2450 3799 ιγ,
2484 3736 2606 3791 cap.
2631 3721 2751 3799 _S_i3_.)
2775 3720 2935 3788 Quod
2963 3722 3093 3777 boni
3124 3725 3296 3799 bonos
3314 3730 3377 3799 ln_
3387 3743 3584 3799 regno,

1981 3790 2190 3862 etmali
2212 3790 2461 3862 malosrin
2479 3791 2755 3862 supplicio
2784 3802 3137 3862 cognoscant,
3169 3794 3227 3849 in
3264 3790 3584 3854 verbisvdo;

1980 3860 2189 3937 minicis
2205 3861 2325 3915 luce
2354 3861 2556 3937 clarius
2575 3869 2655 3915 est
2684 3860 3130 3937 demonstratum.
3160 3867 3222 3919 In
3243 3867 3440 3937 quibus
3460 3886 3583 3923 cum

1980 3930 2184 3986 dictum
2217 3939 2357 4003 esset
2384 3934 2527 4003 quod
2573 3940 2815 3986 mortuus
2860 3932 3093 3988 Lazarus
3119 3930 3360 4003 portatus
3389 3947 3468 3993 est
3512 3940 3582 3994 ab

1980 4003 2191 4084 angelis
2220 4002 2277 4057 in
2305 4001 2431 4084 sin_u_
2454 4001 2709 4084 Abrabm,
2739 4010 2791 4084 et
2818 4001 3223 4084 mortuusdives
3239 4008 3583 4084 sepultusest

1978 4073 2036 4127 in
2062 4073 2297 4141 inferno,
2315 4074 2657 4140 subiunctum
2681 4081 2760 4128 est
2786 4091 2797 4125 :
2821 4073 2923 4142 Qui
2952 4075 3179 4130 elevans
3212 4073 3402 4134 oculos
3451 4095 3582 4135 suos

1979 4161 2110 4201 eum
2130 4149 2271 4200 esset
2288 4146 2352 4200 in
2375 4144 2693 4218 tormentis,
2710 4143 2857 4218 uidit
2873 4144 3148 4218 Abraham
3164 4148 3458 4218 alonge,“
3478 4151 3581 4205 La-

1978 4232 2181 4272 zarum
2225 4218 2291 4271 in
2330 4218 2463 4270 sinu
2499 4215 2640 4284 ejus,
2685 4218 2741 4270 et
2766 4214 2884 4284 ipse
2904 4214 3161 4271 clamans
3184 4214 3341 4272 dixit
3363 4214 3387 4270 ξ
3403 4221 3579 4275 Pater

1978 4286 2289 4352 Abraham,
2306 4286 2573 4342 miserere
2584 4286 2715 4342 mei.
2734 4290 2788 4340 et
2810 4285 2975 4339 mitte
2987 4287 3263 4342 Lazarum
3284 4292 3352 4343 ut
3383 4289 3577 4346 intin-

1978 4363 2075 4429 gat
2098 4362 2428 4412 extremum
2447 4356 2613 4426 digiti
2632 4355 2725 4429 sui
2744 4362 2806 4429 in
2821 4371 3049 4429 aquam,
3069 4360 3125 4411 et
3143 4358 3441 4429 re/rigeret
3470 4362 3581 4417 tin-

1978 4427 2147 4499 guam
2163 4444 2384 4499 meam;
2399 4429 2531 4496 quia
2546 4428 2771 4499 crucior
2787 4427 2850 4480 in
2882 4427 3005 4499 rhae
3015 4427 3270 4499 flamma.
3287 4427 3385 4483 Cui
3406 4430 3582 4487 Abra-

1978 4496 2099 4554 ham
2113 4498 2254 4554 dixit
2276 4515 2290 4554 :
2315 4498 2452 4561 Fili,
2473 4496 2771 4569 recordare
2791 4498 3206 4569 quiagreeepisti
3225 4500 3369 4554 bona
3381 4503 3444 4556 in
3461 4503 3581 4558 vita

1976 4576 2097 4643 tua,
2112 4575 2166 4625 et
2180 4570 2434 4643 Lazarus
2450 4567 2721 4643 similiter
2733 4583 2825 4621 ma
2834 4567 3096 4643 ta._Dives
3110 4569 3376 4643 autem_de
3393 4571 3580 4643 seipse

1969 4637 2091 4711 jam
2108 4656 2263 4711 spem
2280 4638 2467 4692 salutis
2484 4653 2591 4692 non
2612 4637 2838 4711 habens,
2861 4638 2931 4692 ad
2982 4641 3400 4708 promerendam
3439 4637 3579 4698 suo-

1974 4708 2088 4766 rum
2112 4708 2345 4782 salutem,
2378 4708 2730 4782 convertitur,
2764 4708 2990 4782 dicens:
3015 4711 3155 4782 Rogo
3177 4716 3252 4776 te,
3279 4717 3471 4782 pater,
3510 4718 3578 4769 ut

1972 4783 2172 4838 mittas
2183 4796 2311 4836 eum
2328 4781 2392 4834 in
2413 4781 2641 4835 domum
2657 4781 2841 4852 patris
2860 4780 2971 4835 mei
2992 4799 3008 4831 :
3031 4779 3204 4852 habeo
3234 4779 3387 4837 euim
3406 4779 3574 4852 quin-

1973 4869 2077 4923 que
2088 4855 2324 4923 fratres,
2343 4855 2406 4906 ut
2431 4854 2675 4906 testetur
2692 4850 2938 4923 iliis,__ne
2951 4853 3007 4904 et
3018 4851 3131 4923 ipsi
3148 4850 3456 4923 ueniantiu
3488 4854 3577 4923 to-

1973 4918 2268 4980 eumhune
2289 4925 2722 4977 tormentorum.
2739 4918 2951 4990 Quibus
2967 4918 3147 4973 verbis
3171 4929 3355 4990 aperte
3385 4921 3577 4976 decla-

1973 5001 2122 5064 ratur
2142 4993 2332 5064 quiaet
2353 4992 2481 5064 boni
2500 4991 2753 5057 bonos,et
2766 4988 2892 5064 mali
2911 4988 3243 5064 cognoscant
3274 4991 3479 5048 malos.
3516 4992 3575 5047 Si

1973 5063 2140 5135 igitur
2155 5058 2424 5135 Abraham
2438 5062 2697 5135 Lazarum
2711 5058 2933 5135 minime
2946 5060 3478 5135 recognovissetmeq
3486 5077 3574 5116 ua-

1977 5128 2136 5204 qvuam
2155 5132 2461 5204 addivitem
2499 5132 2554 5185 in
2598 5130 2882 5204 tormentis
2912 5128 3149 5204 positum
3196 5130 3265 5204 de
3309 5128 3581 5204 transacta

1976 5200 2090 5274 ejus
2103 5204 2423 5261 contritione
2444 5203 2775 5274 loqueretur,
2791 5200 2979 5253 dicens
2996 5200 3141 5269 quod
3155 5201 3303 5255 mala
3314 5203 3581 5271 receperit

1975 5271 2031 5330 in
2050 5276 2158 5332 vita
2178 5290 2294 5330 sua.
2320 5275 2387 5329 Et
2415 5274 2459 5328 si
2482 5272 2610 5327 mali
2636 5271 2808 5325 malos
2836 5284 2944 5324 non
2972 5281 3451 5340 recognoscerent,
3484 5289 3579 5327 ne-

1976 5363 2247 5419 quaquam
2277 5346 2429 5419 dives
2453 5344 2508 5398 in
2529 5341 2809 5419 tormentis
2841 5340 3049 5419 positus
3073 5341 3304 5419 fratrum
3322 5412 3333 5419 _
3352 5358 3578 5400 suorum

1974 5408 2137 5474 etiam
2168 5416 2467 5473 absentiam
2515 5408 2869 5468 meminisset.
2916 5408 3204 5479 Quomodo
3250 5412 3391 5467 enim
3420 5429 3576 5482 prae-

1975 5498 2155 5546 sentes
2183 5503 2290 5542 non
2322 5492 2507 5556 posset
2534 5497 2835 5556 agnoscere
2855 5482 3134 5556 quietiam
3154 5497 3256 5556 pro
3273 5483 3577 5556 ebsentium

1973 5559 2236 5616 memoria
2292 5551 2498 5627 curavit
2545 5551 2966 5627 exorare?Qua
2993 5554 3049 5607 in
3080 5551 3305 5627 rejllud
3354 5570 3575 5627 quoque

1974 5630 2277 5706 pstenditur
2304 5623 2682 5706 quodetboni
2707 5622 2902 5706 malos,
2961 5631 3017 5679 et
3043 5622 3177 5679 mali
3233 5622 3574 5706 cognoscunt

1974 5703 2165 5757 bonos.
2194 5693 2337 5753 Nam
2366 5703 2417 5753 et
2444 5695 2597 5767 dives
2634 5694 2710 5767 ab
2734 5693 3014 5767 Abraham
3068 5693 3436 5767 cognoscitur,
3485 5698 3573 5752 cui

1973 5772 2175 5828 dictum
2206 5775 2293 5824 est
2325 5787 2336 5821 :
2374 5765 2647 5838 Recepisti
2689 5757 2832 5825 bona
2860 5764 2923 5821 in
2951 5766 3073 5823 vita
3103 5757 3208 5824 tua
3238 5787 3255 5818 :
3285 5775 3337 5823 et
3366 5757 3573 5824 electus

3230 5863 3298 5918 39
