4082 6170
279 287 417 341 1237

702 286 947 342 ALULFI
985 286 1367 343 EXPOSITIO
1403 287 1562 343 VET.
1602 288 1690 342 ET
1726 287 1892 343 NOV.
1935 290 2129 347 TEST.
2162 322 2232 331 —
2262 291 2411 347 SUP.
2444 293 2699 350 EVANV.
2734 294 2882 349 SEC.
2924 295 3181 351 LL'CAM.

3440 297 3578 353 19.38

277 407 466 476 tacuit,
525 415 585 462 ut
645 408 866 478 quidam
924 409 1147 476 dicunt,
1210 412 1447 482 seipsum
1508 412 1846 467 monstravit.
1894 414 1950 473 Α
1979 416 2060 494 (iit
2089 415 2245 469 nobis
2274 418 2542 494 promisit.
2575 428 2638 494 et
2673 435 2792 494 eam
2838 421 2893 494 in
2937 421 3093 476 nobis
3144 422 3470 494 quandoque
3500 431 3584 478 est

277 515 401 566 Car.
423 515 591 567 XCVI.
619 542 684 553 —
722 517 897 567 Nonne
920 532 1012 568 cor
1044 522 1270 569 nostrum
1294 521 1478 571 ardens
1503 521 1689 571 eratin
1713 521 1875 581 nobis,

512 582 633 634 dum
659 583 957 646 loqueretur
981 587 1040 636 in
1080 589 1165 636 via
1192 587 1333 649 (an.
1356 599 1499 649 xxiv,
1529 587 1609 650 52)
1635 589 1660 636 ’1

348 665 573 736 (Homil.
607 667 665 741 7ξ
692 665 747 720 in
778 666 1013 741 Evang.,
1049 686 1101 722 ιι.
1131 671 1221 739 Si.)
1253 668 1454 741 Omnes
1491 685 1626 741 quos
1657 669 1879 738 spiritus

278 746 498 810 sanctus
553 737 866 810 repleverit,
909 737 1163 795 ardentes
1201 737 1437 810 pariter
1492 737 1541 794 et
1597 737 1878 809 loquentes

277 807 408 880 facit
440 808 565 863 ideo
595 809 767 880 sancti
793 808 1066 880 doctores,
1099 807 1434 865 cum—Deum
1464 807 1697 866 amando
1726 828 1876 880 prie-

275 878 478 942 dicant.
509 877 673 933 corda
703 879 1036 935 audientium
1092 880 1449 936 inﬂammant.
1481 882 1617 936 Nam
1648 889 1699 936 et
1727 877 1878 936 otio-

274 966 369 1004 sus
396 959 477 1003 est
506 964 687 1021 sermo
715 949 949 1005 doctoris
989 952 1033 1005 si
1063 951 1310 1021 praebere
1342 969 1451 1006 non
1480 952 1654 1007 valeat
1680 952 1874 1007 incen-

275 1020 427 1092 dium
458 1020 683 1075 amoris.
722 1021 837 1076 Hoc
876 1020 1136 1077 doctrinm
1183 1021 1489 1077 incendium
1516 1024 1584 1077 ab
1615 1022 1734 1092 ipso
1765 1025 1875 1079 Ve-

276 1090 455 1145 ritatis
481 1106 576 1146 ore
604 1102 963 1160 conceperant
982 1093 1072 1162 qui
1097 1092 1349 1148 dicebant
1372 1112 1382 1147 :
1408 1094 1603 1149 Nonne
1624 1090 1719 1149 cor
1747 1111 1875 1151 nos-

281 1168 437 1235 trum
458 1162 669 1235 ardens
684 1166 809 1235 erat
824 1162 885 1218 in
910 1166 1085 1224 nobis.
1105 1165 1240 1219 dum
1266 1166 1589 1235 loqueretur
1608 1169 1670 1218 in
1693 1167 1801 1232 via,
1822 1170 1878 1220 et

278 1233 527 1305 aperiret
552 1233 709 1305 nobis
729 1233 1068 1304 Scripturas
1088 1235 1118 1288 ?
1138 1233 1416 1290 Exaudite
1447 1235 1650 1305 quippe
1673 1251 1877 1290 sermo-

278 1302 350 1378 ne
407 1302 620 1357 animus
653 1302 989 1378 _inarde'scit,
1024 1305 1278 1378 torporis
1309 1302 1483 1378 frigus
1529 1302 1753 1360 recedit.
1796 1307 1881 1378 Fit

277 1375 333 1428 in
372 1390 603 1446 superno
634 1372 905 1430 desiderio
946 1372 1129 1431 mens'
1153 1376 1336 1439 anxia.
1367 1372 1411 1430 ιῐ
1435 1377 1883 1446 concupiscentiis

281 1444 503 1518 terrenis
531 1444 748 1518 aliena;
811 1461 965 1501 amor
1023 1463 1187 1502 verus
1248 1448 1336 1518 qui
1382 1448 1535 1518 lianc
1590 1444 1881 1518 repleverit

279 1515 496 1571 ﬂetibus
525 1515 778 1589 cruciat,_
810 1525 859 1571 et
887 1533 1007 1589 qua:
1039 1515 1282 1587 torpebat
1308 1517 1457 1587 prius
1486 1534 1581 1587 per
1608 1515 1879 1589 desideria

283 1586 637 1659 postmodum
670 1587 842 1659 _ardci
880 1586 978 1657 per
1005 1586 1191 1655 verba,
1223 1597 1275 1644 ct
1303 1586 1438 1659 quot
1467 1586 1735 1644 mandatis
1764 1590 1879 1643 ins-

287 1655 499 1724 truitur,
533 1655 685 1728 quasi
709 1665 784 1712 tot
812 1655 1416 1715 facibusintlammatur.

1990 489 2246 564 iacturas,
2272 489 2397 558 quia
2420 489 2501 542 sui
2524 490 2713 564 capitis
2741 492 2967 558 gloriam
2992 489 3234 548 membra
3263 489 3575 564 sequuntur.

1988 559 2098 614 Sed
2151 574 2277 613 erce
2342 562 2787 616 resurrectionem
2845 564 3025 627 audio,
3087 559 3357 619 allectum'
3396 574 3576 620 tamen

1987 628 2231 700 ejusdem
2260 632 2670 706 resurrectionis
2704 633 2949 706 exquiro.
2982 635 3156 690 Credo
3185 651 3419 705 namque
3450 637 3579 706 quia

1985 707 2383 778 resurrecturus
2412 700 2533 778 sim,
2568 703 2663 755 sed
2693 700 2817 759 volo
2840 712 2894 778 ut
2923 706 3138 760 audiam
3170 700 3363 778 qualis.
3400 700 3578 778 sciens

1986 771 2113 844 dum
2145 773 2346 844 quippe
2373 771 2505 825 mihi
2538 782 2625 826 est
2654 781 2828 827 utrum
2868 774 2920 827 in
2970 771 3205 844 quodani
3262 777 3368 831 alio
3392 776 3580 831 subtili

1985 841 2234 907 fortasse,
2266 841 2366 917 vel
2383 857 2562 917 aereo,
2595 860 2662 896 an
2684 844 2737 896 in
2767 859 2834 897 eo
2864 860 2970 913 quo
2987 841 3208 903 Vmorior
3237 862 3465 917 corpore
3494 864 3576 901 re-

1986 929 2228 984 surgam.
2262 911 2369 989 Se_d
2399 913 2441 965 si
2473 913 2528 966 in
2559 928 2721 989 aereo
2748 911 2973 984 corpore
3002 911 3438 989 sprrexerojam
3469 933 3576 989 ego

1983 983 2336 1055 non’reroqui
2368 999 2608 1053 resurgo.
2640 985 2778 1039 Nam
2810 983 3081 1055 quomodo
3112 997 3191 1042 est
3232 983 3359 1043 vera
3388 983 3576 1043 resu'r-

1985 1054 2174 1130 rectio,
2197 1054 2238 1107 si
2274 1069 2404 1130 vera
2433 1070 2556 1130 esse
2605 1071 2712 1130 non
2742 1054 2941 1124 poterit
2988 1073 3115 1113 caro
3136 1060 3162 1112 ‘?
3218 1060 3417 1129 Aperta
3446 1075 3577 1130 ergo

1986 1126 2121 1199 ratio
2149 1125 2384 1196 suggerit
2421 1126 2546 1199 quia
2576 1126 2618 1179 si
2669 1142 2793 1181 vera
2849 1143 2972 1181 caro
3001 1144 3107 1182 non
3140 1125 3315 1199 fuerit,
3350 1125 3579 1198 procul-

1987 1196 2153 1249 dubio
2183 1197 2506 1250 resurrectio
2539 1212 2667 1251 vera
2700 1213 2806 1253 non
2839 1200 2960 1251 erit.
2997 1199 3123 1253 Haec
3153 1196 3309 1253 enim
3330 1196 3472 1255 recte
3500 1216 3581 1257 re-

1988 1268 2250 1342 surrectio
2280 1266 2384 1342 dici
2414 1282 2522 1342 non
2554 1276 2737 1342 potest
2781 1268 2875 1342 ubi
2907 1284 3013 1342 non
3042 1271 3275 1342 resurgit
3304 1271 3447 1339 quod
3477 1285 3576 1325 ce-

1986 1337 2136 1412 cidit.
2162 1336 2539 1412 _Cre‘dendum
2586 1348 2663 1392 est
2698 1339 2886 1412 igitur
2915 1340 3040 1412 quia
3071 1336 3410 1412 ncqtiaquam
3443 1341 3582 1396 sicut

1986 1407 2240 1481 Eutycius
2270 1407 2875 1481 Constantinopolitanae
2906 1407 3055 1463 urbis
3085 1407 3380 1481 episcopus
3408 1412 3582 1481 scrip-

1986 1479 2072 1553 sit,
2104 1494 2305 1553 corpus
2336 1488 2579 1553 nostrum
2610 1481 2663 1532 in
2696 1480 2787 1534 illa
2818 1479 3221 1553 resurrectioms
3264 1479 3439 1553 gloria
3488 1479 3589 1537 erit

1986 1549 2358 1620 impalpabile,
2391 1550 2566 1605 ventis
2622 1567 2854 1620 aereque
2912 1551 3176 1606 subtilius.
3221 1549 3291 1606 Iri
3316 1554 3409 1607 illa
3440 1554 3585 1608 enim

1989 1621 2396 1693 resurrectionis
2423 1622 2597 1692 gloria
2627 1622 2724 1675 erit
2755 1638 2954 1693 corpus
2983 1631 3222 1677 nostrum
3253 1624 3451 1679 subtile
3471 1625 3587 1693 qui-

1991 1691 2117 1746 dem
2150 1707 2246 1765 per
2272 1689 2521 1746 etfectum
2552 1689 3151 1765 spiritualis—potentiw,
3181 1695 3276 1749 sed
3306 1689 3589 1765 palpabile

321 1767 450 1816 Cn.
477 1762 674 1835 XCVII:
703 1791 767 1803 —
794 1766 946 1822 Stetit
966 1768 1113 1818 Iesu:
1138 1768 1198 1818 in
1220 1769 1387 1819 medio
1407 1781 1599 1824 eorum.
1623 1775 1674 1819 et
1695 1768 1832 1820 dixit
1909 1762 1962 1821 Β
1990 1778 2088 1835 per
2114 1763 2653 1835 velitatemnaturze.
2678 1764 2830 1818 Unde
2858 1764 3019 1817 etiam
3044 1762 3369 1835 Redemptor
3398 1762 3587 1821 noster

625 1834 736 1883 eis:
765 1835 882 1883 Pax
906 1835 1047 1884 vobis
1071 1836 1207 1895 (Luc.
1233 1848 1382 1890 uiv,
1418 1835 1526 1900 36),

358 1916 444 1981 (In
477 1914 718 1985 exposit.
746 1916 804 1968 Β.
835 1915 958 1982 Job,
978 1916 1076 1988 lib.
1098 1932 1190 1982 xu,
1214 1933 1362 1970 num.
1385 1917 1661 1988 8;Regul.
1684 1925 1886 1987 pastor.

274 1993 423 2056 part.
488 2001 571 2057 om,
606 2001 726 2055 cap.
752 1989 876 2055 25.)
910 1987 1182 2041 Dominus
1228 1997 1280 2042 et
1336 1987 1669 2057 Redemptor
1710 1997 1893 2043 noster

279 2056 530 2128 quamvis
556 2057 850 2128 occidiper
869 2058 1179 2126 passionem
1203 2058 1395 2127 potuit,
1425 2074 1521 2128 per
1548 2056 1893 2114 resurrectio-

281 2127 368 2181 nis
397 2132 582 2180 tamen
613 2127 842 2198 gloriam
866 2145 1046 2182 rursus
1074 2129 1143 2182 ad
1174 2130 1304 2183 vitae
1334 2127 1660 2184 viriditatem
1697 2130 1882 2185 venit:

283 2208 338 2252 et
391 2213 489 2265 per
545 2197 793 2252 virtutem
846 2199 942 2253 Dei
992 2200 1256 2254 exstincta
1282 2215 1411 2254 caro
1442 2200 1588 2253 illius
1619 2200 1686 2254 ad
1719 2203 1887 2255 vitam

282 2268 445 2323 rediit
465 2268 652 2337 ;juxta
675 2269 820 2338 quod
841 2270 1101 2339 scriptum
1117 2279 1191 2325 est
1210 2288 1224 2324 :
1243 2271 1412 2338 Quem
1434 2272 1572 2326 Deus
1590 2274 1889 2326 suscitavit

284 2357 320 2394 (ι
349 2342 591 2412 mortuis
614 2344 758 2408 (Act.
782 2355 856 2402 ιν,
883 2343 993 2412 10).
1014 2340 1154 2409 Quia
1176 2342 1317 2395 enim
1344 2344 1490 2395 Deus
1519 2342 1756 2396 Trinitas
1787 2351 1885 2410 est,

287 2411 608 2483 exstinctam
669 2412 1203 2483 carnemﬂunigeniti
1254 2412 1349 2465 lilii
1401 2421 1584 2466 sancta
1629 2413 1885 2479 Trinitas,

290 2481 342 2534 id
401 2490 482 2535 est
531 2482 714 2552 Pater,
750 2486 801 2535 et
858 2481 1063 2549 Filius;
1110 2491 1162 2536 ct
1219 2483 1458 2552 Spiritus
1502 2492 1736 2550 sanctus,
1795 2500 1888 2538 re-

288 2550 583 2606 suscitavit.
620 2552 1047 2607 Resurrectionis
1093 2570 1223 2608 vero
1258 2550 1380 2607 sua?
1412 2554 1753 2609 solemnitate
1790 2571 1887 2609 ce-

287 2623 514 2689 lebrata,
575 2623 899 2691 quibusdam
970 2625 1378 2692 provectionnm
1434 2625 1743 2679 accessibus
1798 2626 1888 2679 in-

287 2693 823 2763 notuitincorruptio
879 2695 1126 2763 corporis
1183 2695 1328 2764 quod
1381 2696 1687 2764 resumpsit.
1746 2696 1889 2750 Luca

286 2764 489 2833 quippe
573 2772 859 2818 attestante
917 2766 1204 2820 didicimus
1262 2766 1404 2833 quod
1454 2766 1777 2836 quibusdam
1833 2767 1887 2820 in

287 2845 644 2889 monumento
684 2851 751 2907 se
810 2836 1177 2904 qua-rentibus
1234 2838 1379 2907 prius
1434 2836 1661 2907 angelos
1717 2837 1883 2905 misit,

284 2915 340 2959 et
365 2921 604 2978 _rursum
664 2906 732 2959 de
789 2922 848 2959 se
904 2908 960 2960 in
1001 2907 1086 2962 via
1126 2906 1469 2977 loquentibus
1500 2906 1613 2977 ipse
1644 2907 1886 2978 quidem,

285 2976 382 3048 sed
433 2991 541 3029 non
595 2978 1029 3047 cognoscendus,
1089 2978 1356 3048 apparuit,
1391 2979 1481 3048 qui
1524 2976 1888 3047 post—exhor-

286 3046 506 3120 talionis
544 3046 722 3120 moras
769 3063 855 3120 se_
886 3046 1321 3120 cognoscendum
1354 3046 1422 3103 ini
1466 3046 1729 3103 fractione
1781 3066 1886 3119 pa-

1996 1833 2366 1905 dubitantibus
2391 1832 2459 1887 de
2489 1850 2588 1887 sua
2619 1835 3013 1889 resurrectione
3042 1832 3324 1905 discipulis
3352 1836 3590 1891 ostendit

1999 1920 2191 1978 manus
2222 1911 2274 1978 et
2302 1904 2458 1978 latus,
2493 1904 2761 1978 palpanda
2802 1921 2922 1959 ossa
2974 1904 3305 1978 carnemque
3332 1907 3586 1975 praebuit,

1996 1975 2211 2029 dicens:
2233 1976 2467 2045 Palpate
2479 1979 2535 2029 et
2548 1976 2882 2043 videte,qnin
2900 1979 3136 2047 spiritus
3150 1975 3381 2033 carnem
3397 1982 3453 2033 et
3471 1994 3594 2032 ossa

1996 2062 2108 2101 non
2128 2047 2310 2108 habet,
2335 2047 2484 2100 sicut
2523 2062 2613 2101 me
2643 2046 2843 2101 videtis
2874 2046 3092 2102 habere.
3119 2048 3226 2115 Qui
3259 2065 3380 2103 cum
3413 2049 3593 2103 eidem

1997 2117 2244 2197 Eutycio,
2301 2116 2355 2169 in
2411 2117 3007 2197 Constantinopolitana
3035 2119 3167 2173 urbe
3208 2120 3438 2197 positus,
3486 2120 3593 2197 hoc

1994 2187 2327 2258 evangelicae
2380 2188 2629 2241 veritatis
2662 2187 3026 2242 testimonium
3072 2187 3445 2257 protulissem,
3479 2190 3588 2244 ait:

1994 2258 2199 2312 Idcirco
2231 2258 2335 2313 hoc
2363 2258 2628 2312 Dominus
2658 2258 2783 2313 fecit
2812 2269 2867 2311 ut
2896 2258 3290 2315 dubitationem
3319 2277 3589 2315 resurrec-

1995 2328 2155 2382 tionis
2176 2344 2288 2382 suae
2338 2328 2406 2383 de
2455 2328 2842 2398 discipulorum
2872 2330 3135 2385 cordibus
3165 2338 3464 2386 amoveret.
3497 2331 3594 2386 Cui

1995 2399 2219 2468 inquam
2253 2416 2265 2452 :
2301 2399 2435 2452 Mira
2486 2407 2569 2453 est
2622 2416 2707 2453 res
2736 2401 2895 2454 valde
2927 2416 3087 2468 quam
3119 2402 3331 2466 astruis,
3377 2412 3437 2456 ut
3471 2402 3596 2456 inde

1995 2416 2046 2452 in
2095 2416 2219 2452 nam
2253 2416 2265 2452 :
2301 2416 2435 2452 intra
2486 2416 2569 2453 est
2622 2416 2707 2453 res
2736 2416 2895 2454 vatue
2927 2416 3087 2468 quam
3119 2416 3331 2466 astruis,
3377 2416 3437 2456 ιιι
3471 2416 3596 2456 mue

1994 2416 2151 2522 maius
2180 2470 2427 2523 duliietas
2455 2479 2640 2540 surgat
2658 2471 2803 2541 unde
2824 2471 3213 2541 discipulorum
3245 2472 3411 2528 corda
3444 2489 3473 2527 a
3505 2474 3599 2526 du-

1994 2541 2196 2594 bietate
2222 2545 2413 2594 sanata
2441 2549 2588 2613 sunt.
2624 2540 2786 2613 Quid
2828 2540 2985 2595 enim
3020 2543 3254 2597 deterius
3284 2544 3388 2597 dici
3420 2550 3597 2613 potest

1995 2628 2159 2682 quam
2191 2620 2247 2664 ut
2278 2613 2379 2664 hoc
2417 2611 2575 2664 nobis
2606 2612 2674 2665 de
2705 2613 2822 2681 ejus
2859 2628 3019 2666 carne
3047 2630 3181 2668 vera
3211 2611 3433 2667 dubium
3483 2612 3592 2681 ﬁat,

1996 2698 2094 2752 per
2116 2682 2258 2752 quod
2292 2682 2539 2751 discipuli
2558 2684 2675 2751 ejus
2692 2685 2757 2736 ad
2780 2683 2942 2736 tidem
2961 2682 3030 2735 ab
3060 2684 3207 2737 omni
3240 2693 3361 2739 sunt
3392 2685 3593 2739 dubie-

1997 2760 2103 2807 tate
2151 2754 2432 2821 separati?
2464 2753 2518 2807 Si
2562 2754 2707 2806 enim
2756 2756 2858 2808 hoc
2901 2769 3006 2807 non
3051 2755 3298 2809 habuisse
3340 2756 3597 2809 astruitur

1994 2824 2135 2894 quod
2170 2824 2428 2894 ostendit,
2462 2824 2605 2877 unde
2637 2825 2771 2878 lides
2801 2824 3080 2893 discipulis
3110 2826 3225 2894 ejus
3272 2826 3595 2879 conﬁrmata

1996 2890 2075 2947 est
2107 2890 2233 2947 inde
2262 2901 2443 2947 nostra
2472 2895 2788 2948 destruitur.
2829 2890 3301 2962 Qui—adjnngebat
3335 2896 3496 2949 etiam
3518 2896 3596 2949 di-

1995 2981 2123 3019 cens
2156 2981 2168 3018 :
2204 2964 2410 3034 Corpus
2464 2964 2744 3034 palpabile
2784 2965 2971 3018 habuit
3020 2964 3164 3033 quod
3206 2966 3465 3029 ostendit,
3498 2967 3596 3020 sed

1998 3040 2121 3103 post
2150 3032 2477 3089 confirmata,
2519 3032 2682 3089 corda
2736 3032 3100 3104 palpantium,
3141 3051 3303 3090 omne
3356 3036 3488 3090 illud
3541 3037 3596 3090 in

286 3117 372 3190 nis
402 3118 760 3190 monstravit;
790 3118 859 3171 ad
912 3105 1215 3190 eftmmum
1268 3135 1397 3174 vero
1438 3128 1658 3189 repente
1688 3105 1877 3190 ingre-

1990 3105 2224 3160 Domino
2255 3105 2399 3190 quod
2427 3105 2639 3190 palpari
2688 3106 2860 3186 potuit
2907 3106 2963 3159 in
2995 3106 3347 3190 subtilitatem
3377 3107 3595 3190 estﬁali-

285 3188 458 3261 diens,
492 3202 600 3241 non
629 3189 805 3261 solum
836 3204 893 3242 se
921 3189 1367 3261 cognoscibilem,
1402 3188 1509 3245 sed
1537 3191 1704 3244 etiam
1751 3188 1880 3260 pal—

283 3258 530 3327 pabilcm
577 3258 826 3330 praebuit.
862 3258 1125 3315 Praeterea
1156 3262 1347 3315 eadem
1378 3261 1495 3329 ipsa
1526 3262 1737 3315 Veritas
1752 3258 1879 3330 qua)

283 3337 505 3398 repente
533 3328 858 3401 quosgvellet
891 3330 1149 3386 roborare
1179 3328 1471 3400 potuisset,
1493 3340 1550 3385 ut
1568 3328 1879 3401 exemplum

282 3399 642 3472 sequentibus
660 3399 828 3469 daret,
846 3418 909 3455 ne
932 3399 1231 3466 imperfecti
1264 3403 1561 3472 prmdicare
1591 3399 1878 3472 praesume-

285 3476 426 3552 nent,
458 3469 575 3552 ipso
613 3470 700 3552 die
749 3487 855 3552 quo
903 3473 1069 3527 cmlos
1106 3469 1372 3552 ascen—dit,
1406 3469 1688 3552 postquam
1722 3474 1879 3552 plene

283 3539 581 3612 discipulos
616 3542 685 3595 de
727 3539 919 3596 virtute
965 3543 1370 3612 praedicationis
1408 3539 1696 3604 instruxit.
1723 3539 1877 3599 illico

282 3610 560 3686 adjunxit:
594 3611 683 3686 νος
707 3617 900 3667 autem
931 3610 1206 3686 sedetejn
1228 3615 1476 3686 civitate,
1496 3615 1675 3685 quoad
1694 3631 1877 3686 usque

279 3681 609 3737 induamini
631 3683 925 3739 virtutem
941 3682 1239 3751 attotLuc.
1258 3681 1531 3752 xxiv,40)'.
1565 3686 1628 3739 In
1658 3681 1877 3739 civitate

326 3752 494 3822 uippe
522 3753 896 3820 consedeinus,
928 3755 969 3808 si
1000 3754 1140 3809 intra
1163 3756 1425 3809 mentium
1459 3763 1760 3810 nostrarum
1779 3772 1878 3810 nos

335 3828 515 3877 austra
543 3824 984 3897 constringimns,
1017 3842 1085 3897 ne
1114 3827 1390 3896 loquendo
1420 3827 1658 3880 exterius
1686 3842 1879 3897 evage-

278 3909 433 3966 mur;
469 3901 525 3947 ut
549 3909 672 3966 cum
702 3894 897 3950 virtute
926 3896 1111 3966 divina
1156 3894 1394 3966 perfecte
1426 3896 1718 3962 induimur,
1752 3894 1877 3952 tunc

277 3963 436 4033 quasi
467 3979 500 4018 a
546 3964 952 4034 nobismetipsis
984 3965 1125 4020 foras
1154 3963 1316 4022 etiam
1364 3969 1499 4021 alios
1554 3968 1876 4022 instruentes

276 4050 563 4108 egeamus.
583 4033 732 4108 _Quia
761 4033 926 4107 igitur
956 4036 1161 4091 inﬁrma
1193 4038 1479 4108 gestabant
1509 4039 1688 4093 adlmc
1707 4038 1875 4093 corda

276 4102 533 4179 discipuli
568 4102 631 4179 ιη
688 4102 997 4179 cognitione
1054 4102 1503 4179 tanti'mysterii,
1538 4107 1747 4163 fuerant
1776 4109 1875 4163 ista

274 4174 688 4250 dispensatione
715 4174 1009 4250 nutriendi,
1032 4186 1089 4232 ut
1110 4174 1386 4250 paulisper
1412 4180 1614 4249 aliquid
1631 4196 1874 4250 quaeren-

277 4253 360 4300 tes
389 4245 713 4318 invenirent,
745 4248 1082 4304 invenientes
1110 4245 1455 4318 crescerent,
1489 4245 1542 4304 ἐι
1569 4245 1875 4305 crescentes

273 4316 504 4441 cognita
557 4318 825 4372 robustius
883 4329 1146 4374 tenerent.
1186 4320 1283 4374 Illa
1313 4316 1476 4392 igitur
1504 4322 1870 4389 apostoloruzu

273 4387 346 4441 de
387 4388 548 4441 ilitas.
577 4405 697 4441 dum
725 4389 777 4441 in
809 4399 986 4441 morte
1015 4390 1233 4441 Domini
1283 4392 1510 4441 exnavit
1551 4399 1602 4441 et
1631 4392 1868 4441 negavit.

273 4387 548 4455 debilitas,
577 4405 697 4471 qua:
725 4389 777 4443 in
798 4399 986 4470 .morte
1015 4390 1233 4445 Domini
1283 4387 1602 4471 eipavit__et
1631 4392 1869 4471 negavit,

274 4466 334 4512 et
387 4459 853 4542 negando‘aruit,
887 4478 983 4541 per
1036 4462 1443 4542 resurrectionis
1492 4462 1609 4542 ejus
1637 4459 1864 4542 gleriam
1894 4466 1945 4525 D

269 4528 486 4602 rursum
516 4530 588 4602 ad
604 4528 768 4585 ﬁdem
794 4528 973 4602 irruit;
1003 4540 1051 4586 et
1084 4531 1466 4600 praelicatione
1487 4528 1605 4600 ejus
1620 4528 1688 4586 a'b
1706 4548 1866 4602 apos-

273 4598 401 4682 tolis
434 4616 534 4682 per
547 4599 771 4682 _Gentes.
788 4600 985 4657 diffusa
997 4598 1155 4682 _(quia
1182 4603 1489 4682 Iudaeorum
1510 4598 1870 4672 perlidia'des-

270 4679 433 4743 pecta
464 4670 581 4743 fuit)
612 4672 867 4743 quoniam
896 4670 1069 4728 occidi
1100 4689 1259 4727 carne
1292 4674 1479 4742 potuit.
1499 4670 1566 4727 ex
1595 4689 1873 4728 resurrec-

274 4741 425 4795 tione
474 4741 999 4814 illius‘multiplicati
1030 4742 1192 4816 longe
1222 4741 1434 4815 lateque
1463 4743 1649 4799 fideles
1679 4760 1871 4800 creve-

268 4828 374 4867 run
381 4820 417 4866 ι.

307 4919 444 4969 CAP.
467 4920 688 4972 XCVIII.
710 4947 774 4957 -—
812 4924 944 4972 Haec
964 4928 1079 4973 sunt
1104 4922 1257 4972 acrba
1281 4936 1396 4985 quae
1424 4922 1618 4973 locutus
1641 4935 1754 4972 sum
1777 4926 1841 4975 ad

376 5000 489 5046 vos,
514 4999 628 5037 cum
658 4985 832 5040 adhuc
860 4999 1015 5040 essent
1036 4990 1287 5041 vobiscum
1320 4988 1447 5053 (Luc
1492 5002 1637 5051 uiv,
1660 4989 1773 5055 At).

349 5086 680 5159 (Homiljli,
708 5088 761 5141 in
790 5089 1000 5159 Evang.
1030 5089 1322 5159 n.2.),lIoc
1342 5089 1605 5143 Domitios
1634 5098 1756 5158 post
1786 5106 1876 5144 re-

269 5158 670 5227 surrectionem
701 5175 857 5213 suam
878 5162 994 5213 suis
1024 5160 1152 5213 dicit
1183 5159 1480 5226 discipulis.
1515 5168 1567 5213 et
1591 5177 1712 5213 eum
1745 5160 1875 5227 ipsis

266 5226 485 5300 positus
526 5226 732 5300 _fatetnr
786 5245 845 5283 se
886 5245 995 5284 non
1025 5246 1147 5285 esse
1176 5247 1298 5284 cum
1330 5231 1486 5300 ipsis.
1513 5231 1702 5300 Neque
1733 5226 1874 5284 enim

271 5297 568 5370 cumipsis
595 5315 702 5354 non
732 5307 870 5366 erat,
903 5300 1099 5370 quibus
1129 5297 1373 5370 praesens
1401 5297 1759 5369 corporaliter
1778 5318 1877 5370 ap—

316 5368 524 5434 arebat,
552 5370 642 5424 sed
678 5377 856 5424 tamen
882 5368 994 5443 jam
1028 5387 1084 5426 se
1113 5368 1232 5425 cum
1282 5371 1415 5440 ipsis
1465 5368 1583 5443 esse
1628 5368 1876 5443 denega-

275 5441 389 5563 ἕειῑὶ
423 5454 461 5563 ἓ
489 5455 721 5563 quorum
755 5441 967 5496 mortali
999 5457 1228 5513 corpore
1259 5444 1441 5497 carnis
1470 5441 1877 5497 immortalitate

316 5527 363 5562 IS
387 5526 417 5563 ιι
461 5525 492 5563 a
524 5550 538 5563 .

316 5509 538 5565 istabat.

275 5614 398 5667 ου.
426 5615 611 5668 XCIX.
642 5643 707 5653 —-
732 5620 941 5681 Palpate
965 5625 1015 5670 et
1034 5618 1206 5670 videte
1232 5635 1247 5666 :
1278 5621 1396 5683 quia
1431 5621 1652 5682 spiritu:
1677 5632 1884 5671 carnem

598 5690 650 5735 et
673 5695 792 5736 oua
813 5700 914 5737 non
934 5686 1082 5737 habet
1110 5686 1258 5751 (Luc.
1285 5698 1426 5749 ιιιν,
1463 5686 1565 5745 39}.

349 5784 436 5855 (in
493 5785 727 5854 exposit.
786 5786 846 5841 B.
879 5786 1002 5855 Job,
1036 5786 1129 5841 lib.
1162 5803 1313 5855 xxxv,
1346 5802 1475 5841 num
1516 5789 1604 5852 68,
1636 5788 1725 5853 74,
1759 5788 1852 5841 75.

275 5853 617 5927 Redemptor
642 5864 825 5914 noster
850 5853 1307 5914 resurrectionem
1329 5873 1489 5927 quam
1522 5858 1578 5912 in
1618 5873 1674 5911 se
1705 5865 1885 5912 osten-

1869 5765 1890 5833 )

1988 3192 2151 3246 quam
2181 3176 2485 3230 redactum.
2513 3176 2592 3229 Ad
2628 3177 2742 3231 haec
2773 3176 2890 3245 ipse
2918 3177 3171 3245 respondi
3192 3176 3379 3232 dicens
3402 3198 3413 3232 :
3441 3177 3592 3231 Scri-

1986 3255 2138 3320 ptum
2156 3252 2265 3300 est:
2289 3246 2538 3320 Christ-us
2561 3262 2857 3320 resurgens
2879 3263 2913 3300 (ι
2930 3248 3189 3320 mortuis,
3199 3250 3326 3320 jam
3348 3264 3464 3303 non
3484 3264 3600 3303 mo-

1988 3318 2159 3385 ritur,
2192 3333 2338 3372 mors
2369 3319 2457 3372 illi
2481 3318 2637 3373 ultra.
2658 3335 2770 3373 non
2800 3317 3185 3373 dominabitur
3200 3317 3387 3387 '(Rom.
3411 3335 3484 3384 vr,
3509 3322 3587 3387 9).

1989 3388 2044 3443 Si
2069 3389 2197 3457 quid
2229 3389 2394 3459 igitur
2422 3389 2475 3441 in
2524 3389 2643 3457 ejus
2695 3403 2927 3458 corpore
2958 3396 3083 3458 post
3128 3391 3580 3445 resurrectionem

1984 3460 2161 3528 potuit
2189 3459 2480 3526 immutari,
2513 3468 2702 3513 contra
2751 3459 3052 3513 vei-idicem
3084 3460 3227 3515 Pauli
3261 3463 3587 3515 sententiam

1986 3536 2109 3599 post
2174 3529 2624 3584 resurrectionem
2687 3529 2953 3584 Dominus
2992 3529 3156 3584 rediit
3209 3531 3266 3584 in
3324 3539 3579 3586 mortem.

1987 3598 2145 3667 Quod
2177 3602 2298 3674 quis
2347 3601 2528 3654 dicere
2566 3600 2653 3674 vel
2683 3602 2872 3674 stultus
2899 3609 3194 3674 praesumat
3227 3601 3329 3655 nisi
3362 3603 3453 3674 qui
3488 3618 3589 3656 vc-

1988 3687 2100 3724 ram
2132 3669 2318 3723 carnis
2356 3672 2811 3726 resurrectionem
2843 3671 3124 3727 denegat?
3147 3673 3294 3726 Tunc
3325 3669 3451 3725 mihi
3486 3674 3593 3727 ob-

1981 3741 2113 3810 jecit
2142 3741 2347 3805 dicens,
2371 3756 2493 3795 cum
2525 3742 2792 3810 scriptum
2822 3742 2890 3794 sit
2934 3760 2946 3794 :
2983 3714 3119 3796 δίη-ο
3150 3747 3205 3796 et
3234 3745 3470 3811 sanguis
3504 3759 3585 3797 rc-

1984 3829 2161 3884 gnum
2181 3812 2274 3867 Dei
2296 3812 2576 3884 possidere
2598 3828 2711 3865 non
2731 3816 2968 3881 possunt
2991 3813 3040 3879 (Ι
3058 3812 3183 3866 Cor.
3203 3828 3298 3878 xv,
3326 3818 3414 3883 50)
3438 3831 3451 3879 ;
3480 3829 3587 3884 qua

1986 3883 2191 3935 ratione
2219 3882 2551 3935 credendum
2595 3890 2673 3935 est
2704 3896 2985 3950 resurgere
3014 3883 3279 3937 veraciter
3307 3882 3530 3938 carnem
3561 3886 3589 3937 ‘P

1986 3952 2079 4005 C'll
2140 3952 2358 4020 inquam
2395 3966 2407 4004 :
2445 3953 2501 4005 ln
2550 3967 2709 4005 sacro
2769 3952 2981 4022 eloquio
3041 3953 3194 4006 aliter
3237 3969 3365 4007 caro
3395 3954 3590 4008 dicitur

1977 4021 2134 4091 juxta
2160 4031 2424 4093 naturam,
2458 4030 2510 4077 et
2534 4022 2691 4077 aliter
2715 4021 2888 4091 juxta
2910 4022 3122 4091 culpam
3154 4025 3239 4076 vel
3273 4024 3584 4093 corruptio-

1983 4110 2133 4147 nem.
2172 4092 2309 4147 Caro
2353 4094 2552 4162 quippe
2576 4093 2730 4161 juxta
2752 4108 3016 4154 naturam,
3034 4093 3169 4147 sicut
3188 4092 3450 4163 scriptum
3471 4105 3581 4150 est:

1982 4166 2089 4218 [loc
2110 4180 2266 4218 nunc
2301 4181 2358 4220 os
2380 4180 2453 4218 6.1:
2482 4164 2696 4219 ossibus
2728 4164 2883 4226 meis,
2910 4168 2966 4217 et
2997 4179 3128 4218 caro
3160 4164 3225 4217 de
3255 4180 3426 4219 carne
3458 4181 3584 4220 mea

1979 4236 2202 4302 (Cenes.
2226 4250 2283 4297 ιι,
2304 4238 2412 4299 23).
2434 4234 2495 4287 Et
2525 4236 2755 4289 Verbum
2770 4250 2906 4288 caro
2926 4235 3144 4301 factum
3163 4238 3268 4303 est,
3286 4241 3339 4288 et
3364 4234 3580 4290 habita-

1984 4307 2061 4360 vit
2090 4309 2149 4360 t'n
2175 4307 2330 4360 nobis
2351 4304 2537 4374 (.Ioim.
2559 4323 2595 4368 1,
2626 4306 2730 4372 14).
2781 4305 2857 4358 De
2915 4319 3080 4358 carne
3126 4320 3254 4358 vero
3281 4304 3437 4372 juxta
3460 4307 3581 4359 cul-

1980 4394 2013 4445 p
2032 4392 2105 4429 im
2156 4385 2411 4446 scriptum
2433 4393 2460 4430 e
2476 4385 2510 4429 st
2532 4393 2543 4427 :
2568 4376 2684 4431 Non
2702 4375 3062 4444 permanebit
3080 4378 3315 4444 spiritus
3340 4393 3494 4431 meus
3518 4381 3580 4433 in

1977 4447 2294 4502 hominibus
2319 4450 2460 4509 istis.
2480 4462 2540 4518 eo
2572 4448 2712 4518 quo-'1
2743 4462 2872 4501 citro
2903 4450 3039 4501 sunt
3071 4447 3290 4512 (Cenes.
3316 4464 3389 4511 γι,
3409 4451 3489 4511 3).
3517 4449 3585 4504 Et

1976 4520 2117 4571 sicut
2150 4517 2431 4571 Psalmista
2458 4517 2523 4570 ait
2553 4517 2924 4571 :itlemnritus
2942 4521 3045 4584 est,
3081 4519 3209 4587 quia
3254 4535 3383 4572 caro
3415 4524 3582 4584 sunt,

1976 4590 2214 4656 spiritus
2233 4588 2440 4643 uadens
2461 4592 2652 4641 etnon
2679 4588 2901 4643 rediens
2919 4588 3094 4656 (Psal.
3120 4604 3325 4654 axxvu,
3354 4591 3582 4652 39).Un-

1982 4657 2048 4712 de
2080 4667 2132 4712 et
2160 4657 2438 4728 discipulis
2463 4659 2657 4712 Paulus
2687 4658 2935 4713 dicebat:
2969 4661 3063 4713 Vos
3094 4664 3288 4714 autem
3320 4662 3380 4714 in
3403 4677 3578 4715 carne

1978 4745 2093 4784 non
2122 4731 2274 4794 estis,
2307 4729 2403 4783 sed
2433 4730 2494 4783 in
2543 4730 2777 4799 spiritu.
2803 4730 2989 4800 Neque
3017 4730 3160 4783 enim
3193 4731 3244 4783 in
3277 4746 3439 4785 carne
3472 4746 3578 4785 non

1980 4807 2132 4855 erant
2164 4799 2360 4869 quibus
2416 4801 2674 4869 epistolas
2710 4799 3131 4860 transmittebat.
3167 4800 3259 4853 sed
3292 4801 3418 4869 quia
3445 4816 3574 4867 pas—

1977 4872 2158 4925 siones
2186 4870 2482 4925 carnalium
2529 4871 2920 4926 desideriorum
2954 4871 3211 4932 vicerant,
3240 4872 3355 4939 jam
3419 4869 3577 4923 liberi

1979 4958 2081 5011 per
2114 4941 2356 4995 virtutem
2388 4942 2609 5010 spiritus
2639 4942 2691 4995 in
2723 4959 2887 4997 carne
2918 4956 3023 4993 non
3046 4949 3221 4993 erant.
3257 4940 3412 5006 Quod
3439 4955 3576 5009 ergo

1984 5012 2178 5066 Paulus
2195 5014 2471 5081 apostolus
2494 5014 2651 5067 dicit:
2681 5013 2821 5080 Quin
2842 5028 2971 5066 caro
2988 5016 3043 5064 et
3074 5013 3307 5079 sanguis
3335 5026 3575 5079 regnum

1983 5083 2082 5138 Dei
2103 5084 2385 5154 possidere
2420 5099 2539 5154 non?
2572 5088 2806 5153 possunt
2843 5081 2894 5154 (Ι
2914 5082 3032 5135 Cor.
3063 5096 3154 5146 xv,
3188 5082 3276 5147 $30)
3313 5096 3580 5154 :_carnem

1984 5150 2430 5207 vult’secnndum
2460 5150 2676 5222 culpam
2726 5153 2972 5221 intelligi,
3008 5166 3111 5204 non
3144 5150 3444 5222 secundum
3476 5167 3578 5204 na-

1984 5233 2175 5277 turam.
2206 5226 2359 5279 Unde
2388 5231 2441 5277 et
2470 5220 2596 5277 mox
2627 5224 2747 5292 quia
2776 5220 2992 5274 carnem
3034 5220 3327 5274 secundum
3360 5222 3578 5289 culpam

1985 5294 2187 5348 diceret
2207 5294 2440 5348 ostendit
2460 5294 2726 5347 subdens:
2744 5292 2940 5363 Neque
2961 5292 3246 5363 corruptio
3274 5293 3579 5363 incorrup-

1989 5368 2163 5421 telam
2181 5366 2441 5431 possedit.
2476 5365 2533 5416 In
2555 5364 2647 5416 illa
2665 5378 2796 5433 ergo
2817 5362 3055 5433 eiul-estis
3072 5362 3222 5432 regni
3245 5362 3418 5433 gloria
3450 5362 3575 5417 caro

1987 5436 2289 5491 secundum
2321 5442 2561 5489 naturam
2590 5435 2707 5496 erit,
2734 5431 2830 5487 sed
2861 5431 3153 5487 secundum
3183 5431 3459 5501 passionis
3486 5434 3579 5489 de-

1990 5506 2195 5561 sideria
2225 5522 2328 5559 non
2359 5505 2476 5565 erit,
2512 5505 2637 5573 quia
2666 5504 2886 5557 devicto
2918 5503 3103 5573 mortis
3152 5505 3363 5567 aculeo,
3398 5504 3449 5557 in
3495 5520 3580 5559 te-

1991 5586 2146 5631 terna
2175 5572 2574 5643 incorruptione
2629 5574 2901 5644 regnabit.
2962 5572 3169 5641 Quibus
3229 5574 3406 5641 dictis,
3438 5575 3585 5629 idem

1992 5647 2248 5716 Eutycius
2278 5647 2577 5699 consentire
2637 5661 2695 5697 se
2744 5646 2988 5716 protinus
3030 5646 3325 5713 respondit,
3359 5645 3452 5699 sed
3500 5656 3588 5698 ta-

1994 5715 2120 5770 men
2148 5716 2323 5786 adhuc
2352 5730 2547 5786 corpus
2578 5715 2851 5786 palpabile
2871 5730 3151 5785 resurgere
3174 5732 3331 5784 posse
3357 5716 3591 5786 denega-

1997 5787 2113 5840 bat.
2153 5784 2255 5853 Qui
2313 5785 2471 5839 etiam
2530 5785 2583 5839 in
2641 5785 2823 5841 libello
2879 5784 3049 5855 quem
3098 5785 3166 5839 de
3196 5784 3589 5841 resurrectione

1995 5857 2305 5927 scripserat,
2321 5855 2472 5911 Pauli
2488 5870 2699 5927 quoque
2718 5854 2947 5927 apostoli
2975 5854 3338 5912 testimonium
3371 5855 3588 5913 indide-
