4082 6170
328 276 460 335 1241

756 271 1012 329 ALULFI
1047 271 1427 332 EXPOSITIO
1459 272 1615 330 VET.
1645 270 1737 326 ET
1772 271 1957 330 NOV.‘
1981 272 2182 330 TEST.
2228 304 2298 315 —
2328 274 2476 330 SUP.
2515 274 2792 332 EVANG.
2829 277 2980 336 SEC.
3021 279 3221 334 JOAN.

3508 283 3528 333 1
3540 279 3647 334 242

332 417 551 492 spiritus
579 431 650 492 ex
682 414 936 492 prmsenti
965 415 1204 492 animum
1233 417 1514 492 tangit,_et
1527 431 1594 469 ex
1611 415 1788 492 futuro
1809 431 1920 470 non
1949 399 2000 460 Α
2031 417 2334 492 eruditione
2365 418 2593 492 teuenda
2623 427 2766 485 sunt,
2789 421 2912 476 haec
2941 438 3038 492 pro
3066 421 3259 476 alienis
3302 420 3640 491 profectibus

334 486 519 560 tangit,
559 489 700 541 sicut
739 487 975 560 Joapnes
1037 486 1354 560 venientem
1394 486 1583 541 videns
1628 487 1922 560 Dominum

331 560 404 614 ait
427 557 449 612 Ξ
459 560 596 614 Ecce
613 560 799 627 Agnus
823 557 943 619 Dei,
962 573 1086 613 ecce
1101 557 1200 628 qui
1245 558 1401 615 tollit
1431 561 1666 628 peccata
1692 557 1916 612 mundi.

329 631 438 686 Sed
467 645 595 683 cum
618 629 740 697 jam
769 629 1060 682 moriturus
1091 627 1255 696 esset,
1287 627 1466 682 missis
1496 627 1797 698 discipulis,
1829 644 1920 682 re-

328 701 598 772 quirebat,
631 700 844 772 dicens:
875 698 1030 772 Tue:
1045 703 1137 768 qui
1167 703 1442 772 venturus
1481 715 1558 765 es,
1608 715 1686 772 (tu
1736 699 1923 754 alium

325 770 724 842 exspectamus
743 771 963 842 (Matth.
996 786 1073 837 x1,
1096 772 1160 842 5)
1187 772 1216 822 ‘I
1233 773 1292 824 In
1317 771 1517 842 quibus
1521 770 1709 823 verbis
1729 777 1920 824 osten-

324 841 478 897 ditur
510 841 637 912 quia
669 842 724 894 in
781 841 938 894 terris
975 841 1197 911 quidem
1232 841 1448 896 venisse
1494 841 1922 912 Redemptorem

316 909 565 977 noverat,
597 913 694 966 sed
715 927 784 965 an
816 928 912 980 per
938 909 1292 983 semetipsum
1310 911 1379 966 ad
1408 911 1704 983 aperienda
1717 909 1924 983 inferni

319 984 554 1039 claustra
583 983 939 1037 descenderet
968 982 1274 1037 dubitabat.
1338 983 1424 1036 Ex
1451 982 1747 1053 praesenti
1785 997 1921 1053 ergo

317 1055 622 1126 prophetia:
678 1053 870 1126 spiritu
927 1061 1099 1126 tactus
1138 1053 1332 1126 fuerat,
1382 1052 1482 1126 qui
1533 1052 1922 1126 humanitatem

321 1123 636 1181 Mediatoris
691 1125 882 1178 videns
929 1130 984 1178 et
1039 1125 1374 1178 divinitatem
1401 1123 1537 1194 ’ejus
1584 1123 1918 1193 intelligens,

320 1195 680 1252 conﬁtebatur
709 1198 924 1266 Agnum
954 1195 1041 1264 qui
1074 1203 1299 1266 peccata
1329 1195 1516 1266 mundi
1549 1194 1760 1266 tolleret
1788 1195 1924 1266 ;sed

321 1275 496 1322 tactus
514 1285 581 1322 ex
614 1265 794 1320 futuro
822 1282 931 1321 non
969 1265 1160 1333 fuerat,
1203 1265 1332 1336 quia
1359 1265 1660 1320 adventum
1689 1265 1833 1319 illius
1865 1265 1922 1318 in

320 1339 540 1393 inferno
569 1336 866 1393 nesciebat.

322 1449 458 1499 Car.
487 1446 570 1496 Ill.
597 1447 834 1508 -Super
853 1459 994 1509 quem
1017 1445 1216 1496 videris
1254 1445 1498 1508 Spiritum
1542 1445 1927 1496 descendentem

741 1518 790 1562 et
810 1520 1099 1565 manentem
1123 1511 1290 1577 (Joan.
1321 1527 1356 1571 ι,
1385 1514 1488 1572 53).

397 1614 472 1684 (Ιη
491 1614 722 1683 exposit.
755 1613 956 1676 B.Job,
986 1613 1090 1668 lib.
1129 1611 1564 1679 n,num.50,91,
1596 1609 1722 1684 92.)
1768 1611 1923 1666 Dona

319 1681 493 1740 sancti
518 1681 750 1754 spiritus
771 1685 1069 1755 prophetiae
1088 1685 1312 1748 scilicet,
1346 1698 1548 1754 genera
1594 1681 1920 1755 linguarum,

321 1765 381 1810 et
409 1753 634 1810 virtutes
663 1753 998 1811 curationum
1029 1771 1139 1810 non
1167 1755 1594 1824 sempereodem
1618 1753 1782 1808 modo
1799 1759 1922 1806 sunt
1947 1765 2003 1825 Β

320 1826 383 1881 in
411 1838 595 1882 mente
615 1843 802 1882 eorum
835 1826 1027 1896 quibus
1056 1827 1268 1891 dantur,
1299 1825 1556 1895 quoniam
1581 1840 1646 1879 ne
1677 1839 1736 1878 se
1766 1838 1922 1896 mens

325 1898 386 1952 in
419 1894 1064 1967 praesumptione’elevet,
1107 1894 1332 1952 utiliter’
1357 1896 1649 1965 aliquando
1708 1894 1923 1967 subtra-

328 1965 558 2022 huntur.
589 1965 746 2024 Unde
760 1969 900 2025 bene
917 1968 971 2022 in
992 1968 1297 2039 Evangelio
1315 1967 1570 2036 scriptum
1607 1969 1686 2020 est
1710 1983 1720 2018 :
1743 1965 1924 2036 Super

323 2054 491 2110 quem
509 2039 720 2112 videris
742 2039 1028 2112 Spiritum
1051 2039 1504 2112 descendentem,
1522 2042 1579 2092 et
1595 2040 1922 2112 mugientem

323 2106 658 2182 iupereum,
681 2106 866 2182 ἡξεὲεί
900 2113 998 2182 qui
1044 2111 1316 2182 baptizat.
1342 2109 1412 2182 lu
1443 2108 1646 2182 cunctis
1673 2106 1924 2182 ﬁdelibus

327 2177 563 2250 Spiritus
620 2181 783 2248 venit,
843 2177 942 2236 sed
997 2181 1049 2235 in
1090 2177 1206 2235 s'olo
1239 2179 1533 2234 Mediatore
1575 2177 1925 2250 singulariter

326 2247 790 2330 permanet,__quiu
813 2253 930 2322 ejus
950 2252 1637 2330 humili-tatemnnuuquam
1669 2247 1924 2330 'deseruit

330 2318 405 2376 ex
433 2323 588 2392 cujus
615 2318 899 2378 divinitate
927 2323 1191 2392 procedit.
1219 2323 1280 2374 In
1311 2321 1404 2375 illo
1433 2318 1611 2392 igitur
1631 2327 1812 2392 manet
1833 2318 1924 2392 qut

330 2388 565 2448 solus'et
598 2393 781 2448 omnia
810 2401 864 2448 et
885 2388 1104 2464 semper
1150 2400 1350 2462 potest.
1400 2388 1543 2464 Nam
1583 2389 1774 2444 ﬁdeles
1831 2388 1922 2458 qui

327 2464 476 2518 hunc
491 2464 788 2540 accipiunt,
821 2480 944 2520 cum
965 2461 1242 2540 signorum
1274 2464 1418 2517 dona
1456 2461 1659 2540 habere
1704 2475 1924 2540 semper

325 2541 389 2588 ut
419 2534 605 2588 volunt
633 2551 745 2588 non
775 2533 1195 2604 possunt,'hunc
1224 2549 1282 2587 se
1325 2533 1603 2602 accepisse
1658 2533 1811 2600 quasi
1865 2533 1922 2604 in

330 2606 592 2659 transitus
621 2601 935 2661 ostensione
966 2615 1244 2660 testantur.
1279 2604 1387 2658 Sed
1415 2601 1536 2658 cum
1596 2617 1808 2657 rursum
1854 2601 1924 2656 de

326 2675 524 2735 eodem
553 2676 758 2744 Spiritu
783 2677 1032 2731 Veritatis
1054 2692 1147 2732 ore
1173 2675 1451 2744 discipulis
1493 2673 1718 2744 dicitur:
1750 2671 1920 2744 7.74pm!

324 2762 422 2801 vos
443 2743 716 2823 munebit,
742 2753 798 2823 et
826 2750 890 2823 in
910 2748 1212 2823 vobiscrit,
1241 2743 1368 2823 quid
1415 2751 1496 2800 est
1541 2743 1920 2823 quodﬂdivina

322 2833 460 2872 voce
484 2813 792 2890 MediatOris
812 2819 1033 2890 signum
1050 2818 1168 2890 hoc
1208 2813 1404 2890 eadem
1461 2813 1635 2871 saneti
1691 2813 1922 2890 Spiritus

321 2887 533 2942 mansio
547 2884 1008 2958 declaratur,'cum
1032 2888 1258 2942 dicitur:
1283 2886 1473 2956 Super
1502 2902 1664 2956 quem
1710 2884 1918 2958 videris

319 2959 602 3021 Spiritum
627 2953 1062 3016 descendentem
1075 2963 1350 3014 etmanen
1359 2953 1472 3028 tem
1492 2953 1661 3028 super
1675 2971 1804 3010 eum
1821 2953 1851 3007 ?
1862 2953 1919 3009 Si

315 3029 487 3100 igitur
499 3030 650 3099 juxta
676 3029 922 3100 Magistri
952 3045 1141 3086 vocem
1172 3037 1225 3084 et
1287 3029 1367 3100 in_
1399 3026 1682 3100 discipulis
1710 3031 1922 3100 Amauet

2031 489 2392 562 exquirenda.
2424 490 2484 542 In
2513 489 2621 562 illis
2651 506 2750 545 nos
2780 489 2982 548 terreat
3013 493 3228 547 fornido
3268 489 3342 548 ne
3398 503 3641 562 pereant,

2031 559 2086 631 in
2117 559 2232 613 istis
2259 569 2440 631 autem
2471 559 2538 613 ad
2569 569 2777 630 tempus
2825 563 3122 631 aliquando
3164 559 3410 618 sublatis
3436 579 3640 618 conso-

2032 629 2170 701 letur
2190 630 2480 701 humilitas,
2514 633 2646 701 quia
2675 633 2742 686 ad
2771 629 3062 688 elationem
3111 643 3350 689 mentem
3408 635 3640 688 fortasse

2031 700 2346 776 sublevant.
2385 699 2518 754 Cum
2533 699 2714 772 igitur
2744 719 3012 776 concessa
3027 704 3185 759 nobis
3199 706 3454 759 virtutum
3469 706 3634 776 signa

2031 771 2595 845 subtrahuntur._tunc
2629 788 2754 828 vere
2783 775 3122 829 ostendimus
3151 776 3407 845 quoniam
3466 771 3632 830 acce-

2031 849 2124 911 pta
2153 850 2297 897 recte
2319 841 2608 916 tenuimus,
2642 859 2764 916 cum
2822 845 3070 913 profecto
3126 841 3501 916 aequanimiter
3559 845 3630 901 ad

2030 921 2364 967 momentum
2395 912 2616 966 sublata
2646 912 2964 970 toleramus.

2033 1000 2152 1052 CAP.
2180 1002 2270 1053 IV.
2301 1027 2365 1038 —
2407 1003 2550 1053 Vidit
2566 1002 2711 1054 Iesus
2737 1004 3098 1056 Nathanaelem
3139 1007 3406 1058 venientem
3452 1008 3519 1056 ad
3563 1019 3636 1065 se,
3703 991 3712 998 ’

2099 1073 2150 1119 et
2171 1069 2297 1120 dicit
2320 1067 2381 1136 de
2406 1083 2464 1120 eo
2514 1082 2531 1114 :
2582 1073 2717 1120 Ecce
2759 1083 2914 1122 verus
2962 1074 3207 1125 Israelita
3252 1074 3307 1122 in
3353 1087 3450 1136 quo
3495 1073 3642 1124 dolus

2099 1150 2199 1187 non
2233 1146 2309 1187 est
2337 1135 2504 1200 (Joan.
2530 1149 2578 1193 ι,
2602 1137 2710 1199 47).

2107 1219 2445 1293 (Ingxpgsit.
2481 1221 2541 1274 Β.
2570 1220 2698 1293 Job,
2728 1220 2828 1275 lib.
2862 1238 3053 1288 xxxm,
3086 1237 3244 1275 num.
3279 1224 3391 1292 32.)
3422 1221 3636 1293 Unegi-

2032 1289 2176 1344 nitus
2200 1289 2301 1344 Dei
2330 1291 2495 1344 Filius
2517 1291 2585 1346 ad
2609 1292 3040 1361 redemptionem
3096 1300 3338 1347 nostram
3373 1289 3636 1358 veniens,

2033 1368 2088 1416 et
2116 1376 2246 1416 suos
2266 1370 2464 1434 contra
2495 1362 2679 1434 mundi
2717 1363 3030 1432 superbiam
3081 1363 3467 1434 praedicatores
3507 1363 3638 1417 mit-

2033 1436 2175 1504 tens,
2207 1432 2407 1504 relictis
2436 1433 2794 1504 sapientibus,
2817 1432 3150 1504 insipientes,
3179 1434 3392 1489 relectis
3414 1433 3640 1488 fortibus

2035 1502 2492 1576 debiles,_re_lictis
2521 1503 2777 1576 divitibus
2802 1502 3076 1576 pauperes
3107 1504 3292 1576 elegit,
3325 1513 3378 1559 et
3425 1505 3638 1573 praedi-

2034 1582 2242 1646 catpres
2272 1572 2512 1628 inﬁrmos
2541 1572 2930 1646 abjectosquef
2965 1575 3054 1646 qui
3101 1572 3348 1646 poténtes
3380 1572 3640 1646 quosque

2035 1652 2085 1698 et
2113 1642 2298 1716 ﬁdeles
2320 1646 2558 1716 populos
2586 1642 2925 1716 colligerent,
2958 1642 3160 1700 habere
3213 1642 3438 1716 studuit.
3497 1642 3638 1700 Hinc

2035 1718 2116 1768 est
2145 1715 2290 1780 quod
2312 1715 2706 1770 Nathanaelem
2726 1715 2937 1780 laudat,
2986 1733 3088 1772 nec
3142 1724 3322 1770 tamen
3379 1715 3431 1768 in
3491 1724 3636 1770 sorte

2033 1786 2442 1857 praedicandum
2473 1795 2739 1857 numerat,
2763 1788 2886 1857 quia
2917 1787 2988 1841 ad
3043 1787 3486 1857 praedicanduer
3509 1801 3634 1840 eum

2034 1856 2168 1929 tales
2198 1860 2378 1912 venire
2401 1855 2703 1929 debuerant
2733 1855 2824 1929 qui
2861 1857 2931 1911 de
2963 1857 3120 1911 laude
3166 1858 3388 1927 propria
3417 1856 3492 1922 nil
3525 1857 3628 1910 ha-

2032 1925 2253 1992 bebant,
2289 1934 2344 1980 ut
2373 1935 2519 1982 tanto
2549 1925 2775 1982 solidius
2808 1929 3044 1982 veritatis
3065 1925 3492 1998 cognosceretur
3509 1942 3634 1981 esse

2032 1997 2177 2068 quod
2205 2006 2448 2069 agerent,
2483 2007 2684 2068 quanto
2714 2008 2767 2052 et
2797 2008 2988 2068 aperte
3018 1997 3336 2054 cerneretur
3389 1997 3515 2068 quia
3561 1999 3631 2052 ad

2030 2069 2133 2140 hoc
2160 2068 2431 2140 agendum
2460 2085 2564 2137 per
2587 2083 2643 2123 se
2670 2069 2856 2124 idonei
2889 2085 2996 2122 non
3059 2069 3314 2124 fuissent.
3374 2070 3444 2124 Ut
3499 2083 3632 2140 ergo

2028 2139 2167 2192 mira
2205 2139 2445 2210 potentia
2473 2155 2569 2209 per
2598 2141 3012 2210 praedicatorum
3044 2139 3259 2209 linguas
3287 2139 3628 2207 claresceret,

2031 2211 2180 2280 prius
2196 2209 2496 2264 mirabilius
2516 2209 2694 2264 actum
2718 2219 2794 2266 est
2809 2219 2866 2264 ut
2881 2211 3194 2265 eorumdem
3211 2211 3630 2280 prtedicantium

2030 2279 2277 2334 meritum
2311 2280 2517 2334 nullum
2546 2289 2708 2335 esset.
2746 2280 2902 2348 Quod
2924 2289 3101 2335 autem
3151 2279 3476 2335 Nzithanaeli
3537 2281 3626 2333 di-

2029 2350 2192 2422 centi,
2214 2351 2362 2406 unde
2381 2367 2466 2406 me
2479 2351 2962 2421 nostiPi-espondit
2979 2353 3161 2406 Jesus:
3207 2352 3545 2422 Priusquam
3577 2357 3630 2406 te

2028 2419 2326 2493 Philippus
2347 2427 2739 2486 vocaret,cum
2756 2419 2902 2478 esses
2922 2425 3018 2477 sub
3061 2423 3195 2492 ﬁcu,
3243 2423 3358 2477 vidi
3385 2419 3435 2476 te
3465 2421 3627 2490 (Ibid.

2027 2508 2078 2563 τί.
2098 2491 2194 2563 it?)
2209 2491 2231 2552 ;“
2247 2491 2530 2546 sciendum
2553 2493 2694 2563 quod
2713 2493 2901 2548 videre
2922 2493 2997 2547 ibi
3039 2493 3254 2563 ponitur
3272 2509 3367 2562 pro
3389 2493 3616 2562 eligere.

2031 2510 2078 2546 υ.
2098 2510 2188 2559 ιδ)
2209 2510 2222 2552 ;
2247 2510 2530 2546 SClenGum
2591 2510 2901 2548 uouvmere
2922 2510 2997 2547 lDl
3039 2510 3254 2563 ponitur
3272 2510 3367 2562 pro
3389 2510 3616 2562 eligere.

2031 2560 2286 2687 Slubﬁcu
2307 2563 2498 2632 vidite,
2529 2510 2585 2618 i3
2633 2571 2715 2618 est
2734 2565 2967 2634 positum
2987 2572 3039 2619 te
3068 2564 3172 2618 sub
3216 2564 3414 2618 umbra
3469 2563 3628 2634 Legis

2031 2649 2058 2687 e
2080 2649 2194 2687 eui.

2027 2649 2194 2705 elegi.

2159 2741 2276 2791 CAP.
2297 2742 2361 2793 V.
2396 2767 2456 2780 -ο
2485 2741 2696 2804 lmpiete
2728 2741 2940 2806 hydria:
2973 2757 3114 2808 aqua
3138 2741 3305 2802 (Joan.
3345 2741 3489 2805 11,7).

2098 2823 2286 2895 (Hom.
2323 2822 2378 2888 6,
2413 2824 2506 2882 lib.
2534 2841 2573 2893 ι,
2597 2825 2652 2879 in
2683 2826 2903 2894 Ezech.,
2934 2843 2995 2880 n.
3033 2829 3067 2880 7
3079 2829 3125 2895 .)
3159 2827 3434 2895 Praecepta
3457 2841 3627 2879 sacrae

2027 2893 2316 2966 Scriptura
2347 2911 2469 2966 quae
2499 2893 2914 2966 perfectioribus
2941 2893 3290 2964 spiritualiter
3343 2893 3624 2961 dicuntur,

2026 2963 2253 3037 inﬁrmis
2276 2963 2428 3037 initia
2451 2963 2684 3037 litteram
2723 2974 3024 3037 congruunt
3055 2984 3068 3027 ;
3099 2975 3152 3022 et
3180 2967 3299 3036 ipsa
3343 2981 3462 3036 qua).
3491 2981 3628 3037 par-

2026 3035 2569 3118 vuli‘juxta__litteram
2603 3035 2911 3118 intelligunt
2936 3036 3082 3118 docti
3135 3035 3236 3107 per
3288 3035 3628 3118 spiritualem

317 3095 598 3186 quomodo
625 3095 896 3186 singulare
913 3100 1027 3186 jam
1057 3098 1397 3186 signumcrit
1426 3095 1918 3186 quoti_ilt_}i§dia:
1943 3111 1995 3173 (ζ
2029 3095 2436 3186 intelligentiam
2465 3108 2627 3186 att_i_us
2656 3095 2977 3186 percipiunt.
3011 3095 3184 3186 Quem
3217 3095 3334 3186 pou
3366 3095 3630 3186 parvulo-

316 3169 438 3226 tore
467 3169 752 3240 permanet
771 3173 799 3224 ἱ)
823 3169 982 3240 Quod
1015 3169 1196 3226 tamen
1227 3170 1386 3225 citius
1415 3169 1821 3240 cOgnroscimus,
1871 3169 1917 3220 si

319 3239 479 3295 dona
499 3242 747 3312 ejusdem
779 3243 1010 3312 Spiritus
1039 3243 1446 3312 discernamus.
1492 3239 1630 3293 ’Alta
1685 3253 1917 3308 namque

319 3320 452 3365 sunt
479 3311 625 3366 dona
645 3312 807 3379 illius,
824 3311 946 3367 tsine
993 3313 1190 3381 quibus
1228 3313 1298 3367 ad
1353 3311 1518 3364 vitam
1568 3323 1916 3381 nequaquam

320 3383 676 3452 pertingitur.
709 3378 820 3437 alia
850 3378 1048 3453 quibus
1069 3385 1203 3438 vita:
1233 3381 1494 3436 sanctitas
1535 3395 1635 3453 pro
1663 3378 1916 3453 aliorum

313 3449 548 3507 utilitate
563 3449 883 3508 declaratur:
901 3453 1324 3508 Mansuetudino
1341 3449 1594 3520 namque,
1615 3449 1914 3516 humilitas,

315 3523 599 3595 patientia,
633 3523 786 3595 ﬁdes,
823 3541 968 3595 spes,
1001 3525 1252 3590 charitas,
1287 3525 1433 3578 dona
1461 3522 1602 3595 ejus
1625 3530 1767 3586 sunt,
1819 3520 1918 3574 sed

317 3592 385 3648 ea
407 3593 525 3648 sine
553 3594 750 3664 quibus
774 3592 1028 3650 ad—vitam
1078 3595 1327 3650 homines
1381 3592 1672 3662 pervenire
1713 3605 1917 3664 nequa-

317 3663 746 3734 quampossunt.
781 3666 1083 3736 Prophetiaa
1099 3671 1302 3732 autem,
1335 3663 1509 3718 virtus
1555 3663 1913 3736 curationum,

314 3732 526 3808 genere
573 3732 904 3806 linguarum;
945 3737 1314 3808 interpretatio
1379 3749 1709 3808 sermonum,
1769 3732 1918 3786 dona

316 3807 448 3882 ejus
459 3814 603 3882 sunt,
622 3808 714 3861 sed
739 3824 860 3882 quae
875 3809 1086 3862 virtutis
1103 3807 1226 3882 ejus
1262 3807 1605 3882 praesentiam
1650 3817 1764 3882 pro_
1797 3816 1915 3882 cor-

315 3873 572 3953 rectione
589 3873 910 3953 intuentium
953 3873 1344 3953 ostenduntfln
1391 3877 1478 3931 his
1524 3876 1712 3953 igitur_
1732 3873 1912 3953 douis,

313 3949 432 4001 sine
465 3947 658 4022 quibus
686 3949 756 4022 ad
787 3949 949 4003 vitam
979 3950 1252 4022 perveniri
1299 3965 1408 4022 non
1449 3943 1644 4022 potest.
1679 3943 1915 4022 Spiritus

321 4014 544 4090 sanctus
575 4018 688 4073 sive
734 4020 787 4072 in
845 4014 1291 4090 praedicatoribus
1309 4014 1468 4085 suis;
1499 4034 1594 4072 seu
1623 4017 1687 4090 iu
1729 4014 1916 4068 electis

316 4089 574 4170 omnibus
604 4086 1145 4170 semper—mancum
1183 4091 1291 4170 illis
1346 4098 1523 4145 autem
1557 4086 1775 4170 quibus
1818 4099 1917 4170 per

317 4159 688 4213 ostensionem
721 4155 866 4214 illius
887 4177 997 4215 non
1027 4169 1211 4216 nostra
1231 4162 1342 4217 vita
1393 4155 1655 4223 servatur,
1675 4156 1773 4210 sed
1785 4155 1914 4208 alio-

315 4245 440 4284 rum
473 4231 756 4302 quarritur,
781 4247 1121 4302 nequaquam
1152 4233 1206 4286 in
1227 4229 1674 4302 pradicatoribus
1703 4241 1918 4302 semper

313 4296 625 4374 permanet,
658 4301 784 4371 quia
807 4296 1024 4374 semper
1044 4296 1261 4374 quidem
1283 4319 1476 4358 eorum
1497 4301 1644 4356 cordi
1676 4299 1747 4374 ad
1775 4296 1918 4352 bene

317 4370 621 4444 vivendum
676 4370 946 4443 praesidet,
1005 4370 1107 4428 nec
1150 4383 1327 4427 tamen
1388 4387 1488 4444 per
1532 4387 1627 4444 eos
1662 4370 1918 4444 virtutum

317 4442 482 4514 signa
513 4441 735 4510 semper
763 4443 1015 4507 ostendit,
1048 4444 1142 4498 sed
1175 4441 1466 4514 aliquando
1484 4457 1543 4496 se
1572 4442 1652 4497 eis
1682 4441 1921 4514 a_signo—

317 4511 440 4566 min
459 4513 858 4584 ostensionibus
879 4515 1174 4584 subtrahit,
1204 4511 1346 4570 uteo
1389 4514 1647 4569 humilius
1687 4511 1919 4584 virtutes

315 4584 441 4666 ejus
464 4582 788 4666 habe-amnt",
813 4601 921 4666 quo
951 4581 1346 4666 habitm'teneri
1373 4591 1772 4666 nonhpossuut.‘
1800 4581 1918 4634 Me—

321 4655 506 4709 diator
531 4663 710 4710 autem
740 4653 844 4710 Dei
873 4665 926 4710 et
951 4658 1260 4723 hominum,
1281 4658 1444 4712 homo
1462 4653 1706 4712 Christus
1743 4653 1921 4719 Jesus,

319 4723 378 4779 in
409 4729 623 4780 cunctis
652 4742 774 4779 eum
803 4731 856 4781 et
885 4743 1104 4796 semper
1123 4737 1176 4781 et
1204 4728 1455 4782 continue
1485 4727 1648 4796 habet
1679 4738 1924 4796 praesen-

324 4802 462 4867 tem,
487 4795 609 4865 quia
651 4804 703 4850 et
733 4811 803 4850 ex
835 4797 928 4852 illo
959 4795 1106 4853 idem
1135 4797 1370 4867 Spiritus
1416 4814 1514 4866 per
1568 4795 1922 4867 substantiam

318 4863 632 4990 profertur.
653 4867 816 4922 Recte
838 4884 972 4939 ergo
1002 4879 1054 4924 et
1081 4863 1204 4923 cum
1234 4869 1286 4922 in
1325 4863 1522 4922 sanctis
1541 4863 1924 4936 praedicatori-

357 4954 422 4990 us
454 4947 658 4990 manet.
684 4939 737 4990 in
767 4939 1064 4990 Mediatore
1091 4939 1435 4990 singulariter
1462 4953 1680 4990 manere
1730 4935 1921 4990 perhi-

357 4954 422 4990 us
454 4939 737 5011 manet,_in
767 4935 1064 5011 Mediatore
1091 4939 1435 5011 singulariter
1462 4935 1680 5011 manere
1729 4935 1921 5011 perhi-

319 5007 496 5082 betur,
520 5009 647 5078 quia
670 5008 722 5062 in
751 5010 998 5082 istisuper
1025 5005 1259 5082 gratiam
1296 5019 1481 5082 manet
1521 5019 1571 5064 et
1601 5007 1824 5082 aliquid,
1867 5005 1923 5082 in

319 5078 418 5133 illo
449 5077 632 5133 autem
685 5097 782 5148 per
811 5077 1166 5136 substantiam
1199 5089 1376 5136 manet
1405 5081 1471 5136 ad
1502 5077 1720 5134 cuncta.
1773 5077 1925 5131 Sicut

323 5150 472 5203 enim
502 5164 704 5219 corpus
763 5160 1001 5206 nostrum
1057 5169 1270 5207 sensum
1329 5151 1705 5206 tantummodo
1748 5152 1923 5219 tactus

317 5221 588 5292 agnoscit,
603 5218 776 5290 caput
805 5229 983 5276 autem
1003 5225 1247 5292 corporis
1284 5239 1438 5276 usum
1469 5221 1623 5276 simul
1679 5218 1923 5274 omnium

321 5291 572 5363 quinque
602 5307 854 5346 sensuum
887 5294 1150 5363 possidet,
1183 5303 1239 5348 ut
1267 5295 1470 5359 videat,
1499 5292 1704 5363 audiat,
1723 5296 1920 5363 gustet,

318 5359 597 5433 odoretur,
625 5370 830 5432 tangat,
863 5359 936 5418 ita
965 5365 1211 5418 membra
1242 5365 1464 5433 superni
1496 5362 1692 5432 capitis
1719 5362 1775 5412 in
1793 5359 1920 5433 qui-

319 5431 553 5504 busdam
581 5430 866 5504 virtutibus
912 5436 1166 5501 emicant,
1227 5430 1408 5504 ips-um
1467 5430 1595 5488 vero
1651 5441 1826 5504 caput
1869 5430 1924 5483 in

318 5503 532 5575 cunctis
562 5503 853 5558 virtutibus
883 5504 1100 5575 flagrat.
1151 5501 1488 5560 Dissimiliter
1515 5520 1652 5574 ergo
1683 5501 1922 5575 Spiritus

319 5573 491 5646 inillo
524 5583 706 5628 manet
749 5591 781 5628 a
810 5591 916 5645 quo
943 5572 1038 5646 p'er
1067 5585 1310 5631 naturam
1366 5572 1644 5644 nunquam
1668 5644 1675 5646 Α
1696 5572 1917 5646 recedit.

319 5644 482 5716 Dona
510 5660 644 5716 vero
669 5646 804 5712 ejus,
828 5643 1027 5716 quibus
1053 5649 1121 5702 ad
1151 5648 1316 5701 vitam
1349 5647 1601 5708 tenditur,
1635 5644 1750 5716 sine
1773 5643 1921 5716 peri-

321 5714 447 5770 culo
479 5715 650 5769 amitti
679 5731 785 5770 non
807 5713 1060 5784 possunt;
1115 5718 1255 5772 dona
1313 5727 1489 5772 autem
1550 5715 1746 5784 quibus
1805 5713 1925 5768 vita:

322 5787 584 5858 sanctitas
615 5787 1009 5858 demonstratur
1065 5789 1404 5858 plerumque,
1459 5795 1514 5841 ut
1570 5787 1919 5850 dictumqest,

323 5855 446 5910 sine
475 5855 763 5928 dispendio
797 5855 1200 5919 subtrahuntur.
1261 5859 1362 5914 Illa
1413 5873 1548 5931 ergo
1601 5873 1702 5929 pro
1745 5863 1924 5910 nostra

1945 4465 2000 4526 D

2028 3192 2149 3248 rum
2168 3179 2297 3248 ipsa
2322 3177 2640 3248 evangelica
2664 3177 2894 3232 historia
2925 3179 2978 3232 in
3012 3177 3251 3233 miraculi
3307 3177 3626 3248 Operatione

2025 3246 2258 3312 reﬁciat,
2288 3247 2432 3318 quod
2455 3246 2673 3318 liydrias
2702 3264 2898 3304 vacuas
2928 3249 3191 3303 Dominus
3221 3246 3360 3318 aqua
3407 3246 3624 3317 impleri

2025 3318 2308 3391 praecepit,
2339 3319 2700 3391 eamdemque
2732 3335 2927 3390 aquam
2960 3319 3208 3391 protinus
3232 3321 3284 3372 in
3300 3319 3482 3391 vinum
3506 3335 3626 3373 ver-

2027 3389 2088 3442 tit
2117 3388 2271 3460 ‘?Sed
2304 3404 2425 3460 cum
2444 3390 2563 3444 haec
2590 3388 2812 3460 ingenio
2858 3390 3240 3460 vigilantiores
3295 3390 3538 3460 audiunt,
3573 3395 3628 3442 et

2025 3475 2229 3530 sacram
2262 3458 2547 3514 historiam
2579 3458 2851 3530 credendo
2881 3458 3222 3525 venerantur,
3253 3468 3306 3526 e_t
3334 3459 3464 3530 quid
3493 3459 3626 3513 inte-

2024 3529 2138 3602 rius
2166 3530 2354 3584 innuat
2382 3533 2691 3602 requirunt.
2732 3529 2836 3598 Qui
2867 3531 3011 3586 enim
3035 3540 3261 3602 mutare
3317 3529 3514 3602 aquam
3571 3531 3627 3584 in

2025 3600 2210 3672 vinum
2243 3601 2436 3672 potuit,
2465 3601 2630 3672 etiam
2661 3617 2860 3656 vacuas
2889 3601 3110 3672 hydrias
3141 3603 3268 3655 vino
3320 3600 3500 3656 statim
3530 3616 3624 3672 re-

2024 3669 2172 3740 plere
2203 3669 2397 3742 valuit.
2420 3671 2528 3726 Sed
2557 3672 2770 3741 impleri
2803 3669 3022 3740 hydrias
3071 3671 3233 3740 jubet
3285 3688 3445 3742 aqua,
3499 3671 3628 3741 quia

2025 3756 2126 3809 per
2153 3756 2364 3794 sacram
2389 3741 2634 3796 lectionis
2680 3741 2963 3796 historiam
3021 3743 3186 3797 corda
3243 3741 3426 3797 nostra
3478 3742 3626 3811 prius

2025 3818 2146 3864 sunt
2173 3812 2457 3882 replenda.
2490 3812 2582 3882 ,Et
2634 3828 2827 3882 aquam
2886 3813 3042 3867 nobis
3084 3814 3140 3868 in
3195 3813 3387 3868 vinum
3443 3812 3622 3872 vertit.

2025 3881 2239 3953 quando
2270 3883 2390 3950 ipsa
2447 3881 2826 3953 historiaiper
2877 3883 3154 3951 allegoriae
3211 3883 3521 3953 mysterium
3571 3884 3626 3936 in

2024 3951 2357 4032 spirituaiem
2386 3952 2544 4032 nobis
2569 3951 3411 4032 intelligentiamucommutatur.
3459 3954 3628 4009 Sacra

2024 4022 2190 4092 igitur
2239 4023 2517 4093 Scriptura
2563 4022 2798 4092 parvulis
2847 4023 3034 4077 humili
3091 4040 3339 4080 sermone
3393 4039 3624 4078 concor-

2024 4093 2136 4165 dat,
2167 4101 2216 4147 et
2247 4100 2426 4148 tamen
2467 4095 2644 4165 magis
2689 4093 2918 4164 spiritali
2971 4093 3264 4149 infundens
3311 4109 3406 4149 eos
3462 4094 3625 4148 altius

1972 4224 1974 4227 ,
2022 4163 2185 4219 levat.

2022 4271 2146 4322 CAP.
2167 4271 2258 4320 VI.
2296 4299 2347 4310 —
2375 4274 2498 4324 Nisi
2515 4273 2641 4340 quid
2661 4277 2864 4324 renatus
2898 4273 3062 4336 fuerit
3089 4287 3157 4321 ex
3201 4285 3332 4337 aqua
3354 4277 3403 4323 et
3426 4273 3626 4340 Spiritu

2525 4347 2692 4391 sancto
2731 4341 2896 4406 (Joan.
2933 4353 3004 4392 m.
3035 4341 3112 4406 5).

2105 4443 2186 4505 (In
2207 4441 2441 4514 exposit.
2483 4443 2546 4495 Β.
2583 4441 2707 4514 iob,
2740 4441 2836 4514 lib.
2857 4443 3000 4510 1v,iu
3022 4441 3232 4514 praefat.
3257 4442 3490 4513 praevia;
3511 4441 3614 4497 lib.

2032 4529 2107 4574 ix.
2141 4528 2201 4566 n.
2243 4511 2645 4584 32.)Nonnulli
2671 4513 2783 4584 pris
2841 4531 2874 4568 a
2921 4511 3174 4584 praesenti
3227 4511 3347 4584 luce
3403 4514 3622 4568 subtra-

2035 4583 2235 4637 huntur
2263 4600 2422 4652 quam
2457 4583 2524 4638 ad
2557 4583 2935 4652 promerenda
2951 4585 3114 4654 bona,
3171 4583 3384 4640 malave
3433 4583 3625 4638 merita

2032 4654 2158 4708 vitae
2179 4655 2368 4708 activae
2397 4654 2740 4724 perveniant.
2762 4655 2929 4726 Quos
2958 4657 3084 4726 quia
3131 4672 3162 4710 a
3191 4655 3353 4725 culpa
3395 4655 3624 4726 originis

2033 4733 2368 4779 sacramenta
2396 4725 2584 4780 salutis
2623 4742 2729 4780 non
2757 4725 3005 4794 liberant,
3040 4735 3090 4782 et
3143 4727 3232 4781 hic
3279 4742 3346 4780 ex
3405 4725 3622 4794 propria

2033 4796 2119 4868 nil
2140 4803 2386 4868 egerunt,
2421 4805 2474 4850 et
2503 4797 2574 4850 ad
2592 4805 2859 4852 tormenta
2880 4805 3081 4853 (eterna
3105 4797 3444 4868 perveniunt.
3466 4795 3624 4862 Quis-

2035 4867 2153 4936 quis
2182 4866 2324 4920 enim
2358 4867 2787 4933 regenerationis
2827 4869 2972 4922 unda
3001 4866 3115 4921 non
3167 4867 3410 4930 solvitur,
3471 4874 3622 4919 reatu

2031 4935 2194 5006 primi
2225 4937 2420 4991 vinculi
2455 4939 2652 5002 ligatus
2683 4947 2892 4994 tenetur
2925 4957 2938 5001 ;
2971 4939 3120 5008 quod
3164 4953 3292 4990 vero
3349 4935 3490 5003 apud
3521 4951 3622 5008 nos

2034 5005 2175 5060 valet
2205 5025 2345 5077 aqua
2375 5008 2735 5077 baptismatis,
2771 5011 2871 5062 hoc
2901 5005 3012 5078 egit
3042 5007 3203 5078 apud
3245 5013 3474 5078 veteres,
3535 5005 3623 5060 vel

2032 5094 2136 5148 pro
2161 5076 2402 5148 parvulis
2432 5076 2548 5134 sola
2581 5079 2732 5145 ﬁdes,
2757 5079 2839 5132 vel
2871 5076 2965 5144 pro
2997 5076 3292 5148 majoribus
3321 5077 3496 5148 virtus
3527 5092 3622 5130 sa-

2032 5146 2238 5211 criﬁcii,
2275 5149 2357 5202 vel
2391 5166 2490 5218 pro
2513 5150 2594 5202 his
2624 5150 2712 5220 qui
2745 5165 2812 5202 ex
2838 5148 3080 5202 Abrahae
3111 5147 3280 5220 stirpe
3303 5146 3622 5220 prodierant

2031 5220 2344 5289 mysterium
2378 5215 2822 5274 circumcisionis.
2878 5220 3032 5289 Nam,
3073 5215 3224 5288 quiat
3259 5215 3625 5289 unusquisque

2032 5288 2156 5344 cum
2192 5291 2348 5358 primi
2381 5290 2622 5360 parentis
2654 5289 2808 5357 culpa
2831 5288 3146 5358 concipitur,
3173 5288 3436 5357 Propheta
3461 5294 3625 5341 testa-

2034 5368 2141 5429 tur,
2167 5361 2354 5414 diccns
2378 5379 2388 5412 :
2415 5363 2550 5415 Ecce
2580 5361 2731 5413 enim
2777 5360 2840 5413 in
2884 5360 3282 5429 iniquitatibus
3320 5361 3624 5429 conceptus

2029 5448 2156 5486 sum
2173 5434 2349 5501 (Psal.
2387 5447 2435 5492 L,
2457 5430 2532 5499 7).
2560 5431 2622 5483 Et
2643 5431 2762 5498 quia
2785 5432 2826 5501 is
2848 5431 3210 5498 qucmsalutis
3231 5446 3298 5501 un
3313 5429 3373 5482 ia
3395 5443 3504 5482 non
3533 5429 3622 5482 di-

2031 5503 2147 5565 luit,
2173 5500 2450 5572 originalis
2467 5501 2639 5572 culpac
2652 5500 2917 5572 supplicia
2943 5517 3047 5554 non
3075 5500 3293 5572 amittit,
3318 5507 3503 5572 aperte
3529 5516 3626 5569 per

2031 5569 2384 5640 semetipsum
2413 5569 2617 5624 Veritas
2648 5570 2915 5639 perhibet,
2951 5572 3139 5624 dicens
3165 5569 3329 5624 :Nisi
3377 5571 3500 5640 quis
3535 5587 3628 5627 re-

2033 5644 2400 5712 natus/uarii
2419 5657 2493 5695 ea:
2521 5659 2665 5711 aqua
2687 5648 2742 5695 et
2768 5643 2999 5712 Spiritu
3038 5647 3235 5697 sancto
3272 5658 3386 5696 non
3410 5643 3629 5696 habebit

2031 5717 2521 5784 vitantwtcrmtm.
2543 5713 2802 5782 Perpetua
2833 5713 2996 5784 igitur
3029 5721 3292 5766 tormenta
3325 5712 3628 5782 percipiunt

2034 5785 2194 5837 etiam
2228 5782 2315 5851 qui
2356 5783 2486 5836 nihil
2520 5800 2584 5837 ex
2621 5782 2876 5852 propria'
2909 5783 3185 5839 voluntate
3233 5791 3618 5849 peccaverunt.

2030 5857 2152 5910 Non
2181 5858 2266 5909 est
2298 5855 2452 5908 enim
2475 5855 2722 5910 mundus
2752 5856 2812 5910 in
2843 5859 3145 5927 conspectu
3172 5855 3291 5921 Dei,
3319 5869 3424 5909 nec
3454 5855 3629 5909 unius
