4082 6170
382 228 522 293 ista

802 239 1056 296 ALULFI
1085 224 1463 296 EXPOSI’I‘IO
1493 236 1656 298 var.
1695 236 1785 298 ET
1813 243 1980 300 NOV.
2014 231 2214 299 TEST.
2244 273 2315 288 α-
2357 238 2515 303 SUP.
2561 251 2815 316 EVANG,
2851 254 3001 310 ssc.
3045 252 3249 310 JOAN.
3334 284 3342 293 ι

3557 262 3692 316 1250

383 367 483 447 rit,
514 383 648 451 pere
680 367 844 451 liberi
871 367 1051 451 eritis.
1077 364 1345 432 Quoniam
1376 364 1544 451 igitur
1560 373 1762 451 aeterpa
1780 368 1876 422 Dei
1898 383 1979 421 sa-
2006 373 2061 429 Α
2089 367 2231 451 hunc
2286 386 2561 451 egressum
2602 384 2869 451 nostrum,
2929 395 3091 448 quem
3149 380 3389 451 quotidie
3430 385 3683 440 meditari

421 437 601 498 icntia,
636 453 756 490 cum
790 438 949 489 Patre
980 451 1201 489 manens
1232 450 1330 506 per
1358 437 1574 505 saecula,
1598 439 1652 491 in
1684 437 1789 493 ﬁne
1807 455 1978 493 saecu-

402 524 553 562 orum
586 516 698 562 erat
726 508 1075 569 incamanda,
1108 506 1176 559 ad
1198 507 1303 561 hoc
1328 507 1577 562 homines
1588 510 1717 578 justi
1740 518 1791 563 et
1809 509 1980 565 sancti

381 586 507 633 sunt
536 579 705 643 missi,
740 589 797 632 ut
826 578 883 631 in
928 578 1182 631 cordibus
1231 579 1509 632 hominum
1560 581 1699 633 viam
1733 581 1857 634 huic
1886 596 1984 633 sa-

378 650 596 719 pientiae
626 649 977 719 praedicando
1008 657 1402 718 praepararent,
1452 650 1541 720 qui
1573 650 1675 703 nisi
1706 667 1764 705 se
1793 666 1981 706 servos

379 720 544 799 huius
573 721 856 799 sapientia;
887 727 1300 799 cognoscerent,
1334 720 1505 773 sancti
1535 722 1840 799 nullatenus
1859 736 1982 775 esse

375 792 700 861 potuissent.
734 790 1046 862 Quiaienim
1076 798 1281 862 certum
1330 799 1458 862 erat
1488 793 1633 862 quod
1663 808 1762 862 per
1791 807 1980 847 acces-

376 860 498 916 Sum
530 873 836 932 temporum
866 860 1167 915 deﬁcientis
1213 861 1426 934 saeculi
1448 860 1737 934 languores
1762 879 1981 917 excres-

372 942 581 1000 cerent,
640 942 819 988 actum
863 941 957 1004 ρει
1010 940 1066 985 ιιι
1136 940 1339 1004 aeterna
1405 933 1503 985 Dei
1557 934 1825 1003 sapientia
1883 950 1981 1004 per

372 1005 723 1073 semetipsam
749 1006 811 1076 in
846 1001 958 1076 ﬁne
994 1003 1315 1076 saeculorum
1363 1004 1568 1058 veniret
1611 1001 1680 1059 ad
1708 1001 1976 1076 grandem

373 1076 517 1130 hunc
547 1072 600 1129 et
631 1074 812 1129 nimiae
843 1072 1168 1145 inﬁrmitatis
1188 1075 1546 1145 aegrotum,id
1577 1081 1662 1129 est
1683 1072 1781 1145 per
1803 1082 1975 1131 totum

372 1147 635 1200 mundum
686 1148 873 1211 jacens
935 1144 1257 1216 languidum
1291 1161 1477 1216 genus
1530 1144 1862 1215 humanum;
1917 1154 1975 1201 ut

369 1216 708 1271 transmissis
757 1218 913 1286 prius
958 1214 1409 1287 praedicatoribus
1438 1217 1598 1287 quasi
1644 1214 1971 1287 quibusdam

369 1284 775 1353 visitatoribus;
789 1290 939 1341 tanto
967 1284 1318 1357 postmodum
1341 1284 1517 1355 major
1545 1284 1694 1342 ﬁeret
1722 1289 1972 1357 potentia

368 1359 590 1427 medici,
622 1367 821 1428 quanto
853 1356 1029 1428 magis
1047 1356 1269 1411 morbus
1302 1359 1565 1412 crevisset
1593 1356 1817 1430 aegroti.

483 1464 607 1518 CAP.
638 1467 775 1518 XXI.
807 1491 870 1501 —
901 1466 1004 1517 Vos
1026 1478 1096 1515 ex
1117 1466 1506 1583 patzeifiabolo
1542 1468 1670 1518 estis
1692 1467 1861 1532 (Joan.

1046 1546 1165 1583 vm.
1248 1560 1251 1563 λ
1300 1570 1312 1582 .

1046 1546 1165 1595 vm,
1206 1536 1312 1598 Li).

439 1615 523 1683 (In
542 1616 775 1684 exposit.
804 1616 863 1670 Β.
884 1615 1008 1683 Job,
1041 1615 1137 1669 lib.
1165 1633 1282 1680 xm,
1323 1633 1472 1671 num.
1505 1618 1594 1680 38,
1626 1616 1842 1671 inverso
1867 1632 1962 1671 or-

365 1684 825 1758 dine.)Antiquus
844 1687 1010 1742 hostis
1037 1686 1561 1758 omnium_princeps
1592 1702 1960 1758 perversorum

361 1755 502 1829 alios
533 1757 720 1829 socios
745 1757 905 1812 habet
935 1766 1094 1827 atque
1124 1758 1262 1812 alios
1278 1755 1564 1827 ﬁlios.Qui
1587 1755 1819 1829 namque
1839 1766 1965 1813 sunt

359 1826 482 1900 ejus
510 1828 643 1900 socii
672 1827 771 1882 nisi
803 1829 878 1882 illi
908 1826 1173 1900 apostatte
1203 1829 1384 1900 angeli
1415 1826 1508 1900 qui
1536 1844 1658 1883 cum
1678 1826 1753 1900 eo
1784 1829 1851 1883 de
1874 1845 1968 1900 pa-

358 1897 478 1970 triae
504 1899 740 1970 armastis
768 1900 897 1953 sede
943 1897 1301 1954 ceciderunt?
1330 1900 1421 1955 Vel
1436 1897 1593 1970 'quos
1640 1899 1775 1955 alios
1804 1897 1970 1954 habet

357 1966 508 2049 ﬁlios
534 1969 636 2023 nisi
664 1985 951 2049 perversos
979 1970 1227 2026 homines
1248 1970 1340 2041 qui
1387 1972 1456 2025 de
1473 1966 1604 2049 ejus
1647 1986 1970 2049 prava_pe_r-

359 2040 621 2110 suasione
660 2040 715 2093 in
752 2041 972 2095 malitiae
1017 2040 1346 2110 generantur
1385 2040 1702 2110 operatione
1731 2043 1759 2094 Ὺ
1811 2040 1966 2096 Unde

362 2109 525 2182 etiam
547 2126 681 2166 voce
699 2112 952 2167 Veritatis
971 2109 1278 2167 inﬁdelibus
1298 2109 1496 2166 dicitur
1528 2128 1540 2166 :
1588 2110 1690 2169 Vos
1712 2128 1786 2167 ex
1799 2116 1967 2182 patre

357 2181 767 2252 diobolarestis.
804 2184 884 2236 Ita
916 2198 1048 2237 vero
1070 2199 1235 2237 unum
1265 2198 1465 2252 corpus
1481 2192 1605 2238 sunt
1636 2181 1886 2237 diabolus
1914 2190 1968 2237 et

361 2266 554 2307 omnes
581 2251 771 2324 iniqui,
804 2261 860 2307 ut
896 2254 1218 2323 plerumque
1256 2251 1475 2309 nomine
1503 2254 1697 2323 capitis
1739 2269 1967 2309 censea-

362 2329 451 2377 tur
475 2338 689 2396 corpus,
723 2332 776 2396 et
805 2324 1020 2379 nomine
1041 2324 1283 2394 corporis
1311 2334 1474 2394 caput
1491 2325 1811 2396 appelletur.
1826 2325 1965 2378 Nam

363 2394 559 2465 capitis
591 2395 807 2449 nomine
863 2405 1115 2450 censetur
1168 2411 1386 2464 corpus,
1437 2394 1577 2451 cum
1609 2396 1678 2450 de
1707 2410 1965 2465 perverso

364 2464 590 2519 homine
618 2465 815 2520 dicitur
843 2481 857 2520 :
891 2468 978 2521 Ea:
1008 2466 1157 2521 vobis
1186 2482 1338 2521 unus
1369 2467 1625 2522 diabolus
1653 2464 1738 2522 est
1765 2467 1955 2531 (Joan.

360 2550 437 2600 vi,
469 2538 589 2608 7t).
616 2537 695 2608 Et
724 2552 935 2591 rursum
962 2537 1179 2592 nomine
1195 2538 1438 2608 corporis
1453 2546 1616 2608 caput
1634 2538 1960 2608 appellatur,

358 2620 485 2683 cum
513 2605 733 2683 de‘ipso
757 2616 994 2683 apostata
1024 2608 1223 2683 angelo
1237 2605 1432 2663 dicitur
1462 2627 1476 2662 :
1509 2605 1786 2665 Inimicus
1800 2608 1961 2664 homo

361 2676 464 2732 hoc
492 2679 633 2746 fecit
666 2676 881 2747 (Matth.
916 2693 1038 2747 xm,
1069 2676 1189 2749 28).

352 2786 486 2837 Car.
515 2786 746 2835 XXll.—
775 2786 873 2847 Qui
918 2802 1015 2838 non
1053 2788 1213 2838 intrat

421 2851 656 2904 ascendit
676 2852 897 2915 aliunde,
923 2855 1011 2903 ille
1033 2854 1120 2913 fur
1144 2859 1221 2904 est
1240 2851 1292 2905 et
1330 2856 1470 2905 latro
1503 2872 1515 2905 :
1548 2855 1639 2917 qui
1672 2862 1850 2905 autem
1873 2856 1958 2905 in-

420 2926 524 2970 tra:
542 2933 638 2981 per
660 2924 867 2982 ostium,
880 2926 1057 2987 pastor
1078 2926 1155 2971 est
1174 2922 1332 2971 ovium
1351 2921 1518 2983 (Joan.
1552 2935 1603 2982 x,
1645 2921 1712 2987 1).

424 3010 649 3077 (Homil.
682 3027 796 3078 xm,
829 3011 883 3065 in
914 3011 1150 3079 Ezech.,
1185 3028 1246 3067 n.
1282 3011 1335 3079 8,
1383 3019 1437 3065 et
1480 3011 1718 3066 maxime
1748 3011 1945 3067 homil.

1258 2800 1351 2852 per
1390 2789 1563 2843 ostium
1590 2788 1641 2838 in
1664 2787 1823 2851 ovile,
1870 2787 1963 2838 sed

348 3074 470 3163 xui,
502 3098 559 3137 n.
594 3084 668 3163 1.)
686 3082 757 3163 .Si
785 3074 976 3163 pastor
1004 3074 1178 3163 bonus
1198 3074 1360 3137 intrat
1388 3098 1487 3163 per
1510 3082 1737 3163 ostium,
1763 3092 1816 3138 et
1834 3085 1953 3155 ipse
1982 3074 2032 3138 C

347 3153 571 3225 ostium,
604 3162 655 3208 et
682 3152 801 3225 ipse
833 3161 1033 3223 pastor,
1083 3154 1199 3224 ipse
1237 3152 1601 3225 proculdubio
1649 3153 1812 3225 intrat
1856 3152 1954 3225 per

345 3222 719 3296 semetipsqu
748 3222 1121 3296 Quaerendum?
1140 3229 1225 3279 est
1240 3222 1428 3296 itaque
1451 3225 1609 3296 nobis
1639 3222 1873 3296 qualiter
1900 3231 1954 3280 et

346 3295 467 3364 ipse
496 3295 655 3351 intret
701 3303 753 3350 et
793 3311 887 3364 per
929 3295 1299 3364 semetipsum.
1344 3295 1610 3350 Dominus
1652 3295 1855 3350 etenim
1885 3310 1952 3352 ac

346 3366 872 3435 Redemptornoster
900 3381 1028 3420 cum
1058 3374 1243 3421 sancta
1270 3365 1514 3420 Ecclesia
1530 3381 1692 3435 quam
1721 3366 1952 3421 redemit

345 3437 646 3492 secundum
666 3452 880 3492 carnem
896 3452 1003 3491 una
1016 3436 1315 3491 substantia
1331 3444 1430 3504 est,
1448 3437 1620 3492 Paulo
1642 3445 1946 3501 attestante,

345 3507 440 3578 qui
470 3508 576 3562 ait:
599 3508 898 3579 Adimpleo
920 3523 986 3563 ea
1001 3523 1123 3577 qua
1137 3507 1341 3579 desunt
1358 3508 1690 3579 passionum
1715 3506 1948 3578 Christi,

342 3576 411 3651 is}
439 3594 613 3651 carne
644 3576 897 3651 mea'pro
924 3576 1164 3651 corpore;
1183 3577 1325 3651 ejus,
1349 3576 1941 3651 quodfstiEcclesias.

342 3647 574 3715 (Colon.
607 3666 647 3717 I,
675 3647 806 3715 24).
829 3647 1241 3719 Hujus'capitis
1271 3647 1466 3719 corpus
1493 3648 1738 3704 Ecclesia
1766 3656 1862 3711 est,
1897 3655 1951 3703 et

346 3720 505 3787 hujus
557 3720 798 3788 corporis
850 3718 1012 3789 caput
1049 3719 1324 3775 Christus.
1386 3719 1465 3773 De
1496 3735 1602 3789 quo
1632 3735 1736 3773 suo
1766 3718 1949 3788 capite

342 3793 579 3845 exsultat
603 3806 819 3860 corpus,
850 3790 905 3843 id
934 3796 1018 3845 est
1033 3798 1220 3845 sancta
1238 3789 1481 3844 Ecclesia
1508 3805 1635 3845 cum
1664 3790 1950 3844 Psalmista

342 3860 559 3931 dicente
592 3879 604 3914 :
640 3862 800 3917 Nunc
831 3865 1024 3931 autem
1054 3861 1336 3917 exaltavit
1359 3863 1529 3931 caput
1558 3876 1748 3916 meum
1777 3876 1949 3931 super

340 3930 615 3987 inimicos
648 3948 798 3987 meos
826 3930 1022 4001 (Psal.
1061 3947 1211 3998 XXVI,
1243 3931 1322 4000 6).
1363 3928 1503 3997 Quia
1531 3932 1671 3985 enim
1704 3928 1950 3999 quando-

342 4018 449 4072 que
478 4004 598 4072 ipsa
627 4004 791 4057 etiam
819 4002 1108 4057 exaltanda
1137 4010 1238 4067 est,
1270 4002 1385 4070 jam
1418 4017 1561 4055 nunc
1601 4008 1766 4071 caput
1794 4016 1950 4056 suum

341 4089 511 4153 super
538 4073 787 4153 inimicos
807 4089 938 4128 suos
967 4073 1267 4153 exaltatum
1298 4072 1505 4153 gaudet
1534 4072 1584 4125 in
1607 4072 1783 4152 caelis.
1814 4073 1949 4153 (ium

340 4143 510 4216 igitur
528 4145 899 4216 electiquique
920 4143 987 4198 ad
1008 4144 1172 4216 vitam
1188 4143 1541 4216 perveniunt;
1562 4143 1952 4216 quiamembra

341 4213 461 4284 ejus
482 4231 582 4284 per
609 4213 734 4270 eum
759 4213 962 4269 intrant
988 4214 1059 4269 ad
1088 4230 1232 4281 eum,
1282 4214 1398 4283 ipse
1430 4229 1530 4283 per
1575 4230 1638 4268 se
1685 4213 1853 4267 intrat
1880 4213 1950 4267 ad

340 4301 405 4341 se
486 4284 608 4356 Ipse
638 4285 784 4341 enim
831 4286 887 4338 in
933 4285 1190 4339 membris
1218 4286 1328 4356 suis
1376 4291 1456 4338 est
1505 4285 1600 4356 qui
1633 4284 1802 4339 intrat
1830 4284 1951 4354 ipse

340 4354 532 4427 caput,
555 4356 621 4410 ad
655 4356 801 4427 quod
830 4356 1083 4409 intrantia
1111 4354 1356 4410 membra
1385 4354 1726 4424 perveniunt.

411 4450 531 4504 Car.
563 4453 743 4509 XXIII.
767 4479 832 4491 —
859 4454 916 4505 Si
1082 4467 1176 4515 per
1192 4452 1571 4586 m;)introisrit,
1593 4454 1883 4507 saluabitur

1023 4534 1136 4571 oan.
1159 4533 1213 4585 ι,
1302 4554 1316 4570 .

1023 4534 1136 4571 oan.
1159 4533 1213 4585 ι,
1235 4533 1316 4585 ν).

416 4611 642 4681 (Homil.
673 4615 724 4680 1,
757 4612 860 4667 lib.
898 4627 957 4678 ιι,
987 4611 1044 4665 in
1070 4612 1302 4678 Ezech.,
1336 4629 1398 4670 ιι.
1436 4611 1519 4678 16,
1550 4620 1603 4667 et
1630 4610 1830 4667 Homil.
1856 4612 1943 4674 l4,

341 4683 440 4737 lib.
476 4697 514 4749 ι,
546 4684 602 4736 in
630 4682 870 4753 Evang.,
889 4699 950 4735 n.
989 4684 1065 4749 5.)
1091 4683 1318 4753 Semper
1334 4682 1521 4753 oculos
1549 4683 1729 4737 cordis
1747 4683 1817 4736 ad
1834 4681 1950 4736 exi-

340 4763 456 4807 tum
483 4760 725 4807 nostrum
758 4752 980 4824 ponere,
1013 4760 1067 4807 et
1094 4752 1346 4807 meditari
1373 4753 1637 4807 debemus
1667 4754 1789 4807 sine
1822 4768 1943 4824 aes:-

340 4824 573 4891 satione,
631 4823 849 4894 quando
904 4839 935 4878 a
977 4824 1227 4893 pmsenti
1268 4824 1380 4879 vita
1436 4838 1712 4888 exeamus,
1771 4831 1825 4878 et
1875 4823 1948 4877 ad

339 4902 545 4966 aeterna
574 4894 775 4966 gaudia
804 4896 1204 4966 pertingamus.
1243 4895 1472 4961 Propter
1498 4896 1603 4949 hoc
1631 4893 1835 4966 quippe
1851 4894 1949 4966 Pa-

340 4963 442 5018 tris
472 4963 903 5030 Unigenitusest
949 4963 1275 5030 incarnatus,
1323 4972 1380 5019 ut
1426 4978 1525 5017 nos
1579 4964 1652 5018 ad
1693 4965 1948 5020 Ecclesia

338 5042 541 5090 sanctae
569 5034 731 5089 ﬁdem
764 5034 1087 5097 introducat,
1122 5043 1173 5089 et
1201 5036 1272 5088 ad
1301 5034 1540 5104 speciem
1571 5050 1688 5089 suae
1724 5035 1950 5089 visionis

338 5105 564 5161 educat.
603 5106 758 5160 Unde
790 5106 1045 5175 loquitur,
1079 5105 1267 5177 dicens
1301 5123 1314 5159 :
1349 5105 1421 5159 Si
1449 5107 1574 5176 quis
1601 5121 1704 5177 per
1732 5122 1819 5161 me
1850 5107 1947 5161 in-

342 5177 587 5239 troierit,
621 5177 952 5243 salvubitur,
986 5175 1509 5247 etjingredietur,et
1536 5175 1875 5247 egredietur,
1891 5180 1948 5232 et

336 5262 554 5319 pascua
568 5247 841 5319 inveniet.
864 5246 1205 5319 Ingredietur
1222 5246 1481 5319 videlicet
1497 5246 1770 5319 adﬁdem,
1793 5263 1950 5319 egre-

342 5315 525 5371 dietur
553 5332 684 5373 vero
715 5333 746 5370 a
774 5315 879 5371 ﬁde
906 5315 975 5371 ad
1006 5318 1262 5385 speciem,
1296 5333 1327 5371 a
1356 5317 1676 5371 credulitate
1710 5318 1778 5371 ad
1808 5315 1946 5373 con-

341 5387 749 5455 templationem
774 5402 787 5455 ;
819 5403 1019 5458 pascua
1048 5393 1229 5441 autem
1281 5388 1523 5442 inveniet
1554 5388 1611 5441 in
1635 5395 1835 5443 aeterna
1856 5403 1946 5443 re-

342 5458 579 5513 fectione
607 5467 662 5513 et
690 5459 955 5513 satietate.
976 5458 1238 5529 Quisquis
1270 5459 1414 5513 enim
1438 5458 1734 5529 Dominum
1759 5460 1946 5513 Jesum

341 5529 507 5602 corde
535 5529 771 5602 simplici
788 5529 1049 5602 sequitur,
1072 5528 1290 5584 aeterna:
1310 5528 1597 5602 viriditatis
1617 5529 1819 5602 pabulo
1839 5546 1945 5583 nu-

343 5599 681 5671 tritueruae
709 5599 890 5655 autem
940 5606 1063 5654 sunt
1102 5615 1307 5670 pascua
1339 5599 1442 5653 nisi
1466 5600 1705 5670 paradisi
1734 5615 1949 5671 semper

338 5669 584 5742 virentis
599 5676 807 5725 aeterna
847 5669 1118 5742 gaudia?
1140 5671 1345 5742 Pascua
1395 5669 1628 5742 namque
1653 5669 1948 5742 electorum

342 5739 677 5823 suntvultus
703 5739 948 5823 prgsens
976 5741 1098 5809 Dei,
1130 5740 1222 5823 qui
1268 5742 1398 5823 dum
1426 5739 1554 5823 sine
1571 5741 1786 5823 defectu
1810 5757 1947 5823 con-

342 5808 591 5881 spicitur,
623 5808 748 5869 sine
774 5811 886 5869 ﬁne
911 5827 1076 5870 mens
1104 5808 1230 5872 vitae
1272 5810 1398 5868 cibo
1439 5811 1687 5869 satiatur.
1726 5813 1951 5885 Propter

1976 4424 2032 4485 D

2092 448 2269 524 mente
2299 441 2680 524 debemus,__(le
2706 441 3068 524 Redemptore
3097 441 3281 524 no'stro
3314 454 3510 508 Paulus
3540 472 3684 524 quo-

2092 526 2196 579 que
2241 511 2502 596 loquitur,
2555 516 2743 596 dicens
2777 536 2788 572 :
2828 522 2890 577 Ut
2916 511 3312 588 sancti/iamet
3369 540 3469 594 per
3517 511 3687 582 suum

2088 590 2425 663 sanguinem
2470 590 2770 663 papulum,
2825 597 2997 646 extra
3052 597 3274 662 portam
3316 590 3515 663 passus
3566 603 3674 652 est.

2090 652 2373 735 Eaeamus
2404 652 2579 735 igitur
2606 661 2677 712 ad
2706 652 3028 735 eumextra
3044 652 3252 735 castra,
3280 652 3688 735 iinproperium

2088 731 2221 805 ejus
2230 731 2527 805 portantes
2559 749 2577 805 ς
2606 744 2723 805 non
2752 734 2907 805 enim
2938 732 3202 788 habemus
3233 734 3323 789 hic
3351 731 3684 793 induentem

2086 797 2397 862 civitatem,
2424 797 2521 853 sed
2548 802 2810 868 futuram
2831 797 3174 875 iuquirimus
3204 806 3386 873 (Hebr.
3403 823 3524 875 xm,
3575 814 3684 879 I2).

2088 905 2213 955 Car.
2239 905 2414 956 XXIV.
2439 934 2499 943 —
2518 908 2828 1040 Potssuitlem
2856 910 3250 1043 haberigionendi
3273 918 3491 964 animam
3526 930 3691 968 mum

2768 988 2881 1027 can.
2912 990 2965 1037 ι,
3075 1015 3087 1028 .

2768 988 2881 1027 can.
2912 990 2965 1037 Χ,
2985 988 3087 1037 ιδ).

2155 1073 2242 1139 (In
2273 1073 2513 1153 esposit.
2562 1076 2627 1129 B.
2679 1076 2801 1153 Job,
2845 1076 3133 1153 libuxxw,
3174 1097 3235 1135 ιι.
3278 1084 3332 1147 2,
3381 1083 3434 1146 3,
3482 1083 3513 1134 4
3542 1091 3594 1137 et
3624 1088 3678 1153 5,

2082 1143 2624 1222 aliquandoinverso
2654 1148 2906 1222 ordine.)
2929 1143 3128 1222 Omne
3162 1143 3335 1222 genus
3386 1143 3681 1208 humanum

2081 1213 2429 1293 inimicanilla
2460 1219 2742 1293 persuasio
2772 1218 2827 1272 in
2857 1213 3032 1289 culpae
3070 1213 3323 1293 contagio
3355 1223 3425 1276 ab
3446 1224 3563 1293 ipsa
3587 1241 3682 1279 ra-

2079 1284 2201 1340 dice
2227 1284 2512 1365 polluerat,
2568 1288 2850 1365 nullusque
2905 1284 3015 1345 erat
3062 1292 3153 1361 qui
3185 1284 3332 1365 apud
3378 1284 3551 1348 Deum
3582 1311 3683 1365 pro

2077 1356 2455 1435 peccatoribus
2487 1356 2826 1435 intercedens
2868 1377 2901 1415 a
2941 1356 3163 1435 peccato
3206 1356 3346 1417 liber
3370 1356 3681 1435 appareret,

2078 1430 2333 1505 quoniam
2365 1444 2431 1505 es
2463 1430 2870 1505 eademkmassa
2910 1432 3084 1505 editos
3136 1450 3294 1505 asque
3323 1430 3552 1490 cunctos
3583 1430 3684 1505 par

2075 1506 2259 1578 {catus
2288 1497 2614 1578 involverat.
2654 1502 2885 1578 Proinde
2923 1503 3070 1557 venit
3098 1504 3167 1557 ad
3205 1497 3317 1559 'nos
3366 1497 3685 1578 Unigenitus

2074 1566 2247 1646 Patris
2279 1585 2291 1621 :
2327 1573 2621 1646 assumpsit
2652 1587 2716 1627 ex
2747 1573 2908 1646 nobis
2940 1584 3211 1646 naturam,
3232 1591 3342 1630 non
3362 1566 3682 1646 perpetrans

2072 1639 2315 1717 culpam.
2330 1640 2457 1717 Sine
2484 1639 2710 1717 peccato
2740 1645 2938 1717 quippe
2960 1645 3145 1717 debuit
3172 1639 3289 1700 esse
3311 1639 3399 1715 qui
3420 1639 3525 1717 pro
3544 1665 3680 1716 pec—

1992 1727 2047 1787 B
2074 1709 2354 1787 caioribus
2378 1709 2699 1787 intervenire
2728 1709 3010 1783 potuisset,
3043 1716 3170 1785 quia
3198 1709 3453 1770 nimirum
3483 1709 3681 1774 alienas

2074 1780 2667 1864 pollutioniscontagia
2714 1780 2827 1864 non
2867 1780 3199 1864 tergeret,_si
3247 1787 3464 1864 propria
3508 1789 3679 1864 susti-

2077 1860 2252 1925 neret.
2292 1854 2552 1908 Mediator
2580 1854 2760 1925 itaque
2793 1855 2889 1911 Dei
2917 1854 2975 1911 et
3000 1854 3298 1923 hominum,
3330 1854 3495 1913 homo
3526 1859 3682 1913 Chri-

2076 1930 2190 1976 stus
2218 1924 2372 2000 iesus
2426 1924 2771 2000 intercedens
2819 1942 2919 2000 pro
2966 1928 3359 2000 peccatoribus,
3414 1932 3679 2000 semetip-

2075 2009 2193 2046 sum
2218 1993 2426 2063 justum
2459 1997 2731 2070 hominem
2762 1993 2851 2070 qui
2873 1993 2984 2070 pro—
3001 1998 3121 2051 allis
3149 1993 3545 2070 indulgentiam
3569 1993 3681 2056 nie-

2076 2073 2286 2139 reretur
2338 2068 2598 2120 ostendit.
2671 2067 2901 2139 Veniens
2947 2068 3133 2139 itaque
3178 2070 3248 2123 ad
3296 2067 3396 2125 nos
3444 2071 3682 2139 desuper

2075 2135 2315 2191 medicus
2342 2145 2538 2212 noster,
2572 2138 2847 2212 tantisque
2873 2153 2971 2212 nos
3012 2135 3294 2212 inveniens
3325 2135 3676 2212 languoribus

2074 2221 2304 2275 pressos,
2339 2207 2599 2279 quiddam
2620 2207 2778 2263 nobis
2807 2210 3315 2279 simileetquiddam
3345 2207 3676 2267 contrarium

2073 2278 2343 2346 apposuit.
2402 2280 2482 2350 Ad
2527 2279 2776 2333 homines
2814 2280 3014 2349 quippe
3057 2278 3222 2335 homo
3253 2283 3418 2350 venit,
3464 2284 3560 2338 sed
3606 2285 3677 2338 ad

2073 2356 2383 2421 peccatores
2406 2348 2982 2417 justus.Concordavit
3010 2351 3168 2406 nobis
3190 2348 3419 2409 veritate
3452 2362 3674 2421 nature,

2071 2418 2169 2491 sed
2199 2418 2532 2491 discrepavit
2562 2437 2594 2474 a
2652 2423 2813 2475 nobis
2868 2422 3091 2477 veritate
3127 2423 3372 2491 justitiae.
3435 2418 3675 2481 Vitiosus

2071 2488 2217 2563 enim
2250 2490 2410 2544 homo
2432 2492 2637 2563 corrigi
2665 2506 2771 2546 non
2802 2499 3029 2561 poterat,
3059 2488 3161 2547 nisi
3190 2510 3290 2563 per
3320 2495 3530 2560 Deum;
3573 2496 3661 2551 vi-

2069 2559 2186 2634 deri
2217 2569 2397 2634 autem
2424 2559 2613 2616 debuit
2643 2563 2732 2631 qui
2761 2559 3084 2634 corrigebat,
3119 2559 3664 2634 ut'praabendoimi-

2068 2631 2291 2685 tationis
2320 2630 2574 2698 formam,
2623 2630 2887 2688 anteactae
2908 2630 3152 2690 'malitiae
3198 2630 3432 2689 mutaret
3472 2639 3665 2691 vitam.

2070 2700 2179 2756 Sed
2211 2702 2377 2757 videri
2409 2703 2483 2756 ab
2513 2704 2732 2759 homine
2762 2720 2868 2760 non
2890 2714 3128 2773 poterat;
3162 2706 3479 2761 Deushomo
3499 2707 3674 2762 factus

2066 2781 2168 2848 est,
2202 2782 2258 2827 ut
2287 2774 2466 2848 videri
2514 2776 2799 2848 potuisset.
2838 2777 3038 2848 justus
3096 2777 3352 2848 igiturret
3376 2777 3673 2833 invisibilis

2066 2842 2213 2915 Deus
2244 2842 2531 2914 apparuit,"
2545 2846 2735 2899 similis
2763 2846 2920 2901 nobis
2976 2842 3143 2902 homo
3169 2847 3413 2915 visibilis,
3454 2855 3511 2901 ut
3541 2849 3671 2903 dum

2065 2913 2346 2986 videretur
2372 2930 2439 2969 ex
2469 2916 2654 2983 simili,
2678 2926 2896 2971 curaret
2914 2933 2978 2971 ex
2998 2918 3143 2986 justo
3166 2936 3179 2979 ;
3214 2927 3266 2972 et
3286 2913 3413 2971 dum
3445 2920 3671 2974 veritate

2064 2985 2279 3056 generis
2308 2987 2602 3041 concordat
2640 2987 2957 3051 conditioni,
3004 2985 3202 3043 virtute
3246 2989 3375 3042 artis
3422 2990 3673 3045 obviaret

2063 3056 2389 3126 aegritudini.
2423 3057 2485 3110 In
2514 3073 2676 3111 carne
2705 3073 2836 3127 ergo
2866 3059 3088 3112 veniens
3116 3059 3377 3114 Dominus
3406 3075 3514 3115 non
3544 3059 3667 3116 cul-

2060 3142 2187 3196 pam
2216 3135 2457 3199 nostram
2491 3144 2556 3182 ex
2604 3128 2754 3195 vitio,
2793 3142 2906 3183 non
2962 3144 3182 3199 pinnam
3231 3146 3299 3184 ex
3346 3132 3665 3187 necessitate

2060 3197 2317 3270 suscepit,
2350 3198 2499 3270 nulla
2527 3199 2678 3270 enim
2734 3197 3122 3268 peccatiﬁlabe
3168 3202 3426 3270 pollutus,
3481 3211 3664 3256 reatus

2060 3268 2226 3323 nostri
2257 3269 2426 3323 teneri
2456 3269 2764 3341 conditione
2810 3284 2918 3325 non
2960 3268 3250 3341 potuit,’et
3281 3271 3406 3327 ideo
3432 3281 3665 3327 mortem

2059 3346 2301 3413 nostram
2333 3341 2480 3413 omni
2511 3340 2825 3413 necessitate
2856 3340 3083 3413 calcata,
3116 3358 3236 3396 cum
3270 3342 3458 3413 voluit,
3477 3352 3669 3413 sponte

2060 3410 2316 3482 suscepit.
2347 3412 2702 3482 Nequaquam
2733 3411 2876 3466 enim
2907 3412 2980 3466 ita
3008 3421 3066 3466 ut
3094 3428 3193 3467 nos
3223 3412 3321 3466 fuit
3360 3410 3539 3480 natus,
3564 3429 3667 3471 nec

2058 3481 2134 3535 ita
2164 3489 2422 3554 mortuus,
2448 3481 2659 3554 ’necita
2693 3483 3073 3554 resuscitatus.
3114 3484 3237 3539 Non
3281 3484 3426 3537 enim
3455 3500 3663 3554 coope-

2056 3560 2214 3605 rante
2243 3552 2405 3617 coitu,
2438 3554 2530 3607 sed
2564 3552 2764 3623 Spiritu
2815 3562 3002 3609 sancto
3058 3555 3490 3623 superveniente,
3523 3552 3663 3610 con-

2058 3630 2248 3691 ceptus
2277 3632 2392 3685 est;
2427 3631 2586 3677 natus
2615 3632 2796 3678 autem
2830 3632 3069 3678 materna
3090 3624 3315 3692 viscera,
3347 3632 3400 3679 et
3429 3626 3660 3681 fecunda

2058 3692 2324 3763 exhibuit.
2357 3702 2410 3747 et
2437 3694 2748 3763 incorrupta
2774 3696 3038 3749 servavit.
3075 3696 3313 3751 Rursum
3344 3711 3442 3750 nos
3473 3712 3662 3751 omnes

2058 3778 2181 3835 cum
2212 3762 2461 3835 nolumus
2490 3762 2768 3830 morimur,
2800 3766 2927 3835 quia
2956 3766 3025 3818 ad
3056 3766 3334 3820 solvendae
3364 3782 3541 3835 ptcnae
3570 3767 3663 3822 de-

2058 3781 2181 3816 cum
2212 3781 2461 3817 nonumus
2490 3781 2768 3830 monmur,
2838 3781 2927 3817 uia
2956 3781 3025 3818 aa
3056 3781 3334 3820 sonvennae
3364 3782 3541 3835 ptcnae
3570 3781 3662 3822 ue-

2057 3832 2227 3886 bitum
2259 3834 2435 3902 culpae
2464 3842 2661 3888 nostra}
2690 3781 3003 3889 conditione
3031 3844 3394 3891 coarctamur.
3435 3837 3535 3891 Ille
3562 3854 3662 3892 au-

2057 3908 2169 3956 tem
2200 3905 2324 3973 quia
2356 3905 2488 3957 nulli
2519 3904 2829 3958 admixtum
2859 3913 2941 3958 est
2964 3906 3159 3973 culpae,
3192 3906 3327 3959 nulli
3358 3924 3421 3961 ex
3461 3923 3659 3962 neces-

2058 3973 2215 4045 sitate
2257 3974 2537 4029 succubuit
2584 3990 2786 4042 pcenas.
2842 3975 2952 4029 Sed
2995 3975 3124 4045 quia
3170 3976 3389 4044 culpam
3419 3986 3659 4032 nostram

2060 4044 2391 4116 dominando
2421 4046 2679 4111 subdidit,
2702 4060 2918 4116 prauam
2942 4044 3180 4116 nostram
3214 4047 3522 4101 miserando
3536 4065 3657 4102 sus-

2059 4115 2222 4184 cepit,
2255 4114 2389 4169 sicut
2419 4116 2536 4185 ipse
2563 4116 2638 4170 ait
2668 4114 3061 4188 {Potestatem
3077 4115 3248 4172 habeo
3268 4116 3518 4188 ponendi
3534 4119 3659 4173 ani-

2058 4200 2212 4239 mam
2242 4202 2453 4257 meam,
2485 4191 2542 4241 et
2569 4191 2933 4257 potestatem
2956 4185 3124 4242 habeo
3158 4185 3369 4242 iterum
3390 4187 3652 4244 sumendi

2059 4272 2204 4311 eam.
2229 4255 2332 4323 Qui
2362 4256 2525 4310 etiam
2551 4255 2849 4325 praemisit:
2871 4256 3056 4312 Nemo
3073 4258 3228 4312 tollit
3244 4274 3369 4312 eam
3385 4275 3420 4313 a
3439 4259 3657 4325 me,sed

2059 4342 2156 4396 ego
2170 4342 2316 4400 pono
2337 4342 2459 4382 eam
2482 4344 2518 4382 a
2535 4331 2763 4400 meipso.
2785 4328 3013 4400 Rursum
3037 4344 3143 4400 non
3178 4335 3236 4381 ut
3255 4344 3355 4383 nos
3374 4329 3656 4400 suscitatus

2059 4403 2163 4469 est,
2196 4397 2321 4467 quia
2350 4405 2535 4469 nostra
2562 4397 2884 4455 resurrectio
2906 4398 2959 4452 in
2979 4398 3142 4453 ﬁdem
3162 4400 3346 4455 saeculi
3367 4407 3448 4453 est
3465 4398 3656 4469 dilata,

2061 4467 2207 4541 illius
2234 4482 2362 4522 vero
2392 4468 2481 4541 die
2511 4469 2668 4524 tertio
2717 4469 3018 4541 celebrata.
3064 4470 3133 4524 Et
3161 4486 3261 4525 nos
3307 4469 3531 4539 quidem
3558 4467 3661 4541 per

2059 4537 2214 4613 illum
2242 4539 2575 4613 resurgimus
2598 4557 2611 4593 :
2646 4555 2775 4594 nam
2803 4540 2915 4613 ipse
2930 4556 3032 4613 per
3060 4556 3151 4602 se;
3182 4537 3358 4613 neque
3385 4542 3531 4596 enirn
3558 4537 3653 4613 qui

2053 4609 2202 4682 Deus
2228 4617 2346 4682 erat
2374 4609 2514 4663 sicut
2542 4626 2641 4665 nos
2663 4619 2722 4665 ut
2768 4611 2837 4682 ab
2892 4610 3002 4664 allo
3049 4609 3355 4668 resuscitari
3403 4609 3665 4682 potuisset

2055 4680 2368 4752 indigebat.
2409 4682 2471 4733 In
2502 4696 2568 4735 eo
2598 4696 2731 4752 ergo
2752 4681 2873 4750 ejus
2892 4683 3212 4737 resurrectio
3237 4680 3452 4737 distat‘a
3484 4692 3663 4738 nostra

2055 4752 2203 4822 quod
2224 4766 2339 4824 non
2370 4766 2470 4824 per
2497 4753 2864 4824 nosmetipsos
2883 4754 3403 4824 resurgemus,sicut
3419 4752 3540 4824 ille;
3564 4770 3660 4823 pro

2054 4821 2121 4876 eo
2151 4821 2471 4894 enimiquod
2498 4821 2825 4893 simpliciter
2875 4821 3120 4894 homines
3138 4838 3353 4894 sumus,
3386 4821 3660 4894 adjutorio

2055 4892 2319 4962 superiori
2346 4892 2409 4947 ut
2435 4909 2723 4963 resurgere
2753 4894 3032 4963 valeamus
3062 4892 3398 4963 indigemus.
3438 4892 3534 4946 Ille
3565 4911 3657 4947 au-

2056 4971 2164 5017 tem
2194 4964 2445 5034 ejusdem
2467 4962 2873 5019 resurrectionis
2903 4962 3010 5017 vim
3043 4977 3166 5015 cum
3196 4962 3355 5034 Patro
3380 4968 3439 5034 et
3468 4972 3661 5019 sancto

2055 5031 2257 5103 Spiritu
2286 5035 2431 5088 Deus
2465 5034 2733 5097 exhibuit,
2781 5048 2944 5102 quam
2993 5039 3174 5085 tamen
3204 5032 3348 5086 solus
3378 5031 3432 5084 in
3462 5034 3659 5088 huma-

2055 5106 2223 5159 nitate
2252 5106 2526 5174 percepit.
2552 5104 2815 5160 Dominus
2840 5104 3019 5174 igitur
3035 5110 3210 5169 natus,
3234 5111 3658 5174 veremortuus,

2054 5191 2183 5255 vere
2212 5171 2583 5255 resuscitatus,
2615 5175 2677 5255 in_
2709 5171 2960 5255 omnibus
2988 5171 3152 5255 distat
3171 5188 3224 5255 _a
3254 5171 3411 5255 nobis
3438 5177 3661 5255 magni-

2056 5247 2243 5301 tudine
2273 5242 2680 5317 potentiae,sed
2729 5246 2849 5317 sola
2893 5242 3382 5317 con‘cordat‘nobis
3433 5242 3658 5302 veritate

2054 5313 2290 5385 naturae;
2324 5322 2379 5371 et
2400 5333 2520 5372 cum
2551 5316 2607 5369 in
2623 5314 2832 5371 cunctis
2855 5314 3113 5383 operibus
3134 5313 3247 5367 suis
3268 5314 3534 5385 immensa
3556 5333 3656 5373 nos

2057 5389 2251 5443 virtute
2280 5387 2650 5454 transcendat,
2683 5387 2737 5440 in
2760 5400 2868 5439 uno
2900 5394 3077 5439 tamen
3118 5399 3149 5439 a
3181 5384 3353 5451 nobis,
3388 5386 3445 5440 id
3477 5395 3558 5441 cst
3596 5389 3653 5442 in

2056 5459 2246 5513 formae
2274 5458 2657 5528 veritate,non
2705 5458 2999 5525 discrepat.
3048 5455 3183 5528 Quia
3224 5471 3377 5528 ergo,
3448 5466 3658 5528 utprae-

2056 5530 2259 5583 dictum
2291 5536 2391 5591 est,
2422 5527 2603 5581 nullus
2631 5536 2766 5594 erat,
2799 5528 2956 5595 cujus
2989 5525 3198 5581 meritis
3225 5525 3382 5581 nobis
3404 5525 3668 5585 Dominus

2053 5599 2332 5670 propitiari
2354 5598 2652 5670 debuisset.
2683 5598 3005 5670 Unigenitus
3038 5596 3207 5670 Patris
3237 5596 3473 5653 formam
3504 5601 3661 5653 inﬁr-

2055 5668 2255 5725 mitatis
2274 5675 2480 5739 nostra;
2508 5668 2836 5739 suscipiens,
2869 5669 3018 5723 solus
3049 5668 3226 5736 justus
3256 5670 3529 5738 apparuit,
3561 5686 3661 5739 pro

2052 5738 2434 5810 peccatoribus
2458 5738 2842 5810 intercedens;
2877 5740 2969 5810 qui
2997 5739 3126 5793 dum
3171 5753 3394 5808 poenam
3423 5738 3664 5796 nostram

2052 5808 2338 5867 moriendo
2393 5809 2661 5885 toleravit,
2720 5808 3123 5884 corruptionem
3173 5816 3422 5868 nostram
3473 5826 3665 5868 resur-
