4082 6170
526 236 661 295 12ὃὸ

1392 233 1746 296 APPENDIX
1788 241 1881 295 AD
1921 241 1986 296 s.
2036 239 2380 298 GREGORII
2413 231 2660 301 ’OPERA
2699 242 2952 299 OMNIA.

3662 252 3772 310 1266

524 361 779 437 lmtificet,
821 370 874 416 et
923 378 1134 415 rursum
1175 362 1288 430 ejus
1317 361 1494 433 gloria
1515 363 1658 437 _sine
1685 363 1908 437 invidize
1956 364 2115 434 culpa
2143 365 2198 427 Α
2226 364 2538 420 distributas
2561 367 2812 432 insinuat,
2839 383 2960 420 eum
2983 367 3090 420 ait:
3129 367 3265 424 Atia
3299 365 3532 424 claritas
3553 370 3700 437 (una,
3727 377 3774 428 et

521 433 818 498 contristet,
843 441 1035 504 cumet
1067 443 1250 486 ruente
1272 449 1338 486 eo
1361 433 1623 502 quosdam
1660 434 1795 504 erigi
1821 435 1960 488 bene
1988 433 2110 488 cre-

521 504 718 568 dimus,
754 513 808 557 et
853 503 1171 572 proﬁciente
1201 503 1293 557 illo
1323 504 1616 574 plerosque
1661 503 1853 572 injuste
1880 506 2114 574 opprimi

519 574 899 630 formidamus.
934 575 1050 642 Qua
1081 575 1138 628 in
1170 590 1226 629 re
1251 584 1487 628 mentem
1536 580 1799 643 nostram,
1848 592 1948 630 nec
1995 577 2114 644 ejus

511 643 628 712 jam
679 643 930 700 defectus
975 645 1157 715 erigit,
1206 662 1302 699 nec
1328 646 1446 713 ejus
1495 647 1774 716 profectus
1816 643 2037 711 addicit,
2067 647 2112 700 si

514 723 664 786 recta
691 724 876 770 nostra
904 717 1162 786 cegitatio
1203 732 1310 771 non
1343 716 1470 785 quid
1501 717 1556 769 in
1583 716 1728 786 ipso,
1758 717 1851 770 sed
1883 717 2012 786 quid
2044 719 2111 772 de

513 785 639 858 ipso
655 786 800 841 circa
827 785 962 841 alios
991 797 1184 858 agatur
1205 788 1448 840 attendit.
1472 787 1594 858 Sed
1612 785 1687 841 ad
1709 789 1824 842 hzec
1843 785 2114 842 servanda

519 857 679 911 valde
710 865 791 912 est
820 857 1187 912 necessarium
1226 857 1590 912 subtilissima)
1618 857 1957 912 discretionis
1987 874 2111 913 exa-

511 943 660 991 men,
691 943 758 982 ne
783 944 914 982 cum
963 936 1145 982 nostra
1175 929 1304 982 odia
1334 928 1693 998 exsequimur,
1727 929 1980 982 fallamur
2007 929 2111 983 sub

511 1001 692 1068 specie
742 998 984 1052 utilitatis
1033 999 1243 1054 alienae.
1276 999 1331 1053 Si
1379 1005 1558 1053 autem
1603 1001 1670 1054 de
1700 999 1911 1056 inimici
1941 1008 2110 1054 morte

513 1070 866 1141 gaudendum
905 1071 1126 1124 omnino
1157 1085 1265 1124 non
1297 1079 1454 1130 esset,
1505 1070 1794 1141 Psalmista
1823 1087 1928 1124 non
1961 1072 2110 1124 dice-

515 1139 622 1194 ret:
659 1139 1201 1213 Lcetabiturjustus,
1217 1157 1344 1213 cum,
1357 1141 1562 1213 viderit
1588 1140 1902 1213 vindictam
1918 1144 2113 1213 impio-

515 1227 647 1266 rum
677 1213 850 1278 (Psat.
867 1211 998 1278 Lvn,
1023 1212 1130 1280 11).
1156 1212 1261 1265 Sed
1282 1211 1427 1265 aliud
1450 1219 1528 1265 est
1545 1211 1789 1280 impium,
1810 1212 1958 1266 aliud
1982 1211 2108 1267 vero

515 1281 1059 1353 inimicumperpeti.
1089 1283 1224 1336 Nam
1247 1290 1368 1336 sunt
1390 1283 1632 1351 plerique
1653 1283 1858 1337 inimici
1881 1284 1969 1353 qui
2000 1299 2109 1338 non

515 1359 638 1424 sunt
671 1352 844 1422 impii,
867 1361 918 1407 et
939 1362 1073 1424 sunt
1095 1353 1335 1424 nonnulli
1375 1353 1534 1422 impii
1565 1355 1658 1422 qui
1680 1354 1841 1408 nobis
1881 1352 2105 1424 specia-

509 1422 633 1478 liter
665 1439 770 1478 uon
789 1424 1036 1478 videntur
1065 1423 1298 1478 inimici.
1336 1424 1578 1478 Humana
1595 1432 1772 1478 autem
1806 1422 1960 1478 mens
1982 1440 2104 1478 om-

508 1509 632 1546 nem
665 1493 842 1563 quiem
876 1493 1153 1548 inimicum
1170 1494 1364 1548 tolerat
1393 1495 1560 1548 etiam
1591 1495 1820 1563 impium
1878 1503 1932 1549 et
1995 1495 2104 1549 ini-

507 1580 670 1633 quum
694 1565 994 1635 putat,quia
1015 1565 1133 1634 ejus
1153 1565 1343 1636 culpas
1366 1565 1510 1633 apud
1528 1566 1917 1636 cogitationem
1969 1566 2108 1621 livor

507 1633 1142 1718 accusator'exaggerat.
1195 1633 1696 1718 Qui_buslibet_vero
1721 1637 1942 1718 ﬂagitiis
1968 1653 2103 1717 pre—

2225 437 2340 511 atia
2355 438 2934 511 claritasstetlarum:
2947 439 3116 494 stella
3135 439 3288 494 enim
3303 457 3338 494 α
3359 439 3523 494 stella
3542 439 3708 511 diﬁert
3725 443 3774 497 in

2219 509 2491 566 claritate
2511 509 2557 562 (1
2584 507 2714 571 Cor.
2752 527 2836 571 xv,
2872 511 2996 579 41).

2220 583 2351 631 Car.
2376 581 2602 631 XXXIV.
2629 609 2691 618 —
2734 583 2840 643 Ego
2876 583 3065 646 rogabo
3113 583 3334 642 Patrem,
3371 587 3421 631 et
3445 581 3598 632 alium
3636 586 3778 635 Para-

2519 648 2692 699 clitum
2738 647 2881 699 dabit
2905 650 3047 700 vobis
3079 649 3245 709 tJoan.
3288 661 3394 707 uv,
3423 649 3520 707 t6).

2293 713 2382 784 (In
2421 713 2654 784 exposit.
2693 715 2756 768 Β.
2808 714 2930 782 Iob,
2965 714 3058 769 lib.
3089 731 3142 777 v,
3177 731 3328 767 num.
3388 715 3513 781 50.)
3542 715 3780 784 Aspiratio

2219 783 2388 836 sancti
2415 783 2644 853 Spiritus
2664 785 2962 839 humanam
2995 792 3235 839 mentem
3256 785 3528 855 tangendo
3547 783 3778 853 sublevat,

2220 861 2272 927 et
2302 855 2634 927 temporales
2663 856 3022 927 cogitationes
3067 855 3396 927 deprimens,
3427 855 3628 927 aeternis
3655 858 3776 914 hanc

2219 923 2500 978 desideriis
2533 923 2850 993 inﬂammat,
2883 934 2941 981 ut
2969 927 3102 980 nihil
3133 923 3182 981 ei
3201 926 3313 994 jam
3345 926 3445 980 nisi
3476 943 3596 996 quae
3615 943 3780 996 super-

2218 1010 2290 1048 na
2341 1005 2462 1049 sunt
2493 996 2672 1064 libeat,
2707 1005 2760 1051 et
2814 1005 3007 1052 cuncta
3053 1013 3172 1068 quae
3203 997 3439 1068 inferius
3485 997 3552 1050 de
3576 999 3780 1068 humana

2217 1074 2566 1135 perstrepunt
2595 1069 2938 1136 corruptione
2965 1075 3294 1123 contemnat.
3329 1067 3481 1122 Unde
3510 1076 3560 1122 et
3587 1067 3776 1122 Verita-

2217 1136 2293 1210 tis
2314 1153 2446 1191 voce
2477 1138 2709 1210 dicitur:
2737 1141 2845 1208 Ego
2874 1139 3072 1210 ragabo
3086 1141 3336 1210 Patrem,
3363 1140 3604 1194 etalium
3626 1140 3779 1194 Para-

2216 1208 2423 1262 clitum
2454 1207 2610 1263 dabit
2625 1207 3113 1273 vobis,utmaneat
3137 1209 3418 1265 vobiscum
3431 1219 3492 1264 in
3515 1215 3778 1264 ceter-num.

2215 1279 2494 1349 Spiritum
2509 1281 2768 1335 veritatis
2783 1297 2946 1348 quem
2958 1282 3206 1336 mundus
3217 1296 3330 1335 non
3339 1285 3526 1348 potest
3541 1281 3778 1349 accipere,

2216 1348 2370 1402 Sicut
2399 1351 2543 1404 enim
2576 1351 2747 1404 isdem
2783 1351 3100 1418 Paraclitus,
3153 1350 3207 1405 id
3232 1360 3313 1404 est
3342 1357 3464 1419 post
3511 1348 3781 1404 Mediatoris

2214 1433 2500 1493 ascensum
2516 1421 2672 1493 alius
2695 1422 2913 1476 humani
2943 1422 3166 1493 generis
3181 1421 3512 1493 consolator,
3534 1421 3586 1474 in
3611 1429 3778 1493 semet:

2211 1488 2654 1563 ipsoinvisibilis
2697 1501 2798 1554 est,
2831 1493 2904 1547 ita
2934 1488 3152 1547 6mnem
3200 1507 3362 1563 quem
3391 1491 3686 1562 repleverit,
3718 1491 3780 1563 ad

2211 1559 2572 1617 desideranda
2599 1562 2892 1617 invisibilia
2915 1563 3161 1618 accendit
3185 1581 3197 1626 ;
3219 1559 3272 1617 et
3303 1559 3556 1632 quoniam
3587 1561 3779 1616 munda-

2210 1647 2282 1685 na
2309 1633 2478 1706 corda
2524 1633 3387 1706 sola_visibiliadiligunt,”hunc
3418 1633 3644 1706 mundus
3690 1646 3782 1706 non

506 1709 704 1782 matur,
737 1703 1162 1782 minusjiiiiquus
1185 1703 1421 1782 creditur
1440 1707 1482 1760 si
1502 1703 1845 1782 adversarius
1873 1703 2096 1782 minime
2122 1721 2176 1782 Β
2212 1703 2426 1782 accipit,
2461 1704 2584 1782 quia
2607 1704 2678 1760 ad
2695 1704 2975 1775 diligenda
2996 1703 3286 1782 invisibilia
3305 1719 3414 1758 non
3429 1703 3782 1782 assurgit}?-

505 1775 753 1830 sentitur.
783 1775 901 1844 Qua
921 1778 980 1830 in
999 1775 1059 1832 re
1082 1777 1498 1832 discernendum
1527 1785 1626 1846 est,
1647 1779 1790 1832 aliud
1809 1794 1928 1833 esse
1949 1779 2095 1847 quod

503 1847 680 1913 nobis,
714 1847 863 1901 aliud
908 1864 1038 1903 vero
1070 1849 1217 1918 quod
1245 1848 1346 1902 sibi
1379 1855 1432 1903 et
1459 1848 1668 1903 caeteris
1696 1857 1881 1904 noster
1907 1849 2097 1902 inimi-

505 1931 602 1972 cus
630 1925 807 1972 nocet.
839 1919 976 1972 Nam
1025 1921 1073 1972 si
1102 1919 1222 1973 aliis
1253 1919 1423 1974 bonus
1449 1927 1549 1986 est,
1580 1920 1696 1974 sine
1720 1928 1905 1974 nostra
1937 1919 2103 1976 {ursi-

509 1994 598 2060 tan
627 1989 787 2060 culpa
833 2004 942 2045 non
972 1997 1144 2060 potest
1174 2006 1294 2044 esse
1327 1989 1488 2044 nobis
1517 1991 1716 2054 malus,
1755 2007 1855 2044 nec
1883 1990 2104 2046 omnino

501 2059 614 2127 jam
645 2059 719 2114 de
757 2059 874 2129 ejus
930 2059 1086 2114 ruina
1114 2061 1472 2132 gaudendum
1519 2069 1598 2115 est
1625 2061 1783 2128 cujus
1833 2077 1933 2115 nos
1962 2061 2105 2116 solos

503 2139 710 2185 certum
741 2135 826 2185 est
880 2131 1135 2186 adversa
1163 2132 1448 2187 tolerasse.
1481 2132 1614 2186 Cum
1655 2148 1780 2186 vero
1829 2139 2014 2186 noster
2042 2148 2105 2186 ac

501 2201 794 2256 multorum
827 2202 996 2256 hostis
1037 2203 1275 2272 punitur,
1301 2203 1368 2257 de
1399 2203 1678 2272 ereptione
1729 2203 2104 2272 proximorum

505 2273 683 2340 potius
707 2288 870 2341 quam
902 2273 973 2327 de
1005 2273 1209 2327 inimici
1231 2273 1450 2328 interitu
1473 2289 1694 2328 necesse
1715 2282 1795 2328 est
1815 2281 1871 2328 ut
1891 2274 2106 2328 animus

501 2343 739 2415 laetetur.
806 2343 1031 2414 Oportet
1061 2359 1297 2415 namque
1349 2352 1407 2398 ut
1447 2351 1710 2414 pereunte
1765 2344 2131 2409 adversario,‘

501 2413 773 2468 subtiliter
793 2429 1020 2484 pensare
1048 2413 1360 2482 debeamus,
1392 2413 1601 2485 etquid
1631 2415 1901 2469 debemus
1931 2415 2102 2470 ruinae

503 2485 829 2554 peccatoris,
860 2493 913 2539 et
944 2485 1072 2554 quid
1093 2485 1314 2555 justitiee
1344 2485 1604 2540 ferientis.
1636 2487 1778 2540 Nam
1817 2501 1940 2540 cum
1972 2501 2101 2556 per-

501 2569 721 2625 versum
753 2570 1021 2625 quemque
1055 2557 1401 2625 omnipotens
1430 2557 1680 2625 percutit,
1713 2565 1770 2610 et
1797 2557 2104 2610 condolen-

500 2623 630 2698 dum
651 2632 732 2698 est
749 2624 979 2698 miseria:
999 2623 1308 2698 pereuntis,
1337 2636 1390 2681 et
1410 2623 1865 2698 congaudendum
1883 2627 2104 2697 justitite

497 2695 718 2765 judicis,
746 2700 804 2749 ut
819 2695 976 2767 nobis
997 2696 1124 2750 etin
1144 2697 1289 2752 luctu
1324 2698 1395 2751 sit
1415 2695 1584 2766 pretia
1614 2695 2102 2767 morientisproxi-

499 2767 681 2838 mi,get
729 2782 912 2838 rursus
964 2765 1020 2820 in
1066 2769 1328 2838 gaudium
1359 2765 1544 2823 veniat
1584 2769 1826 2822 exhibita
1869 2765 2102 2838 mquitas

496 2836 918 2918 judicantis_Dei
953 2856 966 2900 ;
1007 2836 1405 2918 quatenusnec
1433 2841 1682 2918 pereuPti
1717 2836 2101 2918 homini—exi—

497 2917 700 2988 stamus
743 2906 1063 2977 adversarii,
1123 2926 1224 2966 nec
1273 2906 1542 2980 judicanti
1583 2911 1702 2966 Deo
1761 2909 2103 2966 inveniamur

495 2988 694 3050 ingrati
707 3019 720 3032 .

497 3071 626 3118 CAP.
656 3070 879 3120 XXXIII.
900 3100 960 3109 —
993 3073 1054 3120 Ιη
1076 3072 1217 3121 domo
1260 3072 1439 3124 Patris
1472 3075 1568 3122 mei
1609 3074 1896 3124 mansione:
1935 3072 2106 3124 muttit

999 3142 1124 3188 sunt
1143 3139 1357 3204 (Joann.
1382 3153 1493 3202 xiv,
1525 3138 1598 3204 2).

569 3229 651 3299 (In
680 3229 918 3296 exposit.
975 3231 1040 3284 Β.
1074 3231 1197 3298 Job,
1228 3231 1324 3284 lib.
1360 3247 1435 3296 1v,
1469 3247 1626 3284 num.
1669 3229 1738 3284 76
1775 3249 1787 3292 ;
1824 3229 1919 3284 lib.
1951 3246 2012 3296 η,
2047 3230 2104 3284 in

496 3300 720 3366 Ezech.,
753 3302 900 3354 hom.
945 3301 1000 3364 4,
1055 3317 1204 3355 num.
1240 3303 1319 3355 6.)
1349 3300 1616 3368 Quoniam
1665 3301 1851 3355 electis
1894 3301 1992 3355 Dei
2041 3301 2098 3356 in

497 3371 600 3424 hac
651 3371 775 3442 vita
793 3371 1044 3442 discretio
1075 3386 1336 3442 eperum,
1386 3371 1442 3423 in
1473 3371 1580 3424 alia
1611 3387 1827 3442 quoque
1859 3371 1967 3442 vita
2003 3371 2102 3426 erit

497 3439 855 3520 proculdubio
907 3439 1160 3520 discretio
1190 3439 1642 3520 dignitatumhut
1671 3439 1778 3511 quo
1811 3441 1926 3520 bic'
1947 3443 2092 3520 alius

498 3511 662 3565 alium
696 3510 883 3564 merito
925 3517 1158 3580 superat,
1202 3510 1314 3566 illic
1339 3510 1482 3565 alius
1521 3510 1702 3566 alium’
1745 3512 2093 3568 retributione

496 3579 794 3651 przecellat.
825 3581 894 3635 Et
918 3579 1046 3634 licet
1076 3581 1312 3652 dignitas
1345 3583 1536 3637 eadem
1569 3583 1823 3636 omnibus
1853 3598 1960 3638 non
1990 3583 2094 3650 sit;

495 3667 604 3705 una
635 3659 814 3706 tamen
871 3652 970 3705 erit
1008 3653 1260 3706 omnibus
1305 3655 1418 3708 vita
1446 3653 1811 3718 beatitudinis,
1861 3655 2005 3708 unde
2035 3655 2091 3708 in

494 3723 796 3792 Evangelio
825 3722 946 3792 ipsa
996 3723 1202 3777 Veritas
1231 3724 1360 3778 dicit
1393 3741 1405 3776 :
1439 3725 1503 3779 1η
1546 3725 1708 3780 domo
1745 3725 1936 3778 Patris
1982 3725 2094 3780 mei

493 3793 822 3864 mansiones
845 3795 1041 3864 multa:
1061 3798 1216 3848 sunt.
1255 3795 1312 3850 Si
1343 3793 1488 3848 enim
1519 3795 1705 3864 dispar
1731 3795 2006 3850 retributio
2035 3795 2092 3848 in

495 3862 589 3916 illa
616 3863 952 3946 beatitudine
979 3873 1182 3946 interna
1211 3881 1319 3946 non
1344 3873 1507 3934 esset,
1531 3862 1638 3920 una
1671 3866 1848 3946 potius
1879 3865 2091 3946 mansio

495 3949 655 4007 quam
688 3933 872 4007 multa:
900 3943 1099 4007 essent.
1133 3929 1316 3990 Multae
1351 3929 1828 4007 ergo'mansiones
1859 3943 2002 4000 sunt,
2038 3937 2097 4007 in

495 4005 688 4074 quibus
716 4005 950 4060 distincti
987 4006 1252 4060 bonorum
1310 4005 1548 4072 ordines,
1594 4015 1649 4061 et
1678 4014 1900 4076 propter
1938 4006 2096 4060 meri-

495 4024 688 4074 qumus
716 4024 950 4060 msuncu
987 4024 1252 4060 nouorum
1310 4024 1548 4072 ordines,
1594 4024 1649 4061 et
1678 4024 1776 4076 pro
1822 4024 1900 4060 ter
1938 4024 2096 4060 meri-

495 4083 671 4130 torum
715 4076 1046 4130 consortium
1092 4078 1452 4132 communiter
1483 4079 1747 4132 laetentur.
1780 4024 1862 4131 ﬁli
1895 4077 2096 4146 quippe

495 4147 587 4216 qui
634 4146 865 4201 diversis
907 4147 1056 4202 horis
1112 4147 1168 4200 in
1209 4147 1425 4202 vineam
1471 4147 1614 4202 ducti
1657 4153 1936 4212 venerunt,
1970 4147 2098 4202 licet

488 4233 602 4271 non
642 4233 795 4288 teque
839 4217 1198 4286 laborassent,
1230 4219 1482 4272 eumdem
1527 4225 1706 4272 tamen
1736 4234 1888 4288 mque
1918 4218 2096 4272 cuncti

491 4287 773 4342 denarium
830 4297 1204 4358 perceperunt.
1254 4287 1373 4356 Qua
1403 4289 1579 4358 itaque
1636 4287 1848 4343 ratione
1879 4303 2087 4343 conve-

487 4358 642 4412 niunt
673 4359 982 4414 mansiones
1031 4359 1197 4413 multe
1228 4376 1348 4413 cum
1397 4376 1504 4413 uno
1534 4360 1775 4424 denario,
1828 4358 1928 4412 nisi
1959 4358 2087 4428 quia

489 4429 719 4500 diversa:
755 4428 974 4498 quidem
1004 4429 1288 4484 beatorum
1338 4431 1543 4500 civium
1581 4429 1870 4500 dignitates
1912 4437 2085 4494 erunt,

487 4499 587 4552 sed
609 4507 796 4552 tamen
827 4514 937 4552 una
958 4501 1172 4568 requies
1187 4509 1404 4555 aeternae
1426 4499 1788 4555 retributionis
1809 4499 1840 4555 ?
1869 4501 2009 4554 Nam
2041 4501 2088 4554 si

487 4569 670 4639 dispar
690 4569 793 4622 erit
821 4569 1191 4623 retributionis
1225 4572 1450 4640 qualitas
1483 4587 1646 4642 quam
1682 4586 1846 4642 opera
1871 4570 2088 4642 diversa

487 4647 910 4708 consequentur,
945 4655 1070 4710 Auna
1119 4648 1296 4695 tamen
1346 4650 1428 4696 est
1464 4641 1741 4696 beatitudo
1781 4655 1945 4710 quam
1975 4641 2086 4694 illic

485 4707 784 4782 percipient
813 4707 996 4782 quiin
1029 4711 1212 4765 multis
1241 4712 1609 4766 mansionibus
1641 4707 2080 4782 distinguuntur;

484 4780 536 4852 et
565 4781 610 4836 si
639 4781 830 4850 dispar
859 4780 961 4835 erit
986 4783 1234 4836 meritum
1258 4782 1614 4852 singularum,
1635 4799 1741 4837 non
1773 4780 1872 4835 erit
1901 4781 2082 4836 diver-

484 4851 618 4907 sitas
647 4851 992 4924 gaudiorum,
1019 4851 1144 4921 quia
1187 4853 1288 4908 etsi
1321 4851 1453 4908 alter
1490 4853 1686 4922 minus,
1725 4862 1777 4908 et
1794 4853 1930 4924 alius
1958 4868 2081 4924 am-

481 4923 936 4995 plius’exsultat,
995 4931 1424 4995 omnestamen
1474 4939 1638 4978 unum
1697 4923 1959 4995 gaudium
2015 4923 2082 4977 de

481 4993 790 5049 Conditoris
845 4994 926 5048 sui
956 4993 1166 5049 visione
1215 4994 1470 5062 laetiﬁcat,
1502 5002 1556 5050 et
1611 4993 1719 5048 una
1765 4993 1972 5048 cunctis
2000 5001 2083 5048 est

479 5064 777 5133 beatitudo,
799 5063 1019 5133 laetitiae,
1035 5065 1286 5135 quamvis
1298 5083 1404 5120 non
1427 5080 1530 5120 una
1555 5065 1892 5120 sitomnibus
1914 5064 2080 5118 subli-

477 5136 637 5190 mitas
665 5135 816 5208 vitae.
846 5135 906 5208 In
929 5135 1100 5208 domo
1125 5135 1292 5208 igitur
1312 5136 1585 5208 Patrissui
1609 5135 1914 5208 mansiones
1939 5135 2081 5208 mul-

476 5213 560 5260 tas
589 5221 708 5261 esse
746 5205 959 5262 Veritas
990 5205 1306 5278 dieitfquia
1352 5209 1412 5261 in
1443 5206 1538 5278 illa
1569 5205 1919 5278 beatitudinis
1967 5206 2079 5261 vita

475 5293 586 5331 non
607 5278 812 5347 dispari
851 5277 1386 5348 unusquisquejuxta
1406 5277 1591 5346 dispar
1624 5277 1872 5348 meritum
1893 5277 2077 5348 locum

475 5348 753 5418 disparem
783 5347 1028 5418 percipit,
1061 5349 1152 5402 sed
1185 5348 1434 5417 ejusdem
1473 5347 1844 5418 disparilitatis
1875 5347 2078 5418 damna.

473 5417 583 5488 non
614 5417 799 5488 sentit,
851 5419 979 5488 quia
1035 5423 1240 5472 tantum
1285 5421 1388 5474 sibi
1445 5417 1708 5488 quantum
1738 5417 2075 5488 perceperit

473 5487 686 5560 sufficit.
737 5491 799 5560 In
835 5487 1041 5560 eisdem
1073 5505 1306 5560 namque
1355 5487 1535 5544 multis
1579 5487 1945 5544 mansiOnibus
1969 5489 2074 5543 erit

469 5558 648 5630 aliquo
680 5559 844 5630 modo,
871 5559 988 5630 ipsa
1015 5558 1428 5616 retributionum
1459 5560 1750 5615 diversitas
1792 5573 2021 5616 concors
2052 5599 2068 5624 ,

469 5629 597 5703 quia
628 5635 772 5703 tanta
797 5629 1108 5684 vis’amoris
1137 5631 1190 5684 in
1217 5631 1306 5686 ille
1335 5647 1468 5701 pace
1486 5647 1584 5686 nos
1613 5631 1802 5703 sociat,
1829 5638 1886 5703 ut
1916 5629 2062 5703 quod

469 5697 527 5750 in
556 5714 626 5770 se_
639 5697 868 5768 quisque
898 5713 1007 5770 non
1035 5703 1301 5770 acceperit
1331 5697 1445 5756 hac
1474 5719 1530 5756 se
1559 5701 1830 5770 accepisse
1859 5700 1912 5754 in
1932 5697 2070 5756 "alio

472 5766 707 5820 exsultet
745 5783 758 5830 ;
795 5781 930 5834 quas
958 5767 1097 5824 bene
1125 5766 1320 5827 Paulus
1351 5771 1665 5829 mansiones
1687 5766 1851 5843 iuxta
1877 5771 2069 5828 merita

2212 1772 2423 1846 aulai-es
2451 1776 2596 1828 enim
2651 1772 2858 1830 mentes
2885 1783 3088 1846 quanto
3133 1791 3192 1830 se
3226 1775 3375 1846 {oras
3403 1789 3508 1846 per
3534 1772 3772 1846 desideria

2210 1844 2452 1913 dilatant,
2485 1854 2643 1918 tanto,
2670 1847 2746 1918 ad
2801 1843 3172 1918 receptionem
3225 1845 3370 1918 illius
3405 1843 3598 1898 'sinum
3627 1843 3779 1918 cordis

2213 1921 2525 1985 angustant.
2554 1917 2722 1971 Valde
2743 1915 2949 1986 quippe
2972 1917 3128 1986 pauci
3156 1915 3210 1969 in
3240 1917 3480 1986 humano
3509 1929 3695 1986 genere
3715 1915 3778 1967 in-

2213 1987 2520 2058 veniuntur,
2555 1989 2647 2058 qui
2675 2003 2706 2041 a
2735 1985 3132 2042 desiderierum
3147 1985 3456 2058 carnalium
3485 1985 3638 2058 sorde
3663 1999 3776 2055 pur-

2210 2057 2344 2128 gati,
2381 2058 2451 2112 ad
2465 2059 2889 2183 (perceptionem
2937 2059 3108 2114 sancti
3134 2057 3366 2129 Spiritus
3395 2057 3518 2126 ipsa
3545 2057 3641 2111 hac
3664 2071 3779 2125 pur-

2210 2128 2431 2183 gatione
2503 2129 2780 2183 ilatentur.

2209 2128 2431 2196 gatione
2465 2128 2780 2184 dilatentur.

2207 2218 2342 2268 CAP.
2368 2219 2572 2270 XXXV.
2600 2249 2662 2258 -—
2705 2219 2802 2281 Qui
2849 2220 3020 2282 diligit
3059 2232 3153 2280 me,
3179 2217 3430 2280 diligetur
3458 2231 3489 2269 a
3531 2219 3671 2270 Patre
3698 2229 3785 2267 meo

2781 2286 2994 2352 (Joana.
3021 2299 3130 2349 xiv,
3157 2283 3276 2350 21).

2279 2387 2363 2450 (In
2393 2389 2623 2456 exposit.
2657 2389 2724 2442 Β.
2775 2387 2903 2452 Job,
2931 2387 3034 2440 lib.
3099 2401 3253 2451 xvm,
3285 2402 3438 2440 num.
3501 2385 3612 2456 90.)
3641 2384 3786 2456 Fuere

2207 2453 2566 2528 nonnulli—qui
2597 2459 2769 2514 Deum
2789 2458 3032 2513 dicerent
3049 2457 3212 2511 etiam
3234 2456 3292 2510 in
3325 2456 3418 2510 illa
3443 2455 3659 2528 regione

2208 2527 2456 2610 titudinis
2486 2524 2557 2610 in
2587 2528 3076 2610 claritatequidem
3123 2542 3226 2608 sua
3273 2524 3542 2608 conspici,
3578 2525 3710 2604 _sed_
3737 2524 3784 2604 in

2209 2605 2400 2671 natura
2429 2599 2650 2655 minime
2679 2596 2892 2671 videri[
2913 2613 3053 2671 quos
3082 2597 3340 2671 nimirum
3370 2598 3549 2671 minor
3577 2596 3786 2671 inquisi-
3867 2621 3883 2642 ο

2212 2668 2372 2724 tionis
2402 2671 2670 2726 subtilitas
2719 2667 2947 2726 fefellit:
2979 2671 3170 2738 Neque
3198 2669 3341 2723 enim
3387 2668 3468 2722 illi
3499 2667 3719 2738 simplici
3745 2672 3788 2719 et

2214 2738 2643 2796 incommutabili
2663 2740 2920 2797 essentia
2947 2737 3099 2796 aliud,
3113 2746 3194 2794 est
3223 2737 3466 2802 claritas,
3490 2737 3633 2792 aliud
3653 2743 3788 2791 natu-

2211 2826 2294 2877 ra,
2327 2811 2422 2886 sed
2453 2812 2575 2886 ipsa
2606 2822 2798 2886 natura
2833 2828 2934 2886 sua
2985 2809 3594 2886 claritas_ipsa_claritas_
3621 2817 3790 2886 natura

2211 2889 2309 2936 est.
2344 2878 2499 2949 Quod
2530 2884 2674 2938 enim
2704 2883 2816 2938 suis
2833 2880 3184 2937 dilectoribus
3205 2878 3321 2935 haec
3349 2879 3451 2934 Dei
3477 2878 3788 2949 sapientiase

2129 2984 2179 3047 Ο
2207 2946 2534 3078 attendoque
2580 2955 2888 3040 ostenderet
2935 2953 3050 3022 ipse
3104 2951 3393 3020 pollicetur
3442 2946 3627 3034 dicens
3657 2962 3670 3002 :
3701 2946 3788 3014 Qui

2246 3025 2399 3078 thait
2417 3041 2508 3078 me
2523 3026 2864 3078 .dtlmetura
2878 3027 3046 3078 Patre
3063 3037 3208 3078 meo.
3222 3025 3277 3076 et
3297 3037 3392 3078 eao
3405 3021 3640 3078 diltaam
3655 3033 3784 3078 eum.

2246 3025 2399 3100 itigit
2417 3021 2508 3100 me
2522 3026 2817 3100 ,ditigetur
2829 3042 2864 3100 ᾳ
2878 3021 3046 3079 Patre
3063 3037 3208 3100 mea,
3222 3025 3277 3076 et
3297 3037 3392 3091 ego
3405 3021 3641 3100 diligam
3655 3033 3784 3100 eam,

2204 3098 2263 3167 et
2281 3088 2732 3164 mani/estabo'ei
2752 3095 3044 3167 meipsum.
3063 3095 3140 3147 Ac
3155 3091 3198 3146 si
3227 3088 3482 3167 patenter
3507 3088 3673 3144 dicat:
3691 3088 3779 3154 Qui

2203 3164 2259 3218 in
2286 3163 2464 3220 vestra
2519 3184 2608 3222 me
2639 3163 2876 3231 cernitis,
2936 3171 3107 3219 restat
3136 3171 3193 3216 ut
3229 3163 3284 3216 in
3317 3178 3443 3217 mea
3491 3168 3680 3214 natura
3705 3172 3779 3212 me

2202 3235 2446 3292 videatis.
2480 3238 2616 3293 Hinc
2645 3253 2833 3292 rursus
2862 3235 2938 3291 ait
2971 3254 2982 3290 :
3033 3235 3195 3290 Beati
3214 3233 3430 3289 mundo
3459 3231 3642 3299 conte,
3665 3243 3782 3301 quo-

2202 3308 2362 3363 niam
2393 3310 2504 3380 ipsi
2527 3311 2706 3364 Deum
2737 3307 3003 3364 videbunt
3042 3303 3288 3373 (Matth.
3323 3320 3380 3372 γ,
3413 3305 3493 3373 8).

2201 3397 2328 3449 CAP.
2351 3401 2576 3452 XXXVI.
2627 3398 2768 3450 -εἱ
2817 3399 2930 3460 quis
2976 3396 3151 3460 diligit
3193 3409 3296 3457 me,
3332 3407 3614 3446 sermonem
3651 3403 3789 3440 mn

2265 3466 2496 3518 servabit
2517 3485 2537 3528 ;
2561 3471 2610 3515 et
2633 3467 2790 3516 Pater
2841 3476 2976 3514 meus
2997 3463 3174 3518 diligat
3214 3474 3341 3523 eum,
3369 3467 3426 3511 et
3449 3527 3453 3528 ί
3484 3461 3552 3510 ad
3575 3471 3691 3528 eain
3717 3467 3790 3504 ce-

2268 3535 2484 3597 niemus,
2517 3523 2591 3584 ret
2637 3532 2945 3582 mansionem
3003 3529 3143 3591 apud
3189 3541 3301 3578 eum
3345 3527 3596 3593 faciemus
3639 3523 3782 3590 (1m.

2265 3613 2371 3662 xw,
2400 3599 2502 3662 23).

2268 3699 2494 3769 (Homil.
2553 3701 2608 3764 'I,
2639 3697 2695 3752 in
2726 3697 3076 3769 Evangel._n.
3111 3699 3188 3765 2.)
3243 3691 3431 3769 Viam_
3465 3691 3695 3769 Domino
3723 3685 3782 3741 ad

2196 3765 2290 3825 cor
2341 3779 2588 3826 nostrum
2643 3765 3156 3832 venienti'facimus,
3206 3780 3330 3818 cum
3363 3765 3436 3818 ad
3469 3767 3781 3832 praeceptum

2195 3840 2363 3895 vitam
2405 3855 2794 3910 praeparemus.
2827 3838 3162 3893 Mansionem
3195 3836 3257 3910 in
3287 3835 3460 3910 corde
3491 3841 3672 3887 nostro
3697 3844 3779 3882 ve-

2196 3911 2364 3966 nienti
2393 3905 2626 3966 Domino
2659 3922 3190 3980 praeparamus,_cum
3215 3905 3473 3959 Veritatis
3494 3912 3778 3980 sermqnem

2195 3981 2476 4055 humiliter
2497 3969 2848 4055 audimus,'et_
2861 3996 2985 4034 cum
3006 3969 3297 4055 dilectione
3313 3991 3626 4055 servamus.
3643 3969 3778 4055 Quis-

2198 4054 2318 4124 quis
2339 4061 2519 4108 autem
2548 4051 2605 4106 in
2631 4051 2887 4124 superbia
2915 4057 3152 4124 mentem
3181 4048 3378 4124 elevat,
3412 4048 3654 4124 quisquis
3671 4053 3780 4124 ara;

2194 4111 2334 4194 fitiae
2371 4123 2592 4179 testibus
2644 4111 2903 4194 arihelat,
2931 4119 3181 4194 quisquis
3223 4134 3282 4172 se
3328 4111 3778 4194 inquina'tionibus

2193 4193 2420 4248 luxuriae
2477 4193 2692 4263 polluit,
2759 4188 3194 4264 cordis'ostium
3245 4195 3450 4264 contra
3507 4188 3777 4264 Veritatem

2193 4265 2412 4328 claudit,
2465 4258 2519 4320 et
2547 4281 2614 4320 ne
2645 4263 2920 4318 Dominus
2947 4261 3020 4316 ad
3049 4275 3108 4314 se
3135 4258 3338 4324 veniat,
3372 4266 3431 4312 et
3461 4258 3778 4310 mansionem

2116 4331 2168 4392 D
2201 4336 2387 4399 faciat,
2414 4335 2578 4389 animi
2607 4335 2847 4389 claustra
2875 4331 3012 4386 seris
3040 4330 3292 4385 vitiorum
3336 4328 3587 4382 damnat.

2195 4425 2592 4478 CAP.’XXXVH.
2615 4453 2678 4463 ——-
2711 4426 2890 4476 Pacem
2923 4421 3152 4482 relinquo
3199 4416 3362 4482 vobis,
3408 4429 3592 4482 pacem
3634 4421 3776 4462 mn

2631 4493 2694 4541 do
2714 4489 2861 4541 vobis
2881 4488 3082 4550 (lam.
3105 4497 3212 4548 xw,
3238 4483 3343 4542 27).

2267 4596 2348 4663 (In
2365 4591 2598 4662 exposit.
2621 4591 2680 4644 Β.
2713 4589 2835 4664 Job,
2864 4588 2960 4664 lib.
2988 4604 3068 4664 γι,
3099 4601 3264 4664 num._
3274 4583 3510 4664 .35.).In_
3525 4579 3781 4664 Scriptura

2196 4649 2351 4720 sacra
2379 4649 2538 4718 aliter
2573 4679 2682 4730 pax
2709 4649 2872 4730 plena
2893 4649 3106 4730 dicitur,
3132 4665 3185 4730 et
3216 4649 3378 4730 aliter
3399 4649 3781 4730 inchoatalnla-

2193 4736 2441 4791 choatam
2470 4720 2672 4804 quippe
2703 4720 3210 4804 Veritasdiscipulis
3233 4725 3484 4804 dederat,
3509 4739 3632 4804 cum

2191 4788 2288 4861 133i
2304 4788 2543 4861 iPacein
2567 4788 2828 4871 relinquo
2841 4788 3204 4869 vobisme-cem
3230 4811 3420 4850 meam
3443 4797 3514 4849 do
3543 4792 3704 4872 ινρρἰς.
3725 4788 3781 4841 Et

2189 4879 2406 4948 plenam
2428 4876 2647 4929 Simeon
2665 4863 3098 4948 desideraverint,
3115 4883 3240 4948 cum
3265 4863 3752 4948 exorareu'dicens
3764 4872 3775 4908 :

2192 4935 2354 5004 Nunc
2371 4947 2618 5002 dimittis
2635 4959 2856 4999 servum
2880 4945 3041 4996 tuum
3060 4939 3313 5001 Domine,
3337 4935 3654 4992 secundum
3672 4944 3771 4984 ver-

2192 5020 2320 5075 bum
2341 5022 2504 5073 tuum
2545 5017 2606 5087 i1}
2618 5029 2770 5087 pace
2788 5015 2946 5087 (tua.
2979 5026 3039 5076 ιι,
3063 5009 3310 5087 29)..ξ)ε]ί
3332 5007 3487 5087 enim
3516 5012 3695 5087 nostra
3713 5011 3778 5087 es

2188 5089 2466 5144 desiderio
2498 5076 2808 5157 Conditoris
2832 5076 3144 5157 inchoaturf
3181 5079 3258 5133 Ex
3289 5076 3589 5157 manifeSta
3615 5079 3778 5157 autern

2190 5161 2400 5215 visione
2416 5156 2719 5228 perﬁcitur.
2757 5155 2919 5228 Plena
2948 5152 3147 5224 quippe
3177 5159 3306 5204 tunc
3332 5152 3457 5215 erit,
3488 5155 3778 5228 cummari:

2189 5239 2371 5287 nostra
2403 5226 2504 5284 nec
2523 5227 2822 5298 ignorantia
2839 5232 3094 5290 caecatur,
3118 5236 3223 5277 nec
3253 5234 3374 5276 suae
3393 5226 3585 5273 carnis
3611 5226 3776 5283 impu-

2188 5301 2449 5374 gnatione
2467 5298 2790 5370 percutitur.

2471 5388 2606 5440 Cn.
2635 5386 2904 5438 XXXVIII.
2933 5413 2994 5423 —
3013 5383 3143 5434 Item
3168 5380 3302 5432 unde
3319 5391 3504 5440 supra.

2251 5486 2470 5558 (Regul.
2491 5493 2696 5554 pastor.
2728 5487 2870 5558 part.
2905 5497 2986 5558 tu,
3009 5493 3128 5547 cap.
3161 5478 3286 5546 22.)
3319 5471 3578 5558 Sollicita
3606 5463 3768 5558 pacati

2179 5551 2387 5613 debeni
2408 5551 2598 5612 curare
2628 5571 2696 5610 ne
2721 5551 2849 5608 dum
2878 5552 2998 5622 plus
3028 5561 3189 5620 quam
3221 5559 3448 5600 necesse
3479 5551 3768 5622 estpaceut

2181 5612 2343 5699 quam
2373 5626 2653 5699 possident
2672 5612 2973 5699 ainantfad
3004 5612 3318 5699 perpetuam
3351 5612 3765 5699 pervenit-enen

2178 5693 2452 5769 appetant.
2483 5697 2815 5769 Plerumun
2827 5693 2980 5769 enim
3001 5693 3222 5769 gravius
3239 5693 3606 5769 intentionem
3627 5694 3770 5769 mea:

2183 5753 2314 5826 tiu'ni
2342 5785 2524 5823 rerum
2561 5753 2926 5838 tranquillitas
2981 5753 3168 5826 tEntat,
3201 5765 3259 5812 ut
3314 5769 3422 5828 quo
3492 5769 3604 5810 non
3659 5753 3774 5802 sunt
