4082 6170
576 263 602 317 1
613 260 715 317 263

589 392 768 464 torem
804 389 1196 465 cognoscerent
1235 381 1459 464 malitia:
1489 381 1678 465 nubilo
1734 383 1953 465 velavit.
1987 383 2205 463 .Vultus

590 455 796 525 quippe
829 454 1205 509 ministrorum
1236 455 1352 522 ejus
1387 458 1614 523 opertus
1652 455 1875 522 exstitit,
1909 454 2032 524 quia
2051 470 2203 509 mens

586 525 1032 596 persequentium
1072 541 1196 580 eum
1230 540 1391 596 quem
1423 539 1591 596 carne
1623 529 1809 596 tenere
1838 525 2010 595 potuit
2031 526 2204 580 Deum

586 612 686 651 nec
717 595 814 666 per
850 595 1120 652 miracula
1148 595 1392 667 agnovit.
1421 595 1586 667 Unde
1616 611 1714 664 per
1774 595 2006 650 Paulum
2062 596 2203 650 dici-

584 674 673 721 tur
692 664 905 739 {Usque
935 669 997 722 in
1029 664 1366 723 hodiernum
1395 664 1571 728 diem,
1603 682 1732 721 cum
1749 667 2200 739 legiturllloyser,

585 735 852 809 velamen
885 746 971 794 est
994 740 1446 809 positumsuper
1467 751 1565 792 cor
1593 752 1788 792 eorum
1803 735 1894 806 ’(11
1923 735 2075 791 Cor.‘
2119 753 2202 804 ιιι,

586 810 695 875 15).
729 806 832 876 Qui
853 806 1040 863 rursus
1069 808 1141 862 ait
1175 825 1186 861 :
1211 808 1281 861 Si
1303 806 1458 879 ehim
1481 811 1888 879 cOgnovissent,
1904 824 2202 879 nunquam

584 879 894 936 Dominum
921 878 1566 951 glorimcruci/ixiuent
1592 878 1644 946 (I
1665 879 1785 934 Cor.
1818 895 1875 945 ιι,
1909 882 1986 947 8).

584 987 714 1039 CAP.
737 987 849 1040 LII.
872 1013 933 1024 —-
955 987 1023 1037 Et
1069 986 1318 1037 inclinato
1363 989 1533 1047 capite
1574 985 1718 1037 lectu
1759 986 1926 1036 emisit
1962 985 2201 1048 spiritum

1154 1052 1319 1117 (Joan.
1358 1065 1441 1104 xix
1454 1093 1470 1117 ,
1497 1050 1607 1116 30).

658 1156 742 1223 (In
772 1153 1007 1224 exposit.
1041 1153 1100 1224 Β.
1132 1152 1256 1215 Job,
1300 1152 1396 1206 lib.
1439 1169 1514 1220 ιν,
1547 1168 1697 1206 num.
1739 1151 1853 1224 3t.)
1885 1153 2033 1209 Sicut
2067 1167 2199 1208 vera

585 1241 737 1281 mors
767 1223 860 1280 est"
885 1241 993 1296 qua
1009 1223 1190 1279 anima
1218 1232 1496 1296 separatur
1515 1240 1546 1278 a
1575 1224 1712 1296 Deo,
1736 1223 1808 1276 ita
1830 1224 2025 1296 umbra
2057 1239 2198 1278 mor-

588 1296 656 1350 tis
695 1304 777 1352 est
807 1293 918 1365 qua
948 1310 1077 1350 caro
1106 1303 1392 1364 separatur
1420 1293 1492 1348 ab
1523 1295 1733 1365 anima.
1772 1295 2038 1349 Mediator
2104 1311 2196 1348 au-

585 1374 693 1422 tem
723 1363 840 1420 Dei
860 1375 912 1421 et
950 1363 1230 1420 hominum
1263 1365 1436 1420 solam
1478 1380 1579 1434 pro
1611 1363 1770 1434 nobis
1801 1373 2029 1420 mortem
2069 1380 2195 1419 car-

582 1437 669 1491 nis
697 1436 954 1506 suscepit,
996 1444 1049 1491 et
1103 1449 1287 1490 veram
1332 1433 1581 1506 mortem,
1613 1433 2035 1506 delinquentium
2096 1450 2197 1504 per

583 1507 833 1562 umbram
859 1505 976 1562 sua;
1029 1505 1217 1560 mortis
1245 1505 1468 1561 delevit.
1499 1505 1588 1559 Ad
1638 1521 1738 1576 nos
1787 1507 1990 1576 quippe
2047 1506 2196 1560 venit

585 1578 676 1648 qui
705 1578 756 1631 in
799 1585 973 1632 morte
1000 1577 1219 1647 spiritus
1247 1577 1536 1645 carnisque
1596 1575 1965 1648 tenebamur;
2025 1591 2193 1630 unam

582 1647 654 1702 ad
685 1664 789 1703 nos
809 1662 959 1702 suam
993 1656 1222 1702 mortem
1253 1648 1464 1716 detulit,
1507 1654 1560 1700 et
1597 1647 1733 1700 duas
1780 1655 1991 1702 nostras
2055 1662 2192 1716 quas

1507 257 1868 314 APPENDIX
1896 259 1992 315 AD
2025 259 2087 316 S.
2129 259 2475 318 GREGORII
2509 263 2740 321 OPERA
2770 265 3014 325 ΟΜΝΙΑ.

3714 276 3830 334 ίῖϐι

2228 385 2285 442 Α
2313 409 2373 447 ce
2399 393 2583 469 liberm
2613 397 3017 469 praedicationis
3046 403 3416 469 exsurgerent,
3445 402 3501 469 _et
3519 397 3717 469 necdum
3732 402 3829 469 post

2313 414 2373 447 ce
2399 414 2583 449 unerw
2613 414 3017 465 erBOlC-allonls
3046 414 3416 469 exsurgerent,
3450 414 3501 449 et
3527 414 3717 450 necdum
3791 414 3827 451 st

2312 465 2626 589 Rassionem
2662 468 2898 534 Domini,
2930 468 3100 524 sancti
3124 469 3357 538 Spiritus
3379 466 3624 522 infusione
3642 414 3827 532 soluisti,

2362 536 2737 589 edemntorum
2769 557 2924 589 suum
2973 540 3292 589 auctoritate
3342 536 3495 589 ﬁrma
3523 539 3827 589 pradicet-ent.

2362 536 2737 606 edemptorum
2769 557 2924 593 suum
2973 536 3292 594 auctoritate
3342 536 3495 590 ﬁrma
3523 539 3832 606 pradicarent,

2313 606 2492 679 adhuc
2522 617 2710 663 contra
2742 610 3089 665 adversarios
3121 625 3247 663 suos
3265 609 3418 679 quasi
3436 608 3649 679 inantris
3667 609 3835 662 insidia-

2312 675 2530 752 bantur:
2569 679 2784 752 plausis
2816 679 3016 751 quippe
3065 675 3315 752 foribus,
3358 678 3507 752 quasi
3562 679 3611 752 in
3664 680 3837 752 quibus-

2313 748 2682 819 damabditis
2714 748 2987 819 specubus
3018 751 3130 805 suis
3159 751 3321 806 catuli
3376 748 3574 818 rapturi
3630 750 3836 802 mundum

2313 818 2602 891 cubabant,
2634 828 2691 874 ut
2719 818 3023 876 animarum
3053 822 3294 891 praedam
3324 821 3654 891 postmodum
3672 836 3838 888 prusu-

2312 890 2852 962 mentesrdiriperent,
2887 893 2957 946 de
2987 890 3184 962 quibus
3205 890 3334 945 tunc
3389 899 3595 962 certum,
3636 891 3839 962 estquod

2313 959 2497 1032 mundi
2525 959 2783 1032 impetum
2817 963 2979 1016 etiam
3007 959 3374 1032 _sibimetipsis
3407 961 3631 1032 latendo
3690 961 3840 1014 formi-

2313 977 2497 1013 munai
2525 977 2783 1084 impetum
2817 977 2979 1016 etiam
3017 977 3374 1032 smtmeupSis
3430 977 3631 1016 latendo
3690 977 3840 1014 tormi-

2311 1029 2529 1084 darent.
2560 1031 2600 1084 ll
2626 1033 2670 1086 is
2691 1033 2893 1087 foribus
2920 1034 3136 1098 clausis,
3166 1033 3250 1086 isti
3283 1030 3441 1088 catuli
3497 1037 3696 1085 mortem
3751 1046 3842 1084 nos-

2308 1107 2405 1155 trae
2434 1103 2620 1156 mortis
2650 1103 2892 1158 insidiati
2923 1105 3265 1174 quaesierunt,
3295 1113 3351 1157 ut
3377 1102 3588 1172 culpam
3626 1099 3841 1155 interﬁce-

2309 1179 2444 1244 rent,
2478 1188 2803 1244 omnemque
2833 1175 2886 1228 in
2947 1175 3107 1229 nobis
3155 1176 3362 1243 peccati
3418 1174 3580 1244 vitam
3622 1181 3838 1244 necarent.

2306 1241 2512 1296 Horum
2540 1241 2822 1313 primo'illi
2853 1246 3102 1300 esurienti
3136 1241 3333 1310 catulo,
3369 1243 3468 1298 sed
3511 1245 3615 1312 jam
3663 1242 3840 1306 valenti,

2307 1320 2675 1386 ostensahper
2737 1314 2959 1369 linteum
3005 1316 3328 1386 gentilitate,
3395 1314 3548 1382 quasi
3605 1320 3840 1386 monstrata

2304 1383 2495 1451 praeda
2524 1383 2721 1438 dicitur
2755 1403 2766 1438 :
2792 1388 2969 1442 Macta
3002 1382 3060 1441 ἐι
3087 1387 3373 1441 manduca
3401 1387 3543 1450 (Act.
3571 1400 3620 1447 ιι,
3644 1387 3717 1451 13)
3745 1382 3840 1435 :his

2305 1454 2498 1508 catulis
2527 1455 2673 1509 velut
2700 1457 2877 1512 adhuc
2907 1455 3153 1521 inﬁrmis,
3186 1466 3239 1510 ut
3271 1456 3322 1510 in
3356 1455 3531 1509 antris
3572 1455 3746 1508 cubare
3779 1451 3845 1507 de-

2303 1522 2468 1578 beant
2491 1526 2730 1594 jubetur,
2765 1543 2886 1581 cum
2916 1527 2994 1582 eis
3021 1544 3155 1582 voce
3181 1526 3460 1581 dominica
3504 1525 3679 1579 dicitur
3707 1541 3717 1574 :
3760 1522 3840 1577 Se-

2303 1594 2430 1650 dete
2458 1599 2548 1651 hic
2576 1599 2638 1651 in
2658 1599 2908 1665 civitate,
2937 1605 3288 1667 quoadusque
3312 1597 3628 1652 induamini
3676 1596 3840 1667 uirtute

2302 1679 2376 1720 ea:
2401 1669 2518 1722 alto
2531 1668 2684 1737 (Luc.
2706 1684 2852 1736 xxrv,
2877 1665 2988 1736 49.)
3004 1665 3244 1737 Apostoli
3268 1669 3411 1723 enim
3429 1665 3844 1737 rectecatulisanc-

579 1717 2189 1810 {qreﬁtfgljrig-Lﬁjnitgﬁgit:_ug§[r1{t_yg_§g§git3§{§t.
2217 1731 2271 1790 Β
2303 1717 2371 1790 is;
2393 1717 2871 1794 agamagam
2885 1717 3744 1810 ’ῥόὲὲὶἷηίζ’ῐιὶὶίῖἱῖἑέιέιέέίέεάίιί
3767 1717 3840 1788 ad-

578 1788 681 1844 nos
709 1805 743 1844 a
771 1789 919 1844 nulla
947 1789 1221 1852 liberaret,
1261 1789 1357 1842 sed
1388 1804 1552 1842 unam
1581 1788 2004 1844 misericorditer
2029 1803 2192 1842 acce-

583 1861 681 1928 pit,
714 1868 766 1915 et
795 1867 1084 1931 utramque
1109 1860 1252 1931 juste
1282 1858 1580 1931 damnavit.
1615 1858 1884 1928 Simplam
1907 1875 2060 1914 suam
2084 1859 2192 1912 du-

620 1931 688 1986 laa
719 1939 912 1986 nostra!
941 1929 1189 1994 contulit,
1223 1937 1278 1984 et
1307 1929 1528 1997 duplam
1561 1937 1801 1983 nostram
1833 1931 2067 1986 moriens
2091 1946 2190 1984 su-

579 1948 761 2056 ﬁearit.
803 2001 957 2056 Unde
985 2010 1038 2055 et
1066 2016 1174 2055 non
1201 2000 1476 2056 immerito
1507 2015 1614 2054 uno
1643 1999 1734 2054 die
1762 2001 1816 2054 in
1844 2001 2092 2056 senulcro
2142 2007 2190 2055 et

623 2001 761 2073 egit.
803 2001 966 2073 Unde
980 2010 1038 2073 _et
1066 2016 1174 2073 non
1201 2000 1476 2073 immerito
1507 1999 1734 2073 unodie
1762 2001 1816 2054 in
1844 2001 2092 2073 sepulcro
2142 2007 2196 2055 et

583 2070 799 2127 duabus
830 2071 1078 2127 noctibus
1131 2070 1322 2140 jacuit,
1380 2071 1504 2141 quia
1550 2070 1804 2127 videlicet
1854 2070 2034 2128 lucem
2078 2086 2192 2141 suae

585 2143 805 2214 simplie
835 2142 1023 2196 mortis
1045 2142 1281 2214 tenebris
1311 2140 1493 2214 dupla:
1522 2149 1721 2196 nostrae
1764 2145 1951 2199 mortis
1999 2140 2224 2210 adjun-J

581 2212 810 2282 xithui
837 2229 968 2284 ergo
997 2213 1167 2268 solam
1198 2228 1297 2282 pro
1329 2212 1486 2284 nobis
1517 2220 1750 2284 mortem
1807 2215 1984 2270 carnis
2031 2227 2192 2266 acce-

581 2285 682 2356 pit,
713 2282 964 2356 umbram
996 2284 1186 2356 mortis
1211 2283 1450 2356 pertulit,
1481 2291 1593 2356 _et_a
1633 2282 1732 2336 Dei
1757 2287 1937 2341 oculis
1980 2283 2194 2351 culpam

585 2353 747 2426 quam
779 2355 1009 2426 fecimus
1047 2354 1347 2426 abscondit.
1382 2353 1448 2426 Ut
1479 2353 1645 2424 igitur
1671 2368 1769 2410 nos
1797 2372 1826 2410 a
1851 2361 2028 2426 morte
2068 2367 2194 2426 car-

581 2424 669 2480 nis
699 2430 752 2480 et
780 2425 1010 2495 spiritus
1029 2425 1303 2480 debitores
1340 2425 1592 2494 eriperet,
1620 2434 1850 2482 mortem
1887 2424 2064 2483 carnis
2093 2424 2196 2479 Do-

585 2496 766 2550 minus
793 2512 902 2551 non
921 2496 1129 2551 debens
1152 2495 1339 2551 solvit.

584 2604 708 2653 Cn.
731 2603 869 2654 ιλιι.
893 2631 955 2641 -
1004 2603 1297 2734 Ορονιεὸαια
1320 2601 1584 2727 Clarius)»;
1624 2615 1894 2667 resurgere
1917 2615 1949 2653 a
1983 2602 2196 2653 mortuis

1235 2683 1265 2716 ο
1299 2682 1466 2729 mu,
1555 2704 1569 2719 .

1235 2682 1466 2729 oan.xx,
1493 2682 1569 2727 ν).

658 2769 805 2839 (Lib.
839 2786 896 2840 ιι,
928 2769 981 2824 in
995 2769 1226 2836 Ezech.,
1257 2769 1406 2825 hom.
1441 2770 1492 2834 4,
1526 2785 1675 2840 num.
1725 2770 1801 2838 2.)
1867 2770 2194 2825 Universum

582 2843 688 2898 hoc
717 2839 930 2910 tempus
958 2849 1164 2911 septem
1227 2840 1416 2894 diebus
1464 2839 1751 2900 evolvitur.
1805 2849 2012 2894 aeterna
2065 2855 2193 2895 vero

582 2914 698 2968 dies
725 2919 917 2968 octava
946 2920 1045 2979 est,
1079 2927 1202 2980 quae
1231 2912 1445 2980 expleta
1475 2919 1687 2980 septem
1707 2911 1919 2966 dierum
1967 2911 2192 2966 vicissi-

580 2982 770 3038 tudine
799 2982 1063 3062 se_quitur.
1098 2981 1200 3062 [fer
1257 2981 1593 3062 octonarium
1643 2982 1848 3062 quippe
1905 2997 2190 3062 numerum

580 3051 906 3125 resurrectio
929 3053 1259 3125 etgaudium
1297 3052 1496 3125 futurae
1524 3051 1876 3108 beatitudinis
1919 3051 2190 3125 significa-

584 3133 686 3180 tur.
720 3123 890 3192 Hujus
919 3123 1182 3179 octonarii
1240 3123 1451 3179 numeri
1501 3138 1678 3178 causa
1732 3131 1813 3178 est
1871 3123 2014 3192 quod
2067 3131 2193 3192 post

579 3195 870 3251 sabbatum
891 3194 1065 3250 voluit
1085 3194 1349 3248 Dominus
1379 3209 1411 3248 a
1461 3204 1636 3248 morte
1689 3209 1997 3263 resurgere.
2060 3194 2194 3247 Dies

580 3267 787 3338 quippe
814 3266 1149 3338 Dominicus,
1183 3265 1273 3336 qui
1305 3265 1494 3318 tertius
1522 3271 1600 3318 est
1632 3280 1663 3317 a
1692 3269 1864 3318 morte
1893 3263 2189 3338 dominica,

582 3333 615 3390 εἰ
647 3333 967 3392 conditione
999 3333 1543 3389 dierum’numeratur
1571 3342 1808 3401 octavus,
1843 3333 1971 3403 quia
2016 3334 2192 3402 septi-

579 3422 729 3461 mum
758 3405 1015 3474 sequitur.
1044 3405 1200 3460 Unde
1225 3411 1279 3459 et
1302 3405 1421 3474 ipsa
1446 3420 1575 3458 vera
1597 3404 1974 3474 Redemptoris
2022 3405 2192 3459 nostri

577 3477 785 3547 passio,
817 3473 873 3547 et
903 3490 1030 3547 vera
1055 3473 1396 3547 resurrectio,
1431 3473 1680 3547 ﬁguravit
1710 3473 1936 3547 aliquid
1971 3474 2039 3530 de
2068 3489 2192 3547 rsuo

581 3544 811 3618 corpure
835 3545 892 3598 in
919 3544 1112 3618 diebus
1141 3544 1562 3618 passionissuae.
1623 3545 1821 3618 Sexta_
1851 3545 2016 3618 enim
2055 3545 2193 3600 feria

577 3614 780 3688 passus
807 3625 907 3685 est,
927 3614 1157 3688 sabbato
1185 3615 1390 3686 quievit
1409 3615 1766 3688 inrsepulcro,
1800 3616 2088 3671 Dominico
2104 3632 2193 3670 au-

580 3686 692 3744 tem
722 3688 812 3742 die
833 3686 1136 3742 resurrexit
1163 3701 1196 3741 a
1225 3693 1420 3742 morte.
1465 3687 1708 3742 Praesens
1736 3689 1883 3742 enim
1916 3688 2032 3740 vita
2083 3701 2190 3742 no-

578 3758 671 3812 bis
701 3759 878 3814 adbuc
908 3766 1058 3812 sexta
1091 3766 1175 3812 est
1204 3755 1355 3822 feria,
1382 3757 1517 3827 quia
1556 3757 1608 3811 in
1643 3756 1921 3812 doloribus
1951 3757 2188 3825 ducitur,

579 3837 636 3885 et
661 3828 718 3900 in
748 3827 1011 3900 angustiis
1042 3827 1352 3900 cruciatur;
1383 3827 1740 3900 sedrsabbato
1779 3827 1931 3898 quasi
1998 3828 2054 3882 in
2109 3843 2194 3883 se-

578 3899 773 3982 pulcro
803 3898 1313 3982 quiescimus,_quia
1342 3899 1588 3982 requiem
1621 3898 1834 3982 animae.
1852 3907 1979 3968 post
1992 3913 2191 3978 corpus

579 3969 913 4026 invenimus.
952 3969 1246 4025 Dominico
1275 3985 1408 4024 vero
1439 3969 1550 4035 die,
1584 3969 1842 4024 videlicet
1870 3986 1902 4023 a
1931 3969 2191 4038 passione

577 4042 762 4106 tertio,
794 4057 824 4094 a
853 4040 1182 4108 conditione,
1225 4048 1282 4094 ut
1309 4039 1563 4106 diximus,
1595 4047 1808 4104 octavo,
1820 4039 1936 4108 jam
1960 4055 2190 4109 corpore

577 4129 610 4167 a
630 4120 804 4166 morte
844 4127 1223 4181 resurgemus,
1245 4119 1296 4164 et
1326 4109 1382 4164 in
1411 4110 1588 4181 gloria
1615 4111 1815 4165 anime
1844 4110 2008 4164 etiam
2063 4125 2188 4165 cum

579 4199 744 4238 carne
773 4178 1155 4251 gaudebimus.
1188 4178 1350 4248 Quod
1374 4178 1505 4251 ergo
1537 4182 1675 4235 mire
1700 4181 1953 4236 Salvator
2005 4189 2192 4235 noster

583 4253 639 4307 in
668 4271 727 4307 se
760 4251 886 4308 fecit
913 4253 1016 4307 hoc
1045 4253 1316 4307 veraciter
1344 4251 1400 4305 in
1429 4251 1587 4307 nobis
1614 4251 1868 4322 signavit,
1900 4258 1959 4305 ut
1988 4267 2086 4306 nos
2135 4257 2191 4322 et

577 4324 737 4380 dolor
755 4323 811 4377 in
839 4331 1007 4388 sexta,
1038 4332 1091 4379 et
1113 4323 1326 4394 requies
1350 4323 1406 4376 in
1433 4321 1686 4393 septima,
1711 4329 1766 4377 et
1817 4322 1992 4393 gloria
2045 4321 2190 4378 exci-

575 4395 693 4464 piat
721 4395 775 4448 in
796 4403 1012 4449 octavo.

575 4501 709 4551 Cu.
732 4502 867 4552 LIV.
890 4528 955 4538 —
979 4501 1228 4550 Talaum
1264 4502 1527 4551 Dominum
1548 4513 1734 4558 meum.
1782 4509 1834 4552 et
1881 4503 2050 4552 nescio
2093 4498 2186 4551 ubi

972 4570 1250 4629 posuerunt
1263 4580 1372 4618 eum
1405 4567 1680 4630 (Joan.xx,
1704 4566 1774 4626 2).

651 4668 735 4734 (In
763 4666 998 4737 exposit.
1031 4668 1089 4721 B.
1112 4667 1236 4731 Job,
1267 4667 1363 4722 lib.
1395 4683 1473 4737 ιιι,
1513 4685 1672 4724 num.
1712 4671 1824 4738 22.)
1871 4667 2188 4740 Aliquando

580 4739 862 4810 Scriptura
893 4753 1045 4810 sacra
1076 4746 1243 4793 totum
1273 4754 1371 4809 pro
1414 4748 1566 4810 parte
1629 4739 1906 4796 consuevit
1961 4739 2188 4809 ponere,

578 4808 722 4865 sicut
742 4810 831 4866 hic
859 4808 928 4864 ad
959 4808 1372 4864 monumentum
1391 4808 1555 4866 Maria
1576 4814 1941 4881 conqueritur,
1961 4808 2156 4881 dicens
2167 4826 2180 4862 :

589 4881 874 4938 Tuleruut
901 4881 1202 4961 Dominum
1224 4896 1433 4961 meum:
1490 4881 1678 4961 Solum
1700 4879 2186 4961 “quippedom‘ini-

582 4968 703 5007 cum
726 4967 922 5022 corpus
951 4951 1006 5006 in
1039 4959 1388 5007 monumento
1413 4952 1678 5022 jacuerat,
1712 4959 1764 5005 et
1815 4951 1948 5006 illud
2007 4951 2183 5022 solum

579 5023 748 5078 Maria
780 5021 1073 5093 quaesitura
1100 5031 1342 5078 venerat.
1377 5021 1515 5077 Dum
1552 5037 1682 5092 ergo
1715 5022 1870 5091 quasi
1901 5029 2068 5077 totum
2106 5021 2185 5074 si-

581 5093 692 5174 mul
724 5094 1015 5174 Dominum
1047 5093 1314 5174 sepultum
1347 5093 1687 5174 deplorabat,
1737 5101 1796 5174 et_
1836 5108 1944 5174 non
1970 5107 2188 5174 corpus

582 5164 826 5227 Domini,
859 5165 955 5220 sed
973 5162 1263 5234 Dominum
1290 5162 1570 5219 sublatum
1600 5163 1873 5234 quaerebat
1930 5162 2188 5220 videlicet

578 5250 648 5290 ex
680 5243 790 5291 toto
818 5243 1028 5307 partem
1049 5233 1416 5306 signiﬁcabat.

579 5342 703 5394 Car.
730 5344 832 5396 LV.
859 5368 926 5381 —
951 5343 1079 5395 Cum
1107 5352 1236 5394 esset
1259 5355 1370 5394 sero
1394 5341 1482 5393 die
1503 5343 1596 5393 tuo
1616 5356 1724 5393 una
1748 5341 2091 5402 sabbatorum,
2139 5347 2191 5392 et

646 5413 783 5474 fore:
826 5419 992 5463 essent
1026 5409 1234 5470 clausa,
1278 5409 1368 5460 ubi
1413 5414 1563 5462 nant
1605 5407 1850 5472 discipuli
1897 5409 2188 5472 congregati

647 5485 861 5543 propter
880 5485 1062 5529 malum
1117 5476 1428 5535 Judmorum,
1475 5477 1608 5529 venit
1647 5477 1818 5538 lam,
1861 5481 1910 5526 et
1954 5476 2099 5526 stetit
2131 5475 2187 5525 in

644 5547 986 5598 medioearum
1022 5543 1186 5605 (Joan.
1222 5545 1424 5605 33,19).

660 5628 724 5682 In
765 5627 996 5694 exposit.
1060 5627 1124 5680 Β.
1198 5625 1319 5686 Job.
1350 5624 1446 5679 lib.
1482 5640 1624 5693 xxx,
1658 5640 1808 5680 num.
1865 5624 1984 5693 26.)
2064 5623 2189 5680 Post

579 5696 1132 5774 Dominipassionem
1157 5696 1529 5774 apostoli_pro_
1581 5695 1776 5774 mentis
1829 5695 2186 5774 teneritudine

581 5777 638 5823 et
664 5765 974 5824 formidinis
1002 5764 1330 5832 inﬁrmitate,
1362 5764 1564 5821 clausis
1593 5766 1805 5823 foribus
1833 5765 2174 5823 residebant.

582 5834 724 5896 Cum
924 5847 1274 5908 nequaquam
1298 5841 1490 5896 contra
1503 5835 1748 5896 membra
1775 5834 1983 5896 diaboli
2003 5835 2060 5894 in
2074 5849 2180 5912 vos

2304 1816 2612 1864 versantem
2635 1811 2896 1864 mundum
2906 1809 3005 1866 fore
3020 1819 3072 1865 et
3085 1809 3468 1881 prmdicatione
3482 1823 3573 1863 sua
3587 1812 3839 1876 rapuerunt.

2301 1926 2428 1974 Car.
2458 1924 2590 1975 LVI.
2621 1950 2684 1965 —-
2706 1927 2938 1989 Accipite
2961 1928 3209 1988 Spiritum
3228 1931 3454 1977 sanctum
3478 1940 3498 1984 ;
3522 1935 3708 1987 quorum
3723 1922 3843 1972 rmi-

2365 1989 2548 2041 seritis
2574 2003 2797 2056 peccata,
2823 1998 3148 2044 remittuntur
3185 1997 3261 2043 eis
3284 1997 3373 2054 ;et
3416 2005 3625 2055 quorum
3661 1990 3840 2039 retinue-

2365 2059 2499 2117 ritis,
2521 2064 2721 2110 retenta
2741 2067 2861 2112 sunt
2882 2060 3055 2122 (Joan.
3087 2074 3176 2119 xx,
3196 2061 3302 2120 25).

2371 2160 2455 2227 (In
2485 2161 2714 2229 exposit.
2748 2162 2814 2216 Β,
2852 2162 2975 2227 Job,
3013 2161 3109 2217 lib.
3143 2177 3310 2222 xxvu,
3345 2176 3500 2214 num.
3524 2161 3585 2212 34
3619 2175 3630 2219 ;
3677 2152 3838 2229 bomil.

2302 2225 2390 2302 26,
2414 2229 2470 2283 in
2491 2225 2738 2301 Evang.,
2771 2250 2825 2285 ιι.
2862 2234 2938 2302 4.)
2966 2225 3119 2300 Quos
3146 2233 3316 2287 sancti
3349 2231 3578 2302 Spiritus
3591 2225 3842 2296 repletgra-

2304 2299 2396 2362 tia,
2429 2302 2580 2371 prius
2611 2299 2707 2356 eos
2737 2303 2806 2357 de
2837 2299 3045 2358 terrena
3078 2304 3290 2358 actione
3322 2299 3591 2362 terriﬁcat,
3621 2307 3671 2351 et
3718 2302 3840 2364 post-

2302 2372 2523 2443 rnodum
2543 2389 2639 2443 spe
2668 2373 2964 2428 cmlestium
2990 2376 3316 2440 consolatur,
3349 2381 3406 2427 ut
3439 2379 3583 2443 tanto
3612 2375 3719 2443 post
3743 2379 3840 2419 con-

2300 2440 2501 2516 fitendo
2531 2438 2600 2497 de
2632 2444 2872 2513 praemiis
2901 2446 3204 2516 gaudeant,
3235 2438 3439 2516 quanto
3471 2440 3614 2516 prius
3627 2438 3723 2492 5013
3740 2451 3843 2516 5tu

2302 2513 2465 2582 plicia
2495 2512 2878 2587 conspiciendo
2906 2512 3269 2571 'metuebant."
3320 2512 3658 2587 Cum__ig_ill_1§‘
3689 2513 3840 2587 ,δθηοίι

2301 2579 2535 2657 apostoli
2575 2579 2921 2657 nequaquam
2952 2596 3137 2641 contra
3168 2585 3412 2641 membra
3452 2579 3648 2657 diaboli
3686 2579 3733 2631 in
3775 2591 3843 2629 vo-

2302 2650 2638 2729 cemlibera:
2663 2650 3070 2729 praedicationis
3101 2674 3416 2729 assurgere,
3439 2662 3500 2729 et
3523 2650 3842 2729 necdum}?

2303 2725 2614 2799 passionem
2644 2719 2860 2783 Domini
2881 2729 3049 2783 sancti
3081 2719 3311 2799 Spiritus
3341 2719 3604 2799 inlusione
3640 2719 3837 2781 solidati,

2303 2792 2719 2872 Redemptorem
2753 2815 2914 2852 suum
2933 2792 3196 2872 auderent
3223 2800 3546 2872 auctoritate
3568 2792 3847 2872 ὃιςιρδῬῗθ

2303 2867 2488 2939 dicare
2511 2863 2538 2934 “;
2567 2877 2617 2923 et
2646 2885 2748 2939 pro
2782 2870 2975 2924 mentis
3006 2870 3358 2925 teneritudine
3387 2877 3442 2923 et
3475 2863 3753 2939 formidinis
3777 2863 3845 2939 in-

2301 2936 2563 3014 firmitate
2609 2936 2713 3014 una
2772 2941 3116 3014 sabbatorum
3172 2941 3372 2996 clausis
3417 2936 3846 3014 foribuspropler

2303 3017 2506 3062 metum
2534 3011 2843 3066 Judaeorum
2873 3012 3174 3067 residentes
3220 3018 3524 3066 metuerent
3577 3011 3758 3076 exire,_
3778 3014 3845 3076 νᾳι

2220 3084 2269 3147 C
2302 3079 2456 3133 niens
2484 3081 2754 3136 Dominus
2782 3090 2834 3135 et
2863 3089 3016 3136 stans
3046 3084 3096 3136 in
3144 3083 3328 3138 medio
3375 3095 3561 3137 eorum
3595 3071 3844 3130 insuftlavit

2301 3149 2506 3204 etdixit
2536 3153 2614 3205 eis
2647 3170 2657 3204 :
2693 3153 2942 3223 Accipite
2973 3153 3264 3222 Spiritum
3295 3157 3584 3210 sanctum.
3640 3147 3843 3214 Quorum

2299 3222 2636 3295 remiseritis
2650 3228 2885 3295 peccata
2905 3225 3286 3280 remittuntur
3314 3226 3398 3278 eis
3428 3226 3520 3288 ,σει
3545 3231 3758 3295 quorum
3775 3227 3846 3295 rt-

2301 3293 2617 3364 tinueritis.
2642 3293 2866 3348 retenta
2895 3299 3051 3349 sunl.
3102 3297 3238 3351 Ecce
3282 3303 3662 3350 conversorum
3701 3293 3846 3364 terret

2299 3363 2532 3436 vertitur
2557 3350 2616 3417 in
2637 3373 2981 3432 potestatem,
3005 3366 3131 3436 quia
3147 3350 3267 3419 eum
3298 3367 3446 3420 mala
3467 3378 3562 3419 sua
3582 3350 3844 3436 paenitendo

2298 3434 2544 3508 puniunt,
2583 3425 2757 3508 usque
2803 3436 2869 3488 ad
2901 3425 3262 3491 exercendum
3289 3425 3843 3508 judiciumﬁSfDePdﬁmg

2297 3494 2356 3557 ut
2384 3503 2494 3578 hoc
2515 3494 2568 3558 in
2600 3494 2713 3560 Deo
2741 3522 2904 3578 posse
2927 3508 3192 3578 accipiant
3215 3494 3358 3578 quod
3391 3499 3650 3576 priusipsi
3670 3497 3728 3549 de
3749 3494 3845 3578 Ur?

2299 3575 2636 3649 metuebant.
2673 3561 2891 3649 Judices
2913 3561 3114 3648 quippe
3136 3561 3268 3632 ﬂuxit
3327 3561 3421 3648 qui
3445 3561 3848 3649 δυνά-Πιξωλῷ

2299 3643 2446 3719 cium
2472 3646 2716 3719 perfecte
2747 3641 3064 3719 timuerunt,
3079 3655 3134 3703 et
3180 3641 3360 3719 aliena
3388 3641 3844 3719 peccatadimittere

2293 3715 2407 3784 jam
2434 3704 2696 3786 incipiunt
2724 3718 2815 3787 qui
2837 3719 2986 3787 prius
3016 3704 3084 3773 ne
3126 3735 3223 3773 sua
3251 3704 3612 3773 retin‘erentur
3627 3704 3844 3788 (οῖῐῐξξάν

2297 3776 2510 3840 verunt.
2537 3776 2690 3842 Libet
2711 3776 2891 3842 autem
2923 3789 3137 3852 intueri,
3171 3790 3362 3844 fratres
3389 3776 3849 3855 cbarissimitdisci:

2298 3856 2409 3926 puli
2459 3841 2684 3912 Domini
2736 3841 2827 3913 ad,
2855 3841 3590 3914 tanta“sseahtmmaus
3611 3841 3847 3911 vocati,ad

2299 3936 2558 4000 quantum
2587 3930 2801 3984 culmen
2834 3931 3022 4000 gloriae
3053 3931 3159 3983 sint
3205 3930 3482 4000 perducti.
3518 3931 3650 4000 Ecce
3674 3926 3848 4000 0995‘?

2297 3998 2408 4069 lum
2439 3999 2508 4054 de
2537 3997 3040 4069 semetipsis'securi
3060 3997 3220 4067 fiunt,
3239 4001 3335 4055 sed
3368 4001 3533 4055 etiam
3553 3997 3849 4069 obligations

2297 4067 2486 4126 alienae
2511 4064 2834 4151 potestatem
2857 4064 3846 4151 relaxationisaccipiuntrprinfigaﬁ'f

2297 4138 2529 4209 superni
2549 4141 2749 4210 judicis
2779 4143 3088 4208 sortiuntur,
3103 4150 3160 4196 ut
3176 4141 3294 4198 vice
3315 4138 3420 4197 Dei
3443 4138 3852 4210 quibusdlmpel‘j’

2297 4160 2524 4209 superni
2549 4160 2749 4210 jualClS
2779 4160 3088 4208 sortiuntur,
3103 4160 3160 4196 ιιι
3176 4160 3294 4198 vnce
3318 4160 3420 4197 U81
3485 4160 3847 4197 mansum-rw

2297 4218 2416 4282 cata
2444 4211 2726 4282 retineant,
2759 4213 3082 4282 quibusdam
3113 4213 3386 4267 relaxent.
3443 4160 3535 4268 gic
3593 4212 3665 4265 sic
3710 4208 3847 4282 eos}

2297 4280 2412 4335 Deo
2442 4281 2670 4354 decebat
2700 4280 2858 4354 erigi,
2891 4283 2980 4354 qui
3014 4291 3219 4337 tantum
3279 4299 3376 4354 pro
3424 4285 3543 4338 Deo
3598 4280 3848 4354 οοβεθηδέζ·

2295 4358 2416 4405 rant
2447 4353 2745 4408 humiliari.
2784 4350 2922 4408 Ecce
2951 4355 3042 4423 qui
3073 4350 3374 4424 districtum
3395 4355 3497 4409 Dei
3504 4352 3754 4424 judicium
3768 4350 3852 4424 ωε

2215 4440 2269 4502 D
2299 4429 2471 4502 luunt,
2501 4424 2805 4502 animarum
2817 4420 3210 4502 judicesﬁunt,
3244 4435 3302 4502 ut
3321 4425 3467 4480 alios
3496 4420 3739 4502 damnent
3781 4425 3805 4462 ν

2298 4491 2529 4548 liberant
2550 4495 2642 4566 qui
2666 4491 2989 4566 semetipsos
3019 4496 3272 4550 damnari
3304 4496 3642 4551 metuebant.

2395 4600 2515 4653 Car.
2543 4606 2702 4654 LVII.
2728 4633 2791 4643 --
2818 4604 2993 4654 Venite
3015 4608 3064 4653 et
3082 4603 3512 4670 prandethoaa.
3547 4599 3759 4664 nali)-

2369 4703 2588 4773 (Homil.
2623 4705 2712 4770 24,
2743 4703 2798 4758 in
2821 4705 3053 4775 Evang.,
3088 4721 3148 4758 n.
3184 4708 3256 4769 6;
3286 4705 3448 4771 l4,n.
3472 4708 3528 4771 ε’),
3560 4706 3591 4756 6
3623 4721 3637 4767 ;
3690 4698 3767 4764 25,
3805 4708 3845 4775 {l-

2297 4774 2332 4828 6
2355 4764 2482 4847 {25,
2514 4792 2574 4829 ιι.
2611 4778 2664 4840 9,
2697 4764 2812 4839 l0.)
2844 4764 3154 4847 Resurgens
3181 4764 3845 4847 DominuSLapparenSDUlf

2297 4847 2426 4901 timo
2441 4846 2557 4914 jam
2589 4838 2843 4900 convivio
2871 4862 2992 4901 cum
3016 4838 3228 4916 septem
3250 4838 3554 4915 discipulis
3578 4838 3846 4916 comedis?

2295 4909 2639 4980 describitur,
2661 4917 2850 4984 quiahi
2901 4916 2991 4986 qui
3042 4909 3095 4970 in
3137 4916 3232 4971 illo
3289 4909 3432 4970 nun'c
3490 4911 3706 4985 perfecti
3749 4909 3847 4987 sunt

2293 4997 2490 5044 aeterna
2516 5003 2614 5058 per
2631 4987 2780 5040 illum
2801 4987 3099 5058 reiectione
3163 4987 3444 5058 satiantur.
3485 4987 3664 5058 Petrus
3682 4988 3844 5058 qupl’,e

2293 5069 2347 5114 et
2365 5050 2618 5124 Thomas,
2651 5058 2974 5121 Natbanael,
2996 5056 3090 5111 ﬁlii
3113 5057 3378 5122 Zebedazi,
3414 5065 3470 5111 et
3498 5056 3589 5110 alii
3613 5070 3675 5109 ex
3703 5050 3846 5104 disci-

2292 5131 2434 5200 pulis
2462 5129 2584 5198 ejus
2611 5129 2740 5196 duo,
2768 5145 2889 5183 cum
2923 5144 2987 5182 eo
3011 5127 3176 5200 fuisse
3207 5135 3597 5200 memorantur.
3621 5126 3728 5200 _Cur
3771 5132 3845 5200 au-

2295 5188 2402 5256 iem
2431 5188 2557 5272 οιιῖιι
2584 5188 2788 5272 septem
2823 5199 3103 5268 discipulis
3134 5200 3381 5272 ultimum
3413 5196 3716 5272 convivium
3737 5188 3846 5272 cete

2291 5272 2429 5334 brat,
2462 5271 2562 5325 nisi
2593 5267 2734 5338 quod
2768 5285 2860 5324 eos
2892 5267 3264 5325 tantummodo
3295 5269 3382 5338 qui
3413 5267 3711 5338 septiformi
3748 5270 3846 5332 grt-

2292 5344 2368 5397 tia
2397 5341 2566 5397 sancti
2598 5338 2825 5410 Spiritus
2855 5341 3000 5410 pleni
3023 5350 3168 5408 sunt,
3194 5340 3405 5394 futuros
3423 5354 3620 5410 secum
3639 5338 3689 5388 in
3722 5343 3842 5385 reter-

2292 5429 2362 5468 na
2380 5407 2672 5468 refectione
2693 5407 3020 5466 denuntiat?
3039 5407 3258 5481 Septem
3279 5425 3495 5480 quoque
3517 5407 3701 5481 diebus
3717 5411 3844 5456 omne

2293 5487 2638 5560 hoc_tempu_s
2665 5482 3047 5560 evolvitur,__e_t
3104 5480 3252 5550 saepe
3295 5480 3606 5560 septenario
3651 5481 3846 5560 numer?

2293 5539 2558 5634 perfectio
2588 5539 3030 5634 designatur.'ll_li
3078 5539 3214 5634 ergo
3269 5539 3462 5632 ultimo
3509 5539 3844 5634 convivig‘gf

2290 5618 2580 5698 praesentia
2607 5618 2850 5679 veritatis
2878 5618 3172 5698 epulantur
3199 5622 3288 5693 qui
3333 5636 3482 5676 nunc
3515 5618 3845 5698 perfer-dom:

2292 5679 2474 5753 studio
2499 5679 2714 5751 terrena
2734 5679 3135 5762 transcendunt,
3170 5679 3307 5764 quos
3331 5707 3491 5747 amor
3515 5679 3609 5759 Ιιίιά
3619 5705 3675 5742 us
3693 5679 3848 5764 mundi

2290 5749 2595 5839 adﬁgit,
2618 5749 2817 5837 quibus
2848 5766 2948 5821 etsi
2964 5749 3238 5839 utcunque
3265 5779 3361 5839 per
3381 5749 3712 5839 tentam'enta
3756 5749 3848 5839 79?;

2288 5817 2507 5911 {Epit
2517 5817 3436 5910 "desitiinéi'o‘didi‘déaid’m
3475 5845 3588 5892 non
3643 5817 3851 5888 retundit
