4082 6170
510 189 647 245 1271

1397 184 1757 246 APPENDIX
1791 186 1885 244 AD
1926 187 1985 245 S.
2026 181 2372 243 GREGORII
2409 185 2643 243 OPERA
2679 184 2923 243 ΟΜΝΙΔ.

3696 185 3834 242 1272

510 317 636 369 tura
661 310 744 368 cui
776 309 976 367 dictum
1007 317 1125 384 est:
1162 312 1330 368 Terra
1356 327 1435 378 es,
1459 315 1518 384 et
1538 313 1602 368 in
1628 316 1838 371 terram
1863 312 1969 369 ibis
1991 312 2112 382 (Ge-
2138 314 2196 373 Α
2221 326 2291 384 ne
2317 312 2463 367 enim
2483 328 2580 367 sua
2611 327 2708 367 nos
2736 311 2935 384 leniter
2963 310 3152 384 tangit,
3184 312 3280 369 sed
3307 310 3553 382 in0piam
3584 318 3823 366 nostram

513 400 638 441 nes.
662 399 746 451 ιιι,
764 385 875 451 19),
899 396 1032 438 cum
1060 383 1290 438 Domino
1320 383 1647 438 ascendente
1675 383 1732 438 in
1761 384 1961 439 cmlum
1980 384 2108 451 ivit;

510 469 613 526 pro
642 454 744 526 hac
780 453 913 526 ipsa
946 468 1201 526 namque
1230 453 1415 526 carnis
1464 460 1660 509 nostra
1707 454 2110 526 sublevatione,

510 523 614 597 per
640 523 871 597 ﬁguram
893 523 1224 597 Abeatusilob
1252 523 1735 597 Domi_num_avem
1767 524 2111 597 vocat._Qui_a

516 594 664 651 enim
687 594 1030 665 ascensionis
1057 594 1175 663 ejus
1204 595 1782 665 mysteriumludaeam
1812 610 1919 650 non
1950 594 2113 649 intel-

516 666 700 736 ligare
714 664 1023 736 conspexit,
1045 665 1115 720 de
1138 663 1451 720 inﬁdelitate
1479 664 1603 736 ejus
1633 666 1958 721 sententiam
1992 680 2114 736 pro-

516 681 555 721 ιι
634 681 690 719 re
714 681 1023 734 conspexu,
1045 681 1115 720 ue
1138 681 1451 720 innaeutate
1479 681 1603 736 ejus
1633 681 1958 721 sententiam
1992 681 2107 736 pro-

516 681 654 808 tuﬁiet,
673 734 863 808 dicens
882 752 896 789 :
921 735 1204 808 Semitam
1220 736 1502 808 ignoravit
1516 738 1638 791 avis
1650 737 1789 805 (Job.
1814 751 2014 808 xxviii,
2032 737 2107 805 ‘7);

519 806 638 863 avis
666 806 821 861 enim
849 814 995 878 recte
1023 806 1331 878 appellatus
1353 814 1434 861 est
1464 808 1745 878 Dominus,
1771 807 1896 876 quia
1917 821 2113 877 corpus

519 876 868 949 carneumad
888 876 1099 949 aethera
1118 877 1350 949 libravit.
1374 878 1542 948 Cujus
1560 877 1676 933 avis
1689 878 1939 949 semitam
1958 878 2113 949 igno-

514 948 672 1019 ravit,
706 947 957 1019 quisquis
986 962 1109 1003 eum
1140 947 1211 1001 ad
1240 947 1460 1003 caelum
1480 948 1791 1019 ascendisse
1837 963 1947 1019 non
1986 947 2111 1019 cre-

521 1017 1023 1089 didit._l)ominum
1063 1032 1199 1089 ergo
1246 1026 1513 1084 nostrum,
1554 1017 1751 1089 fratres
1786 1018 2109 1085 charissimi,

511 1089 584 1160 ad
612 1087 781 1160 caelos
808 1087 1214 1160 ascendisse,'et
1238 1089 1525 1160 credimus,
1548 1096 1602 1144 et
1621 1088 1759 1160 quid
1778 1088 2112 1145 intuentibus

514 1131 584 1239 iii
833 1166 1051 1239 euntem
1068 1131 1249 1239 illuni
1264 1159 1373 1239 duo
1397 1131 2113 1239 angeiila‘ssistentesijuttta

515 1229 643 1285 illos
669 1230 723 1283 in
753 1228 996 1283 vestibus
1030 1229 1168 1283 albis
1197 1230 1451 1296 dixerint,
1476 1228 1810 1285 audivimus.
1854 1228 1984 1293 Viri,
2018 1230 2111 1283 in-

515 1300 729 1372 quiunt,
763 1299 1004 1372 Galilrei,
1028 1300 1166 1371 quid
1192 1302 1363 1356 statis
1391 1300 1732 1372 aspicientes
1760 1302 1825 1356 in
1856 1301 2058 1357 caelum
2083 1301 2114 1353 ?

519 1371 616 1426 Hic
638 1371 805 1443 Iesus
842 1371 939 1441 qui
964 1374 1297 1443 assumptus
1324 1371 1472 1443 esta
1499 1371 1651 1427 vobis
1679 1374 1743 1427 in
1772 1372 1999 1438 caelum,
2030 1372 2111 1427 sic

518 1442 708 1497 veniet
736 1440 1209 1498 quemadmodum
1241 1442 1461 1497 vidistis
1488 1457 1617 1498 eum
1647 1447 1877 1498 euntem
1905 1443 1970 1497 in
1999 1457 2114 1498 cce-

518 1511 659 1568 lum.
710 1510 1228 1583 Undeioportetuut
1273 1512 1409 1567 illuc
1454 1527 1746 1583 sequamur
1788 1511 1973 1580 corde,
2019 1512 2110 1566 ubi

518 1596 640 1637 eum
671 1580 983 1637 ascendisse
1008 1580 1284 1637 credimus
1310 1580 1565 1651 corpore.
1590 1583 1874 1638 Desideria
1902 1591 2115 1637 terrena

512 1651 1218 1726 iugismus,_nihil_nosjam
1240 1653 1475 1726 delectet
1494 1653 1547 1708 in
1568 1653 1773 1708 inlimis
1792 1653 1883 1724 qui
1902 1654 2113 1708 Patrem
2142 1665 2196 1726 Β

515 1722 782 1796 habemus
808 1722 865 1777 in
888 1722 1165 1796 caelis._Et
1193 1723 1484 1796 hocnobis
1506 1733 1587 1779 est
1616 1722 1950 1796 magnopere
1970 1740 2109 1796 per-

512 1792 882 1876 pendendum,
915 1794 1043 1876 quia
1142 1795 1244 1876 qui
1264 1794 1513 1876 placidus
1554 1792 2113 1876 “cendia—terribilis

516 1863 747 1936 redibit;
780 1870 836 1919 et
864 1863 1128 1936 quidquid
1157 1863 1314 1936 nobis
1331 1881 1452 1936 cum
1475 1866 1895 1921 mansuetudine
1919 1866 2113 1935 praeci-

516 1934 621 2016 pit,
646 1936 756 2016 hoc
781 1950 812 1989 a
836 1934 1152 2016 nobiscum
1172 1934 1506 2016 districtione
1526 1936 1728 2016 exiget.
1753 1934 1935 1990 Nemo
1948 1935 2113 2007 igitur

514 2004 718 2078 indulta
737 2005 1070 2078 poenitentia:
1090 2014 1335 2075 tempora
1350 2004 1732 2078 parvipendat,
1744 2021 1907 2078 nemo
1924 2004 2111 2061 curam

515 2076 602 2131 sui
657 2090 780 2131 cum
834 2076 983 2131 valet
1037 2091 1228 2149 ageret
1258 2076 1534 2149 negligat,
1582 2078 1712 2149 quia
1780 2077 2113 2149 Redemptor

512 2154 698 2202 noster
725 2153 873 2203 tanto
899 2154 1025 2202 tunc
1055 2145 1110 2200 in
1134 2145 1665 2217 judicio'districtior
1683 2148 1882 2213 veniet,
1909 2145 2109 2217 quanto

512 2217 825 2291 npbisiante
850 2216 1119 2291 judicium
1142 2216 1398 2291 magnam
1419 2218 1745 2291 prmrogavit
1765 2216 2106 2291 patientiam.

514 2233 672 2272 nonis
699 2233 825 2273 ante
850 2233 1119 2288 judicium
1142 2233 1398 2341 ma‘gnam
1419 2233 1745 2291 praerogavu
1765 2233 2106 2288 patientiam.

514 2288 857 2359 Haecitaque
881 2288 1188 2359 vobiscum,
1250 2296 1438 2355 ratres,
1470 2290 1637 2359 agite,
1668 2289 1784 2343 haec
1830 2288 1886 2342 in
1929 2296 2110 2359 mente

517 2357 709 2430 sedula
738 2357 1068 2430 cogitatione
1096 2366 1331 2427 versate,
1353 2357 1814 2429 quodDominum
1834 2358 2111 2415 credimus

512 2429 582 2485 ad
650 2429 850 2485 caelum
921 2430 1255 2485 ascendisse.
1303 2430 1369 2484 Et
1416 2431 1466 2486 si
1514 2430 1690 2485 adhuc
1729 2430 1821 2485 hic
1866 2436 2111 2484 tenemur

511 2498 821 2580 inﬁrmitate
847 2500 1116 2570 corporis,
1146 2514 1435 2571 sequamur
1463 2509 1644 2557 tamen
1688 2514 1814 2555 eum
1855 2500 2110 2571 passibus

513 2584 714 2626 amona
722 2609 737 2625 .

580 2674 717 2730 Car.
742 2678 827 2730 Ill.
852 2705 917 2718 —
936 2678 1169 2731 Possedit
1188 2691 1388 2747 agrum
1409 2681 1472 2732 de
1493 2680 1725 2733 mercede
1752 2677 2043 2743 iniquitatis

1132 2745 1273 2809 (Act.
1308 2760 1350 2811 ι,
1386 2748 1490 2808 18).

578 2827 666 2902 (In
697 2827 926 2900 exposit.
958 2829 1029 2902 Β.
1060 2827 1190 2897 Job,
1222 2828 1326 2902 lib.
1379 2846 1459 2902 ιχ,
1502 2846 1662 2886 num.
1700 2829 1831 2902 58.)
1861 2827 2111 2902 Deluda

509 2899 781 2984 unditore
822 2914 927 2984 per
968 2899 1188 2984 beatum
1236 2899 1463 2984 Petrum.
1500 2899 1819 2984 apostolum;
1853 2900 2053 2984 dicitur
2091 2917 2104 2952 :

513 2914 779 2956 traditore
797 2914 927 3025 aper
968 2914 1188 2955 nestum
1236 2914 1453 2956 Petrum
1500 2914 1807 2984 apostotum
1853 2914 2053 2957 dicitur
2091 2917 2104 2952 :

513 2972 611 3029 llic
639 2985 796 3047 posse
844 2974 889 3027 tt
909 2986 1112 3047 agrum
1142 2971 1211 3028 de
1238 2972 1494 3047 mercede
1519 2973 1869 3047 iniquitatis.
1891 2972 2109 3047 Nequa-

549 3040 680 3125 ue'h
711 3041 865 3125 enin}.
883 3040 1061 3123 ρτειὲο
1089 3043 1370 3125 sanguine
1397 3059 1592 3125 rerum
1615 3040 1788 3125 ’θεριὲ
1831 3040 2117 3125 ροεεὲεξςπθ

543 3112 677 3193 udas
693 3112 891 3193 potuit,
924 3113 1036 3193 qui,
1068 3112 1254 3193 relatis
1275 3112 1510 3193 triginta
1540 3112 2119 3193 argenteis,’traditio-

513 3182 834 3255 nisicrimen
866 3182 1241 3255 criminosiore
1272 3184 1329 3238 in
1357 3182 1416 3240 se
1440 3182 1688 3255 protinus
1728 3191 1909 3255 morte
1939 3182 2118 3236 mulc-

511 3253 669 3310 tavit.
710 3253 819 3310 Sed
848 3254 1088 3325 possedit
1117 3254 1322 3310 dictum
1353 3253 1747 3325 est—possidere
1775 3253 1925 3309 fecit.

511 3362 646 3414 Car.
678 3359 775 3414 ιν.
805 3384 875 3403 --
892 3364 965 3413 Et
993 3363 1181 3413 cecidit
1217 3374 1332 3413 sors
1353 3374 1507 3424 super
1530 3361 1833 3424 Matthiam,
1859 3366 1912 3413 et
1948 3361 2119 3411 adnu'

625 3435 859 3481 moratus
882 3436 962 3478 est
994 3442 1107 3479 eum
1130 3428 1367 3480 undecim
1386 3429 1625 3490 apostolis
1651 3427 1801 3496 (Aet.
1839 3442 1877 3489 ι,
1903 3427 2009 3488 26).

588 3512 674 3581 (In
701 3510 941 3581 exposit.
976 3509 1043 3565 B.
1082 3510 1209 3581 Job,
1242 3509 1347 3568 lib.
1383 3526 1563 3579 χχιιι,
1595 3527 1750 3566 num.
1781 3511 1911 3581 27.)
1940 3510 2116 3567 Omne

618 3580 796 3653 catum
840 3580 1203 3653 undenarium
1253 3581 1671 3653 est,lquiadum
1702 3597 1961 3652 perversa
1999 3582 2118 3653 agit

618 3598 796 3637 catum
840 3598 1203 3636 unuenanum
1253 3598 1353 3650 εει,
1386 3598 1515 3653 quia
1543 3598 1671 3636 dum
1702 3598 1961 3652 perversa
2001 3598 2114 3651 agit

510 3598 851 3733 Biturigum
882 3652 1178 3733 transit.‘E_t
1204 3652 1335 3733 quia
1359 3652 1415 3706 in
1443 3652 1622 3733 cilicio
1652 3660 1935 3733 peccatum
1957 3651 2114 3722 plan-

552 3724 677 3794 itur,
699 3722 827 3794 hinc
856 3723 1117 3794 estquod
1146 3722 1200 3777 in
1221 3722 1592 3794 tabernaculo
1622 3722 1742 3779 vela
1772 3723 1984 3794 cilicina
2006 3739 2113 3776 un-

552 3742 677 3791 lllll',
699 3742 827 3778 mne
856 3742 943 3777 Εῑ
970 3742 1117 3794 quoa
1146 3742 1200 3777 1η
1232 3742 1592 3779 ιιοεπιιιιοιιιο
1622 3742 1742 3779 νθιιι
1772 3742 1984 3779 ClllClna
2006 3742 2108 3776 υῐι-

508 3742 690 3850 ﬁecim
715 3791 869 3850 ﬁunt.
904 3793 1043 3849 Hinc
1069 3809 1171 3862 per
1199 3793 1546 3849 undecimum
1578 3794 1851 3864 psalmum
1877 3793 2108 3849 dicitur:

510 3864 748 3921 Salvum
784 3879 876 3920 me
907 3867 1034 3936 fac,
1053 3865 1309 3933 Domine,
1340 3867 1607 3936 quoniam
1638 3864 1848 3936 defecit
1878 3868 2113 3920 sanctus

506 3936 745 4005 (Psalm.
770 3949 856 4002 ιι,
879 3936 954 4005 1).
972 3934 1113 3990 Hinc
1141 3936 1332 3990 Petrus
1352 3934 1414 3989 in
1443 3934 1740 3991 undenario
1769 3950 1997 3990 numero
2019 3950 2110 3989 re-

506 4021 736 4062 manere
778 4005 1057 4076 apostolos
1094 4013 1359 4073 metuens,
1391 4006 1669 4061 Matthiam
1700 4006 2107 4073 duodecimum,

506 4085 655 4149 sorte
683 4076 870 4149 missa,
900 4076 1197 4149 requisivit.
1218 4077 1336 4149 Nisi
1367 4076 1512 4131 enim
1543 4077 1750 4149 signari
1770 4076 1990 4149 culpam
2012 4091 2112 4144 per

503 4147 872 4204 undenarium
891 4147 1412 4218 cerneret,iimplere
1427 4147 1717 4203 numerum
1736 4147 2110 4217 apostolorum

510 4226 621 4275 tam
650 4218 848 4274 festina
875 4216 1218 4274 duodenario
1247 4216 1358 4274 non
1376 4225 1610 4274 curaret.

506 4327 632 4378 Car.
672 4325 735 4375 V.
754 4351 827 4395 A—
855 4328 1045 4395 Factus
1081 4330 1163 4395 est
1193 4329 1391 4395 repente
1436 4325 1501 4377 de
1543 4325 1673 4395 coelo
1695 4330 2110 4395 sonusAtanquam

693 4393 1008 4444 advenientis
1030 4389 1261 4456 spiritui
1272 4392 1580 4444 vehementis
1600 4389 1737 4457 (Act.
1762 4404 1824 4455 ιι,
1849 4389 1923 4452 2).

575 4476 660 4546 (In
685 4474 922 4555 exposit.
952 4474 1013 4529 Β.
1042 4474 1281 4555 {0b,lib.
1306 4491 1360 4555 ις,
1382 4491 1531 4530 num.
1562 4474 1676 4555 δεῖ.)
1710 4473 1946 4555 Spiritus
1965 4489 2119 4555 sanc-

504 4544 596 4602 tus
618 4560 653 4601 a
684 4544 849 4599 Patre
876 4544 1198 4613 procedens,
1231 4545 1373 4616 etde
1403 4560 1470 4601 eo
1499 4544 1756 4616 quodest
1787 4544 1902 4616 Filii
1949 4544 2102 4616 acci-

542 4616 683 4683 iens,
715 4622 915 4670 nostris
946 4616 1182 4671 tenuiter
1201 4615 1404 4671 notitia:
1424 4615 1757 4670 inﬁrmitatis
1776 4615 2097 4670 infunditur.

542 4631 683 4683 iens,
715 4631 915 4670 nostra:
946 4631 1182 4671 tenuiter
1201 4631 1404 4671 nonnae
1424 4631 1757 4670 tnnrmttaus
1776 4631 2097 4670 intunaitur.

500 4631 613 4758 aui
658 4693 842 4741 tamen
872 4700 1038 4755 super
1065 4687 1343 4756 apostolos
1373 4687 1631 4758 veniens.
1651 4702 1750 4758 per
1779 4685 2101 4758 exteriorem

504 4757 704 4815 sonum
727 4768 987 4825 tanquam
1019 4772 1117 4827 per
1147 4758 1522 4813 vehementem
1553 4757 1801 4827 spiritum
1832 4757 2099 4811 demons-

502 4836 690 4895 tratur,
708 4843 828 4883 cum
844 4827 1050 4882 dicitur
1066 4846 1083 4899 :_
1098 4827 1241 4884 Dum
1252 4829 1675 4899 complerentur
1684 4827 1799 4899 dies
1812 4828 1927 4899 Pen
1935 4830 2100 4883 tecos-

505 4903 608 4967 tes,
627 4904 801 4955 erant
821 4914 1019 4955 omnes
1050 4897 1319 4971 discipuli
1332 4897 1554 4971 pariter
1577 4899 1639 4953 in
1664 4898 1855 4971 eodem
1887 4898 2023 4967 loco,
2043 4902 2101 4971 et

498 4972 691 5042 [actus
702 4973 786 5025 est
800 4973 1031 5042 repente
1043 4970 1110 5026 de
1120 4968 1257 5042 creto
1269 4968 1438 5025 sonus
1452 4974 1725 5042 tanquam
1738 4968 2097 5042 advenientis

497 5040 740 5113 spiritus
761 5040 1122 5113 vehementi;
1150 5040 1383 5113 sanctus
1420 5040 1564 5113 enim
1606 5040 1847 5113 Spiritus
1875 5053 2098 5113 cum‘se

497 5110 706 5167 notitiae
727 5111 984 5165 humanae
1013 5110 1338 5165 inﬁrmitatis
1367 5110 1626 5176 insinuat,
1655 5119 1708 5164 et
1734 5110 1913 5164 sonitu
1945 5110 2099 5165 vehe-

497 5181 696 5252 mentis
711 5180 951 5252 spiritus,
972 5184 1028 5235 et
1048 5196 1179 5237 voce
1194 5181 1331 5236 lenis
1351 5196 1494 5235 aurae
1514 5181 1852 5252 exprimitur,
1872 5179 2013 5235 sicut
2041 5181 2097 5235 in

497 5251 638 5323 libro
653 5250 813 5323 beati
830 5250 936 5323 Job
950 5251 1268 5323 legit_ur;_£t
1286 5266 1466 5307 vocem
1482 5251 1643 5323 quasi
1658 5251 1802 5306 lenis
1819 5267 1979 5306 nune
1995 5267 2095 5323 au:

495 5321 611 5380 divi
639 5320 781 5392 (Job.
808 5337 884 5393 Iv,
918 5319 1033 5393 16):
1059 5319 1200 5390 Quid
1231 5323 1379 5393 enim
1421 5319 1522 5392 per
1560 5336 1747 5393 vocem
1794 5337 1943 5393 aura:
1993 5321 2097 5377 nisi

494 5393 737 5475 gognitio
778 5392 944 5473 sancti
986 5392 1217 5475 Spiritus
1251 5392 1613 5475 designatur?
1644 5392 1879 5475 Sanctus
1907 5392 2095 5473 itaque

494 5462 729 5535 Spiritus
754 5463 981 5521 veniens
1008 5462 1147 5518 lenis
1186 5470 1267 5518 est
1306 5471 1360 5518 et
1388 5462 1697 5535 vehemens
1731 5480 1743 5516 :
1778 5462 1933 5527 lenis,
1963 5463 2096 5535 quia

490 5531 736 5607 notitiam
767 5548 941 5607 suam,
973 5541 1240 5607 quatenus
1268 5533 1527 5607 cognosci
1578 5541 1847 5607 utcunque
1893 5531 2090 5599 valeat,

489 5602 692 5674 nostris
719 5603 968 5658 sensibus
992 5602 1285 5674 iemperat;
1313 5602 1625 5669 vehemens,
1651 5602 1778 5672 quia
1804 5612 2090 5674 quantum-

494 5673 632 5729 libet
658 5674 803 5729 hanc
831 5673 1119 5741 temperet,
1150 5673 1385 5729 adventu
1429 5682 1608 5729 tamen
1637 5690 1737 5729 suo
1766 5673 2093 5730 infirmitatis

494 5752 696 5799 nostris
724 5743 1022 5799 caecitatem
1051 5743 1410 5799 illuminanda
1437 5744 1732 5813 perturbat.
1767 5745 2092 5801 lllustratio-

2224 382 2534 438 immaniter
2559 383 2817 437 concutit.

2285 486 2407 537 Car.
2433 487 2519 537 Vl.
2548 488 2628 551 ζ-
2673 487 2740 536 Et
2782 488 3002 553 replevit
3049 492 3196 541 totam
3248 487 3465 543 domum,
3490 485 3582 536 ubi
3617 490 3771 537 erau

2740 554 2977 605 sedentes
3002 553 3220 621 (Acten,
3256 556 3327 613 1).

2293 636 2377 704 (In
2407 635 2642 705 exposit.
2674 636 2733 690 B.
2764 635 2888 702 Job,
2911 636 3007 690 lib.
3036 653 3200 701 xxxv,
3224 650 3372 689 num.
3397 636 3512 703 17.)
3540 635 3595 688 ln
3628 633 3817 704 Scrip-

2221 713 2340 761 tura
2368 721 2528 761 sacra
2558 722 2653 776 per
2673 709 3039 775 septenarium
3063 722 3347 762 numerum
3369 705 3667 775 aliquando
3699 707 3822 758 uni-

2220 777 2450 849 versitas
2484 780 2762 846 praesentis
2802 778 2964 847 hujus
2994 778 3251 847 temporis
3281 777 3426 849 quod
3458 784 3670 849 septem
3703 776 3825 830 die-

2224 847 2322 903 bus
2351 847 2549 918 agitur,
2580 864 2674 918 per
2702 846 3039 904 octonarium
3067 846 3197 905 vero
3228 846 3523 902 nu'merum
3553 846 3667 899 vita
3698 862 3822 915 per-

2219 924 2387 989 petua
2441 918 2776 989 designatur,
2809 934 2974 989 quam
3019 936 3118 975 sua
3163 918 3324 974 nobis
3351 918 3614 972 Dominus
3646 932 3827 971 resur-

2222 989 2465 1044 rectione
2486 990 2763 1059 patefecit,
2784 1004 2910 1044 cum
2933 990 3218 1046 Dominico
3234 990 3442 1044 scilicet
3458 989 3551 1041 die
3565 989 3822 1043 surrexit.

2222 1060 2606 1140 Propterhunc
2623 1075 2758 1131 ergo
2782 1062 3151 1140 septenarium
3171 1075 3453 1114 numerum
3476 1059 3823 1140 temporalia,

2222 1133 2562 1202 octonarium
2601 1146 2730 1185 vero
2778 1139 2981 1186 mterna
3024 1133 3363 1202 signantem,
3394 1145 3564 1202 super
3606 1137 3823 1184 centum

2220 1200 2419 1272 viginti
2445 1200 2636 1255 ﬁdeles
2665 1202 2719 1255 in
2751 1202 3026 1257 caenaculo
3055 1198 3353 1257 residentes
3383 1198 3620 1272 Spiritus
3669 1216 3824 1272 sanc-

2221 1269 2313 1326 tus
2341 1269 2549 1325 eﬁ'usus
2578 1280 2676 1326 est.
2703 1273 2804 1343 Per
2821 1281 3027 1343 septem
3052 1274 3259 1343 quippe
3289 1280 3341 1343 et
3372 1279 3494 1343 octo
3514 1271 3826 1343 quindecim

2220 1350 2643 1411 componuntur,
2676 1348 2734 1397 et
2764 1342 2809 1396 si
2840 1341 2910 1395 ab
2940 1358 3047 1397 uno
3071 1341 3247 1413 usque
3277 1342 3344 1397 ad
3375 1341 3693 1413 quindecim
3724 1357 3824 1394 nu-

2222 1413 2490 1468 merando
2521 1413 2781 1482 paulatim
2808 1428 2913 1482 per
2939 1412 3276 1469 incrementa
3308 1412 3714 1481 consurgimus,
3744 1429 3822 1466 us-

2221 1498 2329 1553 que
2372 1484 2442 1553 ad
2474 1483 2910 1553 centesimumlet
2930 1485 3245 1540 vicesimum
3269 1484 3825 1553 numerumperveni-

2221 1551 2363 1608 mus.
2385 1552 2526 1621 Quia
2542 1556 2746 1609 scilicet
2771 1551 3031 1609 eﬁ'usione
3053 1555 3224 1609 sancti
3247 1554 3479 1624 Spiritus
3516 1552 3821 1608 didicerunt

2226 1632 2288 1679 ut
2310 1633 2362 1680 et
2393 1625 2712 1693 temporalia
2747 1626 3029 1681 tolerando
3061 1626 3362 1692 transirent,
3396 1632 3453 1679 et
3479 1632 3686 1678 aeterna
3734 1625 3816 1677 in-

2228 1695 2449 1752 hianter
2476 1703 2819 1766 appeterent.

2218 1801 2347 1854 Car.
2379 1803 2486 1853 VII.
2509 1827 2570 1869 -έ
2609 1805 2683 1853 Et
2725 1810 3065 1869 apparuerunt
3108 1804 3214 1854 illis
3258 1803 3550 1865 dispertita:
3601 1803 3811 1866 linguae,

2286 1875 2523 1999 iungimus
2545 1868 2684 1936 ignis
2707 1884 2723 1915 :
2747 1872 2981 1933 seditque
3024 1883 3183 1938 supra
3219 1871 3444 1931 singulos
3482 1879 3653 1921 eorum
3684 1872 3811 1929 (Act.

2333 1975 2348 1999 ,
2437 1973 2450 1985 .

2291 2016 2373 2081 (In
2402 2013 2636 2095 exposit.
2749 2013 2873 2082 Job,
2897 2013 2992 2068 lib.
3018 2031 3214 2095 ,nxvm,
3236 2030 3397 2095 num:
3422 2016 3508 2086 2.)
3528 2014 3811 2095 Sciendum

2217 2094 2299 2143 est
2326 2085 2581 2156 quoniam
2610 2092 2703 2139 aut
2732 2101 2830 2155 per
2858 2086 3209 2155 semetipsum
3243 2085 3506 2141 Dominus
3554 2086 3803 2156 loquitur,

2217 2166 2306 2213 aut
2338 2172 2437 2226 per
2466 2163 2769 2211 creaturam
2802 2156 3104 2225 angelicam
3136 2157 3252 2225 ejus
3279 2156 3348 2209 ad
3380 2172 3477 2211 nos
3498 2156 3667 2210 verba
3700 2157 3810 2210 for—

2218 2235 2463 2289 mantur;
2496 2226 2595 2281 sed
2624 2241 2748 2280 cum
2780 2228 3255 2297 persemetipsum
3294 2226 3550 2297 loquitur,
3581 2228 3697 2281 sola
3716 2243 3813 2281 no-

2215 2298 2303 2354 bis
2332 2298 2414 2353 vis
2433 2297 2657 2351 internae
2677 2296 3031 2366 aspirationis
3052 2298 3307 2366 aperitur.
3337 2298 3466 2351 Cum
3491 2314 3592 2367 per
3611 2306 3813 2352 semet-

2216 2369 2396 2440 ipsum
2427 2367 2683 2437 loquitur,
2700 2368 2773 2440 de
2803 2368 2970 2440 verbo
3001 2369 3120 2440 ejus
3145 2368 3261 2440 sine
3290 2367 3471 2440 verbis
3501 2384 3565 2422 ac
3590 2369 3808 2440 syllabis

2218 2438 2317 2496 cor
2343 2440 2588 2510 docetur,
2622 2438 2748 2509 quia
2778 2439 2949 2493 virtus
2981 2438 3100 2507 ejus
3140 2439 3196 2492 in
3234 2438 3429 2492 intima
3457 2439 3695 2510 quadam
3721 2455 3812 2492 su-

2216 2509 2525 2565 blevatione
2557 2510 2921 2581 cognoscitur,
2944 2510 3011 2563 ad
3044 2526 3206 2581 quem
3222 2526 3376 2581 mens
3400 2509 3810 2581 plenasuspen-

2218 2581 2380 2649 ditur,
2411 2594 2583 2634 vacua
2611 2579 2898 2651 gravatur;
2945 2579 3161 2650 pondus
3204 2580 3346 2651 enim
3395 2579 3686 2650 quoddam
3709 2589 3815 2647 est,

2218 2652 2364 2725 quod
2392 2650 2879 2725 omnem’anima‘m
2911 2666 3072 2725 quam
3100 2651 3272 2725 replet
3302 2650 3462 2725 levet.
3490 2652 3805 2725 Lumen‘in-

2217 2721 2542 2793 corporeum
2573 2729 2650 2775 est
2684 2721 2831 2791 quod
2878 2728 2931 2776 et
2972 2722 3230 2776 interiora
3260 2721 3485 2791 repleat,
3519 2733 3572 2777 et
3598 2721 3802 2791 repleta

2217 2792 2454 2873 exterius
2482 2792 2925 2873 circumscribat;
2959 2793 3089 2873 _sine
3131 2793 3359 2873 strepitu
3392 2808 3574 2873 sermo
3607 2802 3694 2873 est

2217 2873 2272 2921 et
2299 2864 2542 2918 auditum
2571 2864 2742 2932 aperit
2789 2871 2843 2917 et
2883 2863 3089 2917 habere
3135 2862 3368 2918 sonitum
3409 2864 3606 2918 nescit.
3654 2862 3801 2930 Quod

2217 2935 2363 2992 enim
2395 2943 2447 2989 et
2477 2933 2712 2989 adventu
2745 2934 2921 2988 sancti
2954 2933 3182 3004 Spiritus
3212 2934 3472 3003 scriptum
3501 2943 3582 2988 est
3625 2952 3637 2989 :
3681 2934 3804 2988 Fac‘

2143 3009 2191 3070 Ο
2224 3010 2316 3062 tus
2342 3010 2427 3062 est
2453 3009 2680 3077 repente
2707 3005 2772 3060 de
2798 3006 2933 3060 caelo
2959 3021 3129 3077 sonus
3160 3009 3430 3076 tanquam
3450 3005 3799 3059 advenientis

2230 3078 2472 3149 spiritus
2499 3075 2862 3149 vehementis,
2894 3080 2952 3130 et
2974 3076 3215 3148 replevit
3234 3075 3424 3149 totam
3452 3076 3803 3149 domum,ubi

2228 3147 2397 3203 erant
2419 3147 2706 3209 sedentes;
2727 3152 2781 3201 et
2806 3150 3200 3218 apparuerunt
3224 3147 3343 3201 illis
3357 3148 3679 3217 dispertita
3707 3147 3800 3200 lin-

2225 3235 2351 3290 gua
2379 3222 2654 3290 tanquam
2672 3216 3104 3290 ignis,‘sedilque
3125 3234 3297 3287 supra
3317 3218 3574 3290 singulos
3590 3233 3798 3276 eorum;

2224 3288 2325 3367 per
2353 3290 2536 3367 ignem
2569 3289 2797 3367 quidem.
2818 3288 3081 3367 Dominus
3107 3288 3377 3367 appuruit,
3403 3288 3500 3367 sed
3516 3304 3620 3367 per
3636 3304 3799 3367 sume-

2228 3357 2421 3431 tipsum
2440 3357 2766 3431 locutionem
2786 3357 3006 3431 interius
3024 3357 3146 3431 fecit
3159 3399 3172 3411 .
3206 3359 3268 3431 Et
3288 3374 3464 3427 neque
3487 3358 3632 3431 ignis
3652 3360 3799 3431 Deus,

2223 3428 2400 3500 neque
2446 3429 2537 3483 ille
2580 3429 2784 3484 sonitus
2827 3428 2947 3500 fuit,
2982 3429 3075 3483 sed
3116 3446 3211 3500 per
3242 3430 3345 3484 hoc
3390 3428 3535 3500 quod
3580 3430 3799 3500 exterius

2223 3446 2400 3500 neque
2446 3446 2537 3483 me
2580 3446 2784 3484 SODllllS
2827 3446 2947 3493 ruit,
2982 3446 3075 3483 seu
3105 3446 3211 3553 (per
3242 3446 3345 3484 noc
3390 3446 3535 3500 quou
3580 3446 3799 3483 emortus

2223 3501 2470 3556 exhibuit
2519 3502 2790 3569 expressit
2837 3499 2943 3555 hoc
2992 3516 3101 3570 quo
3186 3499 3409 3553 interius
3439 3501 3639 3570 gessit.
3681 3498 3801 3567 Quia

2223 3572 2368 3626 enim
2418 3570 2713 3626 discipulos
2744 3579 2796 3625 et
2824 3571 2947 3626 zelo
2976 3586 3269 3626 succensos
3297 3579 3350 3625 et
3379 3570 3550 3625 verbo
3579 3572 3799 3624 eruditos

2221 3641 2367 3714 intus
2388 3641 2643 3714 reddidit,
2678 3642 2807 3696 foris
2839 3643 3054 3712 linguas
3076 3642 3259 3714 igneas
3279 3641 3535 3697 ostendit.
3555 3641 3618 3714 in
3641 3641 3799 3711 signi-

2222 3711 2473 3770 ﬁcatione
2512 3713 2676 3784 igitur
2715 3711 2940 3766 admota
2976 3711 3120 3766 sunt'
3142 3713 3432 3784 elementa,
3462 3713 3729 3784 utlignem
3755 3720 3798 3764 et

2220 3786 2450 3841 sonitum
2483 3783 2740 3837 sentirent
2761 3799 3006 3852 corpora,
3026 3784 3152 3852 igne
3176 3798 3302 3838 vero
3330 3783 3586 3837 invisibili
3608 3791 3657 3837 et
3678 3796 3793 3836 voce

2219 3855 2335 3910 sine
2363 3854 2539 3909 sonitu
2572 3856 2897 3909 docerentur
2933 3852 3120 3909 corda.
3172 3854 3323 3908 Foris
3354 3869 3490 3924 ergo
3540 3854 3640 3908 fuit
3669 3852 3793 3923 ignis

2220 3925 2612 3999 quiapparuit,
2645 3926 2737 3999 sed
2765 3925 3032 3999 intusqui
3064 3924 3347 3999 scientiam
3389 3925 3558 3999 dedit.
3576 3925 3656 3999 ‘Et
3684 3938 3790 3977 cum

2217 3996 2427 4069 regina:
2452 3996 2720 4069 Candacis
2741 3996 3018 4069 eunuchus
3051 3996 3672 4069 curruiipraesidensiter
3687 4009 3792 4049 car-

2218 4066 2393 4150 peret,
2414 4077 2467 4150 et
2508 4067 2698 4147 haiam
2721 4066 3073 4150 immanibus,
3103 4082 3211 4150 non
3232 4066 3543 4150 intelligens
3565 4066 3787 4150 haberet,

2216 4137 2273 4193 in
2302 4138 2465 4193 corde
2494 4138 2745 4192 nimirum
2771 4138 3017 4206 Philippo
3041 4138 3277 4206 Spiritus
3297 4137 3541 4192 dixerat:
3562 4138 3790 4206 Adjunge

2219 4213 2273 4265 te
2302 4211 2373 4265 ad
2402 4225 2636 4265 currum
2662 4211 2812 4275 (Act.
2843 4224 2961 4272 vui,
2996 4212 3108 4277 23).
3129 4209 3194 4261 Et
3222 4224 3344 4261 cum
3376 4207 3445 4262 ad
3475 4206 3790 4262 evocandum

2216 4280 2431 4335 Petrum
2463 4280 2716 4333 timentes
2747 4279 3032 4333 Dominum
3067 4279 3263 4332 milites
3310 4278 3596 4332 Cornelius
3642 4277 3787 4331 dimi-

2138 4368 2192 4429 D
2220 4351 2420 4429 si_sset,_
2425 4352 2480 4404 in
2509 4358 2686 4429 mente
2718 4350 2901 4429 procul
2933 4350 3160 4429 dubioa
3183 4349 3394 4429 Spiritu
3427 4352 3613 4429 Petrus
3644 4348 3784 4429 audi:

2228 4421 2343 4493 vit:
2376 4424 2513 4477 Ecce
2551 4423 2661 4477 viri
2707 4426 2818 4493 tres
2858 4428 3121 4493 quierunt
3172 4425 3247 4475 te.
3289 4422 3462 4493 Surge
3503 4424 3703 4493 itnque,
3739 4421 3786 4472 et

2226 4492 2515 4560 descende,
2556 4497 2610 4548 et
2636 4491 2771 4547 vade
2813 4491 2953 4545 cum
2999 4493 3078 4546 eis
3125 4492 3269 4561 (Act.
3310 4505 3369 4559 x,
3411 4491 3515 4557 19).
3549 4491 3781 4560 Spiritum

2210 4564 2357 4620 enim
2391 4564 2488 4618 Dei
2519 4564 2671 4633 quasi
2696 4562 2952 4632 quaedam
2979 4562 3135 4616 nobis
3169 4562 3333 4615 verba
3364 4562 3545 4617 dicere
3583 4570 3657 4615 est
3696 4574 3779 4633 oc-

2208 4635 2353 4689 culta
2383 4634 2433 4688 vi
2463 4631 2679 4704 eaquae
2709 4631 2923 4704 agenda
2945 4642 3067 4686 sunt
3090 4633 3434 4704 intimare,let
3456 4649 3553 4687 cor
3568 4631 3780 4704 hominis

2209 4704 2459 4776 ignarum
2501 4702 2609 4759 non
2650 4702 2891 4776 adhibito
2920 4706 3146 4776 strepitu
3176 4713 3228 4757 et
3257 4703 3511 4776 tarditate
3541 4702 3779 4758 sermonis

2206 4775 2443 4846 peritum
2472 4781 2697 4844 repente
2727 4775 2793 4829 de
2826 4775 3163 4830 absconditis
3195 4775 3453 4829 reddere.

2207 4884 2341 4935 Car.
2366 4881 2503 4933 Vlll.
2524 4908 2580 4917 —
2603 4884 2670 4933 Et
2710 4884 2898 4943 repleti
2948 4890 3063 4933 sunt
3111 4896 3275 4932 omnes
3305 4883 3501 4945 Spiritu
3540 4890 3719 4937 sancto.
3742 4883 3782 4928 et

2272 4956 2526 5012 creperum
2564 4950 2701 5015 laqui
2744 4951 2904 4999 variis
2928 4951 3138 5015 linguis,
3160 4957 3316 5011 prout
3342 4951 3570 5010 Spiritus
3601 4958 3780 4999 suum

2271 5019 2430 5069 dabat
2456 5018 2624 5079 eloqui
2650 5018 2751 5066 illis
2775 5018 2915 5079 (Act.
2950 5031 3005 5081 Il,
3030 5017 3108 5081 4).

2274 5099 2504 5170 (llomil.
2546 5104 2633 5161 30,
2669 5100 2723 5153 in
2752 5101 3002 5171 Evang.,
3036 5118 3095 5153 ιι.
3132 5101 3184 5166 4,
3220 5102 3278 5171 5,
3304 5099 3371 5157 ὃς
3407 5099 3593 5153 homil.
3626 5102 3704 5157 26.
3731 5097 3774 5148 in

2207 5166 2427 5241 Evang.
2468 5186 2522 5222 n.
2558 5172 2633 5292 3.)
2668 5166 2933 5235 Audistis,
2956 5169 3165 5237 fratres,
3193 5170 3318 5240 quia
3342 5171 3571 5239 Spiritus
3592 5177 3778 5224 sanctus

2207 5257 2370 5292 super
2397 5240 2608 5292 discinu
2635 5256 2695 5292 os
2724 5241 2777 5292 in
2808 5240 2984 5292 igneis
3012 5241 3211 5292 linguis
3244 5241 3515 5292 apparuit.
3538 5242 3778 5292 omnium-

2205 5240 2695 5311 super’discipulos
2724 5241 2777 5294 in
2808 5240 2984 5311 igneis
3012 5241 3211 5309 linguis
3244 5241 3515 5310 apparuit,
3538 5242 3779 5311 omnium-

2206 5309 2310 5384 que
2339 5311 2647 5384 linguarum
2675 5309 2957 5384 scientiam
2983 5312 3153 5384 dedit,
3179 5309 3308 5381 quid
3328 5311 3536 5384 scilicet
3567 5313 3659 5366 hoc
3683 5309 3775 5384 mi-

2203 5381 2387 5438 raculo
2416 5381 2704 5451 designans
2746 5383 2848 5435 nisi
2894 5382 3036 5451 quod
3086 5392 3274 5435 sancta
3319 5382 3561 5436 Ecclesia
3605 5382 3775 5435 eodem

2204 5453 2414 5522 Spiritu
2445 5458 2676 5522 repleta,
2702 5454 2941 5506 omnium
2974 5454 3217 5522 gentium
3239 5462 3351 5522 erat
3376 5468 3515 5506 voce
3533 5453 3773 5507 locutura.

2203 5521 2307 5593 Qui
2341 5540 2471 5578 vero
2501 5521 2686 5578 eontra
2719 5525 2891 5577 Deum
2926 5521 3115 5576 turrim
3145 5521 3413 5578 aediﬁcare
3442 5524 3615 5577 conati
3643 5528 3765 5579 sunt,

2201 5595 2643 5650 communionem
2674 5594 2829 5647 unius
2860 5595 3058 5663 linguae
3086 5593 3454 5662 perdiderunt.
3492 5596 3548 5646 In
3582 5594 3655 5645 his
3678 5607 3763 5644 au-

2202 5668 2313 5720 tem
2344 5665 2434 5734 qui
2466 5666 2636 5719 Deum
2688 5665 2957 5718 humiliter
3004 5664 3313 5718 metuebant
3358 5665 3556 5735 lingua
3598 5675 3761 5735 omnes

2203 5730 2377 5791 unitaa'
2394 5744 2543 5791 sunt.
2602 5736 2699 5789 Hic
2728 5751 2862 5807 ergo
2890 5735 3165 5789 humilitas
3191 5737 3388 5790 meruit
3418 5730 3679 5799 virtutem,
3705 5730 3763 5784 il-
