4082 6170
358 252 494 311 12⁵73

924 250 1170 308 ALULFI
1198 252 1573 310 EXPOSITIO
1602 250 1776 308 NOVI
1802 251 1999 311 TEST.
2026 284 2093 298 --
2125 256 2280 313 SUP.
2311 256 2508 311 ACTA.
2540 255 3080 320 APOSTOLORUM.

3507 252 3541 318 ‘1
3551 265 3652 321 274

357 380 430 436 lic
467 378 719 461 superbia
747 375 1142 461 confusio-nem.
1177 377 1667 461 Se'duquaerendum
1697 377 1857 459 nobis
1878 387 1955 433 est
1986 387 2037 447 Α
2068 387 2157 435 aut
2182 398 2312 461 quae
2341 382 2667 461 simplicitas
2687 385 2815 461 sine
2845 386 3161 461 rectitudine
3181 390 3209 441 εἳ
3254 387 3391 457 Quia
3439 404 3570 461 ergo
3606 397 3660 442 et

353 467 450 506 cur
478 447 711 519 Spiritus
738 456 957 520 sanctus
986 448 1127 520 Patri
1154 457 1206 520 et
1234 448 1374 502 Filio
1402 456 1725 515 coaeternus,
1754 451 1806 501 in
1828 447 1955 520 igne

355 517 626 590 apparuit,
668 534 765 574 cur
794 519 847 571 in
876 519 1003 589 igne
1034 517 1193 572 simul
1224 527 1276 572 et
1307 520 1526 590 linguis,
1549 534 1643 573 cur
1662 517 1953 588 aliquando

352 589 410 645 in
436 589 714 655 columba,
747 589 1041 661 aliquando
1062 605 1192 643 vero
1241 589 1293 642 in
1320 589 1444 661 igne
1476 597 1821 656 monstratur,
1856 605 1955 645 cur

352 678 516 731 super
537 661 874 731 unigenitum
898 659 1088 731 Filium
1112 659 1364 729 apparuit
1383 662 1439 713 in
1459 661 1725 714 columbae
1746 662 1950 729 specie,

349 726 593 801 et'super
622 726 915 799 discipulos
946 730 998 783 in
1030 726 1281 799 ignefita
1313 739 1368 785 ut
1397 748 1572 801 neque
1617 726 1789 799 super
1834 726 1949 786 Do;

348 800 554 856 minuni
612 802 821 855 veniret
875 802 930 853 in
978 800 1123 872 igne,
1175 817 1348 872 neque
1405 800 1572 872 super

348 960 471 1013 quae
491 944 870 1014 proposuimus
896 942 1158 1014 solvendo
1190 944 1489 997 redeamus.
1529 945 1667 997 Patri
1688 942 1946 1014 'namque

347 1022 400 1068 et
428 1014 568 1069 Filio
598 1013 1177 1085 eoaeternusuSpiritus
1200 1014 1257 1067 in
1279 1014 1405 1085 igne
1436 1022 1787 1081 monstratur,
1820 1013 1946 1083 quia

343 1084 700 1153 incorporeus
722 1093 773 1138 et
802 1081 1094 1136 ineﬂ'abilis
1121 1091 1281 1155 atque
1305 1081 1613 1138 'invisibilis
1660 1086 1811 1155 ignis
1837 1081 1945 1139 _est

338 1155 510 1221 Deus,
535 1156 788 1227 quoniam
820 1161 1105 1227 attestante
1130 1155 1294 1209 Paulo
1328 1172 1339 1207 :
1374 1157 1535 1227 Deus;
1568 1160 1762 1227 noster
1795 1158 1944 1227 ignis

341 1225 679 1281 constituens
701 1225 988 1292 est(llebr.
1003 1239 1101 1290 xu,
1134 1229 1247 1294 29).
1278 1225 1649 1297 Deusquippe
1676 1226 1824 1297 ignis
1853 1226 1941 1280 di-

342 1298 504 1367 citur,
540 1297 663 1367 quia
694 1311 790 1366 per
820 1297 959 1349 hunc
986 1303 1332 1367 peccatorum
1366 1296 1558 1367 rubigo
1587 1296 1938 1350 consumitur.

338 1366 421 1420 De
452 1366 567 1422 hoc
584 1367 943 1437 igneVeritas
965 1366 1096 1420 dicit
1120 1382 1131 1417 :
1157 1366 1346 1437 Ignem
1360 1366 1734 1437 penimittcre
1748 1370 1810 1422 in
1832 1373 1943 1421 ter-

337 1454 489 1507 ram,
522 1444 577 1493 et
596 1436 729 1509 quid
752 1438 867 1491 volo
885 1437 1084 1509 nisiut
1105 1436 1302 1492 ardeat
1318 1436 1485 1507 (Luc.
1503 1454 1598 1504 xu,
1624 1439 1753 1507 49)?
1778 1439 1940 1492 Terra

338 1510 483 1562 enim
516 1508 709 1563 vocata
739 1515 868 1561 sunt
894 1508 1060 1578 corda
1090 1513 1329 1575 terrena,
1363 1525 1483 1577 qua:
1538 1509 1665 1562 dum
1722 1524 1942 1578 semper

335 1578 554 1632 inﬁmas
584 1579 637 1632 in
694 1595 751 1631 se
808 1577 1171 1649 cogitationes
1222 1586 1538 1649 congerunt,
1600 1595 1631 1631 a
1685 1579 1937 1649 malignis

335 1650 616 1718 spiritibus
647 1648 1044 1719 conculcantur.
1074 1648 1181 1702 Sed
1214 1648 1400 1719 ignem
1432 1649 1695 1703 Dominus
1741 1649 1795 1701 in
1823 1648 1936 1703 ter-

1663 802 1884 855 discinul

348 818 554 856 minam
612 815 821 855 veniret
875 816 930 853 in
978 816 1123 872 igne,
1175 817 1348 872 neque
1405 818 1572 872 super
1663 815 1951 872 (llSCtplthS

346 881 745 952 monstraretur
773 872 827 924 in
854 871 1153 954 columba“?
1188 874 1285 954 Per
1306 881 1561 954 quatuor_
1593 873 1773 954 itaque
1835 874 1949 928 haec

2061 451 2437 531 rectitudinem
2470 454 2751 531 docetiste
2774 457 3012 531 Spiritus
3044 468 3091 512 et
3125 451 3544 531 simplicitatem,
3607 468 3661 513 et

2059 522 2116 575 in
2145 522 2275 591 igne
2306 526 2591 600 monstrari
2623 522 2901 600 debuit—et
2953 532 3007 581 in
3056 522 3331 597 columba,
3390 522 3654 600 quatenus

2059 607 2221 671 omne
2248 609 2342 647 cor
2363 595 2509 671 quod
2520 595 2653 671 _ejus
2676 598 2851 671 gratia
2881 601 3132 671 tangitur,
3158 595 3653 671 etmansuetudinis

2060 663 2275 736 lenitate
2306 665 2648 733 tranquillum
2679 663 2730 719 et
2760 668 2875 721 zelo
2919 663 3137 736 justitize
3195 670 3286 724 ﬁat
3342 687 3648 725 accensum.

2057 734 2139 810 Ad
2168 743 2465 789 extremum
2499 751 2629 810 vero
2656 734 3002 810 quaerendum
3029 750 3108 794 est
3127 758 3223 794 cur
3253 742 3304 794 in
3360 744 3477 810 ipso
3536 742 3649 796 lle-

2058 805 2338 881 demptore
2364 814 2550 860 nostro
2580 808 2877 881 liiediatore
2910 811 3021 881 Dei
3080 819 3133 865 et
3191 805 3493 880 hominum,
3555 829 3651 881 per

2057 876 2367 953 columbam
2398 877 2674 953 apparuit,
2707 878 3066 953 indiscipulis
3098 898 3229 936 vero
3274 898 3368 951 per
3415 876 3599 953 ἱςὺθῐη
3622 883 3650 935 ‘I

2055 946 2209 1022 Certe
2239 949 2545 1022 unigenitus
2576 948 2739 1022 Filius
2763 946 2943 1022 j‘udex'
2983 959 3061 1004 est
3116 946 3333 1022 generis
3385 946 3605 1007 humani
3632 972 3645 1013 ;

2053 1018 2145 1069 sed
2178 1017 2298 1087 quis
2335 1017 2455 1093 ejus
2479 1018 2742 1093 justitiam
2778 1019 2957 1093 terret,
2992 1022 3057 1086 si,
3082 1017 3391 1093 priusquam
3417 1040 3515 1077 nos
3547 1040 3651 1091 per

2052 1090 2515 1162 mansuetudinem
2546 1089 2853 1162 colligeret,
2879 1092 3067 1159 culpas
3086 1089 3309 1147 nostras
3340 1108 3437 1162 per
3466 1089 3640 1147 zelum

2050 1159 2727 1233 rectitudinisexaminare
2758 1160 3062 1215 voluisset?
3106 1164 3294 1233 Homo
3340 1159 3482 1233 ergo
3541 1180 3642 1232 pro

2048 1228 2356 1302 hominibus
2387 1231 2577 1302 factus,
2613 1238 2793 1302 mitem
2824 1247 2885 1284 se
2915 1232 3221 1286 hominibus
3250 1228 3501 1302 prmbtiit.
3535 1228 3642 1288 No-

2043 1298 2147 1352 luit
2177 1310 2487 1374 peccatores
2528 1300 2708 1367 ferire,
2762 1302 2867 1374 sed
2922 1298 3441 1374 corrigerefprius
3481 1305 3651 1359 voluit

2047 1372 2644 1444 mansueterorrigere,
2677 1379 2734 1444 ut
2760 1372 2988 1444 haberet
3020 1372 3153 1443 quos
3196 1372 3535 1444 postmodum
3592 1376 3647 1429 in

2040 1439 2247 1514 iudicio
2266 1442 2511 1514 solveret.
2540 1443 2600 1493 In
2621 1442 2873 1514 columba
2894 1439 3214 1514 ergo-super
3234 1461 3357 1499 eum
3380 1462 3646 1514 apparere

2046 1509 2279 1585 Spiritus
2310 1512 2515 1579 debuit,
2548 1511 2638 1582 qui
2668 1528 2775 1566 non
2809 1509 3081 1585 _veniebat
3119 1509 3195 1568 'ut
3252 1509 3473 1583 peccata
3528 1516 3648 1585 jam

2045 1596 2145 1653 per
2169 1582 2343 1635 zelum
2376 1591 2701 1652 percuteret,
2732 1583 2824 1637 sed
2859 1585 3033 1637 adhuc
3056 1582 3645 1653 permansuetudineni

2047 1652 2317 1727 toleraret.
2370 1658 2434 1706 At
2456 1661 2643 1727 contra
2673 1669 2836 1722 super
2866 1652 3158 1727 discipulos
3190 1656 3244 1727 in
3277 1656 3404 1727 igne
3450 1657 3638 1710 debuit

333 1716 454 1796 rem
486 1720 664 1796 mittit,
697 1735 818 1772 cum
835 1716 1023 1796 afﬂatu
1050 1719 1221 1772 sancti
1241 1716 1490 1796 Spiritus
1519 1720 1686 1774 corda
1733 1735 1930 1773 carna-
1961 1736 2014 1795 Β
2044 1720 2273 1796 Spiritus
2301 1732 2521 1796 sanctus
2550 1716 2926 1796 demonstrari,
2961 1716 3016 1778 ut
3045 1726 3098 1778 hi
3132 1726 3219 1796 qui
3239 1716 3391 1779 erant
3417 1727 3634 1795 simpli-

333 1789 469 1845 lium
496 1791 810 1844 inflammat.
835 1791 998 1844 Terra
1011 1789 1188 1859 itaque
1211 1791 1540 1853 accidentur,
1557 1806 1680 1843 cum
1694 1804 1790 1844 cor
1804 1806 1925 1843 car-

332 1862 480 1927 nale,
515 1862 569 1915 in
600 1862 714 1914 suis
742 1860 926 1930 pravis
954 1861 1322 1932 voluptatibus
1360 1860 1638 1932 frigidum,
1672 1860 1930 1931 relinquit

338 1932 804 2003 concupiscentias
832 1930 1111 2003 praesentis
1132 1932 1337 1993 seculi,
1371 1930 1736 2003 etp—ardetrper
1782 1930 1929 2003 arno-

328 2018 446 2056 rem
479 2001 606 2057 Dei.
649 2003 788 2057 Bene
816 2017 947 2072 ergo
980 2001 1030 2054 in
1062 2002 1190 2071 igne
1220 2002 1467 2072 apparuit
1490 2002 1840 2071 Spiritus,qui
1859 2003 1928 2056 ab

329 2074 481 2126 omni
512 2075 673 2128 corde
704 2074 848 2142 quod
873 2072 1049 2140 replet
1079 2080 1351 2140 torporem
1380 2072 1596 2143 frigoris
1625 2073 1842 2137 excutit,
1877 2080 1931 2127 et

330 2144 437 2199 hoc
465 2145 518 2198 in
549 2143 818 2198 desiderio
849 2159 963 2195 suae
992 2142 1306 2197 aeternitatis
1336 2142 1610 2196 accendit.
1660 2146 1719 2195 In
1749 2143 1928 2212 igneis

329 2223 509 2268 autem
542 2215 734 2284 linguis
764 2222 1095 2267 monstratus
1125 2221 1226 2277 est,
1260 2214 1381 2281 quia
1402 2213 1547 2267 idem
1578 2213 1811 2281 Spiritus
1840 2229 1930 2268 co-

326 2294 564 2339 aeternus
593 2292 674 2339 est
705 2284 863 2349 Filio,
898 2293 947 2337 et
978 2284 1141 2337 habet
1196 2284 1577 2353 cognationem
1636 2285 1928 2337 maximam

325 2355 520 2425 lingua
537 2372 659 2411 cum
692 2355 888 2409 Verbo.
922 2355 1158 2408 Verbum
1191 2355 1391 2425 quippe
1422 2355 1589 2407 Patris
1611 2362 1691 2407 est
1716 2353 1881 2407 Filius
1908 2375 1926 2420 ,-

324 2435 379 2480 et
408 2424 535 2496 quia
564 2441 671 2480 una
701 2435 779 2481 est
808 2425 1035 2493 Spiritus
1082 2433 1133 2478 et
1190 2424 1351 2477 Verbi
1406 2424 1724 2491 substantia,
1782 2426 1927 2479 idem

326 2496 559 2566 Spiritus
588 2496 872 2551 monstrari
898 2496 1091 2567 debuit
1120 2496 1170 2548 in
1206 2496 1411 2567 lingua.
1447 2497 1541 2549 Vel
1579 2504 1761 2567 certe,
1801 2496 1928 2567 quia

322 2565 427 2637 per
450 2567 689 2639 linguam
711 2566 959 2639 procedit
980 2565 1227 2633 verbum,
1252 2565 1305 2639 in
1323 2567 1519 2639 linguis
1539 2565 1790 2639 apparuit
1809 2565 1928 2639 Spif

323 2636 489 2704 ritus,
536 2636 672 2707 quia
720 2637 960 2707 quisquis
1014 2646 1200 2690 sancto
1255 2636 1455 2705 Spiritu
1488 2638 1769 2708 tangitur,
1828 2637 1926 2690 Dei

326 2708 589 2774 Verbum,
623 2709 677 2761 id
731 2716 813 2762 est
869 2707 1208 2777 unigenitum
1268 2708 1364 2761 Dei
1423 2707 1617 2761 Filium
1692 2707 1925 2762 conﬁte-

323 2786 429 2832 tur.
473 2780 775 2850 Etnegare
808 2777 905 2850 Dei
962 2778 1199 2850 Verbum
1249 2793 1359 2831 non
1417 2778 1579 2842 valet,
1640 2778 1766 2846 quia
1808 2778 1924 2850 jam

321 2851 494 2921 sancti
569 2849 801 2921 Spiritus
871 2849 1117 2921 linguam
1194 2849 1381 2921 habet.
1469 2849 1562 2903 Vel
1606 2856 1789 2921 _certe
1871 2849 1926 2902 in

317 2919 526 2991 linguis
607 2918 782 2991 igneis
863 2918 1093 2988 Spiritus
1163 2920 1437 2991 apparuit,
1528 2919 1656 2990 quia
1738 2934 1926 2991 omnes

318 2989 460 3060 quos
489 2989 773 3060 repleverit
802 2991 1055 3043 ardentes
1083 2991 1284 3059 pariter
1324 2999 1376 3044 et
1425 2989 1706 3060 loquentes
1762 2989 1916 3044 facit.

313 3062 555 3148 Lingnas
576 3064 765 3148 igneas
795 3061 1080 3148 doctores]
1107 3062 1324 3148 habent,
1383 3062 1507 3139 quia
1561 3060 1689 3148 dum
1750 3060 1920 3114 Deum
1951 3086 2000 3148 Ο

315 3130 557 3186 amando
589 3130 904 3202 praedicant,
954 3130 1119 3185 corda
1174 3130 1505 3184 audientium
1561 3130 1915 3202 inﬂammant.

310 3203 457 3256 Nam
515 3212 565 3257 et
613 3203 818 3256 otiosus
875 3209 956 3255 est
1014 3216 1193 3255 sermo
1247 3202 1504 3265 doctoris,
1556 3201 1599 3254 si
1680 3201 1921 3269 praebere

310 3288 426 3327 non
456 3277 599 3330 valet
626 3272 932 3327 incendium
954 3273 1177 3326 amoris.
1204 3272 1315 3326 Hoc
1329 3273 1587 3326 doctrinae
1606 3272 1918 3325 incendium

308 3343 389 3398 ab
435 3344 552 3413 ipso
604 3345 849 3398 Veritatis
886 3359 980 3397 ore
1040 3353 1402 3411 conceperant
1459 3343 1545 3412 qui
1619 3342 1912 3397 dicebant:

305 3417 510 3471 Nonne
532 3431 626 3468 cor
647 3421 908 3470 nostrum
929 3414 1135 3468 ardens
1154 3416 1358 3468 eratin
1380 3414 1559 3479 nobis,
1583 3428 1713 3467 cum
1730 3413 1917 3482 loque-

309 3490 479 3540 retur
499 3487 558 3539 in
584 3488 694 3551 via,
712 3486 1032 3555 etaperiret
1056 3485 1212 3539 nobis
1239 3483 1742 3554 Scripturas(Luc.
1763 3500 1913 3553 xxxv,

312 3558 452 3621 32‘)?
482 3557 744 3610 Exauuito
774 3554 974 3625 quippe
1024 3570 1278 3609 sermone
1327 3570 1538 3607 animus
1594 3556 1911 3621 inardescit,

310 3629 549 3695 torporis
580 3628 747 3697 frigus
777 3626 1002 3697 recedit,
1036 3625 1092 3679 ﬁt
1125 3642 1277 3697 mens
1308 3626 1615 3697 insuperno
1644 3625 1914 3679 desiderio

310 3699 495 3761 anxia,
530 3715 561 3750 a
591 3696 1043 3765 concupiscentiis
1075 3696 1300 3749 terrenis
1329 3696 1507 3749 aliena
1532 3713 1544 3755 ;
1579 3710 1732 3749 amor
1757 3712 1915 3749 verus

311 3767 404 3836 qui
436 3770 573 3822 hanc
601 3767 889 3836 repleverit
918 3770 969 3819 in
1001 3766 1215 3820 ﬂetibus
1245 3766 1471 3820 cruciat.
1515 3766 1623 3820 Sed
1671 3782 1791 3819 cum
1825 3767 1914 3820 tali

310 3837 517 3892 ardore
545 3840 833 3902 cruciatur,
868 3838 998 3906 ipsis
1028 3838 1138 3891 suis
1169 3837 1496 3890 cruciatibus
1518 3836 1790 3905 pascitur;
1824 3852 1915 3889 au-

310 3907 436 3961 dire
460 3910 506 3961 ei
540 3909 669 3962 libet
700 3917 970 3976 praecepta
1019 3908 1282 3971 coelestia,
1343 3916 1395 3960 et
1451 3907 1597 3976 quod
1645 3907 1913 3960 mandatis

306 3978 606 4046 instruitur,
640 3984 792 4049 quasi
839 3987 918 4032 tot
974 3978 1181 4031 facibus
1230 3977 1625 4049 inflammatur.
1676 3978 1743 4049 Et
1789 3992 1913 4046 quae

312 4050 561 4119 torpebat
594 4047 739 4119 prius
773 4065 868 4117 per
896 4049 1188 4112 desideria,
1219 4048 1587 4119 postmodum,
1610 4047 1760 4119 ardet
1818 4063 1914 4117 per

318 4117 508 4174 verba.
544 4117 696 4175 Unde
726 4121 863 4173 bene
883 4134 982 4187 per
1012 4120 1225 4188 Moysen
1250 4120 1444 4171 dicitur
1490 4135 1501 4170 :
1563 4118 1625 4171 In
1674 4117 1913 4173 dextera

317 4191 442 4261 ejus
461 4193 630 4260 ignea
670 4192 765 4245 lea:
815 4192 999 4257 (Deut.
1032 4205 1223 4255 xxxm,
1246 4193 1321 4261 2).
1344 4189 1572 4261 Sinistra
1601 4188 1799 4258 quippe
1827 4205 1914 4243 re-

359 4258 598 4330 robi’qui
628 4262 697 4314 ad
728 4261 997 4313 sinistram
1040 4260 1276 4328 ponendi
1307 4271 1449 4325 sunt,
1509 4258 1732 4330 dextera
1784 4275 1912 4313 vero

368 4333 419 4383 ei
450 4329 796 4400 appellantur
824 4330 1000 4385 electi.
1039 4333 1096 4383 lu
1126 4331 1346 4383 dextera
1379 4330 1542 4399 igitur
1572 4329 1669 4381 Dei
1720 4329 1806 4382 lex
1833 4333 1915 4383 est

314 4401 500 4472 ignea,
525 4399 650 4472 quia
675 4401 832 4455 electi
864 4401 1134 4472 mandata
1157 4400 1399 4454 caelestia
1439 4399 1910 4472 nequaquamfri—

357 4472 448 4526 ido
477 4470 644 4526 corde
676 4473 922 4537 audiunt,
946 4471 1042 4523 sed
1073 4471 1141 4524 ad
1172 4472 1287 4524 haec
1317 4471 1514 4522 amoris
1546 4470 1716 4522 intimi
1776 4471 1909 4523 faci-

353 4559 416 4596 us
436 4543 817 4597 inardescunt;
845 4556 1028 4595 sermo
1059 4542 1128 4594 ad
1158 4557 1337 4595 aurem
1371 4541 1606 4605 ducitur,
1658 4548 1708 4593 et
1760 4557 1912 4594 mens

311 4628 521 4677 eorum,
556 4613 774 4666 sibimet
802 4611 962 4675 irata,
995 4627 1059 4665 ex
1091 4614 1314 4665 interna:
1344 4609 1645 4663 dulcedinis
1693 4610 1911 4665 ﬂamma

310 4692 713 4739 concrematur.
750 4686 808 4735 In
838 4684 1091 4736 columba
1120 4697 1252 4736 vero
1286 4682 1520 4749 Spiritus
1564 4690 1615 4733 et
1674 4682 1729 4733 in
1787 4683 1911 4750 igne

308 4764 646 4809 monstratus
676 4765 772 4821 est,
806 4754 928 4823 quia
961 4767 1151 4805 omnes
1181 4768 1314 4823 quos
1339 4752 1910 4823 repleveritsimplices

309 4833 364 4878 et
392 4826 645 4878 ardentes
675 4824 801 4878 facit
832 4842 844 4886 ;
878 4824 1153 4892 simplices
1185 4826 1428 4892 puritate,
1464 4822 1714 4875 ardentes
1744 4838 1912 4874 aemu-

305 4894 528 4949 latione.
561 4896 749 4965 Neque
788 4894 985 4949 eteniin
1045 4894 1287 4965 placeret
1328 4894 1442 4946 Deo
1466 4901 1563 4965 aut
1593 4893 1911 4965 simplicitas

305 4967 429 5020 sine
458 4968 596 5029 zelo,
630 4963 718 5017 aut
748 4966 892 5017 zelus
921 4966 1035 5017 sine
1058 4964 1423 5032 simplicitate.
1464 4963 1597 5015 Hinc
1641 4964 1755 5032 ipsa
1804 4964 1907 5016 Ve-

303 5039 442 5090 ritas
461 5036 591 5089 dicit
611 5056 620 5089 :
641 5039 827 5090 Estote
840 5036 1146 5105 prudentes
1170 5039 1316 5088 sicut
1341 5038 1648 5101 serpentes,
1683 5039 1743 5087 ct‘
1768 5035 1907 5087 sim-

304 5109 482 5178 plices
503 5110 650 5162 sicut
671 5105 1173 5178 columbartMatth.
1198 5120 1252 5172 x,
1278 5108 1383 5172 l6).
1411 5108 1527 5178 Qua
1552 5107 1602 5178 in
1620 5113 1908 5178 renotam-

302 5174 436 5231 dum
466 5187 551 5231 est
591 5178 730 5245 quod
765 5177 1061 5246 discipulos
1093 5190 1244 5241 suos,
1281 5192 1376 5227 nec
1403 5176 1471 5246 de
1503 5174 1751 5226 columba
1792 5174 1910 5228 sine

305 5259 582 5317 serpente,
619 5263 717 5301 nec
748 5248 816 5300 de
845 5255 1095 5315 serpente
1129 5249 1247 5299 sine
1278 5245 1551 5317 columbo,
1584 5245 1760 5317 voluit
1794 5245 1907 5298 Do-

305 5315 489 5371 mitius
508 5320 836 5383 admonere,
859 5325 1123 5386 quatenus
1144 5324 1195 5370 et
1215 5316 1487 5369 columbae
1509 5315 1906 5383 simplicitatem

302 5391 508 5442 astutia
539 5390 805 5459 serpentis
836 5387 1177 5451 accenderet,
1211 5394 1265 5439 et
1321 5386 1591 5459 serpentis
1652 5392 1907 5459 astutiam

304 5460 579 5514 columbae
608 5455 921 5527 simplicitas
954 5465 1291 5525 temperaret.
1355 5457 1489 5509 lliiic
1542 5455 1733 5508 Paulus
1770 5457 1861 5527 ait
1892 5473 1903 5507 :

300 5532 490 5585 Nolite
521 5533 683 5601 pueri
714 5526 857 5598 efﬁci
887 5527 1248 5601 sensibrusill
1287 5528 1405 5581 Cor.
1443 5542 1550 5601 Xiv,
1594 5528 1740 5601 _20).__
1763 5526 1909 5580 Ecce

301 5595 647 5669 prudentiain
678 5595 943 5668 serpentis
972 5598 1301 5659 audivimus,
1328 5613 1466 5648 nunc
1486 5595 1910 5663 desimplicitate

299 5672 575 5726 columbae
593 5669 1029 5724 moneamurzscd
1044 5670 1269 5721 malitia
1281 5669 1838 5737 parvuliestotctlbid
1865 5674 1907 5737 ).

298 5741 445 5797 Hinc
466 5744 534 5797 de
556 5745 715 5797 beato
734 5742 836 5794 Job
850 5742 1048 5794 dicitur
1076 5755 1087 5793 :
1108 5740 1245 5792 Erat
1271 5741 1357 5792 utr
1379 5739 1626 5807 simplex
1638 5741 1695 5791 et
1716 5742 1908 5792 rectus

295 5811 511 5882 (Job.i,
546 5814 621 5883 1).
656 5812 790 5878 Quae
826 5818 1006 5865 autem
1059 5808 1326 5864 rectitudo
1379 5809 1496 5862 sine
1543 5807 1902 5878 simplicitate,

1940 4436 1993 4494 D

2034 1794 2168 1846 citer
2197 1794 2463 1857 homines,
2493 1808 2547 1847 et
2577 1793 2697 1848 ideo
2730 1804 3061 1864 peccatores,
3089 1793 3184 1851 eos
3215 1805 3401 1851 contra
3435 1793 3630 1851 semet-

2038 1879 2163 1937 psos
2192 1866 2489 1933 sptritualis
2519 1864 2698 1937 fervor
2726 1866 3064 1931 accenderet,
3119 1876 3171 1920 ct
3230 1874 3452 1936 peccata
3512 1883 3633 1937 quia

2033 1933 2179 2007 Deus
2208 1950 2305 2007 per
2334 1935 2801 1989 mansuetudinem
2833 1946 3082 2004 parceret
3111 1938 3211 2007 ipsi
3232 1933 3303 1990 Vin
3327 1953 3383 1991 se
3404 1953 3502 2006 per
3520 1933 3636 2006 pd!-

2036 2004 2316 2077 nitentiam
2345 2006 2770 2074 punirent..Nec
2818 2007 2917 2074 ipsi
2947 2004 3148 2076 quippe
3201 2004 3451 2077 poterant
3512 2004 3633 2061 esse

2035 2074 2148 2148 sine
2181 2085 2426 2145 peccato,
2475 2078 2567 2146 qui
2621 2077 2827 2148 caelesti
2884 2074 3235 2131 adhaerebunt
3296 2079 3638 2148 magisterio,

2035 2144 2245 2199 Joanne
2275 2144 2579 2220 attestaiite,
2614 2148 2702 2215 qui
2734 2147 2807 2220 ait
2836 2149 2921 2203 :St
2939 2149 3277 2217 dixerimus,
3298 2144 3428 2220 quin
3447 2164 3641 2217 pecca-

2039 2220 2158 2288 tum
2190 2233 2303 2271 non
2322 2217 2605 2283 habemus,
2628 2218 2880 2288 nosipsos
2899 2220 3239 2281 seducimus,
3266 2217 3321 2273 et
3342 2223 3552 2273 veritas
3578 2221 3638 2272 in

2033 2287 2190 2360 _nobis
2216 2293 2442 2360 nonest
2465 2289 2551 2347 (In
2573 2289 2731 2360 Joan.
2756 2287 2797 2353 'i,
2838 2293 2910 2357 8).
2944 2289 3003 2341 In
3050 2289 3177 2360 igne
3207 2297 3361 2359 ergot
3392 2289 3534 2343 venit
3586 2290 3641 2342 in

2034 2356 2303 2425 homines,
2337 2357 2389 2409 in
2422 2358 2687 2411 columba
2722 2374 2846 2411 vero
2868 2356 3116 2428 apparuit
3148 2360 3200 2412 in
3230 2356 3480 2425 Domino,
3514 2360 3638 2427 quia

2033 2432 2262 2495 peccata
2297 2436 2504 2493 nostra,
2541 2444 2660 2497 qua:
2689 2429 2776 2497 pie
2806 2430 3070 2483 Dominus
3127 2446 3225 2497 per
3275 2430 3638 2483 mansuetudi-

2036 2513 2161 2551 nem
2196 2499 2408 2561 tolerat,
2457 2514 2553 2553 nos
2604 2515 2700 2566 per
2744 2500 2918 2552 zelum
2979 2500 3321 2553 rectitudinis
3376 2500 3638 2553 debemus

2032 2577 2188 2623 caute
2218 2570 2557 2638 conspicere,
2592 2578 2643 2622 et
2673 2569 2861 2623 ardore
2893 2587 3111 2639 semper
3152 2570 3483 2639 poenitentiae
3512 2586 3635 2623 cre-

2035 2654 2208 2693 mare.
2247 2641 2419 2710 Igitur
2446 2657 2546 2709 per
2574 2640 2885 2694 culumbam
2920 2641 3153 2708 Spiritus
3180 2642 3235 2694 in
3271 2641 3635 2709 Redemptore

2034 2719 2361 2764 monstratus
2393 2720 2491 2777 est,
2522 2727 2622 2779 per
2652 2712 2835 2781 ignem
2870 2727 2997 2765 vero
3027 2712 3080 2764 in
3135 2712 3457 2775 hominibus,
3500 2712 3624 2781 quia

2032 2790 2232 2849 quanto
2266 2782 2419 2835 nobis
2453 2784 2616 2835 nostri
2647 2781 2847 2849 judicis
2875 2782 3021 2835 facta
3053 2789 3133 2835 est
3165 2784 3423 2836 severitas
3480 2790 3621 2834 tem-

2031 2861 2245 2920 perata,
2282 2861 2427 2923 tanto
2454 2868 2584 2923 erga
2622 2868 2680 2905 se
2711 2854 2868 2906 debet
2927 2852 3044 2905 ﬁeri
3101 2861 3283 2906 nostra
3340 2852 3620 2905 infirmitas

2031 2936 2277 2992 accensa.
2303 2922 2506 2991 Quator
2532 2922 2724 2992 itaque
2774 2923 3207 2992 propositionum
3265 2922 3482 2991 expleta
3538 2938 3630 2975 ra-

2032 2991 2175 3046 tione
2204 3009 2515 3062 pensemus,
2549 2991 2739 3046 fratres
2767 2991 3087 3057 charissimi,
3114 2994 3506 3060 praedicatores
3526 3008 3632 3046 no-

2031 3070 2190 3133 stros,
2224 3065 2413 3133 quales
2438 3063 2666 3132 Spiritus
2698 3071 2919 3116 sanctus
2976 3066 3191 3131 reperit,
3235 3064 3422 3131 quales
3469 3062 3621 3116 fecit.

2031 3132 2190 3186 Certe
2215 3135 2303 3202 qui
2337 3134 2390 3186 in
2422 3150 2527 3187 uno
2556 3134 2802 3187 conclavi
2833 3149 2933 3201 pro
2961 3133 3273 3187 Judzeorum
3307 3142 3449 3188 metu
3494 3136 3631 3187 resi-

2025 3203 2244 3269 debant,
2281 3205 2577 3258 nativitatis
2606 3220 2726 3256 suae
2758 3204 2958 3274 singuli
2994 3204 3233 3273 linguam
3264 3212 3545 3265 noverant,
3579 3212 3630 3257 et

2025 3282 2203 3328 tamen
2236 3290 2333 3328 nec
2364 3291 2429 3328 ea
2456 3275 2578 3343 ipsa
2609 3274 2791 3344 lingua
2811 3290 2971 3345 quam
2992 3283 3257 3328 noverant
3278 3283 3461 3343 aperte
3484 3274 3633 3326 Chri-

2024 3353 2168 3398 stum
2201 3345 2347 3414 loqui
2383 3345 2804 3413 prtesumebant.
2853 3346 3005 3399 Venit
3036 3345 3285 3413 Spiritus,
3322 3354 3375 3399 et
3422 3346 3475 3398 in
3532 3360 3626 3398 ore

2024 3430 2119 3469 eos
2151 3432 2245 3484 per
2300 3416 2667 3470 diversitatem
2726 3416 3035 3486 linguarum
3085 3415 3286 3481 docuit,
3346 3417 3398 3468 in
3449 3424 3630 3468 mente

2023 3501 2154 3540 vero
2181 3503 2247 3540 ex
2271 3487 2587 3541 auctoritate
2622 3487 2925 3540 roboravit.
2959 3487 3242 3554 Creperuut
3274 3493 3327 3539 et
3361 3486 3415 3539 in
3446 3487 3628 3538 aliena

2024 3557 2291 3627 Christum
2324 3558 2524 3626 eloqui,
2561 3558 2649 3627 qui
2679 3558 2747 3611 de
2780 3558 2872 3611 illo
2899 3559 3045 3626 prius
3074 3566 3125 3610 et
3173 3557 3226 3610 iii
3282 3574 3376 3610 sua
3437 3556 3625 3621 lingua

2024 3626 2169 3697 loqui
2203 3630 2539 3681 metuebant.
2584 3626 2847 3681 l’raiterea
2864 3629 3279 3681 consideremus
3302 3636 3424 3695 post
3455 3627 3627 3680 incar—

2026 3698 2299 3751 nationem
2332 3698 2592 3768 unigeniti
2628 3699 2743 3751 Filii
2769 3700 2942 3768 qualis
2973 3698 3042 3751 sit
3071 3699 3384 3751 soleinnitas
3433 3698 3500 3749 de
3532 3699 3626 3751 ad-

2020 3776 2181 3821 ventu
2213 3768 2441 3836 Spiritus
2472 3769 2667 3821 sancti.
2697 3768 2850 3821 Sicut
2877 3769 3021 3821 enim
3046 3768 3157 3832 illa,
3192 3770 3263 3822 ita
3301 3783 3516 3838 quoque
3575 3775 3633 3823 et

2022 3839 2139 3891 haec
2165 3846 2243 3891 est
2274 3839 2628 3891 honorabilis.
2663 3840 2724 3889 In
2750 3838 2862 3899 illa,
2887 3840 3089 3907 quippe
3122 3840 3263 3891 Deus
3294 3840 3346 3891 in
3380 3855 3437 3891 se
3497 3854 3625 3907 per-

2022 3924 2249 3961 manens
2282 3909 2637 3976 semctipsum
2668 3909 2871 3962 creavit
2902 3910 3202 3960 hominem.
3244 3913 3302 3961 In
3353 3908 3457 3962 ista
3496 3923 3628 3962 vero

2021 3979 2266 4032 homines
2299 3979 2602 4031 venientem
2632 3977 2867 4045 desuper
2896 3986 3246 4045 susceperunt
3299 3980 3468 4031 Deum
3504 3997 3516 4037 ;
3575 3979 3629 4031 in

2021 4049 2097 4102 ita
2127 4051 2272 4103 Deus
2303 4050 2617 4101 naturaliter
2651 4048 2820 4100 factus
2849 4055 2931 4101 est
2981 4049 3161 4107 homo.
3222 4050 3277 4100 in
3339 4050 3437 4100 ista
3496 4063 3627 4101 vero

2022 4121 2272 4173 homines
2300 4119 2422 4172 facti
2456 4126 2584 4172 sunt
2613 4133 2707 4186 per
2737 4118 3086 4185 adOptionem
3103 4118 3205 4172 dii.
3235 4119 3289 4173 Si
3311 4133 3442 4187 ergo
3461 4133 3630 4172 rema-

2022 4206 2152 4244 nere
2183 4191 2426 4243 carnales
2457 4189 2512 4241 in
2543 4197 2717 4241 morte
2745 4189 3015 4252 nolumus,
3053 4190 3212 4253 hunc,
3250 4187 3438 4241 fratres
3487 4190 3623 4240 cha-

2022 4261 2238 4323 rissimi,
2255 4261 2612 4313 vivificantem
2636 4259 2902 4327 Spiritum
2924 4274 3167 4311 amemus
3194 4278 3207 4323 ;
3232 4259 3327 4313 sed
3343 4260 3472 4327 quia
3501 4274 3625 4313 raro

2022 4332 2271 4401 spiritum
2299 4331 2488 4395 nescit,
2539 4330 2679 4401 dicat
2739 4329 3220 4401 fortasseraruali
3291 4330 3619 4401 cogitatione

2023 4397 2167 4471 apud
2199 4416 2257 4453 se
2289 4401 2486 4468 aliquis
2540 4417 2552 4452 :
2605 4399 2889 4471 Quomode
2948 4397 3182 4466 diligere
3247 4397 3405 4453 valeo
3464 4416 3625 4471 quem

2022 4469 2214 4542 ignoro
2237 4472 2263 4522 εἲ
2296 4471 2403 4542 Sed
2435 4486 2558 4524 cum
2592 4471 2780 4522 videre
2815 4470 2981 4542 Deum
3009 4485 3113 4521 nan
3140 4469 3628 4542 possumus,liabe-

2020 4541 2139 4595 mus
2169 4541 2375 4611 aliquid
2410 4542 2553 4610 quod
2588 4555 2837 4609 agamus,
2869 4541 3009 4612 unde
3040 4543 3140 4593 iter
3164 4541 3251 4592 tiat
3274 4556 3382 4612 quo
3406 4541 3473 4592 ad
3498 4556 3618 4593 cum

2021 4621 2216 4666 nostra:
2246 4612 2621 4682 intelligentiae
2651 4612 2841 4664 oculus
2874 4611 3075 4665 veniat.
3112 4612 3265 4665 Certe
3299 4611 3455 4681 quem
3489 4611 3537 4663 in
3572 4628 3628 4663 se

2021 4684 2207 4736 videre
2226 4683 2386 4735 nullo
2420 4683 2580 4734 modo
2617 4683 2879 4742 valemus,
2916 4681 3081 4735 habet
3111 4683 3161 4734 in
3192 4698 3362 4735 serVis
3385 4682 3498 4735 suis
3523 4697 3629 4750 quo

2021 4769 2144 4808 eum
2187 4753 2365 4805 videre
2383 4752 2497 4821 jam
2534 4767 2821 4821 possumus
2842 4770 2853 4809 ;
2876 4752 3002 4805 dum
3035 4754 3177 4805 enim
3210 4768 3300 4805 eos
3331 4754 3464 4804 mira
3493 4768 3630 4804 con-

2021 4823 2282 4892 spicinius
2312 4838 2495 4893 agere,
2530 4831 2733 4876 certum
2765 4823 2924 4876 nobis
2974 4832 3055 4876 est
3111 4839 3295 4875 eorum
3358 4822 3629 4893 mentibus

2022 4895 2311 4947 Dominum
2335 4892 2592 4946 habitare.
2623 4895 2790 4945 Deum
2819 4894 3056 4963 igiturac
3080 4892 3389 4959 proximum
3416 4892 3630 4963 integra

2022 4973 2197 5017 mente
2233 4964 2544 5034 diligamus,
2580 4980 2679 5018 nec
2704 4962 2857 5016 Deus
2878 4963 3018 5034 enim
3044 4978 3179 5034 ivere
3204 4962 3317 5034 sine
3349 4962 3627 5034 proximo,

2021 5052 2120 5088 nec
2149 5031 2433 5103 proximus
2466 5051 2590 5087 vere
2621 5035 2863 5102 diligitur
2892 5032 3342 5103 sineDcoLllinc
3366 5031 3631 5103 estquod

2019 5100 2163 5157 idem
2184 5105 2409 5172 Spiritus
2432 5114 2647 5158 sanctus
2670 5100 2905 5155 secundo
2927 5101 3127 5169 legitur
3147 5100 3427 5172 discipulis
3447 5102 3629 5167 datus,

2019 5176 2173 5243 prius
2201 5170 2235 5227 a
2262 5176 2500 5228 Domino
2534 5180 2584 5227 in
2617 5183 2755 5226 terra
2787 5174 3035 5243 degente,
3072 5180 3282 5237 postmo
3306 5170 3418 5222 lum
3454 5188 3483 5223 a
3517 5173 3629 5243 Do-

2018 5242 2165 5299 mino
2196 5252 2335 5299 curto
2365 5246 2712 5313 praesidente.
2751 5244 2805 5294 In
2839 5252 2979 5294 terra
3007 5242 3163 5313 datus
3198 5243 3419 5307 quippe,
3452 5250 3508 5293 ut
3536 5242 3632 5313 di-

2018 5318 2218 5386 ligat'ir
2248 5312 2545 5384 prosimus,
2579 5330 2607 5367 e
2638 5313 2777 5367 coelo
2810 5326 2938 5386 vero
2970 5320 3024 5364 ut
3060 5312 3317 5386 diligatur
3345 5312 3630 5386 Dciis.Sed

2017 5382 2113 5441 cur
2139 5382 2293 5455 prius
2327 5391 2376 5438 in
2409 5397 2568 5447 terra,
2598 5454 2601 5455 ν
2628 5396 2837 5455 piisiino
2860 5383 2970 5455 lum
3030 5398 3058 5433 e
3106 5383 3265 5455 cielo,
3300 5382 3431 5455 _nisi
3485 5384 3625 5451 quod

2020 5452 2263 5527 patenter
2293 5458 2449 5509 datur
2480 5453 2706 5527 intelligi
2739 5453 2872 5527 _qiiia
2900 5452 3055 5527 juxta
3114 5453 3341 5527 Jpannis
3398 5469 3581 5506 vocem
3611 5471 3621 5505 :

2020 5523 2162 5594 Quia
2187 5531 2429 5595 fratrem
2450 5541 2561 5580 non
2583 5524 2770 5590 diligit
2786 5538 2947 5589 quem
2964 5523 3311 5595 iiiltet,Deum
3331 5539 3491 5592 quem
3514 5540 3628 5595 non

2020 5594 2471 5665 υἰιίίιζιμιοηιοάο
2492 5595 2924 5665 petendi/igere
2945 5594 2994 5659 tl
3021 5595 3181 5646 -Ῐένίη,
3210 5610 3281 5658 ιν,
3316 5595 3405 5659 ‘20)
3434 5596 3461 5645 ‘?
3491 5594 3591 5647 Dili
3614 5623 3631 5631 -

2018 5684 2209 5739 gamus
2222 5682 2354 5734 ergo
2375 5667 2696 5739 proximum,
2718 5672 2937 5739 lintres;
2969 5682 3216 5739 amemus
3237 5668 3460 5739 cumqui
3478 5668 3638 5739 juxta

2018 5735 2115 5792 nos
2145 5745 2248 5799 est,
2274 5745 2328 5789 ut
2352 5737 2637 5804 pervenire
2664 5736 2937 5789 valeamus
2966 5736 3035 5787 ad
3063 5751 3314 5791 amorem
3363 5735 3509 5788 illius
3543 5735 3633 5804 qui

2018 5824 2183 5879 super
2212 5822 2312 5860 nos
2345 5814 2454 5861 est.
