4082 6170
452 219 588 272 1279

1330 202 1690 261 APPENDIX
1726 204 1819 260 AD
1849 204 1914 260 S.
1956 198 2309 260 GREGORII
2340 200 2577 258 OPERA
2606 202 2855 264 OMNIA.

3596 207 3721 264 1280

451 334 774 391 defensores
802 339 960 389 rectae
990 330 1115 386 fidei
1141 328 1408 386 Dominus
1430 329 1498 383 sit
1518 328 1773 395 facturus,
1793 329 2034 399 ignorat.
2072 333 2126 393 Α
2158 328 2289 383 foris
2306 327 2668 399 exsurgentia,
2702 329 2829 399 quia
2859 329 3149 386 maledicto
3180 329 3423 384 debeant
3448 330 3634 399 ferire,
3667 348 3760 389 co-

450 407 652 461 Multos
683 405 901 474 quidem
927 402 1157 474 frigidos
1178 404 1311 455 intra
1332 409 1575 474 sanctam
1598 400 1917 474 Ecclesiam,
1936 400 2043 454 fra-

451 486 557 531 tres
585 471 909 539 charissimi,
942 471 1227 534 cernimus,
1261 471 1357 526 sed
1400 486 1496 525 eos
1538 487 1639 525 nec
1694 471 1888 523 imitari
1948 486 2047 526 nec

454 548 730 616 despicere
760 545 1045 616 debemus.
1085 542 1227 610 Quid
1257 543 1400 596 enim
1430 542 1498 595 sit
1527 541 1689 595 hodie
1734 540 2044 616 aspicimus,

445 612 701 685 sed—quid
731 631 852 668 cras
882 614 1088 667 futurus
1105 615 1171 666 sit
1202 628 1575 685 unusqmsque
1608 612 1898 685 nescimus.
1923 613 2045 665 Ple-

445 682 671 766 rumque
701 695 754 740 et
770 685 872 766 _qui
904 693 1027 766 post
1046 684 1343 766 nosvenire
1360 684 1616 762 cernitur,
1636 697 1731 749 per
1752 682 2045 762 agilitatem

448 752 628 827 operis
656 757 780 810 boni
802 752 921 809 nos
940 756 1232 827 antecedit,
1263 762 1315 807 et
1344 754 1583 827 vix_eum
1617 752 2046 827 eras_sequimur

448 823 615 898 quem,
643 828 805 883 hodie
834 827 1031 895 praeire
1054 825 1400 898 videbamur.
1428 823 1582 898 Certe
1598 838 1721 898 eum
1742 824 2046 898 Stephanus

445 894 547 968 pro
591 897 696 951 fide
754 894 1006 962 moretur,
1069 896 1263 968 Saulus
1294 895 1639 968 _vestimenta
1687 894 2045 968 lapidantium

446 962 718 1023 servabat.
754 968 1009 1021 Omnium
1042 982 1175 1036 ergo
1198 965 1553 1033 lapidantium
1578 962 1821 1036 manibus
1838 964 1954 1036 ipse
1976 964 2046 1018 la-

446 1039 651 1107 pidavit
682 1039 771 1107 qui
803 1038 874 1091 ad
906 1035 1262 1107 lapidandum
1279 1051 1467 1088 omnes
1486 1042 1700 1107 exertos
1714 1035 1968 1107 reddidit,
1993 1042 2044 1089 et

448 1105 626 1164 tamen
657 1105 912 1162 eumdem
942 1108 1118 1176 ipsum
1150 1106 1203 1159 in
1231 1114 1415 1160 sancta
1464 1105 1703 1176 Ecclesia
1763 1105 2043 1176 laboribus

446 1179 735 1234 antecessit
764 1194 921 1247 quem
952 1174 1330 1246 persequendo
1361 1184 1651 1245 martyrem
1680 1174 1823 1229 fecit.
1845 1175 1890 1229 Ο
1910 1192 2041 1245 qua-

446 1251 554 1303 lem
586 1250 727 1305 hunc
758 1246 985 1302 militem
1017 1248 1085 1301 ad
1118 1248 1262 1301 diem
1289 1246 1415 1300 belli
1444 1261 1749 1315 pugnieque
1770 1262 2041 1315 praepara-

447 1328 561 1373 tum
586 1320 728 1373 velut
756 1321 1066 1372 thesaurum
1098 1318 1474 1372 absconditum
1518 1318 1863 1384 omnipotens
1893 1318 2040 1370 Deus

446 1390 652 1453 habuit,
687 1406 846 1460 quem
867 1390 922 1442 in
952 1388 1056 1460 vita
1087 1388 1286 1457 frigida
1305 1388 1356 1440 in
1375 1387 1855 1460 pravorumvitam
1878 1402 2041 1455 repo-

444 1461 630 1527 situm,
657 1457 768 1527 jam
800 1468 926 1514 tunc
954 1459 1181 1514 electum
1211 1475 1364 1511 suum
1398 1459 1621 1511 latenter
1652 1457 1741 1510 diu
1771 1458 1909 1511 intra
1928 1474 2039 1512 suae

445 1530 808 1601 praesidentia}
840 1533 1015 1601 sinum
1045 1530 1173 1583 texit
1195 1531 1206 1582 ἰ
1230 1528 1275 1583 Ο
1294 1528 1364 1582 ad
1382 1536 1580 1597 quanta
1598 1528 2037 1582 adversariorum

484 1609 665 1678 ectora
696 1600 942 1678 ferienda
974 1603 1113 1678 hunc
1144 1606 1607 1678 propugnatorum
1631 1615 1785 1678 suum
1807 1614 2038 1678 eumve-

465 1670 541 1725 uit
569 1670 636 1725 ad
664 1671 899 1724 medium
930 1669 1205 1739 produxit,
1241 1686 1337 1738 per
1366 1670 1520 1738 cujus
1553 1669 1724 1723 verba
1752 1686 1813 1723 ac
1844 1669 2036 1723 redar-

441 1742 694 1821 gutiones
725 1750 800 1794 tot
820 1741 931 1820 .sibi
963 1740 1277 1821 resistentia
1293 1741 1466 1821 corda
1500 1741 1791 1821 prostravit
1824 1739 2039 1821 lNemo

444 1810 623 1882 itaque
654 1813 723 1865 de
752 1812 859 1864 suis
888 1811 1143 1879 operibus
1163 1812 1467 1877 extollatur,
1502 1826 1660 1882 nemo
1677 1810 1926 1879 desperet
1947 1826 2040 1882 eos

444 1881 577 1950 ques
598 1882 775 1936 adhuc
805 1882 1031 1951 frigidos
1063 1882 1233 1951 videt,
1266 1881 1391 1949 quia
1424 1881 1515 1952 qui
1545 1889 1671 1934 sunt
1712 1882 1872 1934 futuri
1902 1881 2040 1952 servi

445 1952 543 2005 Dei
568 1953 709 2005 inter
738 1950 930 2020 pravos
953 1952 1138 2006 videre
1170 1960 1222 2006 et
1249 1950 1557 2006 discernere
1590 1966 1700 2005 non
1721 1952 1884 2006 valet.
1907 1950 2039 2018 Quis

442 2023 588 2076 enim
618 2024 862 2077 crederet
893 2023 1038 2091 quod
1070 2038 1165 2092 per
1194 2023 1529 2091 apostolatus
1559 2023 1790 2093 gratiam
1823 2023 2038 2091 lapida-

447 2099 561 2145 tum
594 2093 932 2162 Stephanum
963 2094 1054 2146 ille
1084 2094 1418 2161 praecederet
1438 2095 1527 2161 qui
1585 2093 1639 2145 in
1698 2100 1870 2146 morte
1927 2093 2041 2160 ejus

444 2165 685 2217 omnium
721 2164 1071 2233 lapidantium
1106 2164 1420 2218 vestimenta
1442 2164 1675 2217 servavit
1698 2164 1724 2215 ἦ)
1748 2164 1803 2218 Si
1821 2179 1953 2233 ergo
1972 2162 2040 2216 ad

444 2233 550 2288 ista
571 2234 713 2288 dona
745 2232 827 2287 vel
847 2235 1059 2289 occulta
1073 2232 1643 2302 judicisrecurrimus,
1671 2234 1844 2287 nullos
1857 2232 2043 2302 despe-

447 2312 632 2358 rantes
663 2305 883 2359 omuino
914 2321 1011 2358 nec
1042 2305 1147 2358 illis
1179 2320 1276 2357 nos
1309 2304 1359 2357 in
1391 2305 1555 2357 corde
1584 2313 1763 2358 nostro
1794 2304 2040 2373 prmferi-

446 2391 571 2454 mus
603 2376 797 2454 quibus
828 2391 925 2444 pro
955 2383 1194 2443 tempore
1220 2376 1432 2454 praelati
1464 2391 1669 2440 sumus,
1707 2377 1859 2454 'quia
1917 2384 1969 2428 et
1999 2375 2041 2427 si

445 2443 560 2512 jam
588 2443 835 2499 videmus
856 2454 1111 2513 quantum
1145 2448 1536 2514 prtecessimus,
1570 2445 1844 2498 nescimus
1868 2461 2007 2513 quan
2026 2474 2042 2485 -

456 2521 562 2567 tum
586 2531 708 2569 cum
742 2530 955 2586 currere
981 2516 1245 2584 coeperint
1280 2516 1671 2584 prmeedamur.
1706 2517 1824 2570 Duo
1856 2516 2044 2586 itaque

447 2592 570 2638 sunt
599 2601 722 2655 quae
750 2585 976 2639 sollicite
1010 2602 1235 2652 pensare
1264 2587 1561 2640 debemus.
1606 2586 1850 2639 Primum
1881 2594 1959 2639 est
1990 2594 2045 2639 ut

442 2655 510 2728 de
542 2671 600 2707 se
622 2656 852 2725 quisque
884 2656 1104 2709 minime
1135 2666 1446 2724 praesumat,
1481 2657 1609 2728 quia
1640 2656 1869 2725 etsijam
1892 2658 1956 2709 ad
1976 2655 2045 2709 ﬁ-

446 2726 816 2799 dem‘vocatus
846 2734 946 2799 est,
980 2733 1155 2779 utrum
1190 2728 1241 2779 in
1274 2726 1513 2794 perenni
1545 2743 1715 2799 regno
1746 2728 1818 2780 sit
1849 2727 2047 2799 dignus

446 2796 648 2859 nescit;
683 2798 976 2850 secundum
1006 2813 1136 2850 vero
1160 2806 1241 2850 est
1262 2806 1317 2850 ut
1335 2796 1701 2867 unusquisiiue
1718 2796 2042 2865 proximum,

446 2883 607 2936 quem
636 2868 861 2921 fortasse
880 2869 1065 2937 jacere
1095 2868 1149 2920 in
1205 2868 1347 2921 vitiis
1402 2869 1687 2937 conspicit,
1748 2870 2045 2937 desperare

446 2953 553 2991 non
585 2940 799 3004 audeat,
834 2940 962 3009 quia
980 2939 1186 2993 divinre
1217 2939 1600 2993 misericordiae
1630 2938 1849 2993 divitias
1880 2939 2044 3009 igno-

450 3016 551 3062 rat.

501 3121 624 3169 Car.
651 3118 777 3169 XVI.
804 3147 866 3157 —
890 3120 1029 3170 Date
1052 3118 1179 3169 mihi
1366 3124 1680 3184 potestatem,
1704 3124 1801 3170 etc.
1826 3117 1965 3184 (Act.

1113 3199 1219 3242 vni.
1346 3223 1358 3235 .

1113 3199 1219 3242 VIII.
1257 3199 1358 3242 lU).

505 3266 728 3336 (Homil.
762 3270 816 3332 4,
849 3266 904 3319 in
933 3269 1172 3338 Evang.,
1215 3284 1269 3321 n.
1305 3268 1381 3333 4.)
1409 3266 1714 3338 Concessa
1770 3274 2034 3338 potestate

433 3337 855 3406 praedicationis,
886 3337 1165 3391 concessis
1199 3337 1474 3391 miraculis
1494 3337 1767 3399 virtutum,
1798 3337 2031 3390 Redem-

437 3415 561 3475 ptor
587 3415 770 3459 noster
786 3407 1068 3474 discipulis
1097 3408 1208 3460 suis
1227 3409 1331 3461 ait:
1357 3408 1544 3461 Gratis
1561 3408 1857 3477 accepistis
1894 3424 2031 3476 gra-

436 3477 510 3530 tis
538 3477 668 3530 date
702 3477 935 3539 (Matth.
970 3494 1023 3540 x,
1053 3480 1127 3541 8).
1166 3478 1309 3531 Prses
1330 3478 1728 3546 iebatnamque
1750 3478 2034 3532 nonnullos

431 3547 537 3600 hoc
566 3547 742 3614 ipsum
774 3548 974 3599 donum
1003 3550 1211 3616 accepti
1238 3547 1455 3616 spiritus
1484 3548 1538 3600 in
1569 3564 1724 3601 usum
1779 3548 2031 3617 negotia-

433 3617 594 3671 tionis
614 3617 915 3689 inflectere,
947 3622 1001 3671 et
1030 3619 1408 3672 miraculorum
1440 3618 1599 3688 signa
1619 3619 1687 3671 ad
1711 3618 2031 3689 obsequium

434 3688 674 3759 avaritiae
701 3686 994 3759 declinare.
1030 3689 1165 3742 Hinc
1180 3695 1260 3742 est
1283 3689 1425 3759 quod
1445 3686 1567 3743 cum
1592 3689 1820 3742 vidisset
1837 3686 2030 3744 Simon

432 3757 624 3836 ltiagus
654 3757 783 3836 quia
809 3774 909 3836 per
954 3757 1353 3836 impositionein
1409 3776 1603 3836 manus
1655 3761 2030 3836 apostolorum

438 3827 656 3881 daretur
672 3827 912 3895 Spiritus
923 3827 1156 3893 sanctus,
1173 3830 1452 3884 obtuliteis
1472 3830 1782 3898 pecuniam,
1805 3831 1991 3883 dicens
2013 3850 2024 3885 :

432 3898 571 3952 Date
594 3902 649 3952 et
672 3900 813 3953 mihi
836 3898 983 3953 hanc
1001 3905 1362 3971 potestatem,
1392 3906 1456 3954 ut
1499 3904 1818 3971 cuicunque
1843 3904 2027 3971 impo-

429 3983 596 4041 suero
609 3985 812 4024 manus
836 3970 1081 4039 accipiat
1102 3971 1389 4041 Spiritum
1411 3975 1697 4025 sanctum.
1730 3972 1829 4024 Per
1855 3970 2028 4040 impo-

430 4039 680 4093 sitiouem
713 4043 915 4108 quippe
948 4039 1310 4095 manus—edita
1344 4042 1604 4095 miracula
1635 4042 2028 4109 concupiscens

424 4110 707 4177 percipere
736 4110 937 4164 donum
976 4112 1206 4178 Spiritus
1240 4112 1425 4175 voluit,
1459 4112 1666 4165 scilicet
1695 4120 1752 4164 ut
1782 4111 2028 4165 deterius

424 4179 681 4250 venderet
710 4181 853 4248 quod
888 4182 1024 4234 male
1043 4190 1430 4250 comparasset.
1463 4181 1597 4234 Cum
1620 4184 1821 4246 justum
1852 4184 2025 4235 virum

426 4249 755 4305 describeret
787 4253 1071 4319 prepheta,
1092 4249 1198 4305 ait:
1224 4252 1560 4318 Quiexcutit
1590 4267 1795 4305 manus
1807 4268 1939 4306 suas
1957 4251 2024 4306 ab

423 4323 578 4373 omni
595 4337 830 4376 munere
862 4320 989 4387 (Isa.
1016 4326 1339 4390 xxxni,15).
1365 4323 1487 4375 Non
1502 4323 1656 4387 dicit,
1678 4322 1776 4392 qui
1798 4324 2021 4377 excutit

420 4404 626 4444 manus
653 4407 784 4445 suas
814 4409 847 4445 a
878 4408 1130 4455 munere,
1165 4393 1264 4445 sed
1295 4392 1543 4459 adjunxit
1572 4393 1638 4446 ab
1685 4393 1860 4454 omni,
1890 4395 2019 4460 quia

420 4459 566 4530 aliud
596 4469 674 4513 est
704 4476 901 4514 munus
932 4464 998 4515 ab
1022 4463 1303 4530 obsequio,
1338 4463 1484 4515 aliud
1525 4478 1720 4515 muniis
1750 4479 1781 4514 a
1830 4459 2014 4530 manu,

418 4528 567 4602 aliud
593 4545 790 4602 munus
820 4547 855 4602 a
883 4530 1094 4601 lingua.
1129 4528 1315 4585 Munus
1333 4535 1531 4602 quippe
1562 4533 1630 4585 ab
1652 4534 1914 4602 obsequio
1936 4528 2018 4587 est

418 4600 682 4668 subjectio
706 4600 943 4654 indebite
972 4600 1234 4670 impensa,
1269 4600 1522 4656 mu'nusia
1563 4619 1730 4656 manu
1792 4600 2017 4668 pecunia

417 4679 517 4734 est,
552 4685 745 4723 munus
771 4688 802 4724 a
831 4671 1036 4741 lingua,
1071 4672 1243 4727 favor.
1270 4673 1367 4725 llle
1418 4674 1584 4743 igitur
1608 4674 1677 4726 ab
1707 4674 1855 4727 omni
1886 4689 2009 4726 mu-

414 4756 543 4795 nere
575 4757 764 4795 munus
793 4744 992 4796 exrtutit
1021 4745 1108 4811 qui
1141 4744 1193 4795 in
1228 4743 1425 4797 divinis
1483 4744 1644 4797 rebus
1690 4758 1795 4797 non
1834 4744 2012 4798 solum

412 4811 615 4865 nullam
650 4814 953 4881 pecuniam,
988 4814 1081 4868 sed
1109 4814 1269 4868 etiam
1302 4816 1593 4867 humanam
1649 4814 1876 4883 gratiam
1906 4830 2015 4869 non

413 4883 656 4955 requirit,
690 4884 779 4952 qui
811 4900 993 4940 sacros
1023 4886 1239 4939 ordines
1269 4901 1366 4953 pro
1389 4888 1421 4937 h
1446 4900 1626 4937 imana
1669 4885 1849 4955 gratia
1905 4900 2014 4940 non

416 4952 673 5026 largitur,
705 4970 879 5023 neque
910 4957 978 5009 de
1007 4956 1201 5009 eadem
1220 4952 1469 5026 largitate
1491 4952 1853 5008 laudis'ullam
1872 4957 2024 5008 retri-

412 5022 691 5095 butionem
725 5026 934 5093 quierit,
964 5029 1053 5095 qui
1087 5028 1154 5079 ile
1203 5022 1350 5080 nullo
1410 5027 1656 5093 impenso
1722 5026 2024 5080 sanctitatis

410 5093 587 5147 oﬂieio
621 5095 902 5149 minimum
935 5093 1139 5151 favoris
1171 5096 1420 5167 exquirit,
1470 5098 1561 5165 qui
1615 5097 2023 5163 iinpositionem

403 5179 615 5231 manus,
644 5181 749 5234 qua
774 5168 1003 5234 Spiritus
1031 5176 1247 5221 sanctus
1271 5167 1554 5235 accipitur,
1591 5167 1661 5219 ad
1695 5167 1819 5220 vitie
1852 5168 2022 5221 meri-

407 5242 520 5288 tum
554 5252 660 5288 non
692 5235 760 5289 ad
796 5238 1078 5305 praemium
1117 5239 1330 5292 tribuit.

481 5352 612 5403 CAP.
642 5354 799 5403 XVII.
831 5380 893 5387 —
922 5356 1149 5484 Ραῗέίηίἱι
1170 5361 1255 5405 tua
1276 5364 1439 5483 κὲἔῖη
1461 5356 1527 5405 sit
1548 5356 1603 5406 in
1621 5355 1957 5419 perditionem

1082 5436 1108 5471 c
1137 5459 1148 5471 .
1181 5435 1291 5479 Vill,
1320 5430 1331 5446 ‘
1416 5458 1427 5467 .

1082 5430 1148 5471 ct.
1181 5435 1291 5479 Vm,
1320 5430 1427 5479 20).

458 5527 574 5607 ,(ῐη
609 5529 840 5607 esposit.
969 5531 1092 5599 Job,
1127 5531 1224 5607 lib.
1254 5549 1328 5597 iv,
1363 5549 1516 5607 num.
1562 5533 1653 5603 2.)
1686 5530 2021 5607 Cumsancti

417 5599 520 5650 viri
551 5599 952 5670 inulei'ii‘lionis
980 5603 1303 5656 sententiam
1335 5599 1761 5670 proferunt,non
1787 5603 1854 5656 ad
1885 5605 2020 5656 hanc

420 5682 493 5743 ex,
522 5679 647 5721 voto
672 5668 1021 5743 .ultionisused
1053 5690 1118 5726 ex
1138 5668 1352 5743 justitia
1382 5675 1643 5728 examinis
1696 5681 2009 5743 erumpunt.

420 5733 567 5786 Intus
597 5738 739 5791 enim
773 5739 965 5794 subtile
996 5742 1092 5794 Dei
1121 5733 1385 5811 judicium
1434 5744 1719 5813 aspiciunt,
1776 5753 1830 5799 et
1854 5733 2019 5798 'mala

2067 1640 2118 1700 Β

2155 405 2439 471 gnoscunt,
2464 406 2609 471 eteo
2640 399 2693 453 in
2720 400 3012 455 maledicto
3063 417 3189 471 non,
3228 407 3477 469 peccant,
3543 418 3650 471 quo
3695 404 3760 457 ab

2153 468 2363 541 interno
2387 468 2600 536 judicio
2624 485 2733 541 non
2765 472 3095 527 discordant.
3128 468 3266 525 Hinc
3294 480 3374 525 est
3407 468 3751 541 quod'Petrus

2155 540 2211 593 in
2240 538 2558 594 offerentem
2589 540 2693 593 sibi
2743 543 3027 610 pecuniam
3090 542 3375 597 Simonem
3423 538 3755 598 sententiain

2156 610 2551 665 maledictionis
2571 610 2797 678 intorsit,
2820 612 3042 667 dicens:
3081 614 3329 668 Pecunia
3348 618 3448 667 tua
3474 617 3664 669 tecum
3688 617 3761 670 sit

2155 682 2219 735 in
2229 679 2750 750 perditionem.Qui
2768 684 2911 736 enim
2941 700 3048 739 non
3078 684 3270 749 aitest,
3292 682 3385 736 sed
3407 684 3495 747 sit,
3551 700 3657 739 non
3679 685 3761 739 in-

2154 752 2390 825 dicativo
2420 751 2517 825 sed
2548 752 2975 825 Optativomodo
3005 769 3063 808 se
3082 756 3196 808 haec
3235 753 3437 825 dixisse
3487 755 3749 825 signavit.

2154 822 2291 895 l_l_in_c
2309 821 2456 895 Elias
2479 821 2689 876 duobus
2711 823 3195 895 quinquagenariis
3213 824 3280 895 ad
3302 840 3360 877 se
3384 821 3760 893 venientibus,

2154 892 2296 945 dixit
2320 911 2332 954 ;
2353 891 2417 946 Si
2434 893 2598 947 homo
2623 895 2717 948 Dei
2733 891 2831 964 ego
2857 891 3003 956 iuni.
3017 893 3322 950 descendat
3340 895 3486 962 ignis
3528 896 3595 951 de
3610 891 3759 961 calo,

2154 967 2211 1037 et
2240 968 2535 1018 consumat
2570 968 2621 1017 te
2636 968 3111 1037 etquinquaginta
3127 971 3251 1020 tuos
3270 964 3521 1036 (IVReg.
3545 981 3623 1031 ιι,
3642 970 3755 1037 t0).

2154 1031 2397 1106 Quorum
2414 1043 2696 1106 utrumque
2712 1031 2976 1089 sententia
2998 1045 3197 1106 quanta
3227 1031 3535 1090 severitatis
3554 1031 3750 1092 ratione

2153 1104 2426 1159 convaluit
2456 1104 2717 1159 terminus
2746 1120 2927 1161 causa:
2960 1104 3294 1160 monstravit.
3331 1107 3470 1160 Nam
3502 1118 3552 1161 et
3574 1107 3753 1162 Simon

2149 1183 2350 1247 aeterna
2379 1174 2679 1244 perditione
2697 1175 2929 1247 interiit,
2963 1187 3016 1231 et
3058 1176 3194 1231 duos
3250 1178 3745 1247 quinquagenarios

2151 1244 2384 1319 desuper
2413 1245 2906 1319 veniens‘ﬂamma
2956 1244 3312 1319 consumpsit.
3360 1244 3562 1319 Yirtiis
3620 1264 3744 1319 ergo

2151 1315 2486 1385 subsequens
2506 1314 2831 1387 testificatur
2858 1333 2964 1387 qua
2994 1328 3175 1373 mente
3190 1314 3595 1372 maledictionis
3624 1314 3746 1372 sen-

2151 1387 2316 1440 tentia
2346 1385 2625 1455 promitur.
2660 1388 2795 1441 Cum
2827 1385 2969 1443 enim
3003 1397 3055 1443 et
3087 1388 3461 1443 maledicentis
3492 1389 3749 1444 innocen-

2150 1456 2224 1536 tia
2251 1465 2552 1536 permanet,
2586 1465 2852 1536 attamen
2884 1474 3008 1536 eum
3060 1459 3149 1536 qui
3210 1458 3550 1536 maledicitur
3587 1476 3753 1536 usque

2149 1527 2218 1600 ad
2247 1527 2524 1600 interitum
2555 1528 2860 1600 maledictio
2900 1527 3174 1592 absorbet,
3204 1544 3269 1582 ex
3298 1530 3577 1600 utriusque
3597 1531 3756 1599 partis

2148 1595 2254 1650 fine
2286 1597 2566 1669 colligitur
2596 1599 2722 1668 quia
2750 1599 2818 1653 ab
2850 1615 2956 1654 uno
2986 1608 3038 1655 et
3068 1601 3256 1654 intimo
3306 1595 3503 1669 judice
3527 1595 3755 1655 in'reum

2147 1668 2413 1723 sententia
2440 1676 2657 1737 sumpta
2679 1669 2987 1738 jaculatur.

2337 1786 2463 1835 Car».
2502 1785 2681 1837 XVIII.
2710 1788 2983 1911 -ἇαιέιιιε
3015 1787 3184 1919 argute
3208 1790 3437 1855 spirans,
3471 1794 3572 1841 etc.

2840 1870 2866 1903 c
2898 1893 2909 1906 .
2947 1868 3018 1916 ix,
3121 1889 3134 1901 .

2840 1868 2909 1906 ct.
2947 1868 3018 1916 ix,
3059 1868 3134 1916 ι).

2221 1947 2304 2011 (In
2332 1948 2561 2016 exposit.
2596 1949 2667 2003 Β.
2707 1950 2828 2013 Job,
2862 1950 2956 2005 lib.
3000 1968 3151 2016 xxvr,
3187 1967 3242 2006 n.
3291 1951 3380 2012 29.
3449 1955 3563 2013 30.)
3597 1952 3750 2006 Beato

2146 2016 2252 2070 Job
2282 2034 2314 2071 a
2331 2019 2564 2074 Domino
2589 2020 2784 2075 dicitur
2812 2039 2824 2074 :
2848 2022 3112 2089 Nunquid
3135 2022 3282 2076 volet
3299 2021 3628 2078 rhinoceros
3647 2039 3750 2078 ser-

2151 2089 2267 2164 vire
2292 2091 2412 2164 tibi,
2436 2094 2539 2164 aut
2570 2093 2886 2147 morabitur
2898 2092 2969 2147 ad
2994 2108 3241 2164 praesepe
3261 2097 3426 2146 tuum
3447 2093 3479 2144 ?
3495 2094 3748 2164 Nunquid

2149 2159 2409 2227 alligabis
2428 2159 2841 2217 rhinocerotem
2873 2168 2929 2217 et
2988 2159 3271 2217 arandum
3303 2164 3419 2217 loro
3464 2169 3562 2218 tuo
3610 2159 3740 2229 (Job.

2152 2243 2350 2301 rixanti,
2384 2232 2488 2297 9)?
2510 2231 2840 2287 Rhinoceros
2869 2232 2987 2293 iste,
3019 2233 3107 2301 qui
3160 2234 3323 2286 etiam
3356 2234 3666 2289 Monoceros
3693 2233 3741 2286 in

2151 2300 2358 2354 Graecis
2389 2302 2798 2371 exemplaribus
2832 2300 3160 2370 nominatur,
3194 2303 3477 2358 indomitae
3534 2305 3741 2357 omnino

2152 2378 2357 2443 naturae
2388 2380 2470 2424 est
2493 2389 2515 2443 ;7
2540 2372 2610 2425 ita
2642 2382 2696 2425 ut
2727 2373 2769 2427 si
2795 2374 3009 2443 quando
3029 2383 3219 2443 captus
3241 2373 3424 2438 fuerit,
3453 2375 3622 2429 teneri
3643 2375 3750 2427 nul~

2151 2439 2566 2515 latenus_possit,
2602 2439 2888 2515 impatiens
2917 2439 3147 2515 quippe,
3172 2449 3229 2497 ut
3250 2443 3444 2511 fertur,
3466 2445 3614 2499 illico
3635 2460 3747 2498 mo-

2154 2511 2310 2583 ritur.
2342 2512 2525 2567 Tanta}
2585 2511 2799 2583 quoque
2858 2511 3181 2568 fortitudinis
3238 2530 3366 2569 esse
3424 2515 3643 2580 dicitur,
3700 2523 3751 2567 ut

2154 2581 2300 2635 nulla
2321 2581 2631 2637 venantium
2663 2581 2857 2638 virtute
2887 2585 3132 2654 capiatur
3165 2603 3178 2637 :
3211 2585 3305 2639 sed
3350 2585 3493 2640 sicut
3523 2586 3575 2639 hi
3606 2600 3748 2640 asse-

2152 2661 2275 2727 runt
2304 2654 2398 2727 qui
2426 2654 2798 2727 describendis
2832 2656 3058 2727 naturis
3085 2655 3401 2709 animalium
3426 2657 3747 2727 investiga-

2152 2723 2301 2796 tione
2333 2724 2607 2780 laboriosa
2631 2726 2979 2788 sudaverunt.
3012 2726 3165 2795 virgo
3225 2726 3273 2780 ei
3309 2726 3500 2794 puella
3557 2723 3748 2796 propo-

2153 2794 2297 2847 nitur
2326 2810 2441 2862 qua:
2469 2796 2708 2849 venienti
2739 2796 2913 2850 sinum
2964 2813 2993 2850 a
3038 2794 3155 2863 erit,
3190 2796 3243 2849 in
3275 2811 3382 2863 quo
3440 2794 3570 2859 ille,
3608 2794 3743 2850 omni

2155 2865 2429 2919 ferocitate
2460 2870 2777 2920 postposita.
2803 2876 2959 2920 caput
2989 2813 3229 2920 deponit.
3281 2875 3333 2920 et
3382 2866 3468 2920 sic
3497 2867 3566 2920 ab
3596 2868 3672 2920 eis
3720 2883 3743 2920 a

2155 2865 2429 2937 ferocitate
2459 2870 2777 2936 postposita,
2803 2876 2959 2937 caput
2989 2865 3229 2935 deponit,
3281 2875 3333 2920 et
3382 2866 3468 2922 sic
3497 2867 3566 2920 ab
3596 2868 3672 2920 eis
3720 2883 3751 2920 a

2154 2935 2353 3017 quibus
2382 2937 2504 3017 capi
2536 2935 2802 3017 qamritur‘
2825 2935 3046 3016 repente
3078 2938 3221 3017 velut
3261 2937 3492 3017 inermis
3549 2937 3748 3017 inveni-

2074 3000 2123 3063 C
2156 3000 2239 3060 tur
2282 3000 2692 3078 Buxei‘quoque
2722 3000 2920 3062 coloris
2951 3024 3069 3062 esse
3098 3007 3442 3072 describitur,
3478 3010 3569 3078 qui
3597 3008 3744 3062 etiam

2145 3092 2265 3131 cum
2297 3077 2598 3149 elephantis
2628 3079 2844 3149 quando
2875 3088 3151 3134 certamen
3182 3077 3531 3149 aggreditur,
3558 3094 3621 3132 eo
3641 3094 3753 3133 cor-

2141 3164 2212 3200 nu
2244 3148 2389 3218 quod
2421 3148 2475 3201 in
2506 3148 3009 3218 nare’singulariter
3036 3148 3499 3218 gestatventrem
3550 3149 3741 3202 adver-

2144 3216 2380 3299 santium
2408 3218 2569 3273 ferire
2592 3216 2929 3299 perhibetur,
2962 3226 3018 3273 ut
3042 3216 3169 3299 cum
3202 3235 3267 3299 ea
3316 3235 3444 3289 quae
3510 3219 3744 3299 molliora

2142 3300 2267 3340 sunt
2298 3289 2556 3369 vulnerat,
2589 3288 3001 3369 impugnantes.
3029 3306 3087 3343 se
3120 3288 3279 3343 facile
3331 3294 3566 3343 sternat.
3622 3289 3745 3368 Ejus

2142 3373 2273 3412 vero
2296 3374 2493 3412 nomen
2527 3360 2711 3440 [latina
2735 3359 2933 3440 lingua
2964 3360 3399 3440 interpretatum
3451 3367 3657 3440 sonat;
3690 3359 3739 3440 in

2142 3444 2273 3482 nare
2302 3442 2489 3483 cornu.
2525 3429 2595 3482 Et
2623 3431 2752 3499 quid
2782 3428 2930 3484 aliud
2961 3431 3015 3483 in
3046 3445 3176 3483 nare
3207 3430 3307 3482 nisi
3327 3428 3551 3483 fatuitas
3573 3431 3600 3481 ‘?
3619 3428 3747 3496 Quid

2142 3499 2398 3571 incomu
2429 3500 2697 3555 nisielatio
2715 3501 3030 3571 designatur
3048 3502 3077 3554 ?
3111 3502 3173 3553 Et
3205 3500 3477 3571 quamvis
3499 3516 3596 3567 per
3620 3500 3746 3571 hunc

2141 3569 2540 3624 rhinocerotem
2573 3572 2657 3624 vel
2689 3569 3295 3632 certe—monocerotem,
3356 3569 3573 3624 scilicet
3627 3569 3740 3623 uni-

2139 3653 2380 3707 cornem,
2406 3641 2764 3695 communiter
2793 3642 2882 3695 ille
2932 3642 3250 3695 Judteorum
3309 3642 3554 3708 populus
3585 3639 3741 3709 possit

2139 3709 2391 3780 intelligi,
2427 3711 2495 3765 de
2528 3712 2722 3781 quibus
2755 3711 3062 3781 passionem
3104 3726 3260 3763 suam
3315 3710 3583 3763 Dominus
3622 3711 3742 3763 Pro-

2138 3782 2300 3848 pheta
2328 3790 2554 3835 canente
2585 3784 2977 3850 pranuntians,
3010 3781 3087 3834 ait
3120 3798 3131 3833 :
3189 3782 3385 3834 Libera
3422 3796 3511 3835 me
3565 3781 3628 3834 de
3655 3794 3738 3834 ore

2140 3851 2401 3904 leoniszet
2419 3854 2730 3907 acornibus
2754 3853 3122 3907 unicornium
3154 3851 3552 3906 humilitatem
3576 3865 3741 3903 meam

2140 3922 2320 3985 (Psal.
2354 3938 2462 3985 χχι,
2498 3921 2595 3990 Et!)
2618 3942 2630 3987 ;
2657 3923 2775 3992 (Tot
2801 3924 3001 3991 quippe
3023 3923 3076 3973 in
3103 3922 3195 3974 illa
3241 3929 3407 3991 gente
3455 3922 3737 3979 unicornes,

2136 3992 2220 4044 vel
2253 3999 2399 4045 certe
2430 3992 2805 4047 rhinocerotas
2836 3996 3174 4052 exstiterunt,
3209 3998 3339 4059 quot
3366 4002 3561 4044 contra
3602 4004 3731 4059 pra:-

2137 4061 2445 4116 dicamenta
2476 4063 2720 4116 veritatis
2750 4063 2817 4116 de
2844 4062 3000 4129 Legis
3028 4058 3283 4129 operibus
3314 4060 3583 4131 singulari
3604 4058 3655 4113 et
3674 4058 3738 4111 fa-

2137 4139 2226 4184 tua
2256 4132 2489 4187 elatione
2511 4132 2701 4187 conﬁsi
2733 4137 2902 4200 sunt.)
2935 4134 3024 4185 ille
3083 4140 3263 4185 tamen
3316 4132 3629 4199 specialiter
3668 4144 3732 4182 ex

2134 4201 2239 4255 hoc
2270 4203 2492 4271 pOpulo,
2522 4204 2737 4272 etprius
2769 4204 2823 4256 in
2839 4201 3116 4270 superbia,
3151 4211 3213 4272 et
3233 4201 3579 4269 pnstmodum
3606 4215 3731 4272 prse-

2135 4269 2327 4339 cipuus
2360 4273 2507 4326 testis
2540 4269 2607 4325 in'
2628 4269 2933 4326 humilitate
2962 4272 3121 4325 nobis
3151 4271 3218 4325 ad
3254 4272 3500 4325 medium
3558 4269 3734 4323 Paulus

2049 4352 2101 4413 1)
2135 4341 2382 4421 ducatur,
2416 4343 2504 4421 qui
2538 4345 2668 4396 dum
2697 4349 2887 4421 contra
2919 4343 3094 4421 Deum
3125 4358 3183 4395 se
3215 4341 3368 4410 quasi
3401 4340 3731 4421 derus'ted-ia

2133 4412 2299 4481 Legis
2323 4410 2568 4466 nesciens
2596 4414 2810 4477 extulit,
2843 4429 3013 4467 cornu
3046 4416 3101 4465 in
3134 4428 3262 4465 nare
3289 4412 3553 4482 gestavit.
3593 4410 3728 4482 Unde

2125 4488 2179 4535 et
2210 4484 2311 4536 lioc
2341 4484 2456 4551 ipse
2483 4484 2625 4536 naris
2647 4499 2811 4537 cornu
2845 4499 2937 4551 per
2968 4480 3323 4535 humilitatem
3387 4480 3718 4550 post'nodum

2125 4552 2413 4615 inclinans,
2452 4553 2551 4606 ait:
2579 4554 2683 4621 Qui
2698 4557 2860 4623 prius
2889 4553 2980 4619 fui
3011 4551 3373 4623 blasphemus
3390 4558 3451 4606 et
3470 4566 3720 4622 persecu-

2126 4626 2235 4683 tor,
2252 4627 2307 4677 et
2324 4622 2768 4678 contumeliosus
2789 4642 2804 4672 :
2825 4623 2919 4677 sed
2936 4622 3382 4676 misericordiam
3398 4624 3721 4677 consecutus

2123 4698 2423 4771 sumtquia
2445 4695 2715 4771 ignorans
2739 4698 2851 4763 feci
2880 4693 2931 4762 (1
2953 4694 3093 4771 Tim.
3122 4710 3157 4771 i,
3196 4693 3303 4758 13).
3323 4694 3542 4771 iuuare
3562 4704 3715 4771 cornu

2123 4763 2371 4827 gestabat
2394 4762 2480 4833 qui
2506 4762 2834 4832 placiturum
2865 4780 2921 4817 se
2952 4765 3062 4817 Deo
3108 4762 3176 4815 de
3207 4762 3532 4816 crudelitate
3560 4762 3720 4815 (ιο-ατί-

2124 4833 2308 4895 debat,
2342 4835 2480 4888 sicut
2511 4836 2625 4899 ipse
2644 4835 2985 4901 postmodum
3014 4833 3363 4900 semetipsum
3399 4833 3719 4899 redarguens

2122 4904 2254 4957 dicit
2277 4921 2287 4955 :
2310 4904 2377 4957 Et
2394 4903 2829 4972 proﬁciebamin
2854 4904 3141 4959 Judaismo
3157 4918 3331 4971 supra
3356 4903 3570 4955 multa:
3599 4914 3715 4953 eoa:-

2138 4977 2333 5027 taneos
2360 4990 2511 5028 meos
2540 4975 2601 5027 in
2630 4990 2831 5044 genere
2856 4989 2973 5029 meo
2993 4973 3722 5036 ;ahundanliusremul.itor

2132 5045 2388 5125 eac‘istens
2399 5051 2783 5125 paternarum.
2798 5060 3052 5125 mearum
3072 5044 3454 5125 ti'adnitionuin
3473 5044 3667 5109 (Galat.
3688 5054 3721 5113 ι,

2134 5116 2241 5184 li).
2306 5113 2479 5183 Hujus
2536 5124 2715 5169 autem
2772 5114 3125 5168 rhinocerotis
3182 5113 3554 5167 fortitu'linem
3593 5123 3725 5184 emis

2133 5182 2360 5238 venator
2380 5182 2643 5247 extimuit,
2678 5184 2802 5253 quia
2839 5184 2988 5240 Sauli
3045 5183 3315 5238 saevitiam
3377 5199 3513 5236 unus
3537 5182 3721 5253 iuisque

2130 5255 2466 5323 praedicator
2495 5251 2733 5323 expavit.
2770 5255 3044 5323 Scriptum
3076 5269 3313 5323 namque
3368 5264 3447 5307 est
3487 5272 3497 5306 :
3533 5251 3721 5323 Saulus

2131 5322 2316 5379 adhuc
2329 5328 2557 5393 spirans
2572 5322 2864 5379 minarum
2882 5322 2938 5379 et
2960 5324 3202 5380 cwdisin
3224 5325 3528 5393 discipulus
3551 5322 3718 5393 Dorul-

2129 5396 2217 5469 ni,
2232 5388 2466 5469 accessit
2487 5396 2559 5469 (id
2575 5398 2899 5465 Principem
2919 5395 3181 5469 Sacer-dot
3193 5410 3310 5459 uin,
3327 5388 3381 5446 et
3394 5394 3532 5469 petii
3543 5396 3562 5443 t
3579 5388 3718 5469 abeo

2129 5467 2395 5534 epistolas
2414 5466 2477 5519 in
2496 5466 2845 5519 Damascum
2863 5466 2933 5519 ad
2950 5480 3263 5535 synagogas
3281 5484 3298 5516 :
3312 5469 3375 5517 ut
3394 5466 3443 5517 si
3466 5476 3611 5535 quos
3639 5466 3719 5511 iri-

2129 5529 2349 5589 veniret
2372 5536 2542 5603 hujus
2557 5538 2683 5589 vitae
2696 5536 2840 5591 viros
2858 5552 2923 5589 ac
2943 5529 3230 5596 mulieres,
3250 5529 3725 5603 vinctosprrducr-

2128 5605 2294 5659 retin
2313 5596 2626 5660 Jerusalem
2659 5607 2804 5671 (Act.
2826 5622 2899 5663 ix.
2925 5607 2973 5671 1,
3001 5608 3075 5667 2).
3106 5604 3239 5657 Cum
3265 5604 3416 5656 tlatus
3454 5596 3579 5671 nam
3605 5596 3719 5649 red—

2126 5674 2335 5728 dendus
2365 5676 2611 5738 trahitur,
2643 5677 2928 5744 inspiratio
2975 5682 3216 5728 vocatur.
3281 5675 3346 5727 Et
3402 5670 3531 5744 i_l_lu.l
3585 5681 3718 5743 saepe

2125 5759 2224 5813 per
2250 5745 2476 5800 odorem
2494 5761 2620 5800 nare
2648 5741 3108 5815 deprehendimus
3131 5743 3278 5813 quod
3310 5741 3478 5798 oculis
3507 5753 3611 5793 non
3644 5741 3715 5789 vi-
