4082 6170
377 302 510 359 1281

378 429 587 483 demus.
620 425 963 504 Rhinoceros
1007 439 1139 504 ergo
1198 422 1296 476 iste
1340 438 1470 504 nare

378 514 485 569 quo
516 502 843 569 percuteret,
876 495 997 564 quia
1018 495 1285 548 minarum
1315 501 1367 547 et
1424 495 1595 549 caedis
1647 496 1703 569 in
1760 495 1976 569 Domini

377 566 677 638 discipulos
708 567 938 636 spirans,
983 572 1276 638 postquam
1335 574 1652 638 praesentes
1682 566 1977 638 interfece-

375 647 485 705 rat,
516 635 768 694 absentes
797 636 1096 706 quaerebat.
1135 635 1267 690 ’Sed
1327 650 1453 706 ecce
1510 635 1686 691 omnis
1738 646 1860 692 ante
1915 637 1980 691 il-

375 712 485 765 lum
516 717 742 764 venator
771 705 1144 770 absconditur,
1205 705 1380 761 omnis
1428 708 1617 770 homo,
1663 706 1719 760 id
1767 716 1849 762 est
1897 722 1982 762 ra-

373 780 575 836 tionale
597 781 840 849 sapiens,
863 778 1120 849 opinione
1135 776 1351 849 timoris
1373 777 1487 843 ejus
1507 775 1791 849 eﬂ‘ogatur.
1821 779 1981 833 Beato

372 852 543 921 igitur
572 846 677 905 Job
706 846 913 921 sanctze
941 846 1199 921 Ecclesia;
1230 855 1415 921 typum
1458 846 1660 903 tenenti
1719 848 1914 903 dicitur
1965 866 1978 902 :

372 919 523 978 Nam
541 924 686 978 volet
710 920 1036 975 rhinoceros
1056 919 1266 974 servire
1284 919 1405 983 tibi,
1424 921 1559 983 (Job.
1584 936 1774 983 xxxxx,
1791 923 1874 985 9).
1900 921 1984 973 Ac

374 992 420 1045 si
443 1001 633 1063 aperte
664 992 731 1046 de
760 990 924 1063 beato
950 989 1116 1043 Paulo
1143 988 1359 1063 dicatur
1392 1005 1405 1042 :
1437 989 1696 1063 Nunquid
1740 990 1981 1063 saulum,

379 1057 543 1133 quem
574 1060 943 1133 superbiregin
978 1075 1116 1114 nece
1138 1057 1381 1133 ﬁdelium
1406 1057 1715 1133 stultaisua
1754 1059 1989 1133 elatione

377 1129 713 1201 consideras,
734 1132 836 1186 sub
860 1131 983 1200 jura
1004 1139 1107 1184 tua:
1143 1129 1545 1199 praedicationis
1588 1130 1985 1186 inclinas‘lSu-

377 1204 595 1282 baudis.
616 1212 675 1258 ut
692 1217 799 1282 ego
816 1201 907 1282 qui
933 1210 992 1282 et
1008 1207 1200 1282 contra
1215 1201 1476 1282 me‘illum
1512 1201 1775 1282 singulari
1815 1216 1985 1280 cornu

380 1275 567 1331 extolli
597 1270 903 1343 conspicio,
927 1278 981 1343 et
1009 1280 1193 1343 tamen
1226 1272 1361 1324 mihi
1391 1287 1514 1326 cum
1542 1272 1767 1343 voluero
1806 1270 1984 1343 proti-

378 1362 481 1401 nus
513 1345 709 1400 subdo.
730 1341 799 1400 Ut
820 1358 955 1413 ergo
972 1342 1120 1396 hunc
1138 1342 1540 1397 rhinocerotem
1554 1341 1756 1412 capiat,
1805 1342 1985 1413 sinum

380 1434 539 1472 suum
567 1417 747 1487 virgo,
770 1413 836 1487 id
854 1412 947 1487 est
978 1417 1245 1487 secretum
1268 1429 1450 1487 suum.
1482 1415 1718 1487 ipsaper
1737 1412 1985 1468 seinvio-

382 1488 489 1541 lata
509 1488 562 1540 in
580 1483 746 1541 carne
768 1484 868 1539 Dei
891 1483 1169 1553 Sapientia
1189 1484 1482 1553 expandat.
1508 1484 1776 1553 Scriptum
1824 1499 1984 1537 nam-

380 1575 485 1630 que
503 1566 582 1612 est
604 1577 614 1612 :
639 1556 789 1630 Quod
807 1571 935 1630 cum
958 1555 1033 1608 Da
1044 1570 1301 1630 mascum
1315 1559 1594 1630 pergeret,
1637 1554 1820 1630 subito
1867 1560 1986 1630 air-7

380 1626 682 1695 cum/alsit
696 1627 864 1682 illum
881 1626 971 1680 die
986 1626 1169 1680 media
1185 1626 1291 1680 lux
1303 1626 1368 1680 de
1379 1626 1597 1691 caelo,“
1614 1643 1721 1682 vox
1731 1628 1889 1695 facta
1904 1629 1986 1681 est

379 1699 573 1754 dicens
596 1718 612 1750 :
631 1698 829 1762 Saule,
854 1697 1042 1761 Saule,
1062 1696 1194 1767 quid
1210 1708 1297 1767 me
1314 1698 1669 1767 per-sequeris
1707 1700 1730 1752 ?
1761 1696 1983 1751 Durum

383 1713 573 1754 dicens
596 1718 612 1750 :
631 1713 829 1762 δίκαιε,
854 1713 1042 1761 acute,
1062 1713 1193 1767 quia
1210 1713 1297 1750 me
1314 1713 1481 1766 perae
1518 1713 1525 1748 τ

383 1776 468 1825 est
487 1770 803 1825 tibiconlra
815 1768 1115 1823 stimulum
1128 1765 1456 1821 calcitrare.
1479 1713 1525 1835 ὅ

389 1849 539 1895 terra
557 1838 840 1905 respondit
862 1856 876 1891 :
894 1837 1027 1904 Quis
1043 1853 1121 1903 es,
1146 1838 1377 1893 Domine
1395 1837 1425 1889 ?
1440 1838 1537 1892 Cui
1557 1837 1674 1891 ille:
1720 1839 1825 1909 Ego
1863 1854 1992 1892 sum

385 1912 547 1967 Iesus
570 1910 937 1966 Namrenus.
950 1923 1114 1979 quem
1128 1911 1190 1962 tu
1204 1910 1546 1979 persequeris
1559 1909 1644 1964 .Et
1664 1913 1912 1964 tremens
1925 1924 1991 1963 ac

390 1990 629 2054 stupens
643 1981 832 2054 dixit;
848 1981 978 2035 Dom
987 1980 1341 2054 in_e.quidme
1355 1982 1436 2054 vis
1447 1982 1640 2054 facere
1654 1980 1684 2031 ?
1710 1981 1778 2034 Et
1806 1979 1991 2054 Domi-

390 2049 503 2109 nus
514 2053 586 2108 ad
598 2068 727 2107 eum
752 2073 771 2106 :
786 2050 958 2121 Surge
976 2054 1031 2104 et
1045 2049 1342 2119 ingredere
1353 2052 1646 2105 civitatem
1662 2071 1681 2103 ε
1704 2055 1762 2105 et
1800 2051 1880 2104 ibi
1912 2049 1992 2104 di-

388 2129 556 2179 cetur
572 2123 675 2177 tibi
697 2122 828 2193 quid
844 2120 1526 2193 te’oporteatfacereuct.
1550 2138 1622 2193 ix,
1640 2125 1691 2187 6,
1713 2120 1795 2191 7).
1824 2120 1992 2193 Yirgo

389 2194 647 2248 nimirum
663 2190 999 2247 rhinoceroti
1023 2191 1206 2249 sinum
1227 2207 1380 2244 suum
1400 2192 1627 2259 aperuit,
1661 2190 1783 2245 cum
1829 2190 1991 2245 Saulo

384 2265 696 2334 incorrupta
712 2263 810 2317 Dei
831 2261 1109 2334 Sapientia
1123 2260 1509 2334 in_car_nation_is
1530 2277 1641 2334 sum
1669 2262 1990 2334 mysterium

381 2336 453 2390 de
483 2329 624 2389 ασειὸ
651 2329 926 2402 loquendo
954 2331 1231 2402 patefecit.
1256 2329 1323 2384 Et
1343 2330 1707 2387 fortitudinem
1724 2329 1871 2386 suam
1890 2331 1992 2402 rhig

381 2420 612 2461 noceros
641 2400 892 2475 perdidit,
926 2400 1052 2474 quia
1082 2410 1381 2475 prostratus
1401 2402 1580 2475 _h_u_mi,
1640 2418 1801 2475 omne
1850 2400 1994 2471 quod

382 2472 685 2546 superbum
716 2472 958 2546 tumebat
987 2473 1184 2546 amisit.
1216 2472 1585 2546 Intueri__libet_
1602 2473 1694 2527 ubi
1724 2478 1992 2546 estssevus

380 2543 475 2601 ille
506 2556 841 2617 persecutor,
870 2543 964 2598 ubi
996 2543 1156 2613 lupus
1185 2558 1374 2613 rapax.
1407 2544 1549 2617 Ecce
1572 2544 1829 2617 in_ovem
1878 2543 1993 2613 jam

386 2614 578 2673 versus
599 2626 680 2671 est
711 2615 800 2684 qui
830 2621 1217 2685 percunctatur
1244 2614 1477 2682 pastoris
1519 2615 1772 2670 semitam
1832 2628 1995 2683 quam

383 2696 676 2758 sequatur.
706 2688 777 2741 Et
797 2687 1091 2758 notandum
1117 2686 1262 2754 quod
1279 2701 1400 2739 cum
1416 2685 1651 2758 dicereti
1674 2702 1685 2740 :
1732 2685 1863 2758 Quis
1913 2700 1990 2758 es,

384 2754 791 2816 Dominernon
823 2757 924 2811 eia
944 2757 1177 2811 Domino
1208 2756 1600 2826 respondetur:
1624 2757 1739 2826 Ego
1784 2754 1994 2826 princi-

382 2831 563 2899 pium,
583 2828 957 2900 egoVerbum
987 2836 1110 2900 ante
1133 2825 1354 2900 saacula,
1386 2842 1491 2900 ego
1521 2844 1638 2900 sum
1675 2825 1997 2900 unigenitus

386 2846 563 2899 pium,
583 2846 611 2883 e
655 2845 687 2883 ο
729 2845 957 2882 vernum
987 2845 1110 2881 ante
1133 2845 1354 2893 saacma,
1386 2845 1491 2900 ego
1521 2845 1638 2882 sum
1689 2845 1996 2897 umgenuus

386 2900 584 2955 Patris.
608 2845 751 2967 auia
767 2900 909 2953 enim
929 2899 1123 2952 Saulus
1153 2898 1487 2952 incarnatum
1546 2899 1721 2953 Deum
1775 2896 1996 2967 credere

384 2966 730 3040 contempsit,
763 2976 816 3024 et
843 2969 966 3039 ejus
1005 2968 1358 3040 humanitatis
1394 2967 1587 3040 inﬁma
1616 2968 1881 3040 despexit,
1929 2966 1997 3020 de

389 3043 534 3097 cmlo
551 3039 654 3095 hoc
673 3040 820 3109 quod
839 3047 1242 3109 contempserat
1262 3039 1467 3093 audivit
1489 3058 1501 3101 ;
1524 3041 1630 3109 Ego
1663 3056 1788 3094 sum
1838 3039 1996 3093 Iesus

383 3097 714 3191 Nazarenus
731 3126 893 3183 quem
912 3114 984 3191 tu
996 3097 1371 3191 persequeris.
1390 3113 1465 3164 Ac
1482 3097 1535 3191 si.
1548 3097 1751 3190 diceret
1778 3125 1798 3191 ε.
1815 3110 1940 3191 Ηρο⁸
1956 3122 1987 3161 a
2016 3120 2065 3184 α

383 3200 473 3238 me
499 3182 626 3237 audi
656 3183 725 3237 de
741 3178 1113 3250 superioribus
1138 3178 1283 3251 quod
1316 3182 1369 3235 in
1389 3196 1473 3234 me
1504 3180 1837 3251 despicisde
1858 3178 1987 3251 infe-

384 3253 636 3309 rioribus.
659 3255 948 3307 Auctorem
980 3251 1102 3307 cmli
1130 3250 1343 3306 venisse
1371 3250 1426 3304 in
1473 3258 1673 3305 terram
1731 3250 1983 3320 despicis,

386 3341 456 3401 ex
485 3332 626 3379 terra
645 3338 777 3401 ergo
805 3322 1081 3377 hominem
1138 3336 1427 3401 cognpsceg
1462 3321 1530 3401 de
1554 3322 1710 3401 C(BlO,
1750 3330 1809 3375 ut
1835 3326 1987 3376 tanto

384 3395 440 3449 in
472 3410 562 3448 me
588 3392 820 3463 amplius
848 3401 1181 3448 sacramenta
1211 3392 1537 3446 infirmitatis
1563 3400 1785 3463 metuas,
1821 3406 1990 3461 quan-

388 3475 444 3521 to
466 3472 521 3520 et
547 3466 665 3520 haec
684 3462 957 3534 perducta
987 3464 1040 3517 in
1070 3463 1312 3517 caelestia
1341 3463 1410 3517 ad
1469 3462 1852 3518 excellentiam
1885 3476 1991 3532 po-

389 3537 597 3591 testatis
624 3535 847 3605 probas.
904 3535 1253 3588 Prosternens
1302 3533 1466 3605 igitur
1521 3541 1592 3601 te,
1654 3545 1991 3605 nequaquam

392 3606 491 3660 tibi
512 3601 826 3660 hoc—astruo
856 3605 1001 3674 quod
1034 3613 1158 3659 ante
1189 3601 1392 3659 saecula
1422 3605 1565 3659 Deus
1596 3601 1863 3669 suun—sed
1919 3601 1991 3654 il-

388 3676 485 3731 lud
515 3693 547 3730 a
576 3692 662 3730 me
692 3676 846 3746 audis
866 3676 1010 3746 quod
1024 3675 1091 3729 de
1112 3691 1200 3746 me
1219 3676 1440 3730 credere
1465 3674 1807 3746 dedignaris.
1837 3674 1995 3727 Post-

391 3762 558 3818 quam
578 3746 723 3818 enim
739 3744 897 3818 dixit,
917 3747 1099 3818 Iesus,
1121 3744 1313 3818 adhuc
1340 3746 1394 3799 in
1428 3744 1777 3818 expreSsione
1819 3751 1996 3818 terre-

392 3812 479 3871 nae
508 3815 918 3871 inbabntationis
946 3815 1201 3883 subdidit,
1219 3812 1570 3885 Nazarenus,
1586 3815 1734 3870 velut
1754 3812 1995 3884 apertius

391 3888 600 3943 diceret
624 3905 636 3941 :
662 3886 988 3957 Humilitatis
1010 3902 1146 3957 meae
1166 3885 1383 3942 inﬁrma
1403 3887 1638 3957 suscipe,
1669 3893 1722 3940 et
1747 3892 1850 3939 tua:
1897 3898 1994 3937 su-

395 3958 605 4029 perbiae
635 3956 887 4012 duritiam
918 3956 1123 4012 amitte.

435 4045 560 4098 Car.
609 4047 746 4097 XIX.
766 4072 831 4084 —
845 4046 1008 4109 Surge
1019 4055 1067 4097 et
1088 4048 1351 4108 ingredere
1367 4049 1615 4098 civitatem
1635 4045 1777 4112 (Act.
1790 4058 1867 4108 ix,
1888 4042 1955 4106 4).

468 4130 691 4201 (Regul.
729 4134 935 4200 pastor.
968 4138 1111 4201 part.
1147 4146 1321 4201 m,c.
1383 4132 1448 4184 34
1509 4147 1521 4190 ;
1582 4129 1795 4201 homil._
1830 4132 1906 4201 9,Δ
1940 4126 1995 4180 in

394 4198 615 4265 Ezechi,
648 4198 804 4254 num.
847 4201 898 4263 4,
931 4198 1022 4269 ε’)ζ)
1050 4200 1357 4255 Notandum
1388 4207 1567 4255 autem
1598 4200 1743 4269 quod
1782 4198 1836 4252 in
1895 4199 1998 4251 hac

395 4272 546 4326 Pauli
573 4271 959 4340 prostratione,
992 4270 1246 4342 quoniam
1280 4271 1369 4341 qui
1422 4271 1565 4324 nulla
1602 4271 1778 4324 adhuc
1833 4283 1996 4342 agere

393 4342 542 4397 bona
571 4339 877 4412 coeperunt,
909 4358 940 4395 a
996 4339 1271 4413 rigiditate
1298 4339 1313 4341 ἡ
1334 4342 1490 4411 prius
1547 4357 1660 4413 suae
1719 4339 1996 4411 pravitatis

395 4429 562 4467 manu
591 4411 944 4468 correctionis
959 4411 1238 4467 avertendi
1261 4421 1404 4479 sunt,
1422 4421 1480 4466 ut
1498 4411 1568 4466 ad
1590 4419 1786 4466 statum
1803 4425 1993 4478 opera-

398 4484 565 4541 tionis
594 4488 761 4538 rectae

397 4554 567 4609 altum
598 4555 756 4625 silva;
785 4550 995 4625 lignum
1018 4550 1360 4620 succidimus,
1393 4560 1450 4625 ut
1475 4550 1580 4625 huc
1608 4554 1663 4606 in
1691 4550 2003 4607 aediﬁciite-

397 4625 587 4697 gmine
614 4623 979 4697 sublevemus,
1003 4625 1096 4697 sed
1128 4632 1306 4697 tamen
1332 4625 1388 4678 in
1416 4623 1622 4697 fabrica
1645 4639 1753 4697 non
1778 4629 1999 4697 repente

397 4692 635 4765 ponitur,
662 4704 721 4747 ut
737 4694 993 4748 nimirum
1016 4694 1169 4764 prius
1194 4695 1390 4749 vitiosa
1410 4694 1651 4748 viriditas
1670 4694 1787 4763 ejus
1815 4692 1999 4765 exsic-

398 4763 770 4834 returzcujus
787 4780 894 4834 quo
931 4763 1055 4834 plus
1103 4766 1157 4818 in
1181 4764 1377 4818 inﬁmis
1424 4766 1617 4819 humor
1662 4763 1999 4833 excoquitur,

401 4851 470 4890 eo
501 4835 727 4891 solidius
757 4837 822 4890 ad
856 4851 1070 4890 summa
1099 4836 1326 4890 levatur.
1359 4834 1498 4890 Hinc
1527 4843 1609 4890 est
1628 4835 1771 4905 quod
1802 4834 2002 4889 Saulus

401 4922 527 4961 cum
556 4922 718 4976 super
737 4922 863 4960 eum
891 4907 1106 4960 caelitus
1135 4908 1225 4960 lux
1256 4906 1422 4960 missa
1479 4905 1861 4976 resplenduit,
1893 4919 2004 4976 non

397 4977 519 5047 jam
537 4973 680 5047 quod
710 4986 854 5031 recte
886 4976 1111 5032 deberet
1143 4977 1346 5043 facere,
1379 4977 1479 5031 sed
1509 4973 1636 5045 quid
1660 4991 1824 5045 prave
1840 4973 2004 5030 fecis-

401 5055 486 5103 set
504 5046 741 5102 audivit.
770 5048 909 5103 Nam
929 5064 1047 5102 cum
1071 5052 1369 5118 prostratus
1408 5048 1725 5115 requireret,
1762 5046 1953 5118 dicens
1987 5063 1999 5098 :

405 5119 629 5185 Quises,
649 5118 1040 5187 Domine(Act.
1072 5116 1152 5184 ix,
1174 5118 1227 5172 ὃὸ
1247 5118 1274 5170 ‘l
1316 5118 1562 5172 Protinus
1606 5116 2001 5185 respondetur:

403 5189 513 5260 Ego
524 5204 651 5244 sum
660 5186 825 5244 Jesus
835 5186 1162 5245 Nazarenus
1174 5205 1337 5260 quem
1354 5193 1417 5243 tu
1428 5188 1791 5260 persequeris.
1801 5188 1866 5240 Et
1881 5202 2004 5260 cum

402 5257 627 5340 repente
640 5260 759 5340 subj
768 5268 1026 5340 angeret:
1050 5257 1299 5340 Domine,
1319 5257 1453 5340 quid
1473 5275 1563 5340 me
1582 5257 1746 5340 jubes
1773 5257 2009 5340 facere-1’.

401 5324 879 5415 adjupgitur
898 5329 1190 5415 :.Surge,et
1203 5324 1501 5415 ingredere
1512 5324 2010 5415 ci/ziitqtemmt‘tibi

403 5399 762 5473 diceturtibi
786 5403 917 5473 quid
938 5407 992 5473 te
1030 5399 1287 5472 oporteat
1325 5403 1515 5470 facere
1544 5400 1736 5473 _(lbid.q
1758 5400 1834 5467 7).
1866 5399 2010 5453 Ecce

405 5472 477 5527 de
504 5472 644 5529 caelo
664 5470 926 5527 Dominus
945 5470 1190 5540 loquens,
1226 5471 1584 5542 persecutoris
1603 5470 1687 5542 sui
1714 5470 1856 5524 facta
1885 5484 2010 5523 cor-

404 5542 595 5613 ripuit,
619 5557 722 5597 nec
744 5551 929 5597 tamen
942 5542 1087 5598 illico
1105 5541 1238 5613 quae
1251 5552 1431 5613 essent
1458 5541 1711 5598 facienda
1739 5548 1977 5595 monstra
1991 5569 2011 5580 -

406 5612 505 5668 vit.
554 5615 698 5669 Ecce
726 5612 974 5669 elationis
1004 5614 1121 5683 ejus
1168 5612 1352 5668 abrica
1392 5615 1499 5683 jam
1558 5613 1668 5667 tola
1715 5615 2010 5683 corruera_t,

409 5691 465 5737 et
484 5688 606 5752 post
634 5684 849 5739 ruinam
880 5681 1283 5739 suam‘humilis
1306 5682 1569 5752 adiﬁcari
1607 5682 1901 5752 quaerebat.
1946 5681 2015 5752 Et

406 5750 537 5824 cum
557 5754 808 5824 superbia
835 5753 1136 5824 destruitur
1183 5751 1557 5824 aediﬁcationis
1616 5750 1812 5824 tamen,
1849 5750 2017 5824 verba

408 5821 732 5897 retinentur,
754 5830 814 5884 ut
840 5823 1096 5882 videlicet
1122 5831 1441 5896 persecutor
1467 5822 1719 5881 immanis
1761 5822 1856 5880 diu
1912 5821 2043 5903 de-g

941 254 1188 357 ALULrI
1217 294 1602 354 nxrosmo
1628 292 1803 351 NOVI
1830 288 2026 351 TEST.
2057 319 2120 334 —
2155 289 2311 348 sur.
2339 291 2528 348 ACTA
2563 290 3101 349 APOSTOLORUM.

857 4482 1129 4537 atmodum
1161 4470 1479 4553 erigantur;
1514 4483 1641 4552 quia
1690 4470 1999 4553 etiridcirco
2030 4470 2082 4530 D

3566 284 3706 351 1282

1556 424 1975 503 estebagcorpu
2002 418 2060 475 Α
2087 436 2319 487 structus
2341 433 2573 501 jaceret,
2605 442 2659 488 et
2684 437 2834 487 tanto
2866 440 2988 503 post
3017 430 3073 484 in
3105 430 3262 503 bonis
3293 431 3517 486 solidius
3566 448 3692 487 sur-

2084 511 2257 575 geret,
2284 513 2489 575 Aquanto
2519 507 2663 573 prius
2696 503 2931 558 funditus
2960 517 3188 575 eversus
3219 502 3285 554 ab
3307 518 3491 558 errore
3516 504 3693 570 pristi-

2086 573 2156 628 no
2183 573 2487 645 cecidisset.
2532 576 2728 645 Paulus
2746 574 2910 645 igitur
2930 574 3057 645 dum
3082 573 3400 626 Damascum
3450 584 3704 644 pergeret

2090 644 2344 714 superbe,
2374 644 2749 711 Redemptoris
2770 644 2899 699 voce
2915 644 3083 714 jacuit
3112 651 3440 712 prostratus,
3503 652 3553 698 et
3601 645 3692 714 qui

2088 714 2414 784 praedicator
2434 714 2638 768 futurus
2656 723 2786 775 erat.
2813 732 2924 769 non
2954 722 3134 768 tamen
3194 730 3321 768 mox
3381 723 3437 769 ut
3489 715 3696 784 praedi-

2091 795 2238 841 caret
2269 789 2411 854 quod
2441 786 2890 851 viderataudivit,
2943 784 3039 838 sed
3083 784 3130 838 ei
3182 786 3387 853 jacenti
3450 785 3693 839 dicitur:

2091 858 2283 926 Surge,
2299 862 2353 911 et
2370 856 2661 927 ingredere
2681 858 2994 928 civitatem,
3019 859 3074 910 et
3098 856 3320 928 dicetur
3351 855 3454 911 tibi
3477 857 3611 928 quid
3645 861 3700 912 te

2090 925 2346 997 oporteat
2363 925 2556 997 facere
2575 928 2704 991 (Act
2719 967 2732 979 .
2758 942 2830 991 1x,
2853 927 2937 997 ’77).
2960 927 3152 979 Jacens
3183 925 3345 997 igitur
3367 925 3494 980 hoc'
3515 931 3693 981 solum

2092 996 2281 1052 andire
2297 996 2490 1066 putuit,
2513 1005 2811 1066 utsurgens
2843 996 3024 1050 dicere
3067 996 3225 1064 quod
3253 997 3518 1051 audierat.
3565 998 3701 1052 Sur-

2092 1065 2390 1139 gensvero
2416 1069 2524 1139 hoc
2552 1065 2771 1139 dicitur,
2795 1074 2852 1120 ut
2881 1082 3001 1134 quas
3031 1065 3375 1139 ignoraverat
3404 1068 3695 1139 praedica-

2093 1136 2196 1195 ret.
2220 1138 2426 1191 Jacenti
2458 1137 2747 1207 dicitur.gut
2770 1144 2973 1207 surgat,
3006 1136 3179 1207 stanti
3198 1136 3507 1206 przecipitur
3530 1146 3590 1191 ut
3620 1138 3689 1192 ad

2092 1208 2536 1289 prmdicationem
2554 1206 2854 1289 prqﬁscisci
2874 1206 3105 1289 debeat:
3130 1206 3219 1260 Sic
3266 1222 3479 1289 quoque
3536 1207 3698 1289 nobis

2095 1276 2150 1332 in
2179 1276 2503 1333 inﬁrmitatis
2532 1278 2848 1332 confusione
2872 1276 3182 1345 jacentibus
3212 1277 3443 1346 praeberi
3474 1295 3580 1332 non
3610 1279 3701 1333 de-

2094 1350 2187 1404 bet
2216 1348 2513 1404 auctoritas
2543 1348 2973 1419 praedicationis,
3005 1347 3098 1419 sed
3132 1363 3252 1401 cum
3277 1349 3389 1416 jam
3435 1348 3489 1400 in
3553 1350 3699 1405 bono

2099 1435 2269 1490 opere
2297 1417 2591 1491 surgimus,
2624 1435 2745 1472 cum
2780 1419 2892 1491 iam
2923 1417 3232 1491 recti‘stare
3263 1419 3542 1491 coepimus,
3600 1420 3693 1473 di-

2140 1488 2264 1544 num
2288 1499 2371 1544 est
2398 1488 2455 1544 ut
2484 1489 2552 1544 ad
2582 1488 2873 1543 lucrandos
2902 1488 3037 1541 alios
3055 1488 3111 1540 in
3132 1489 3524 1556 praedicatione
3553 1491 3690 1545 mitti

2140 1508 2264 1544 num
2288 1508 2371 1544 εει
2398 1508 2455 1544 ιιι
2484 1508 2552 1544 aa
2582 1508 2873 1543 lucrandos
2902 1508 3037 1541 81108
3055 1508 3111 1540 II]
3132 1508 3524 1556 praedicatione
3553 1508 3690 1545 ηηῐιι

2100 1508 2422 1616 debeamus.
2485 1559 2846 1628 Quaerendum
2897 1567 3158 1628 praeterea
3206 1559 3365 1613 nobis
3415 1567 3515 1624 est,
3574 1577 3699 1615 cum

2101 1633 2307 1687 Paulus
2324 1640 2377 1686 et
2408 1631 2655 1686 Ezechiel
2688 1630 2741 1683 in
2766 1629 2959 1684 faciem
2991 1629 3206 1696 cadunt,
3240 1638 3291 1683 et
3325 1630 3391 1683 de
3438 1646 3698 1699 persecu-

2103 1704 2310 1758 toribus
2335 1702 2553 1758 Domini
2571 1701 2832 1770 scriptum
2851 1709 2959 1755 est:
2981 1700 3254 1755 Abierant
3282 1704 3619 1770 retrorsum,
3643 1707 3702 1757 et

1529 1767 1913 1840 υίὶηρτοεῑιωυε
1936 1766 1992 1820 in
2019 1770 2074 1830 B
2108 1775 2439 1830 ceciderunt
2462 1776 2523 1829 in
2547 1766 2966 1840 terram(Joun.
3017 1786 3167 1837 xvm,
3201 1772 3275 1839 6).
3309 1769 3449 1838 Quid
3486 1779 3564 1825 est
3594 1774 3699 1828 hoc

2108 1846 2256 1914 quod
2287 1844 2448 1900 electi
2478 1847 2533 1897 in
2564 1843 2778 1914 faciem,
2810 1851 2863 1896 et
2884 1841 3425 1914 reprobiretrorsum
3481 1843 3699 1914 cadunt,

2099 1911 2205 1969 nisi
2237 1915 2383 1984 quod
2413 1913 2726 1984 omnisquir
2744 1920 2866 1982 post
2904 1928 2960 1984 se
3012 1911 3172 1976 cadit,
3231 1912 3306 1966 ibi
3364 1914 3549 1981 procul
3604 1913 3703 1968 du-

2102 1987 2190 2040 bio
2211 1982 2358 2041 cadit
2386 1986 2477 2039 ubi
2509 1999 2616 2039 non
2648 1983 2812 2049 videt,
2846 1982 2933 2052 qui
2963 1997 3091 2036 vero
3136 1989 3259 2052 ante
3317 1999 3375 2035 se
3417 1984 3694 2051 ceciderit,

2100 2057 2175 2110 ibi
2205 2057 2401 2111 cecidit
2418 2056 2510 2109 ubi
2534 2054 2683 2108 videt
2702 2056 2729 2106 ‘l
2752 2051 2923 2123 Iniqui
2946 2068 3098 2123 ergo,
3118 2051 3243 2123 quia
3263 2052 3315 2105 in
3334 2053 3700 2108 invisibilibua

2101 2127 2317 2191 cadunt,
2345 2134 2465 2196 post
2491 2142 2549 2180 se
2581 2125 2779 2180 cadere
2807 2125 3079 2187 dicuntur,
3133 2124 3404 2196 quoniam
3429 2123 3514 2196 ibi
3572 2139 3700 2179 cor-

2100 2206 2261 2251 ruunt
2289 2193 2380 2251 ubi
2410 2198 2542 2268 quid
2575 2212 2669 2250 eos
2703 2204 2830 2268 tunc
2852 2193 3300 2268 sequaturmodo
3350 2193 3537 2247 videre
3587 2211 3696 2248 non

2100 2276 2347 2337 possunt.
2366 2263 2499 2322 Iusti
2522 2283 2672 2333 vero,
2689 2267 2829 2337 quia,
2849 2266 2903 2319 in
2932 2263 3050 2337 istis
3077 2263 3376 2318 visibilibus
3403 2280 3460 2337 se
3504 2272 3705 2337 Asponte

2102 2334 2361 2408 dejiciunt
2388 2347 2446 2393 ut
2474 2338 2527 2392 in
2559 2336 2919 2391 invisibilibus
2946 2334 3245 2408 erigantur,
3271 2334 3445 2408 quasi
3500 2335 3557 2408 in
3613 2336 3703 2408 fag-

2099 2404 2242 2532 lciém
2271 2410 2490 2478 cadunt,
2526 2409 2651 2477 quia
2681 2408 2874 2463 timore
2894 2404 3203 2475 compuncti
3234 2404 3475 2460 videntes
3528 2406 3705 2460 humi-

2124 2489 2317 2532 tantur.

2124 2489 2317 2534 tantur.

2099 2572 2226 2620 CAP.
2273 2574 2380 2622 XX.
2406 2601 2468 2609 —
2498 2573 2635 2621 Erat
2684 2577 2847 2622 autem
2880 2567 3164 2629 discipulus
3209 2568 3442 2619 Damasci
3520 2568 3712 2619 nomine

2166 2640 2418 2698 Ananiae,
2443 2644 2493 2690 et
2532 2637 2673 2687 dixit
2701 2639 2765 2688 ad
2810 2638 2952 2688 illum
2999 2636 3054 2686 in
3096 2637 3213 2684 visu
3265 2636 3523 2695 Dominus,
3570 2636 3709 2684 Ana-

2165 2706 2272 2754 nia.
2307 2706 2507 2756 Atille
2549 2707 2659 2754 ait:
2724 2704 2845 2753 Ecce
2905 2714 3015 2764 ego,
3072 2703 3299 2751 Domine.
3346 2702 3413 2750 Et
3460 2702 3707 2754 Dominus

2168 2773 2235 2821 ad
2256 2772 2404 2822 illum
2442 2777 2641 2832 :Surge
2663 2778 2715 2821 et
2734 2771 2855 2820 vade
2892 2772 2952 2819 in
3014 2771 3180 2820 vicum
3227 2769 3315 2830 qui
3350 2776 3559 2819 vocatur
3611 2768 3706 2816 Re-

2168 2844 2301 2897 ctus,
2332 2848 2382 2889 et
2407 2851 2576 2901 qurere
2599 2839 2650 2887 in
2670 2837 2812 2888 domo
2835 2834 2987 2901 δυάδι
3036 2836 3238 2887 Saulum
3278 2834 3493 2883 nomine
3541 2834 3702 2883 Thar-

2168 2917 2383 2955 sensem.
2411 2900 2538 2955 Ecce
2564 2904 2698 2954 enim
2726 2907 2847 2952 orat
2870 2900 3013 2961 (Act.
3048 2915 3125 2951 ix.
3157 2902 3221 2949 10
3242 2903 3391 2962 seq.).

2179 2987 2259 3051 (In
2288 2987 2520 3055 exposit.
2553 2985 2629 3038 Β.
2667 2985 2792 3055 Job,
2826 2983 2926 3037 lib.
2965 2999 3003 3049 ι,
3036 2985 3226 3055 η.34.)ᾼ
3250 2981 3687 3055 Considercmus,

2106 3055 2315 3120 fratres,
2346 3052 2589 3124 Saulum,
2614 3055 2732 3125 quis
2764 3054 2945 3125 fuerit,
2971 3069 3093 3108 cum
3117 3053 3184 3106 ab
3216 3053 3347 3125 ipsa
3373 3052 3698 3125 adolescen-

2095 3128 2170 3181 tia
2198 3127 2552 3197 lapidantium
2576 3122 3090 3197 adjutorexisteret,
3123 3139 3249 3178 cum
3279 3122 3388 3197 alia
3436 3123 3697 3197 Ecclesia

2095 3198 2215 3253 loca
2238 3192 2500 3261 vastaret,
2534 3205 2587 3249 et
2615 3196 2851 3264 acceptis
2881 3194 3124 3264 epistolis
3150 3192 3410 3264 vastanda
3433 3193 3539 3264 alia
3596 3208 3690 3262 pe-

2096 3276 2253 3335 teret,
2285 3284 2407 3323 cum
2441 3282 2585 3321 mors
2616 3267 2665 3320 ei
2696 3262 2934 3320 ﬁdelium
2954 3265 3106 3319 nulla
3128 3262 3412 3335 sufﬁceret,
3432 3263 3528 3335 sed
3545 3278 3695 3318 sem—

2097 3354 2193 3410 per
2213 3333 2291 3410 a’d
2312 3339 2539 3392 aliorum
2571 3337 2841 3410 interitum
2864 3336 2982 3410 aliis
3042 3334 3328 3410 exstinctis
3375 3333 3651 3410 anhelaret
3683 3351 3695 3395 ;

2099 3403 2152 3463 et
2171 3409 2413 3478 profecto
2442 3408 2823 3479 cognoscimus
2848 3408 2979 3479 quia
3027 3405 3241 3479 nullus_
3274 3413 3430 3479 tun_c__
3457 3403 3701 3479 ﬁdelium

2100 3474 2341 3534 crederet
2364 3474 2609 3550 quod'ad
2634 3478 2829 3550 jugum
2856 3474 3017 3550 Deus
3056 3492 3184 3550 sure
3216 3474 3538 3550 formidinis,
3586 3475 3697 3550 vim

2102 3557 2261 3603 tantae
2291 3545 2539 3604 elationis
2561 3545 2870 3602 ineliﬁaret.
2906 3547 3055 3603 Unde
3086 3555 3138 3601 et
3161 3546 3399 3599 Ananias
3432 3560 3564 3601 voce
3591 3545 3698 3601 do-

2100 3618 2298 3673 minica
2319 3621 2479 3687 hunc,
2513 3626 2565 3673 et
2592 3626 2877 3688 postquam
2909 3633 3228 3673 conversum
3261 3614 3487 3688 audivit,
3549 3617 3694 3688 exti-

2103 3688 2256 3754 muit,
2276 3690 2492 3744 dicens:
2517 3686 2778 3754 ﬂumine,
2816 3689 3010 3743 audivi
3039 3705 3072 3741 α
3116 3688 3319 3760 muttis
3346 3687 3547 3760 deviro
3579 3686 3699 3760 hoc,

2100 3764 2315 3830 quanta
2339 3761 2493 3814 mala
2509 3760 2725 3814 sanctis
2756 3761 2871 3813 tuis
2901 3760 3103 3827 fecerit
3116 3759 3179 3811 in
3199 3758 3514 3813 Jerusalem

2102 3850 2225 3901 CAP.
2254 3849 2469 3899 XXl.-—
2520 3849 2671 3905 Vade,
2725 3850 2967 3909 quoniam
3012 3860 3097 3896 vas
3140 3847 3400 3897 electionis
3446 3847 3572 3896 mihi
3630 3856 3707 3899 est

2167 3919 2276 3968 iste.
2303 3926 2356 3964 ut
2376 3920 2550 3977 portet
2574 3928 2747 3964 namen
2796 3926 2964 3963 meum
3009 3927 3170 3964 coram
3208 3913 3438 3973 gentibus
3482 3925 3530 3964 et
3568 3917 3709 3977 regi-

2166 3984 2275 4041 bus,
2305 3986 2353 4032 et
2371 3983 2499 4044 ﬁliis
2523 3981 2705 4031 Israel.
2735 3982 2844 4043 Ego
2869 3981 2999 4029 enim
3058 3980 3312 4029 ostendam
3362 3978 3462 4031 illi,
3514 3986 3705 4044 quanta

2170 3993 2275 4041 bus,
2305 3993 2352 4032 et
2371 3993 2499 4044 [ltus
2523 3993 2705 4031 ιεταοι.
2735 3993 2844 4043 Ηρο
2869 3993 2999 4029 enim
3058 3993 3312 4029 οειεηααηι
3362 3993 3462 4031 tm,
3549 3997 3561 4030 ι

2170 4055 2404 4111 oporteat
2424 4061 2533 4098 eum
2559 4060 2657 4109 pro
2682 4048 2998 4096 nominemeo
3024 4046 3138 4108 pati
3182 4045 3318 4107 (Act.
3351 4057 3424 4105 ix,
3456 3993 3561 4105 usi.

2173 4134 2253 4197 (In
2273 4129 2501 4201 exposit.
2529 4130 2592 4183 Β.
2616 4129 2739 4190 Job,
2760 4128 2852 4201 lib.
2877 4145 2951 4192 1x,
2976 4128 3171 4201 11.754.)
3212 4126 3345 4201 Cum
3364 4128 3552 4180 beatus
3589 4126 3693 4201 Job

2102 4205 2173 4258 ad
2182 4204 2321 4258 Dom
2330 4198 2476 4255 fnum
2489 4202 2649 4255 dicat:
2668 4200 2897 4255 Verebar
2908 4200 3097 4254 omnia
3110 4198 3506 4270 cpera(a)mea,
3522 4199 3712 4270 sciens

2104 4274 2245 4346 quod
2268 4290 2381 4329 non
2401 4287 2664 4346 parceres
2683 4270 3037 4346 delinquenti
3057 4267 3193 4346 (.Jo'b,
3212 4284 3286 4335 1x,
3318 4270 3429 4337 28).
3450 4268 3507 4321 Si
3552 4267 3700 4346 enim

2103 4336 2431 4416 delinquenti
2460 4359 2567 4416 non
2596 4336 2864 4416 parcitur;
2886 4340 3004 4416 quis
3034 4338 3103 4392 ab
3124 4349 3325 4393 aeterna
3378 4336 3576 4416 mox-tea
3594 4336 3705 4416 eri-

2114 4408 2285 4487 pitur;
2305 4429 2495 4487 cum_a
2525 4408 3165 4487 del-ictomundusnemo
3218 4408 3514 4487 reperiatur
3549 4408 3578 4459 ‘I
3621 4410 3705 4487 an

2204 4484 2391 4540 nitenti
2430 4485 2572 4538 Deus
2601 4481 2792 4552 parcit,
2854 4489 2906 4535 ct
2961 4479 3297 4550 delinquenti
3330 4495 3436 4552 non
3484 4479 3716 4552 parcit?

2204 4502 2391 4540 mtentt
2432 4502 2572 4538 Deus
2601 4502 2792 4552 parcu,
2854 4502 2906 4535 ct
2961 4502 3297 4550 ueltuqueuu
3330 4502 3436 4533 uuu
3484 4502 3660 4549 paruit
3694 4502 3713 4532 τ

2112 4502 2254 4626 διῗὶα
2270 4571 2391 4611 cum
2412 4554 2613 4626 delicta;
2636 4552 2961 4626 plangimus,
2987 4566 3327 4626 nequaquam
3366 4550 3482 4619 jam
3534 4548 3716 4603 delin-

2108 4622 2330 4699 quentes
2359 4642 2563 4699 sumus.
2598 4622 2704 4699 Sed
2737 4622 2863 4699 quid
2891 4631 2969 4677 est
2999 4622 3142 4699 quod
3166 4623 3353 4676 Petrus
3374 4638 3499 4699 cum
3530 4633 3715 4699 _negat

2109 4692 2412 4768 respicitur,
2435 4705 2487 4750 et
2509 4692 3084 4768 Redemptorisnegati
3108 4701 3361 4768 respectu
3405 4692 3475 4768 ad
3530 4692 3710 4768 lacry-

2109 4763 2225 4823 mas
2246 4774 2467 4822 vocatur
2486 4768 2514 4819 ‘l
2554 4764 2692 4828 Quid
2722 4764 2867 4834 quod
2898 4763 3091 4819 Paulus
3146 4763 3269 4819 cum
3320 4763 3709 4834 Redemptoris

2109 4838 2375 4894 nomenin
2400 4846 2539 4891 terra
2560 4830 2846 4891 conaretur
2888 4836 3258 4905 exstinguere,
3292 4833 3411 4901 ejus
3440 4830 3609 4905 verba
3638 4830 3707 4891 de

2110 4909 2248 4965 caelo
2264 4908 2464 4963 meruit
2493 4906 2721 4961 audire‘?
2739 4906 2836 4960 sed
2858 4915 3037 4959 tamen
3060 4902 3111 4956 in
3143 4912 3370 4971 utroque
3410 4902 3566 4969 culpa
3610 4917 3708 4969 pu.

2110 4981 2222 5035 nita
2254 4988 2355 5045 est,
2371 4978 2626 5049 quoniam
2654 4977 2722 5031 de
2748 4978 2923 5039 Petro,
2945 4982 3076 5049 teste
3097 4971 3419 5049 Evangelio,
3439 4971 3644 5049 scriptu
3666 4992 3718 5031 m

2112 5059 2194 5106 est
2216 5069 2228 5105 :
2247 5040 2590 5106 Recordatus
2612 5061 2693 5103 est
2708 5050 2905 5101 Petrus
2921 5045 3231 5106 verbilesu,
3252 5040 3395 5111 quod
3416 5041 3646 5097 dixerat
3660 5066 3687 5111 _.-

2114 5125 2169 5178 et
2184 5136 2433 5192 egressus
2445 5122 2619 5192 foras,
2638 5109 3313 5192 fleuitar_nare(L-uc.xxn1
3334 5112 3422 5192 ὃς)
3434 5152 3445 5163 .
3457 5112 3532 5165 De
3550 5109 3713 5192 Paulo

2115 5180 2329 5261 quo'que
2349 5180 2464 5245 haec
2493 5180 2681 5243 eadem
2708 5201 2823 5257 quae
2853 5186 2995 5238 hunc
3016 5180 3233 5261 vocavit
3270 5182 3479 5236 Veritas
3501 5254 3510 5261 _
3535 5180 3663 5236 dicit
3705 5198 3721 5236 :

2116 5254 2225 5335 Ego
2238 5254 2535 5335 ostendam
2545 5261 2599 5335 ei
2609 5254 2826 5335 quanta
2838 5271 2963 5335 eum
2976 5257 3231 5335 oporteat
3239 5269 3343 5335 pro
3355 5254 3585 5331 nomine
3601 5265 3720 5307 meo

2114 5322 2399 5407 pdtiMct.
2423 5347 2497 5407 1x,
2520 5322 2630 5407 16)."
2647 5322 3474 5407 Delinquenti:ergomllominus
3513 5337 3719 5407 nequa-

2119 5392 2281 5476 quam
2310 5392 2500 5476 parcit,
2534 5392 2659 5476 quia
2681 5392 2932 5476 delictum
2963 5395 3080 5449 sine
3096 5392 3327 5476 'ultione
3357 5408 3465 5448 non
3495 5392 3716 5476 deserit.

2118 5464 2224 5529 Ᾱιιι
2252 5464 2397 5528 enim
2428 5464 2672 5539 ipSe'hoc
2699 5467 2867 5539 homo
2888 5467 3034 5539 inse
3086 5464 3352 5535 pcenitens
3379 5464 3566 5539 punit,
3627 5470 3719 5517 aut

2120 5548 2226 5601 hoc
2253 5545 2398 5598 Deus
2426 5534 2550 5597 dum
2588 5538 2807 5594 homine
2848 5534 3131 5594 vindicans
3186 5534 3434 5606 percutit.
3493 5534 3720 5605 Nequa-

2194 5672 2758 5747 (alFortelegendum
2799 5669 3021 5747 uthloco
3046 5668 3359 5747 Moralium
3400 5667 3675 5747 assignato
3709 5682 3726 5722 :

2135 5739 2308 5803 Vulde
2329 5739 2725 5815 scrupulosum
2754 5742 2909 5801 cordi
2927 5756 2986 5799 se
3004 5741 3195 5814 objicit
3218 5740 3360 5813 quod
3387 5739 3675 5810 subiungit
3704 5754 3725 5793 :

2132 5818 2328 5877 Sciens
2358 5814 2518 5905 quod,
2537 5821 2647 5905 etc.
