4082 6170
551 186 683 249 1291

1401 180 1778 246 ΑΡΡΕΝΒῙΧ
1814 190 1911 246 ΑΙ)
1948 189 2011 247 S.
2062 178 2415 250 GREGORII
2454 191 2695 250 OPERA
2732 190 2985 250 OMNIA.

3710 190 3865 254 1292

549 333 743 397 parare
774 316 920 397 quod
970 315 1089 397 fuit,
1121 329 1284 397 quam
1332 330 1542 397 creasse
1572 316 1714 386 quod
1738 332 1852 397 non
1884 316 2153 397 fui_t._Aut
2180 319 2234 379 Α
2265 316 2490 397 redolet,
2523 318 2855 397 undeuodor
2880 317 2933 397 in
2966 318 3230 397 fructibus
3256 319 3469 397 fragrat
3488 320 3516 372 εὶ
3544 319 3689 376 Nihil
3702 320 3775 397 Ain
3805 336 3868 397 se

554 386 685 460 quid
715 386 914 443 mirum
946 387 992 442 si
1025 388 1392 460 hominemex
1425 388 1646 460 pulvere
1674 386 1861 455 reﬁcit,
1886 389 1977 458 qui
1994 388 2153 443 simul

2265 390 2436 444 viride
2492 390 2747 457 ostendit,
2808 390 2951 445 unde
3011 391 3257 446 viriditas
3316 390 3569 446 foliorum
3624 392 3867 447 exivit?

551 458 738 543 omnia
770 476 839 515 ex
864 460 1037 514 nihilo
1069 458 1330 543 creavit‘?’
1352 458 1923 543 Mirabiliusnnamque
1948 468 2039 543 est
2056 475 2157 516 (ιω-
2263 461 2464 543 (iuncta
2494 478 2626 532 ergo
2657 461 2710 542 in
2744 462 2956 543 semine
2984 462 3143 517 simul
3174 463 3360 529 latent,
3378 479 3516 543 qua:
3551 471 3729 541 tamen
3753 478 3869 518 non

549 532 661 585 lum
719 538 772 586 et
820 544 1020 585 terram
1079 547 1147 584 ex
1203 529 1365 584 nullis
1421 530 1773 585 existentibus
1823 529 2153 597 condidisse,

555 618 717 673 quam
749 602 927 671 ipsum
961 619 1026 655 ex
1048 606 1205 673 terra
1236 617 1527 670 reparare;
1559 601 1655 656 sed
1686 601 2151 673 cmisattenditur,

549 672 603 728 et
632 675 686 727 in
716 689 934 727 carnem
967 672 1145 726 redire
1175 689 1331 742 posse
1366 674 1701 740 desperatur,
1726 680 1778 728 et
1808 672 2008 728 divina:
2036 673 2151 727 vir-

550 753 634 799 tus
664 744 993 814 operationis
1024 743 1413 814 comprehendi
1444 744 1591 813 quasi
1616 758 1688 798 ex
1708 743 1918 799 ratione
1946 744 2151 814 quaeri-

551 761 634 799 tus
664 761 697 799 ο
739 761 993 800 arationis
1024 761 1413 809 comprenenm
1444 761 1591 813 quasn
1616 761 1688 798 ex
1708 761 1918 799 ratione
1946 761 2151 814 quieri-

551 824 659 870 tur.
692 761 796 883 Qui
846 815 1054 869 scilicet
1090 814 1209 869 hinc
1238 813 1442 868 idcirco
1488 817 1541 867 in
1569 814 1681 868 suis
1728 815 2151 885 cogitationibus

550 887 755 951 dicunt,
796 885 918 955 quia
956 885 1035 940 eis
1065 886 1377 954 quotidiana
1404 885 1500 939 Dei
1532 884 1893 941 miracula’ex
1924 886 2149 952 assidui;-

551 966 656 1012 tate
701 954 991 1012 viluerunt.
1038 955 1177 1010 Nam
1210 970 1339 1012 ecce
1370 954 1423 1009 in
1467 972 1575 1011 uno
1621 972 1793 1027 grano
1843 956 2152 1026 parvissimi

547 1028 771 1083 seminis
803 1029 931 1082 latet
963 1035 1073 1083 tota
1121 1044 1241 1097 quae
1270 1027 1538 1081 nascitura
1568 1036 1649 1082 est
1678 1027 1892 1082 arboris
1941 1028 2138 1083 moles.

550 1099 950 1155 Constituamus
979 1097 1122 1153 enim
1179 1105 1302 1153 ante
1360 1099 1550 1152 oculos
1605 1097 1893 1166 cujuslibet
1941 1099 2149 1155 arboris

548 1171 742 1225 miram
774 1170 1222 1241 magnitudinem,
1244 1168 1548 1240 cogitemus
1570 1169 1713 1224 unde
1733 1170 1958 1224 oriende
1988 1171 2150 1240 cmpit

549 1258 670 1313 quae
700 1241 769 1296 ad
800 1240 1003 1313 tantam
1029 1240 1236 1313 molem
1279 1241 1576 1313 crescendo
1627 1241 1889 1313 pervenit,
1924 1241 2147 1296 inveni-

544 1310 667 1394 mus
697 1312 887 1394 procul
912 1311 1077 1366 dubio
1108 1313 1223 1394 ejus
1240 1310 1510 1394 originem
1533 1312 1911 1381 parvissimum
1936 1328 2143 1394 semen.

554 1382 974 1439 Cousideremus
1004 1398 1143 1454 nunc
1170 1382 1258 1435 ubi
1293 1385 1347 1434 in
1400 1382 1492 1435 illo
1520 1398 1685 1454 parvo
1716 1399 1888 1454 grano
1921 1384 2146 1438 seminis

550 1455 684 1509 latet
713 1455 975 1509 fortitudo
1008 1453 1160 1523 ligni,
1194 1454 1459 1522 asperitas
1480 1453 1987 1523 corticis,saporis,
2013 1456 2147 1509 odo-

551 1527 731 1595 risque
762 1524 1101 1596 magnitudo.
1136 1523 1357 1578 ubertas
1386 1524 1675 1596 fructuum,
1712 1525 1958 1578 viriditas
1989 1526 2145 1581 folio-

546 1613 687 1650 rum.
722 1595 1119 1650 Contreetatum
1148 1611 1383 1664 namque
1414 1595 1637 1667 seminis
1665 1612 1895 1667 granum
1928 1612 2036 1650 non
2065 1605 2148 1650 est

2260 532 2419 605 simul
2451 549 2517 587 ex
2547 532 2753 605 semine
2796 533 3065 603 prodeunt
3097 550 3109 585 :
3161 551 3231 588 ex
3258 534 3463 588 semine
3489 535 3691 605 quippe
3721 550 3865 604 pro-

2260 603 2473 657 ducitur
2516 603 2690 669 radix,
2724 620 2791 658 ex
2826 605 3009 659 radice
3057 605 3372 673 producitur
3421 603 3740 675 virgultum,
3796 621 3866 660 ex

2261 674 2499 745 virgulto
2549 676 2749 729 fructus
2786 676 2972 739 oritur,
3001 692 3069 729 ex
3114 677 3289 730 fructu
3328 674 3866 742 etiamproducitur

2259 761 2471 827 semen.
2496 746 2781 827 .Addamus
2799 761 2934 827 ergo
2964 746 3087 815 quia
3111 754 3164 800 et
3183 762 3368 801 semen
3390 748 3520 801 latet
3541 747 3594 799 in
3623 746 3864 827 semine.

2260 815 2403 885 Quid
2433 816 2601 886 igitur
2627 817 2822 872 mirum
2847 815 2891 871 si
2922 833 3062 878 ossa.
3095 832 3311 882 nervos,
3345 833 3560 871 carnem
3591 818 3864 886 capillos-

2259 904 2365 957 que
2393 890 2624 959 reducat
2653 904 2721 942 ex
2742 887 2985 959 pulvere,
3018 889 3109 958 qui
3131 888 3360 959 lignum,
3394 887 3613 953 fructus,
3648 887 3788 943 folia
3810 889 3868 942 in

2259 974 2458 1030 magna
2487 958 2629 1030 mole
2671 958 2885 1014 arboris
2915 974 2980 1013 ex
3011 958 3453 1030 parvoiqumidie
3492 959 3700 1014 semine
3736 975 3864 1014 res-

2259 1028 2482 1101 tauratfl
2513 1028 2647 1084 Cum
2665 1045 2800 1101 ergo
2830 1030 3082 1084 dabitans
3112 1029 3322 1084 animus
3347 1030 3415 1085 de
3446 1030 3866 1085 resurrectionis

2257 1099 2504 1172 potentia
2532 1099 2799 1172 rationem
2830 1102 3041 1171 quaerit,
3080 1117 3268 1157 earum
3292 1118 3477 1172 rerum
3514 1101 3862 1172 quaestiones

2258 1171 2307 1226 ei
2330 1171 2632 1226 inserendas
2656 1179 2779 1226 sunt
2799 1188 2919 1240 quae
2943 1181 2997 1226 et
3036 1173 3371 1228 incessanter
3408 1171 3558 1237 ﬁunt,
3590 1182 3642 1229 et
3668 1181 3865 1228 tamen

2254 1244 2463 1298 ratione
2510 1242 2895 1313 comprehendi
2937 1259 3278 1313 nequaquam
3326 1252 3552 1313 possunt
3584 1262 3598 1307 ;
3630 1251 3690 1298 ut.
3723 1244 3861 1297 dum

2256 1329 2364 1368 non
2393 1313 2534 1368 valet
2580 1329 2643 1367 ex
2677 1314 2887 1369 visione
2917 1315 2994 1369 rei
3045 1323 3323 1384 penetrare
3369 1314 3511 1383 quod
3555 1314 3858 1383 conspicit,

2255 1384 2323 1439 de
2352 1384 2719 1453 promissione
2748 1384 2953 1439 divinae
2996 1386 3253 1454 potentiae
3281 1385 3468 1440 credat
3497 1386 3643 1456 quod
3672 1386 3857 1452 audit,

2255 1457 2549 1510 auxiliante
2578 1456 2872 1511 Mediatore
2897 1456 3060 1510 Deiet
3091 1457 3369 1511 hominum
3400 1455 3641 1511 Domino
3663 1465 3859 1512 nostro

2252 1526 2379 1598 Jesu
2422 1526 2658 1591 Christo,
2705 1528 2795 1598 qui
2827 1531 2880 1581 et
2926 1527 3335 1582 resurrectionis
3376 1527 3616 1598 gloriam
3665 1528 3726 1580 in
3756 1542 3855 1583 suo

2247 1597 2360 1666 jam
2391 1613 2616 1666 corpore
2644 1597 2843 1652 factam
2875 1598 3133 1663 ostendit,
3167 1606 3221 1652 et
3250 1598 3302 1651 in
3332 1597 3446 1651 suis
3473 1598 3746 1652 membris
3769 1599 3857 1652 lu-

547 1667 806 1733 validum,
840 1666 983 1746 unde
1016 1683 1148 1737 ergo
1179 1665 1607 1746 processit_ligni
1631 1665 1832 1746 duritia
1842 1667 1876 1746 _?
1906 1668 2029 1721 Non
2060 1672 2143 1722 est
2171 1681 2225 1746 Β
2254 1665 2733 1746 turampromisit.
2767 1668 2869 1737 Qui
2900 1670 3041 1746 vivit
3062 1677 3120 1746 et
3142 1676 3335 1739 regnat
3362 1684 3484 1724 cum
3518 1670 3637 1746 Deo
3670 1670 3853 1746 Patre,

545 1753 818 1808 asperum,
854 1737 995 1791 unde
1025 1739 1296 1807 asperitas
1325 1737 1538 1792 corticis
1560 1738 1739 1808 erupit
1762 1739 1789 1790 ‘l
1811 1738 1931 1792 Non
1954 1747 2031 1793 est
2063 1755 2144 1792 sa-

542 1807 826 1879 po’rosum,
858 1810 1001 1863 unde
1051 1824 1216 1879 sapor
1242 1808 1298 1863 in
1328 1809 1637 1864 fructibus?
1687 1807 1964 1864 Olfactum
2013 1811 2145 1864 nihil

2256 1740 2309 1793 in
2359 1740 2560 1794 unitate
2592 1740 2826 1810 Spiritus
2874 1740 3044 1798 sancti
3088 1741 3252 1809 Deus,
3303 1755 3403 1810 per
3432 1741 3619 1795 omnia
3648 1741 3856 1796 saecula

2256 1811 2605 1867 siliculorum.
2645 1815 2818 1867 Amen
2831 1851 2845 1865 .

1742 2052 2063 2133 LIBER
2153 2053 2579 2129 SEXTUS
2602 2113 2617 2128 .

1175 2203 1495 2286 Incipiunt
1524 2202 1949 2286 Exceptiones
1981 2223 2176 2287 super
2204 2204 2533 2289 Epistolas
2563 2204 2644 2267 Β.
2679 2202 2873 2268 Pauli
2886 2204 3188 2287 apostoli.

1006 2512 1722 2582 PR/EFATIUNCULA
1752 2513 1833 2575 IN
1886 2512 2333 2578 EPISTOLAS
2364 2514 2612 2579 ΒΕΑΤί
2644 2513 2895 2577 PAULI
2923 2513 3370 2579 APOSTOLI.

607 2684 691 2751 (In
719 2679 952 2752 exposit.
985 2680 1044 2735 Β.
1076 2676 1330 2752 Job,_lib.
1373 2693 1499 2745 xxv,
1527 2677 1758 2752 aliaet
1786 2678 1872 2752 t7,
1906 2675 2131 2752 inverso

536 2746 771 2823 ordine.)
789 2746 1001 2807 'Paulus
1016 2749 1289 2820 apostolus
1318 2746 1873 2823 quamvisEpistolas
1904 2748 2134 2823 quinde-

535 2828 639 2884 cim
672 2818 982 2894 scripserit,
1020 2818 1203 2877 sancta
1253 2818 1431 2894 tamen
1467 2818 1852 2894 Ecclesia‘non
1899 2818 2134 2890 amplius

539 2914 711 2971 quam
759 2888 1166 2971 quattuordecim
1212 2891 1425 2971 recipit,
1467 2891 1557 2971 qui
1606 2888 2135 2971 profecton‘umerus

537 2961 603 3025 ex
651 2961 911 3038 perfectis
938 2962 1451 3038 duobusgnu_meris,
1503 2961 1730 3038 denario
1780 2961 2035 3017 videlicet
2078 2967 2134 3038 et

537 3032 904 3111 quaternario,
954 3036 1224 3111 consistit1
1254 3034 1521 3111 Denarius
1551 3033 1753 3103 quippe
1785 3048 2045 3111 numerus
2075 3032 2131 3086 in

536 3102 601 3167 eo
633 3111 908 3181 perfectus
938 3116 1017 3181 est
1048 3107 1173 3177 quia
1206 3105 1316 3181 Lex
1365 3105 1420 3158 in
1453 3105 1642 3181 decem
1674 3102 1963 3174 praeceptis
1992 3119 2131 3181 co_n-

2240 2675 2605 2748 dignoscitur,
2639 2674 3101 2748 quoniamgomnis
3131 2673 3277 2748 bona
3296 2683 3357 2748 _e_t
3384 2672 3632 2744 perfecta
3661 2689 3845 2748 opera-

2240 2745 2323 2803 tio
2345 2763 2441 2817 per
2489 2754 2722 2819 quatuor
2748 2746 2917 2801 sancti
2952 2746 3254 2819 Evangelii
3296 2745 3469 2800 libros
3504 2746 3842 2817 agnoscitur.

2241 2819 2408 2874 Recte
2437 2834 2570 2890 ergo
2609 2826 2797 2874 sancta
2836 2818 3091 2890 Ecclesia
3120 2818 3525 2890 Testamentum
3557 2824 3846 2886 utrumque

2241 2888 2574 2958 custodiens,
2607 2898 2662 2945 et
2688 2897 2790 2944 tam
2822 2889 3117 2944 secundum
3134 2888 3295 2956 chis
3324 2888 3667 2960 Decalogum
3688 2902 3843 2958 quam

2241 2962 2542 3015 secundum
2573 2970 2806 3032 quatuor
2832 2960 3110 3032 Evangelii
3145 2960 3311 3032 libros
3338 2958 3600 3032 vivendo,
3616 2960 3707 3032 ad
3726 2974 3844 3032 per:

2244 3032 2495 3087 fectionis
2545 3028 2606 3087 se
2651 3032 2867 3088 culmen
2914 3028 3231 3097 extendens,
3279 3030 3349 3084 de
3394 3030 3663 3100 Epistolis
3707 3028 3843 3083 beati

2244 3104 2395 3157 Pauli
2425 3104 2664 3173 apostoli
2692 3119 2800 3158 non
2831 3104 3069 3172 amplius
3115 3117 3275 3171 quam
3308 3101 3728 3172 quatuordecim
3761 3109 3839 3173 te-

538 3172 791 3266 cluditur,
826 3172 1109 3266 omnisque
1141 3176 1300 3246 culpa
1329 3192 1435 3230 non
1469 3172 1699 3266 amplius
1728 3172 1891 3266 quam
1926 3190 2022 3243 per
2040 3174 2135 3229 de-
2165 3202 2214 3266 Ο
2246 3183 2356 3266 net,
2389 3172 2737 3266 utetiam‘ex
2767 3175 2887 3244 ipso
2917 3173 3292 3266 Epistolarum
3318 3172 3840 3266 numero‘ostende-

534 3269 656 3309 cem
681 3252 849 3310 verba
877 3246 1194 3309 cohibetur;
1227 3256 1296 3314 et,
1327 3255 1611 3301 enarrante
1646 3246 1901 3308 Veritate,
1934 3260 2132 3314 opera-

540 3333 682 3380 tores
711 3325 883 3379 vinea:
915 3320 1139 3375 denario
1171 3324 1583 3371 remunerantur
1608 3315 1828 3386 (Matth.
1854 3318 1966 3383 xx).
1988 3315 2139 3378 Qua-

535 3394 803 3451 temarius
833 3408 968 3449 vero
990 3405 1246 3444 numerus
1271 3387 1326 3441 in
1353 3403 1419 3442 eo
1451 3385 1688 3441 maxime
1716 3385 1992 3456 perfectus
2012 3403 2137 3443 esse

2252 3253 2334 3327 ret
2364 3245 2510 3371 quod
2541 3246 2738 3301 doctor
2766 3243 3022 3319 egregius
3045 3243 3207 3314 Legis
3240 3248 3295 3298 et
3317 3244 3612 3315 Evangelii
3639 3252 3841 3298 secreta

2254 3331 2481 3371 rimasse
2508 3357 2522 3371 .

2254 3331 2522 3372 rimasset.

818 3670 1269 3738 EXPOSITIO
1299 3671 1574 3734 SUPER
1618 3669 2091 3736 EPISTOLAM
2130 3671 2206 3733 B.
2247 3670 2500 3734 PAULI
2529 3671 2939 3738 APOSTOLI
2969 3673 3077 3737 AD
3116 3672 3557 3737 ROMANOS.

543 3812 726 3895 Carus
760 3844 1001 3892 Ριιιιυιι.
1045 3866 1108 3877 .-
1158 3838 1280 3890 Cum
1317 3838 1670 3898 cognovissent
1696 3837 1866 3899 Deum,
1890 3849 1985 3888 non
2007 3839 2140 3888 sicut

606 3912 770 3963 Deum
793 3908 1235 3972 glorificaverunt.
1283 3914 1371 3954 aut
1398 3905 1600 3965 gratias
1634 3911 1867 3972 egerunt,
1892 3904 1984 3956 sed
2029 3917 2143 3955 cva-

607 3982 829 4029 nuerunt
849 3978 901 4026 in
921 3971 1318 4037 cogitationibus
1354 3974 1463 4022 suis
1490 3972 1649 4031 (Rom.
1676 3984 1714 4032 ι,
1739 3971 1851 4031 21).

566 4096 571 4099 -
617 4059 699 4122 (Ιη
728 4054 962 4125 cxposit.
997 4053 1063 4106 Β.
1088 4051 1210 4116 Job,
1244 4050 1340 4104 lib.
1372 4066 1527 4125 xxvi,
1560 4065 1711 4125 num.
1745 4050 1845 4112 28,
1880 4049 1974 4125 li_b.
2012 4065 2051 4125 1_,
2081 4048 2141 4125 in

545 4119 765 4194 Ezech.,
796 4119 965 4181 'hom.
1003 4127 1106 4194 tt,
1138 4138 1289 4177 num.
1350 4124 1437 4186 24,
1480 4129 1533 4174 et
1561 4120 1630 4194 in
1672 4136 1860 4189 expos.
1897 4122 1953 4174 Β.
2012 4119 2135 4183 Job,

545 4201 641 4255 lib.
674 4192 804 4266 xxv,
838 4213 893 4249 n.
917 4199 1023 4256 ‘22;
1057 4193 1253 4266 lib.xvi
1278 4208 1427 4246 num.
1450 4194 1513 4245 71
1544 4192 1675 4258 ;lib.
1708 4208 1832 4266 xxv,
1868 4207 2016 4266 num.
2048 4194 2136 4257 22,

544 4275 642 4333 23;
666 4270 762 4324 lib.
781 4262 818 4334 i,
842 4267 898 4321 in
921 4266 1092 4319 Ezech
1110 4307 1119 4317 .
1138 4306 1152 4333 ,
1172 4265 1320 4317 hom.
1346 4266 1432 4328 11,
1457 4278 1605 4316 num.
1627 4266 1754 4331 25.)
1773 4262 1830 4334 Si
1855 4262 2142 4333 vigilanter

546 4332 843 4397 intenditur
869 4346 927 4391 ut
955 4345 1008 4391 et
1038 4336 1236 4390 mentis
1268 4334 1545 4388 humilitas
1575 4340 1628 4388 et
1654 4332 1836 4387 carnis
1865 4332 2135 4387 castimo-

548 4414 639 4468 nia
660 4418 921 4469 teneatur,
942 4408 1048 4461 cito
1069 4405 1419 4477 agnoscimus
1438 4404 1564 4475 quia
1586 4404 1813 4477 alterum
1840 4404 2140 4477 custoditur

550 4499 618 4538 ex
648 4483 835 4535 altero.
864 4480 1004 4534 Nam
1035 4474 1215 4532 multis
1242 4491 1391 4545 saepe
1429 4474 1687 4545 superbia
1726 4476 1952 4531 luxuria
1969 4474 2139 4529 semi-

550 4552 768 4607 narium
799 4550 920 4616 fuit,
969 4548 1095 4617 quia
1125 4549 1254 4603 dum
1285 4562 1380 4617 eos
1426 4546 1648 4617 spiritus
1690 4563 1851 4615 quam
1882 4548 1937 4600 in
1968 4546 2140 4617 altum

551 4624 747 4689 erexit,
798 4619 951 4691 quasi
982 4616 1109 4673 caro
1140 4618 1207 4691 in
1237 4616 1437 4672 infimis
1464 4616 1670 4691 mersit.
1689 4688 1700 4691 Α
1719 4618 1783 4691 lli
1813 4618 1957 4672 enim
1986 4616 2139 4687 prius

548 4688 757 4750 secreto
789 4688 1094 4761 elevantur,
1117 4689 1215 4747 sed
1246 4689 1588 4761 postmodum
1610 4688 1829 4761 publice
1848 4695 2133 4761 corruunt,

548 4766 671 4848 quia
687 4765 814 4848 dum
828 4758 1436 4848 occultisintumescunt
1454 4760 1688 4848 motibus
1707 4759 2140 4848 cordibu_s,aper-

547 4830 616 4892 tis
646 4835 845 4892 cadunt
874 4833 1115 4904 lapsibus
1159 4833 1423 4904 corporis.
1457 4831 1548 4886 Sic
1573 4830 1658 4904 sic
1686 4831 1811 4885 elati
1833 4831 1991 4904 justa
2014 4831 2136 4884 fue-

543 4916 666 4965 rant
702 4900 1056 4962 retributione
1097 4900 1346 4968 feriendi,
1394 4910 1452 4956 ut
1494 4902 1623 4970 quia
1668 4900 2032 4971 superbiendo
2078 4917 2137 4955 se

546 4980 851 5051 praeferunt
874 4975 1200 5051 hominibus.
1230 4973 1549 5051 luxuriando
1571 4988 1739 5051 usque
1756 4973 1827 5027 ad
1851 4972 2134 5051 jumento-

544 5043 660 5105 rum
688 5048 1098 5103 similitudinem
1144 5046 1522 5100 devolvantur.
1564 5043 1743 5098 Homo
1773 5047 1975 5115 quippe
2004 5060 2134 5098 cum

543 5122 608 5177 in
639 5122 846 5177 honore
868 5122 1036 5185 esset,
1051 5133 1167 5172 non
1198 5115 1530 5171 intellexit:
1566 5120 1927 5185 comparatus
1944 5119 2027 5169 est
2038 5115 2135 5184 ju-

542 5209 671 5249 men
681 5192 754 5248 tis
785 5188 1207 5262 insipientibus,
1224 5186 1489 5262 etsimilis
1502 5187 1693 5262 factus
1713 5190 1796 5240 est
1818 5185 2129 5262 illis__(Psal.

542 5279 727 5328 vam,
764 5263 876 5329 13).
901 5255 1162 5315 ’.Ιιιιῐιθηιθ
1194 5257 1446 5329 suntqui
1475 5273 1579 5329 usu
1610 5256 1733 5310 vita;
1763 5255 1997 5310 carnalis
2021 5256 2133 5329 ima

540 5326 755 5407 petunt.
784 5326 889 5407 Qui
910 5331 1054 5386 enim
1081 5344 1245 5407 carne
1273 5328 1477 5407 labitur
1490 5326 2129 5407 jumentorum‘appetitu

542 5397 918 5477 prosterniiur,
951 5402 1104 5473 quasi
1137 5400 1374 5477 scientia;
1404 5399 1569 5477 igitur
1592 5398 1808 5477 ‘illoshin
1828 5397 2129 5477 altumﬁsu-

539 5468 729 5545 perbia
758 5468 1137 5545 sublevaverat
1154 5472 1223 5525 de
1253 5468 1449 5540 quibus
1472 5469 1677 5545 Paulus
1704 5468 1966 5545 dicebatz‘
1989 5469 2130 5535 Quia

541 5540 671 5603 cum
687 5547 1075 5618 cognovissent
1090 5543 1261 5598 Deum
1273 5584 1287 5611 ,
1301 5558 1415 5597 non
1429 5544 1576 5618 sicut
1596 5540 1769 5596 Deum
1784 5540 2129 5618 gloriﬁcaue-

540 5622 703 5681 runt,
723 5612 822 5671 a'ut
835 5634 933 5686 gra
943 5618 1051 5686 tias
1067 5618 1301 5686 egerunt
1312 5655 1325 5677 ,
1347 5613 1443 5668 sed
1453 5617 1809 5686 evanuerunt
1828 5614 1890 5666 in
1906 5612 2127 5686 cogita-

539 5687 791 5744 tionibus
807 5682 943 5741 suis.
963 5682 1250 5753 Quomodo
1266 5699 1395 5754 vero
1407 5685 1460 5737 in
1477 5684 1866 5754 jumentorum,
1882 5682 2130 5754 aut'plus-

537 5772 703 5826 quam
717 5758 774 5812 in
802 5755 1177 5826 jumentorum
1197 5753 1537 5826 voluptatem
1551 5754 1845 5812 ceciderint
1861 5753 2124 5812 subdidit.

2245 3833 2461 3889 dicens:
2487 3838 2722 3907 Propter
2741 3835 2884 3907 quod
2906 3833 3149 3891 tradidit
3170 3834 3301 3890 illos
3324 3834 3467 3890 Deus
3486 3835 3553 3889 in
3570 3832 3831 3907 desideria

2247 3907 2428 3961 cordis
2462 3903 2677 3973 eorum,
2698 3903 2762 3961 in
2784 3907 3211 3962 immunditiam
3236 3910 3333 3960 :ut
3348 3903 3831 3973 contumeliisaﬁl-

2247 3977 2403 4031 ciant
2421 3992 2659 4049 corpora
2684 3978 2864 4049 suain
2882 3979 3197 4049 semetipsis
3218 3977 3390 4045 (Vers.
3414 3977 3525 4047 24).
3550 3978 3684 4031 Ecce
3699 3976 3827 4049 ultra

2248 4044 2547 4117 appetitum
2599 4047 2735 4118 lapsi
2778 4057 2901 4102 sunt
2942 4044 3337 4117 iumentorum,
3383 4055 3438 4101 et
3482 4044 3611 4102 caro
3650 4044 3825 4100 mersit

2249 4134 2384 4188 quos
2402 4118 2650 4198 superba
2680 4118 2904 4198 scientia
2943 4118 3279 4198 sublevavit;
3311 4118 3627 4198 atqueinde
3653 4118 3754 4198 sub
3771 4130 3823 4170 se

2248 4205 2348 4259 pro
2399 4188 2520 4243 trati
2562 4197 2691 4249 sunt
2734 4192 2879 4245 unde
2927 4205 3090 4259 super
3136 4205 3196 4244 se
3227 4190 3304 4244 ire
3349 4188 3691 4244 videbantur.
3718 4188 3824 4243 Cu-

2248 4260 2478 4331 randum
2509 4262 2689 4331 itaque
2716 4269 2815 4327 est,
2846 4266 2900 4316 et
2930 4260 3076 4316 omni
3126 4259 3371 4317 custodia
3400 4276 3557 4316 mens
3586 4276 3617 4315 a
3642 4273 3824 4331 super:

2246 4329 2353 4387 biae
2384 4326 2928 4387 tumore'servanda.
2962 4334 3113 4387 Intus
3141 4332 3286 4387 enim
3333 4331 3487 4386 videt
3522 4333 3661 4386 Dens
3688 4326 3820 4401 quod

2247 4411 2484 4457 mentem
2516 4402 2709 4471 elevat,
2731 4412 2785 4458 et
2812 4401 3016 4458 idcirco
3048 4403 3178 4459 foris
3199 4402 3468 4472 permittit
3498 4402 3823 4472 invalescere

2250 4473 2394 4544 quod
2443 4470 2725 4545 deponat:
2788 4473 2933 4529 intus
2971 4474 3123 4544 prius
3181 4470 3455 4545 extollitur
3510 4473 3657 4545 quod
3706 4470 3821 4545 toris

2246 4542 2604 4616 postmodum,
2641 4544 2864 4600 luxuriae
2892 4542 3238 4616 corruptione
3270 4542 3818 4616 feriatur.'0cculta_t_n

2246 4612 2510 4688 videlicet
2528 4615 2742 4688 culpam
2782 4623 2975 4688 aperta
3006 4612 3248 4688 percutio
3290 4617 3562 4688 sequitur,
3581 4624 3652 4688 ‘ut
3677 4612 3817 4668 malis

2245 4686 2598 4742 exterioribus
2620 4684 2895 4743 interiora
2925 4684 3437 4757 puniantur,get_cor
3464 4684 3681 4757 publice
3704 4696 3813 4757 cor-

2165 4744 2219 4803 D
2247 4765 2366 4812 ruat
2399 4758 2545 4827 quod
2575 4757 2805 4814 latenter
2847 4744 3104 4813 tumebat.
3133 4744 3369 4812 Proinde
3396 4744 3495 4826 per
3531 4755 3810 4827 custodiam

2247 4825 2558 4883 humilitatis
2586 4828 2851 4883 servanda
2879 4837 2961 4883 est
3005 4828 3269 4883 munditia
3296 4825 3595 4891 castitatis;
3626 4827 3673 4883 si
3686 4825 3809 4882 enim

2244 4899 2333 4974 pie
2358 4899 2579 4974 spiritus
2637 4899 2886 4974 sub‘Deo
2916 4899 3199 4974 premitur.
3253 4913 3384 4974 _c_ar_o
3441 4898 3627 4955 illicite
3675 4908 3811 4974 super

2244 4966 2526 5040 spirituum
2581 4986 2691 5026 non
2739 4966 2968 5026 levatur.
3002 4972 3060 5025 In
3118 4968 3397 5040 pra’dictis
3429 4977 3608 5025 autem
3652 4966 3810 5025 verbis

2243 5042 2506 5111 Apostoli,
2554 5042 3007 5097 considerandum
3051 5040 3209 5096 nobis
3250 5049 3333 5095 est
3380 5041 3509 5111 quia
3558 5047 3806 5111 peccatum

2243 5113 2388 5183 quod
2419 5129 2515 5183 per
2543 5112 2919 5182 pmnitentiam
2949 5111 3104 5166 citius
3132 5127 3241 5167 non
3271 5111 3486 5166 deletur
3512 5120 3607 5167 aut
3633 5120 3806 5180 peca-

2244 5192 2353 5258 tum
2384 5192 2460 5238 est
2491 5198 2649 5238 causa
2699 5184 2924 5258 peccati,
2957 5190 3047 5258 aut
3088 5189 3371 5253 peccatum
3402 5190 3488 5237 est
3517 5198 3668 5253 paena
3691 5192 3804 5258 pet;-

2239 5254 2362 5313 cati.
2396 5262 2487 5308 aut
2518 5264 2804 5321 peccatum
2844 5254 3002 5308 simul
3034 5260 3089 5308 et
3118 5266 3284 5309 causa
3311 5260 3365 5308 et
3392 5269 3557 5324 poena
3585 5254 3795 5324 peccati.

2240 5325 2414 5400 Omne
2443 5326 2587 5400 enim
2626 5326 2787 5400 quod
2823 5325 2976 5400 prius
3005 5324 3357 5400 committitur
3382 5333 3657 5400 peccatum

2238 5397 2333 5451 sed
2364 5397 2405 5450 si
2460 5397 2616 5450 citius
2641 5391 2962 5466 pmnitendo
3014 5410 3120 5451 non
3165 5391 3408 5467 tergitur',
3456 5396 3602 5465 justo
3623 5391 3799 5467 judicio

2238 5469 2584 5537 omnipotens
2615 5463 2762 5539 Deus
2791 5467 3087 5539 obligatam
3135 5463 3379 5539 peccatis
3405 5463 3636 5523 mentem
3656 5463 3796 5539 etiarn

2238 5541 2294 5592 in
2324 5529 2542 5608 culpam
2586 5538 2809 5593 alteram
2841 5529 3105 5609 permittit
3135 5529 3367 5603 'cadere,
3386 5608 3395 5609 ί
3414 5546 3473 5609 ut
3508 5553 3624 5608 qum
3649 5529 3796 5588 ﬂendo

2238 5618 2291 5665 et
2320 5609 2644 5680 corrigendo
2672 5608 2851 5665 noluit
2883 5609 3143 5663 mundare
3190 5609 3344 5679 quod
3374 5608 3525 5671 fecit,
3554 5611 3795 5680 peccatum

2236 5676 2709 5753 incipiat'peccato
2737 5680 3044 5753 cumulare.
3082 5676 3372 5735 Peccatum
3392 5694 3527 5753 ergo
3543 5676 3674 5753 quod
3698 5684 3796 5753 Ρωτ

2228 5746 2732 5811 nitentiteiamento
2760 5768 2871 5810 non
2899 5751 3126 5810 diluitur
3147 5760 3445 5823 peccatum
3455 5746 3633 5809 'siniul
3654 5752 3727 5805 est
3745 5746 3796 5802 et
