4082 6170
326 273 462 334 1293

932 273 1180 334 ALULFI
1226 267 1602 330 EXPOSITIO
1635 273 1805 332 NOVI
1825 273 2025 331 TEST.
2059 304 2125 316 ——
2158 268 2304 332 SUi‘.
2337 276 2448 334 ΕΡ.
2486 269 2701 338 PAULI
2732 274 2823 336 AD
2854 277 3021 335 ROM.

3492 286 3628 341 1294

323 415 487 457 causa
517 401 746 480 peccati,
775 400 1032 480 quoniam
1059 397 1250 480 ex‘i‘llo
1288 397 1486 480 oritur
1537 398 1684 480 unde
1744 399 1922 455 adhuc
1947 399 2004 460 A
2034 399 2186 454 dinis
2209 400 2270 480 in
2294 403 2438 480 ipsis
2455 423 2472 467 ;
2491 406 2654 480 furor
2675 404 2987 480 draconum
3001 405 3198 480 uinum
3224 418 3435 472 eorum,
3459 411 3516 464 ει
3536 412 3626 480 [α-

323 475 620 544 peccatoris
651 471 866 527 animus
897 473 1055 544 altius
1093 471 1384 541 obligetur.
1447 471 1733 544 Peccatum
1793 486 1921 526 vero

323 542 468 614 quod
495 561 564 598 ex
594 554 824 614 peccato
853 543 1118 614 sequitua,
1180 549 1457 610 peccatum
1517 542 1676 595 simul
1730 550 1833 614 est,
1867 551 1921 597 et

320 613 484 684 pcena
516 613 740 686 peccati,
775 617 895 684 quia
925 613 1276 670 excrescente
1299 614 1557 686 caecitate,
1591 628 1658 665 ex
1691 613 1919 686 relsibu-

323 682 474 757 tione
507 682 702 756 piioris
731 682 905 756 culpae
934 693 1247 757 generatur,
1281 691 1337 757 ut
1366 683 1511 753 quasi
1529 682 1645 751 jam
1669 685 1916 757 quaedam

326 757 432 810 sint
461 753 521 810 in
547 753 836 826 peccatore
857 753 1123 826 supplicia
1145 755 1262 824 ipsa
1293 754 1623 826 incrementa
1643 753 1916 810 vitiorum.

323 827 408 880 Fit
439 824 569 882 vero
599 824 990 898 nonnunquam
1013 835 1070 881 ut
1125 840 1305 898 unum
1339 824 1590 898 idemque
1637 833 1916 894 peccatum

322 906 374 953 et
404 905 688 978 periculum
721 900 790 953 sit
817 894 871 978 et
899 913 1061 978 pinna
1100 895 1309 978 peccati
1338 894 1497 949 simul
1529 903 1764 975 etcausa
1795 913 1918 964 pec-

319 966 447 1024 cati.
486 971 760 1024 Ponamus
789 966 932 1024 enim
963 976 1084 1022 ante
1115 966 1300 1022 oculos
1329 967 1637 1035 quempiam
1656 983 1768 1021 rem
1792 983 1916 1036 pro-

321 1041 453 1094 ximi
485 1041 875 1110 concupiscere
892 1056 1050 1110 quam
1082 1038 1208 1109 quia
1229 1047 1412 1106 aperte
1428 1053 1534 1092 non
1556 1039 1743 1100 valuit,
1769 1039 1918 1092 furto

323 1111 567 1182 diripuit,
599 1112 697 1166 sed
725 1112 783 1166 in
811 1112 939 1166 furti
971 1110 1313 1182 accusatione
1331 1110 1566 1182 positus,
1595 1125 1651 1163 se
1671 1110 1810 1165 hanc
1825 1110 1915 1164 di-

319 1179 554 1252 ripuisse
577 1183 940 1254 jurejurando
959 1180 1275 1252 denegavit.
1330 1179 1465 1234 Huic
1516 1195 1652 1254 ergo
1707 1195 1915 1254 concu-

319 1251 887 1324 piScentia'pec’catum
924 1253 1020 1308 fuit
1050 1251 1299 1324 eticausa
1355 1251 1585 1324 peccati,
1645 1252 1770 1320 quia
1822 1267 1921 1322 per

319 1340 446 1379 eam
471 1323 619 1380 venit
647 1325 713 1378 ad
745 1325 1039 1395 rapinam;
1100 1323 1279 1392 ipsum
1338 1336 1471 1377 vero
1530 1323 1751 1395 furtum,
1809 1337 1918 1393 quo

318 1411 436 1450 rem
457 1392 1073 1466 concupitamvdiripiut.
1107 1402 1158 1449 et
1185 1401 1470 1466 peccatum
1501 1393 1550 1466 ei
1578 1392 1781 1449 factum
1827 1392 1922 1449 est

318 1474 373 1521 et
405 1482 566 1537 poena
597 1464 825 1537 peccati,
860 1464 986 1536 quia
1016 1482 1084 1520 ex
1113 1464 1471 1520 retributione
1495 1465 1613 1537 jam
1667 1480 1774 1519 non
1823 1481 1918 1520 re-

317 1536 493 1608 pulsa:
522 1536 974 1607 concupiscentiae
1005 1538 1201 1591 factum
1235 1545 1312 1590 est
1342 1544 1399 1608 ut
1429 1536 1644 1590 veniret
1673 1537 1761 1608 ad
1795 1537 1917 1590 fur-

318 1606 454 1673 ium,
485 1617 538 1664 et
566 1606 735 1680 culpa,
755 1609 936 1663 cordis
963 1614 1311 1680 excresceret
1340 1606 1395 1680 in
1415 1622 1582 1676 opere
1610 1614 1663 1661 et
1714 1607 1920 1680 ultione

315 1680 595 1734 caecitatis.
637 1677 744 1736 Sed
766 1681 892 1750 quia
923 1680 1122 1734 furtum
1153 1677 1393 1750 perjurio
1448 1685 1630 1750 tegere
1686 1679 1917 1746 curavit,

316 1767 382 1805 ex
416 1760 638 1824 peccato
668 1749 884 1824 rursum
906 1757 1182 1820 peccatum
1213 1749 1401 1824 genuit
1445 1765 1458 1801 :
1513 1749 1713 1824 furtum
1772 1765 1907 1821 ergo
1936 1761 1990 1824 Β

310 1822 458 1892 quod
491 1839 557 1876 ex
577 1819 1017 1892 concupiscentia
1047 1820 1327 1889 processit,
1352 1827 1405 1892 et
1434 1819 1729 1890 perjurium
1779 1819 1908 1888 per-

313 1890 457 1960 t'ulit,
485 1890 771 1964 peccatum
802 1902 855 1948 et
887 1909 1048 1964 prena
1079 1892 1287 1962 peccati
1347 1890 1550 1964 factum
1582 1900 1688 1964 _est
1728 1892 1910 1963 culpae

309 1962 660 2034 praecedenti,
682 1962 966 2034 peccatum
997 1973 1050 2018 et
1079 1979 1239 2018 causa
1269 1962 1686 2034 peccaticulpae
1714 1964 1910 2018 subse-

311 2037 519 2105 quenti,
555 2033 776 2106 quia’de
805 2035 898 2089 illa
928 2045 1135 2100 natum,
1168 2036 1304 2088 hanc
1334 2033 1734 2106 genuit._Quod
1771 2034 1907 2090 bene

321 2104 520 2161 Paulus
556 2104 834 2177 apostolus
865 2107 934 2161 de
960 2106 1308 2177 quibusdam,
1336 2104 1506 2177 Deum
1551 2104 1910 2176 intelligenti-

312 2177 417 2230 bns
448 2177 546 2232 sed
571 2176 676 2232 non
702 2176 1088 2234 honorantibus
1118 2176 1370 2242 insinuat,
1403 2176 1589 2230 dicens
1623 2194 1634 2228 :
1663 2177 1907 2233 Cumco-

311 2251 640 2319 gnovissent
665 2251 860 2314 Deum,
894 2265 1006 2304 non
1037 2249 1184 2304 sicut
1215 2249 1390 2302 Deum
1419 2248 1902 2316 gloriﬁcaverunt,

312 2324 416 2390 aut
447 2321 933 2390 gratiasegerunt,
958 2319 1056 2375 sed
1085 2326 1440 2375 evanuerunt
1462 2321 1525 2373 in
1538 2319 1905 2388 cogitationi-

314 2389 418 2445 bus
445 2389 584 2445 suis.
619 2389 758 2446 EcCe
787 2400 867 2445 est
894 2398 1175 2460 peccatum
1206 2398 1258 2444 et
1286 2404 1450 2444 causa
1464 2390 1695 2460 peccati,
1716 2406 1785 2444 ex
1799 2404 1907 2461 qua

315 2462 450 2531 quid
473 2461 986 2533 sequaturabjungit
1009 2479 1020 2514 :
1041 2462 1109 2514 Et
1137 2462 1499 2517 obscuratum
1512 2467 1595 2516 est
1624 2461 1905 2531 insipiens

314 2547 413 2588 cor
441 2548 630 2588 eorum
659 2534 940 2590 :dicentes
963 2533 1115 2588 enim
1135 2549 1193 2588 se
1222 2547 1341 2587 esse
1388 2536 1694 2603 sapientes,
1738 2533 1906 2587 stulti

308 2604 459 2673 facti
477 2608 613 2659 sunt
637 2624 656 2657 :
686 2607 740 2658 et
769 2607 1137 2674 mutaverunt
1165 2603 1406 2673 gloriam
1450 2603 1906 2674 incorruptibilis

311 2675 414 2729 Dei
425 2677 488 2730 in
501 2673 942 2730 similitudinem
959 2675 1227 2744 imaginis
1237 2674 1622 2744 corruptibilis
1637 2673 1900 2741 heminis,

314 2749 373 2818 et
394 2748 708 2818 volucrum,
724 2751 778 2800 et
795 2746 1245 2818 quadrupedum,
1266 2750 1319 2800 et
1337 2747 1705 2818 serpentium
1726 2746 1900 2818 (Vers,

308 2817 379 2870 22
399 2826 453 2871 et
477 2821 589 2887 23).
622 2817 764 2872 Ecce
802 2815 882 2871 est
912 2815 1193 2887 peccatum
1216 2822 1269 2871 et
1291 2815 1450 2886 poena
1506 2816 1709 2886 peccati
1743 2833 1755 2878 ;
1808 2815 1902 2870 sed

303 2886 593 2958 peccatum
626 2886 970 2943 solummodo
1000 2895 1067 2958 et
1095 2903 1254 2957 pmna
1287 2886 1493 2956 peccati
1514 2896 1671 2953 esset,
1713 2887 1757 2940 si
1795 2903 1904 2958 non

303 2957 491 3013 adhuc
521 2975 588 3014 ex
610 2967 830 3029 peccato
859 2967 915 3012 et
936 2957 1086 3012 aliud
1113 2966 1424 3029 sequeretur
1457 2975 1470 3020 ;
1504 2974 1628 3012 nam
1661 2966 1779 3026 post
1823 2957 1901 3011 in-

305 3029 630 3101 ﬁdelitatem
661 3029 1146 3101 eornmsubditur:
1179 3032 1436 3101 Propter
1471 3030 1612 3100 quod
1663 3029 1900 3084 tradidit

303 3100 440 3179 illos
472 3103 613 3179 Deus
647 3103 707 3179 in
741 3098 1038 3179 desideria
1059 3100 1238 3179 cordis
1269 3098 1549 3156 eorum’in
1582 3100 1898 3179 _immundi-
1930 3115 1980 3179 Ο

304 3170 465 3239 tiam,
485 3177 550 3228 ut
568 3172 927 3242 contumeliis
939 3171 1198 3240 afﬁciant
1217 3187 1448 3239 corpora
1460 3172 1635 3226 suain
1647 3173 1902 3242 semetip-

305 3243 577 3311 sis(Vers.
609 3245 726 3312 2i).
767 3240 1092 3313 Quiaigitur
1108 3250 1498 3313 cognoscentes
1537 3243 1730 3312 Deum,
1788 3240 1900 3297 non

299 3313 632 3386 sicutDeum
661 3311 1123 3386 gloriﬁcaverunt,
1148 3311 1308 3386 eieo
1353 3321 1577 3386 peccato
1629 3320 1681 3386 et
1718 3311 1902 3368 causa

300 3385 513 3456 peccati
533 3385 600 3440 ad
631 3383 743 3456 hoc,
763 3398 978 3456 quoque
999 3384 1243 3456 perducti
1273 3393 1396 3456 sunt
1414 3383 1774 3456 utadicultum
1792 3400 1901 3440 ser-

300 3455 545 3525 pentium
577 3460 632 3512 et
661 3455 943 3512 volucrum
972 3455 1305 3511 laberentur.
1341 3455 1448 3511 Sed
1479 3455 1603 3526 quia
1633 3471 1732 3525 per
1761 3455 1903 3512 hanc

302 3527 467 3581 etiam
498 3528 798 3583 caecitatem
826 3542 995 3596 usque
1045 3527 1115 3582 ad
1163 3527 1561 3580 immunditiam
1618 3533 1670 3580 et
1726 3527 1903 3581 carnis

302 3598 665 3653 contumelias
691 3598 1030 3665 ceciderunt,
1054 3598 1170 3668 ipsa
1187 3596 1514 3652 infidelitatis
1529 3612 1718 3652 eorum
1735 3597 1901 3653 caeci-

304 3676 386 3724 tas
407 3669 1041 3739 praecedentiintellectui
1063 3677 1113 3723 et
1132 3676 1416 3739 peccatum
1434 3677 1580 3723 estet
1600 3683 1762 3738 paena
1785 3685 1903 3739 pec-

300 3740 403 3794 cati
416 3740 768 3811 subsequenti
789 3755 918 3795 vero
941 3740 1297 3794 immunditim
1310 3744 1590 3811 peccatum
1605 3739 1807 3794 factum
1819 3747 1903 3795 est

306 3819 360 3864 et
391 3827 552 3866 causa
586 3810 819 3881 peccati.
882 3811 1002 3866 Hoc
1047 3819 1227 3867 autem
1274 3810 1432 3865 nobis
1478 3826 1607 3866 cum
1667 3816 1901 3865 tremore

305 3883 762 3938 considerandum
794 3890 894 3938 est.
929 3881 1202 3952 quomodo
1227 3882 1403 3950 justus
1451 3889 1503 3952 et
1560 3881 1900 3951 omnipotens

303 3954 468 4016 Deus.
501 3969 625 4009 cum
683 3951 1116 4024 praecedentibus
1165 3954 1400 4022 peccatis
1456 3951 1718 4024 irascitur,
1779 3968 1901 4024 per:

304 4025 544 4079 mittitut
572 4023 775 4080 caecata
807 4041 961 4078 mens
992 4024 1156 4078 etiam
1179 4024 1233 4078 in
1265 4024 1386 4078 aliis
1417 4023 1632 4077 labatur
1659 4041 1671 4086 ;
1699 4030 1753 4076 ut
1794 4023 1900 4095 qui

301 4097 456 4166 prius
487 4096 712 4151 sciendo
745 4094 979 4150 rebelles
1010 4102 1152 4162 sunt,
1188 4096 1536 4166 postmodum
1570 4099 1627 4148 ut
1657 4094 1901 4166 nesciant

305 4164 666 4234 echentur,
699 4167 835 4221 sicut
865 4167 932 4220 de
963 4167 1171 4221 eisdem
1190 4164 1512 4220 infidelibus
1559 4173 1611 4219 et
1658 4164 1897 4233 lubricis,

305 4239 394 4307 qui
426 4245 827 4309 cognoscentes
857 4237 1052 4305 Deum,
1073 4253 1178 4291 non
1209 4236 1534 4309 sicutDeum
1553 4234 1900 4306 glorificave-

301 4316 431 4362 runt
468 4308 629 4378 paulo
661 4317 783 4378 post
813 4309 1033 4362 additur
1064 4325 1074 4360 :
1117 4308 1517 4364 Tradiditillos
1547 4310 1688 4362 Deus
1710 4309 1771 4362 in
1807 4323 1900 4362 re-

303 4379 543 4450 probum
573 4395 826 4444 sensum,
849 4385 911 4434 ut
927 4379 1231 4450 faciantea
1249 4396 1372 4449 quae
1399 4396 1515 4435 non
1532 4379 1897 4434 conveniunt.

301 4449 444 4519 Quia
460 4451 604 4505 enim
635 4450 1263 4522 glorificarenoluerunt
1292 4467 1454 4522 quem
1503 4457 1894 4522 cognoverunt,

302 4523 540 4591 reprobo
571 4521 750 4576 sensui
782 4521 1086 4591 traditi,gad
1119 4523 1223 4576 hoc
1253 4521 1420 4575 relicti
1444 4530 1564 4575 sunt
1607 4528 1662 4574 ut
1717 4521 1895 4574 nesci-

301 4589 424 4647 rent
453 4591 612 4646 etiam
633 4606 874 4662 pensare
898 4589 1042 4646 male
1064 4609 1187 4662 quae
1210 4592 1501 4646 faciebant.
1536 4593 1601 4645 Et
1627 4592 1715 4661 qui
1760 4607 1900 4662 cog-

301 4672 592 4718 noscentes
636 4661 834 4730 Deum,
895 4671 1171 4732 peccatum
1223 4664 1492 4733 superbia:
1548 4661 1902 4733 intelligendo

301 4733 741 4805 commiserunt,
781 4741 1055 4788 caecantur
1085 4735 1245 4788 etiam
1277 4751 1344 4789 ne
1393 4733 1699 4805 intelligant
1758 4734 1903 4802 quod

309 4805 630 4859 admittunt.
663 4804 861 4876 Prioris
890 4820 1021 4875 ergo
1065 4806 1278 4876 peccati
1311 4806 1500 4860 merito
1554 4804 1903 4876 peccatorum

298 4876 748 4948 subsequentium
781 4875 938 4948 fovea
970 4877 1185 4948 tegitur,
1219 4885 1275 4930 ut
1309 4877 1399 4948 qui
1460 4876 1662 4929 malum
1721 4875 1900 4929 sciens

299 4953 602 5017 perpetrat,
633 4946 886 5016 deinceps
910 4946 1055 5015 juste
1077 4947 1131 5000 in
1161 4947 1279 5002 aliis
1308 4946 1464 5002 etiam
1497 4948 1748 5017 nesciens
1804 4962 1901 5000 ca-

301 5016 417 5072 dat.
451 5017 568 5072 Hoc
599 5017 801 5088 quippe
830 5018 1026 5088 agitur,
1061 5026 1112 5072 ut
1161 5019 1334 5088 culpae
1387 5018 1559 5087 culpis
1614 5016 1898 5085 feriantur,

303 5099 572 5160 quatenus
603 5087 1023 5158 supplicia’liant
1052 5092 1388 5160 peccantium
1420 5091 1541 5159 ipsa
1569 5088 1904 5143 incrementa

301 5159 587 5214 vitiorum.
619 5159 742 5213 Nim
775 5175 892 5231 rum
918 5159 1065 5229 justo
1099 5161 1308 5230 judicio
1340 5162 1526 5231 augeri
1557 5161 1718 5229 culpa
1773 5175 1900 5231 per-

301 5231 558 5294 mittitur,
595 5238 651 5284 ut
682 5231 752 5284 ad
782 5229 1087 5285 feriendum
1103 5229 1262 5286 altius
1293 5229 1611 5302 quandoque
1650 5230 1900 5302 cumule-

305 5310 424 5355 tur.
464 5302 602 5355 Hinc
631 5317 813 5355 rursus
843 5302 910 5355 de
941 5302 1265 5374 quibusdam
1287 5303 1485 5358 Paulus
1514 5302 1642 5374 dicit
1666 5318 1688 5374 _:
1711 5301 1775 5357 Ut
1797 5301 1902 5356 im-

300 5373 505 5445 pleant
523 5375 756 5445 peccata
771 5389 877 5445 sua
891 5372 1110 5445 semper
1125 5375 1176 5443 (I
1197 5375 1374 5429 Thess.
1401 5389 1460 5438 ιι,
1483 5373 1591 5443 16).
1613 5372 1755 5445 Hinc
1772 5386 1903 5427 voce

304 5441 559 5514 angelica
580 5443 774 5514 Joanni
801 5441 1040 5498 dicitur}
1082 5441 1184 5514 qui
1214 5449 1394 5506 nocet,
1430 5441 1633 5500 noceat
1661 5441 1844 5498 adhuc
1883 5455 1903 5492 ἔ

302 5518 362 5585 et
375 5513 472 5583 qui
491 5515 550 5568 in
564 5513 820 5569 sordibus
837 5521 940 5580 est,
955 5517 1236 5572 sordescat
1255 5516 1434 5570 adhuc
1449 5516 1903 5585 (Apoc.xxn,tl).

301 5584 444 5638 Hinc
473 5585 647 5639 David
678 5586 751 5638 ait
784 5588 1593 5656 :Apponeiniquitatemsuper
1621 5586 1902 5656 iniquita-

302 5659 423 5710 tem
445 5657 798 5728 ipsorum._et
812 5673 924 5712 non
940 5660 1237 5712 intrentin
1241 5659 1536 5728 justitiam
1563 5656 1902 5718 tuam(Psal.

300 5741 497 5799 vanl,
520 5729 636 5799 28).
672 5726 807 5782 Hinc
839 5744 934 5798 per
962 5729 1180 5799 Moysen
1201 5726 1463 5784 Dominus
1492 5728 1622 5782 dicit
1653 5745 1664 5780 :
1701 5729 1786 5785 Ea:
1816 5728 1894 5781 vi-

298 5813 418 5874 nea
439 5795 1023 5874 Sodomorum'vinea
1043 5795 1257 5874 eorum,
1277 5804 1332 5857 et
1346 5815 1587 5874 propago
1618 5814 1812 5874 eorum
1828 5813 1904 5854 ex

303 5869 645 5931 Gomorrha:
661 5886 770 5929 uva
785 5885 1001 5941 eorum,
1015 5887 1126 5930 uva
1138 5873 1319 5947 fellis,
1336 5869 1393 5930 et
1409 5869 1602 5932 botr'us
1624 5872 1812 5929 amari
1818 5874 1906 5926 tu-

2036 487 2128 526 ror
2143 473 2398 550 aspidum
2418 473 2777 550 insanabilis.
2795 479 2988 532 Nonne
3004 477 3120 550 haec
3141 483 3477 550 congregata
3490 473 3628 536 sunt

2033 543 2184 614 apud
2203 559 2311 609 me,
2326 550 2380 598 et
2392 547 2610 614 signata
2627 548 2685 601 in
2707 549 2989 604 thesauris
3012 549 3149 604 meis
3164 543 3266 603 Pin
3287 543 3375 606 die
3389 553 3627 608 ultionis

2039 614 2272 668 reddam
2289 617 2572 676 eis(Deut.
2613 635 2841 682 Lxxxnt,
2881 621 2991 688 32).
3034 618 3209 688 Quam
3256 623 3424 676 multa
3484 624 3629 680 mala

2039 698 2226 762 eorum
2244 688 2480 762 narravit
2507 695 2560 762 et
2589 697 2762 744 tamen
2796 690 2939 746 illico
2967 691 3215 760 adjunxit
3249 693 3355 762 :fln
3383 698 3626 762 tempore

2034 771 2139 826 quo
2169 758 2360 827 lapsus
2379 760 2561 826 fuerit
2584 776 2678 828 pes
2700 776 2913 816 eorum.
2946 758 3089 816 Ecce
3121 761 3461 819 atrocissima
3496 758 3623 820 illo-

2037 841 2153 880 rum
2186 828 2430 883 facinora
2460 829 2858 897 describuntur,
2892 841 2944 887 et
2968 841 3142 887 tamen
3169 835 3234 887 ad
3265 834 3410 888 diem
3453 835 3623 892 ultio-

2035 897 2120 975 nis
2145 898 2323 952 adhuc
2352 900 2910 975 subsequenslapsus
2964 905 3224 973 aspicitur
3271 921 3376 975 quo
3435 923 3624 962 eorum

2036 969 2215 1037 culpa
2247 969 2605 1026 cumulentur.
2628 969 2844 1027 Habent
2867 973 2985 1037 jam
3015 969 3158 1029 unde
3190 969 3335 1030 feriri
3367 993 3622 1034 merean-

2039 990 2215 1037 cuipae
2247 990 2605 1026 Cumwentur.
2628 990 2844 1027 nanent
2897 990 2985 1028 am
3015 990 3158 1029 unde
3190 990 3335 1030 leI'lI‘l
3367 993 3622 1034 merean-

2039 1046 2139 1107 tur,
2173 1042 2268 1095 sed
2300 1043 2590 1119 sustinetur
2618 1051 2799 1119 tamen
2817 990 2994 1100 adhuc
3023 1056 3299 1119 peccatum
3354 1063 3622 1119 crescere,

2035 1119 2091 1163 ut
2116 1121 2400 1180 peccantes
2431 1116 2603 1180 possit
2631 1116 2863 1170 atrocior
2884 1131 3045 1185 paena
3073 1118 3334 1173 cruciare.
3356 1120 3474 1173 Jam
3506 1116 3625 1176 meé

2034 1189 2180 1235 retur
2207 1185 2531 1259 supplicium
2568 1194 2874 1255 peccatum,
2933 1194 2986 1241 et
3027 1191 3473 1259 causapeccati,
3525 1192 3624 1248 sed

2032 1262 2379 1334 exspectatur
2400 1256 2581 1312 adhuc
2610 1265 2664 1311 ut
2689 1265 3045 1334 augmentum
3068 1256 3301 1330 supplici
3359 1256 3627 1334 subroget

2031 1332 2314 1394 peccatum
2345 1333 2396 1381 et
2426 1342 2585 1397 poena
2612 1330 2840 1398 peccati.

2032 1415 2159 1464 CAP.
2212 1411 2273 1464 11-
2332 1445 2395 1454 -—
2424 1416 2647 1467 Feminae
2689 1431 2853 1468 earum
2908 1420 3293 1471 immutaverunt
3333 1423 3627 1475 naturalem

2098 1483 2317 1554 usumin
2337 1497 2452 1533 eum
2496 1495 2642 1533 usum
2698 1484 2786 1549 qui
2829 1489 2908 1536 est
2945 1491 3124 1536 contra
3163 1495 3403 1539 naturam
3456 1488 3625 1554 (Rom.

2108 1562 2148 1613 ι,
2171 1549 2275 1609 eo).

2100 1634 2186 1705 (In
2229 1633 2482 1705 exposit.
2547 1634 2606 1688 B.
2664 1633 2788 1701 Job,
2847 1633 2941 1688 lib.
2975 1652 3128 1704 xxnt,
3157 1652 3312 1691 num.
3347 1640 3425 1705 ες.)
3444 1639 3621 1697 Omne

2029 1699 2176 1776 quod
2207 1699 2404 1761 dicitur
2430 1699 2834 1830 quadripartita
2890 1713 3067 1775 potest
3115 1699 3372 1778 qualitate
3407 1699 3620 1766 'distin-

2029 1776 2134 1830 zuit
2163 1794 2174 1830 :
2209 1777 2250 1830 si
2270 1784 2361 1830 aut
2379 1776 2516 1829 mala
2536 1791 2624 1830 ma
2649 1793 2698 1830 e.
2719 1785 2809 1830 aut
2828 1776 2967 1830 bona
2990 1777 3148 1830 bene.
3169 1780 3430 1830 autmala
3454 1782 3612 1830 bene-

2017 1776 2174 1851 guit_:
2209 1777 2250 1830 si
2270 1784 2361 1830 aut
2379 1776 2698 1851 malamala,
2719 1776 2967 1851 autbona
2990 1776 3148 1851 bene,
3169 1780 3430 1835 autmala
3454 1782 3613 1851 bene,

2017 1846 2109 1902 aut
2147 1847 2291 1902 bona
2322 1846 2462 1900 male
2494 1847 2767 1922 dicantur.
2805 1848 2946 1922 Male
2977 1850 3121 1903 enim
3144 1851 3348 1906 malum
3386 1846 3613 1922 dicitur,

2017 1935 2140 1972 cum
2169 1933 2252 1972 res
2282 1933 2535 1988 perversa
2553 1919 2826 1982 suadetur,
2865 1919 3002 1974 sicut
3033 1923 3294 1990 scriptum
3333 1932 3414 1976 est
3439 1942 3450 1977 :
3515 1919 3615 1980 Beé

2016 1991 2179 2045 nedic
2212 1991 2338 2053 Deo,
2372 1994 2429 2045 et
2453 2005 2671 2046 morere
2700 1991 2834 2058 (Job.
2865 2005 2924 2057 ιι,
2957 1993 3037 2059 9).
3066 1993 3272 2047 Bonum
3302 1994 3439 2049 bene
3471 1995 3612 2051 dici-

2017 2068 2118 2126 tur,
2153 2077 2275 2116 cum
2306 2069 2456 2115 recte
2495 2068 2644 2115 recta
2674 2060 3053 2130 praedicantur,
3086 2064 3474 2119 sicutJoannes
3496 2067 3605 2121 ait:

2017 2133 2177 2207 Agite
2195 2133 2616 2207 paenitentiam,
2659 2132 3132 2207 appropinquavit
3171 2137 3328 2207 enim
3370 2153 3608 2207 regnum

2013 2205 2278 2276 caelorum
2294 2205 2496 2276 (Joan._
2514 2217 2592 2276 ix,
2628 2203 2743 2272 28).
2771 2204 2973 2276 Malum
2994 2203 3133 2259 bene
3153 2205 3368 2270 dicitur,
3391 2203 3610 2276 quando

2054 2291 2113 2328 er
2139 2291 2202 2329 os
2230 2275 2454 2348 dicentis
2483 2274 2688 2348 idcirco
2731 2274 2920 2348 vitium
2951 2276 3294 2344 exprimitur,
3324 2286 3380 2331 ut
3409 2274 3606 2348 repro-

2053 2353 2188 2412 etur,
2223 2346 2361 2400 sicut
2395 2346 2588 2399 Paulus
2620 2346 2732 2400 ait:
2766 2347 3010 2401 Femina:
3039 2363 3233 2402 eorum
3269 2346 3611 2406 immutave-

2012 2421 2153 2472 runt
2184 2415 2516 2491 naturalem
2537 2417 2779 2472 usumin
2800 2432 2926 2491 eum
2958 2433 3125 2473 usum
3155 2421 3250 2491 qui
3279 2425 3364 2475 est
3405 2427 3610 2478 contra

2011 2494 2315 2561 naturam.
2332 2486 2452 2561 Quo
2481 2487 2600 2561 loco
2619 2488 2959 2542 exsecranda
2977 2486 3192 2561 quoque
3212 2491 3450 2545 virorum
3478 2493 3608 2548 faci-

2009 2575 2143 2614 nora
2161 2558 2420 2621 subdidit,
2447 2559 2542 2612 sed
2562 2561 2781 2613 honeste
2799 2558 3087 2614 inhonesta
3106 2558 3372 2626 narravit,
3392 2573 3443 2616 ut
3460 2565 3608 2618 mul-

2010 2636 2095 2685 tos
2125 2630 2194 2684 ad
2217 2629 2517 2684 honestatis
2557 2630 2787 2684 formam
2809 2630 3099 2685 inhonesta
3120 2633 3396 2688 narrando
3445 2650 3608 2690 revo-

2009 2710 2175 2756 caret.
2203 2701 2342 2756 Male
2369 2709 2550 2755 autem
2583 2701 2784 2756 bonum
2817 2701 3037 2769 dicitur,
3080 2717 3201 2757 cum
3235 2713 3440 2758 rectum
3499 2706 3606 2759 ali-

2049 2771 2138 2826 uid
2155 2780 2299 2827 recto
2320 2772 2499 2826 studio
2531 2787 2638 2827 non
2664 2772 2964 2842 profertur;
2985 2774 3124 2828 sicut
3143 2775 3449 2830 illuminato
3465 2792 3610 2832 caeco

2013 2789 2138 2896 quia
2155 2789 2299 2827 recto
2320 2789 2499 2826 εωαιο
2531 2789 2638 2827 non
2664 2789 2964 2842 prorertur;
2985 2789 3124 2828 sxcut
3143 2789 3449 2830 mummato
3465 2792 3610 2832 caeco

2054 2844 2262 2899 barisaai
2286 2844 2511 2914 dixisset
2529 2843 2883 2912 perhibentur
2916 2861 2928 2896 :
2968 2845 3044 2899 Tu
3063 2850 3139 2900 sis
3156 2846 3470 2913 discipulus
3489 2849 3614 2914 eius

2014 2914 2237 2983 (Matth.
2265 2931 2341 2980 ιιι,
2373 2917 2448 2982 2).
2483 2913 2641 2982 Quod
2691 2914 3092 2968 maledictionis
3122 2917 3307 2986 utique
3354 2913 3613 2973 dixerunt

2009 2986 2209 3050 studio,
2242 3001 2349 3039 non
2377 2986 2637 3040 orationis
2666 2993 2790 3040 voto
2824 3006 2836 3043 ;
2869 2986 2952 3040 vel
2997 2986 3135 3041 sicut
3190 2986 3423 3056 Caipbas
3478 2988 3552 3043 ait
3594 3008 3607 3044 :

2013 3057 2260 3128 Expedit
2289 3073 2468 3112 unum
2498 3057 2643 3112 mori
2668 3070 2778 3128 pro
2797 3057 3015 3126 populo,
3048 3061 3115 3112 ut
3142 3074 3258 3114 non
3297 3063 3420 3114 tota
3473 3075 3612 3128 gens

2009 3129 2408 3252 pereatann.
2443 3145 2520 3193 xx,
2552 3129 2665 3196 50).
2702 3127 2906 3180 Bonum
2940 3127 3161 3198 quippe,
3187 3129 3285 3184 sed
3319 3146 3424 3185 non
3468 3127 3612 3186 bene

2033 3207 2254 3252 ocustus
2279 3206 2377 3252 est.
2411 3201 2541 3252 auia
2570 3199 2698 3252 dum
2737 3198 3115 3252 crudelitatem
3157 3201 3304 3252 necis
3361 3202 3607 3252 appetiit.

2033 3206 2377 3272 ocustusest,
2411 3199 2698 3272 quiaddum
2737 3198 3115 3272 crudelitatem
3157 3201 3304 3256 necis
3361 3202 3607 3272 appetiit,

2013 3270 2407 3342 redemptionis
2430 3267 2659 3340 gratiam
2690 3269 3056 3339 prophetavit.
3396 3267 3410 3272 ’
3432 3267 3449 3272 “
3595 3267 3602 3271 ’
3667 3267 3672 3272 ’

2011 3361 2146 3414 Cn.
2177 3361 2264 3412 ΙΙΙ.
2285 3385 2348 3398 -—
2370 3359 2599 3424 Ignoras,
2625 3361 2863 3428 quoniam
2884 3359 3170 3422 benignitas
3190 3362 3292 3416 Dei
3331 3364 3401 3415 ad
3437 3365 3608 3428 ρωηε-

2371 3432 2580 3480 tentiam
2605 3434 2653 3477 te
2676 3426 2887 3479 adducit
2913 3429 3081 3493 (Rom.
3113 3441 3171 3492 ιι⁹
3197 3430 3269 3492 ι).

2087 3531 2224 3599 (Lib.
2257 3547 2296 3598 ι,
2337 3530 2393 3585 in
2423 3529 2654 3598 Ezecb.,
2686 3529 2839 3584 hom.
2873 3528 2961 3596 ll,
2990 3545 3137 3584 num.
3173 3529 3296 3599 25.)
3331 3531 3487 3602 Saepe
3505 3531 3612 3587 ad-

2010 3604 2235 3658 venitut
2274 3603 2404 3657 dum
2435 3616 2668 3672 superna
2698 3608 3007 3672 peccatores
3029 3607 3311 3671 exspectat
3367 3603 3610 3658 clemen-

2013 3674 2106 3739 tia,
2138 3674 2191 3728 in
2225 3675 2490 3744 majorem
2513 3671 2709 3744 cordis
2736 3671 3018 3744 prosiliant
3071 3673 3395 3730 caacitatem.
3463 3674 3612 3742 Quos

2015 3753 2164 3800 tanto
2195 3742 2491 3798 districtior
2517 3742 2758 3812 sequitur
2786 3742 3071 3809 sententia,
3095 3751 3296 3812 quanto
3323 3745 3609 3813 peccanti-

2012 3815 2115 3869 bus
2153 3816 2229 3870 eis
2261 3828 2463 3885 magna
2492 3820 2570 3868 est
2603 3821 2902 3885 praerogata
2933 3813 3210 3885 patientia,
3262 3813 3389 3885 quia
3425 3815 3614 3872 divina

2011 3887 2273 3940 severitas
2295 3883 2626 3956 eo'miquum
2642 3883 2818 3956 acrius
2833 3883 3004 3956 punit,
3025 3899 3132 3956 quo
3149 3884 3351 3939 diutius
3368 3887 3607 3955 pertulit.

2011 3957 2325 4012 Misericors
2341 3953 2543 4028 quippe
2563 3956 2705 4009 Deus
2722 3953 2790 4028 ad
2822 3953 3193 4028 paenitentiam
3213 3953 3425 4025 tempus
3451 3957 3610 4012 nobis

2013 4024 2872 4098 relaxatpecc'antibus:sedcum
2892 4025 3009 4098 ejus
3055 4025 3248 4098 gratiae
3284 4024 3601 4094 patientiam

2012 4116 2110 4156 nos
2127 4101 2196 4172 ad
2213 4095 2567 4172 augmentum
2587 4095 2842 4172 vertimus
2853 4096 3049 4172 culpae,
3067 4095 3168 4172 hoc
3186 4097 3362 4172 ipsum
3390 4105 3606 4172 tempus

2012 4171 2160 4242 quod
2189 4170 2259 4225 ad
2285 4165 2616 4242 parcendum
2656 4166 2746 4236 pie
2785 4165 3065 4242 disposuit,
3093 4166 3385 4242 districtius
3429 4165 3605 4242 adfe-

2013 4237 2257 4297 riendum
2286 4237 2444 4294 vertit
2475 4261 2489 4307 ;
2524 4248 2580 4293 ut
2608 4254 2728 4293 cum
2780 4238 2975 4292 reverti
3029 4237 3150 4308 quis
3205 4238 3367 4293 etiam
3426 4239 3604 4308 spatio

2012 4313 2272 4383 temporis
2301 4319 2523 4380 accepto
2553 4309 2933 4383 noluerit,__per
2959 4310 3061 4363 hoc
3089 4308 3234 4383 mala
3264 4325 3358 4383 sua
3379 4310 3448 4363 ad
3477 4326 3604 4383 reae

2012 4379 2138 4439 tum
2157 4392 2375 4455 augeat,
2409 4379 2509 4455 per
2536 4380 2680 4455 quod
2704 4396 2764 4434 ea
2796 4379 3003 4455 diluere
3035 4379 3224 4450 potuit,
3265 4380 3312 4434 si
3361 4382 3606 4455 converti

1932 4471 1985 4535 ο
2016 4451 2478 4535 voluisset._Uncle
2507 4452 2763 4535 scripturn
2777 4458 2868 4535 .est
2891 4451 3603 4535 :_Ignp_ras,‘qu’gniam.be-

2013 4527 2269 4598 nignitas
2283 4524 2382 4580 Dei
2400 4525 2471 4579 ad
2483 4524 2886 4596 pcenitentiam
2910 4527 2962 4598 te
2975 4522 3241 4598 adducit?
3268 4523 3604 4598 Secundum

2011 4594 2284 4654 duritiam
2297 4594 2493 4652 autem
2517 4599 2695 4661 tuam,
2729 4598 2785 4649 et
2814 4609 2904 4649 cor
2924 4594 3289 4664 impwnitens
3313 4595 3602 4652 thesauri-

2012 4685 2107 4725 παι
2131 4669 2232 4724 tibi
2265 4669 2411 4723 iram
2429 4683 2491 4721 in
2505 4667 2596 4722 die
2615 4667 2737 4731 ira,
2771 4669 2828 4721 et
2847 4666 3211 4738 reuelationis
3226 4667 3381 4736 justi
3393 4668 3608 4738 judicii

2010 4741 2137 4796 Dei.
2176 4740 2274 4795 Dei
2306 4738 2811 4810 benignitareergo
2834 4736 3220 4810 omnipotentis
3259 4736 3403 4810 _Deo'
3458 4739 3595 4810 iram

2011 4812 2113 4866 sibi
2144 4811 2197 4864 in
2230 4811 2326 4865 die
2356 4806 2472 4865 irai
2489 4806 2756 4878 reprobus
2777 4807 3121 4875 tliesaurizat,
3182 4808 3308 4878 quia
3359 4807 3501 4878 dum,
3530 4806 3602 4861 ad

2012 4883 2384 4954 pcnnitendum
2435 4890 2652 4949 tempus
2709 4879 3092 4954 accipiturtet
3147 4877 3216 4954 ad_
3266 4877 3603 4954 peccandum

2012 4947 2317 5022 exhibetur,
2351 4953 2528 5023 ipsum
2551 4947 2857 5023 remedium
2879 4947 3068 5023 gratiae
3086 4947 3244 5000 vertit
3262 4948 3317 5023 in
3339 4963 3605 5023 augmen-

2015 5033 2124 5080 tum
2157 5017 2541 5094 culpaernde
2578 5017 3006 5094 et‘omnipoiens
3028 5019 3191 5094 Deus,
3225 5017 3376 5094 quia.
3409 5018 3608 5094 collata

2011 5087 2266 5150 remedia
2291 5093 2561 5164 conspicit
2584 5091 2653 5145 ad
2671 5087 3028 5164 augmentum
3050 5087 3400 5164 culpast-rubi,
3422 5088 3598 5164 ipsam

2013 5157 2600 5239 benignitatemquam
2632 5157 2861 5239 contulit
2890 5159 2944 5239 i_n
2969 5158 3182 5239 iudicii.
3217 5157 3610 5239 districtionem

2011 5228 2194 5305 vertivt,
2241 5245 2300 5292 ut
2329 5228 2608 5304 inde-post
2644 5231 2874 5300 amplius
2894 5230 3050 5305 feriat
3076 5228 3218 5284 unde
3271 5229 3436 5305 modo
3481 5245 3606 5286 am-

2019 5310 2162 5380 plius
2182 5301 2501 5378 exspectat:
2519 5307 2586 5359 Et
2616 5305 2742 5373 quia
2764 5304 2925 5380 h_omo
2953 5302 3202 5380 deserere
3260 5301 3463 5356 malum
3501 5317 3613 5358 non

2022 5370 2159 5449 vult,
2191 5389 2251 5435 ut
2278 5370 2445 5444 vivat,
2475 5370 2673 5448 augeat
2698 5372 2842 5426 unde
2871 5370 3161 5426 moriatur.

2017 5485 2148 5533 CAP.
2208 5477 2299 5530 IV.
2345 5501 2406 5512 —
2446 5475 2541 5536 Qui
2585 5470 2766 5522 reddet
2818 5468 3083 5533 unicuique
3116 5471 3389 5522 secundum
3461 5485 3610 5536 opera

2577 5541 2687 5602 ejus
2706 5539 2869 5602 (Rom.
2895 5551 2950 5602 ιι,
2974 5538 3046 5598 ϐ).

2085 5649 2172 5719 (In
2203 5644 2434 5719 exposit.
2461 5644 2530 5719 B._
2551 5641 2687 5719 Job,_
2709 5640 2804 5694 lib.
2836 5655 3042 5719 _xxvm,
3101 5656 3254 5719 num.
3303 5642 3416 5719 ὃς.)
3469 5642 3621 5719 Sicut

2011 5711 2196 5791 aliqua
2215 5711 2421 5791 fabrica
2451 5713 2738 5791 columnis,
2767 5711 3035 5791 columnae
3063 5711 3449 5791 vero_basibus
3473 5713 3621 5768 inni-

2022 5782 2226 5856 tuntur,
2260 5789 2334 5842 ita
2361 5788 2471 5842 vita
2501 5793 2685 5839 nostra
2706 5785 2765 5856 in
2790 5782 3120 5856 dvirtutibus,
3162 5782 3386 5856 virtutes
3442 5791 3624 5840 autem

2022 5863 2076 5920 in
2098 5853 2294 5918 intima
2321 5856 2617 5916 intentione
2653 5853 2970 5914 subsistunt.
3010 5856 3182 5915 Bases
3208 5855 3410 5931 quippe
3430 5856 3622 5914 unius-
