4082 6170
494 258 631 316 1299

498 391 586 440 tur
617 399 629 436 :
665 387 871 437 tantum
899 392 1028 435 vero
1058 375 1130 432 ad
1159 370 1837 444 subsequentislibertatis
1861 367 2094 444 gloriam
2121 365 2178 424 A

501 463 628 511 tunc
655 453 711 508 in
741 452 840 507 Dei
871 449 1086 506 famulis
1118 447 1188 502 de
1215 440 1476 502 servitute
1509 442 1639 497 nihil
1672 440 1985 512 apparebit.

501 561 809 616 CALXVII.
859 589 920 598 —
973 558 1088 621 Ipsa
1139 563 1379 607 creatura
1427 553 1734 604 liberabitur
1763 564 1798 621 ρ
1845 549 2102 621 seruitute

563 615 897 690 corruptionis
963 615 1019 675 in
1079 624 1358 674 libertatem
1451 621 1632 686 gloriae
1715 619 1941 680 ﬁliorum
1999 615 2100 666 Dei

570 699 729 765 (Rom.
759 709 868 756 vm,
894 693 997 757 21).

577 793 717 864 (Lib.
750 790 877 864 1,7in
906 790 1127 854 Ezech.,
1161 787 1314 864 hom.
1393 785 1450 864 ξ»,
1517 783 1781 864 num._13
1814 781 2096 864 ξοὶιοιηῖβ,

506 851 654 920 num.
692 851 936 932 3).'Dum
967 851 1220 932 praesenti
1251 856 1451 911 saeculo
1484 855 1661 909 adhuc
1680 853 1731 932 in
1745 851 2100 932 gobismetip-

507 938 582 992 sis
610 921 882 1005 repugnat
911 921 1220 1005 corruptio,
1241 923 1706 1005 nequaquamnad
1745 925 1942 1005 Deum_
1975 921 2098 1005 leu-

507 994 782 1073 dandum:
800 1004 913 1058 sive
951 994 1453 1073 contemplandum
1493 996 1732 1066 perfecte
1791 994 2101 1073 libertatem

506 1079 702 1134 mentis
727 1065 975 1132 obtinere
1002 1065 1306 1146 possumus,
1341 1065 1587 1146 sed_post
1617 1081 1854 1146 praesens
1900 1065 1968 1119 ad
1998 1079 2099 1146 ve-

507 1166 625 1204 ram
657 1149 958 1203 libertatem
1003 1135 1400 1214 perveniemus.
1431 1135 1580 1214 Tune
1618 1135 1796 1214 enim_
1825 1137 1878 1214 in
1933 1135 2102 1214 nobis

510 1237 643 1275 vera
673 1220 893 1274 libertas
922 1207 1022 1269 erit
1036 1229 1156 1269 cum
1177 1213 1243 1266 ad
1261 1213 1490 1284 gloriam
1513 1208 1742 1284 filiorum
1761 1209 1868 1284 Dei
1880 1207 2102 1284 adoptio

512 1300 699 1346 nostra
726 1286 1050 1360 pervenerit.
1096 1277 1301 1339 Omnes
1329 1283 1481 1360 enim
1501 1279 1655 1360 electi
1692 1279 2018 1360 quandoque
2047 1277 2104 1330 in

511 1352 786 1417 caelestem
817 1359 1046 1430 patriam
1063 1354 1576 1430 congregabuntur,
1597 1358 1664 1430 et
1686 1352 1763 1430 in
1793 1352 1910 1404 Deo
1941 1363 2100 1430 quem

511 1433 773 1488 videbunt
817 1421 1260 1483 'immutabunt'ur
1283 1421 1310 1489 ξ
1332 1433 1460 1478 tunc
1487 1422 1732 1492 perfecte
1760 1437 1964 1492 corpus
1995 1421 2103 1474 Re-

513 1501 811 1573 demptoris
843 1499 1020 1556 omnis
1050 1496 1342 1573 multitudo
1362 1491 1689 1573 _s_anetorum
1731 1491 1996 1573 efficietur
2052 1497 2108 1544 et

512 1563 751 1630 videndo
780 1569 1257 1638 incorruptionem,
1288 1565 1436 1638 nulla
1490 1563 1893 1638 incorruptione
1951 1570 2104 1638 tene-

515 1645 676 1706 bitur,
688 1643 847 1712 juxta
870 1633 1019 1696 Pauli
1039 1655 1224 1694 vocem
1239 1633 1469 1693 dicentis
1492 1654 1503 1712 ς
1529 1637 1671 1712 Quia
1690 1639 1957 1712 creetura
1981 1633 2106 1712 ipsa

515 1705 852 1772 liberabitur
872 1729 907 1767 a
947 1712 1222 1767 servitute
1251 1708 1653 1780 corruptionis,
1681 1707 1746 1780 in
1778 1705 2101 1780 libertatem
2131 1717 2184 1778 Β

511 1787 707 1859 gloria:
727 1786 979 1854 filiorum
1009 1784 1148 1848 Dei;
1175 1778 1868 1859 eiquetuncinhterebunt,
1919 1785 1977 1830 ut
2009 1778 2105 1859 eis

515 1846 584 1913 de
595 1846 962 1926 corruptione.
983 1869 1102 1922 quae
1116 1846 1213 1923 per
1228 1846 1685 1926 resurrectionem
1704 1849 1953 1926 vincitur,
1969 1846 2102 1926 nihil

511 1929 627 1999 jam
656 1927 710 1982 in
734 1918 1049 1999 suosancto
1079 1918 1266 1999 amore
1285 1922 1652 1999 eontradicat,
1685 1919 1780 1974 sed
1811 1918 1958 1999 unita
1978 1919 2104 1999 gie-

513 1989 610 2054 riee
631 2001 714 2053 sui
745 1996 1123 2066 Redemptoris
1145 1994 1254 2050 fiat.
1284 1994 1436 2066 T_unc
1464 1993 1642 2066 itaqiie
1659 2006 1848 2066 omnes
1871 1989 2028 2066 electi
2051 1991 2105 2043 in

515 2070 763 2125 cmlestia
792 2061 1079 2133 sublevati,
1111 2075 1165 2122 et
1184 2063 1541 2134 omnipotenti
1561 2061 1804 2118 Domino
1824 2061 1986 2134 capiti
2007 2075 2104 2115 suo

515 2141 671 2208 uniti,
703 2139 893 2195 laudes
924 2139 1164 2194 omnium
1190 2133 1486 2208 liberatori
1521 2135 1693 2188 libere
1759 2133 1989 2208 reddent
2053 2138 2107 2187 et

513 2203 855 2279 resonabunt,
889 2225 1011 2267 cum
1042 2208 1286 2264 viderint
1314 2208 1428 2262 sine
1457 2205 1564 2261 line
1594 2219 1754 2276 quem
1786 2203 2102 2259 laudabunt.

512 2321 635 2372 CAP.
663 2321 841 2374 XVIII.
871 2345 922 2357 —
956 2319 1068 2381 Ipse
1096 2317 1327 2384 Spiritus
1371 2315 1603 2384 postulat
1625 2328 1724 2379 pro
1737 2313 1902 2384 ‘nebis
1945 2310 2107 2376 gemi-

785 2386 921 2439 tibus
946 2380 1392 2438 inenarrabilibus
1414 2383 1577 2442 (Rom.
1598 2396 1704 2442 vui,
1731 2380 1839 2444 26).

587 2491 667 2556 (In
709 2488 941 2559 exposit.
975 2488 1034 2542 B.
1066 2487 1311 2559 Job,lib,
1346 2502 1403 2552 ιι,
1437 2488 1686 2559 num,_§38
1720 2501 1736 2551 ;
1768 2481 2104 2559 Ho_mil._30,

515 2559 568 2615 in
597 2552 838 2631 Evangi,
865 2576 925 2631 in.
960 2563 1036 2626 3.)
1068 2552 1308 2631 Spiritus
1338 2565 1553 2631 sanctus
1591 2556 1782 2631 Graeca
1837 2552 2108 2631 locutione

516 2625 814 2686 Paraclittis
843 2625 1054 2697 dicitur,
1087 2625 1234 2700 quod
1263 2629 1448 2682 Latina
1477 2627 1786 2700 consolator
1815 2625 2106 2700 vel_advo-

515 2710 671 2758 catus
696 2695 1232 2771 interpretatuerui
1264 2700 1470 2754 idcirco
1533 2699 1833 2771 advocatus
1891 2695 2104 2771 dicitur,

513 2774 639 2846 quia
668 2789 775 2846 pro
797 2767 976 2846 errore
1005 2771 1434 2846 delinquentium
1460 2771 1604 2846 _apud
1618 2767 1884 2838 justitiam
1933 2767 2109 2846 Patris

513 2838 820 2900 intervenit.
861 2838 1187 2898 Consolator
1211 2850 1387 2896 autem
1421 2838 1544 2895 ideo
1574 2848 1820 2905 vocatur,
1880 2838 2008 2909 quia
2036 2838 2107 2892 de

512 2917 719 2986 peccati
750 2915 1157 2986 perpetratione
1189 2912 1560 2986 maerentibus,
1581 2911 1712 2966 dum
1742 2925 1899 2986 spem
1932 2909 2107 2986 venire

511 2979 804 3058 praeparat,
833 2979 899 3040 ab
930 2985 1225 3058 afflictione
1247 2984 1747 3058 tristitize__m_entem
1778 2981 1942 3037 levat.
2001 2979 2105 3058 Qui

514 3052 678 3113 unius
706 3058 1025 3112 substantia:
1055 3072 1178 3112 cum
1212 3057 1366 3111 Patre
1396 3063 1449 3110 et
1477 3054 1609 3109 Filio
1631 3068 1861 3109 exorare
1891 3067 1989 3121 pro
2011 3052 2094 3105 de-

512 3129 882 3199 linquentibus
909 3129 1246 3198 perhibetur,
1263 3127 1630 3199 quoniameos
1653 3141 1794 3199 quos
1814 3123 2111 3199 repleverit

515 3194 806 3256 exerentes
837 3194 982 3254 facit.
1018 3199 1170 3255 Unde
1201 3207 1253 3252 et
1280 3194 1480 3251 Paulus
1500 3197 1629 3251 dicit
1661 3194 1682 3249 ξ
1709 3197 1827 3264 Ipse
1858 3194 2108 3264 Spiritus

514 3274 768 3343 postulat
796 3289 895 3341 pro
918 3271 1077 3343 nobis
1095 3271 1394 3340 gemitibus
1413 3267 1912 3343 i_nenarrabilibt3s.
1932 3266 2108 3343 Minor

516 3335 644 3397 vero
674 3351 755 3397 est
786 3335 877 3410 qui
907 3335 1142 3410 postulat
1170 3356 1329 3409 quam
1354 3339 1443 3410 qui
1474 3337 1795 3410 postulatur.
1820 3335 2108 3410 Quomode

517 3429 652 3482 ergo
684 3407 923 3482 Spiritus—
947 3407 1219 3480 pOstulare
1249 3407 1446 3482 dicitur
1473 3409 1562 3476 qui
1595 3408 1772 3482 minor
1828 3422 1933 3460 non
1957 3415 2047 3482 est
2080 3407 2108 3457 ‘l

512 3477 871 3552 Ne'quaq'uam
899 3477 1070 3553 igitur
1100 3481 1344 3553 postulat
1362 3480 1450 3549 qui
1481 3479 1704 3553 aequalis
1733 3484 1814 3532 est
1838 3495 1850 3540 ;
1874 3477 1973 3533 sed
1994 3492 2111 3546 pos-

514 3549 686 3608 tulare
718 3549 949 3616 dicitur:
966 3549 1222 3622 quoniam
1279 3551 1349 3606 ad
1378 3549 1759 3620 postulandum
1817 3563 1910 3605 eas
1975 3563 2110 3619 quos

514 3624 807 3697 repleverit
828 3623 1147 3678 inﬂammat.

515 3752 648 3802 Cn.
671 3751 805 3804 XIX.
833 3775 897 3789 —
931 3751 1068 3811 Quos
1085 3749 1345 3814 praecinit
1365 3755 1415 3800 et
1468 3748 1848 3812 prodestinavit
1896 3748 2106 3812 confor-

714 3832 816 3870 mes
835 3819 948 3882 ﬁeri
973 3818 1208 3883 imaginis
1225 3817 1357 3870 Filii
1379 3816 1458 3867 sui
1481 3817 1641 3876 (Rom.
1669 3829 1778 3881 vui,
1804 3815 1908 3875 29).

588 3921 672 3988 (In
690 3919 918 3990 exposit.
958 3921 1017 3974 Β.
1048 3919 1172 3986 Job,
1205 3917 1302 3972 lib.
1326 3915 1757 3990 xx,inum._62.)
1802 3916 1861 3970 In
1919 3915 2106 3990 Scrip-

514 3985 638 4072 iura
666 3985 824 4072 sacra
850 3992 1100 4072 quedam
1129 3985 1340 4072 deDeo
1357 3989 1583 4072 indigna
1611 3985 1877 4072 dicuntur,
1899 3985 2109 4072 quiaab

515 4063 765 4116 humanis
787 4062 841 4116 in
867 4057 1019 4116 illum
1053 4061 1400 4132 qualitatibus
1429 4057 1728 4132 trahuntur,
1756 4059 1890 4132 dum
1917 4057 1989 4113 ad
2020 4057 2105 4132 in-

516 4132 785 4188 ﬁrmitatis
814 4142 1014 4188 nostrae
1052 4129 1222 4186 verba
1252 4130 1627 4187 descenditur.
1703 4130 1908 4185 Dicitur
1961 4129 2106 4183 enim

515 4207 805 4273 praescius,
830 4205 1056 4259 sicutde
1075 4204 1167 4258 illo
1188 4203 1568 4272 aitApostolus
1593 4219 1606 4255 :
1637 4203 1782 4273 Quos
1819 4201 2106 4273 praesciuit

519 4271 574 4330 et
606 4275 1037 4345 praedestinavit
1058 4271 1375 4344 conformee
1395 4275 1521 4341 ﬁeri
1541 4272 1812 4344 imaginis
1837 4271 2105 4345 Eiliisui;

514 4343 636 4416 cum
660 4347 1002 4416 praescientia
1020 4361 1126 4400 non
1152 4343 1318 4414 possit
1332 4361 1450 4400 esse
1466 4345 1520 4398 in
1534 4343 1671 4398 Deof
1688 4343 1941 4416 Pnescire
1957 4343 2102 4396 enim

1393 244 1747 302 APPENDIX
1776 242 1870 299 AD
1899 240 1956 298 ε.
1991 235 2332 296 GREGORII
2363 232 2595 290 OPERA
2623 233 2867 292 OMNIA.

3653 235 3794 292 1300

2392 361 2514 414 Car.
2539 362 2648 413 XX.
2673 390 2736 400 —
2758 362 2857 426 Qui
2879 363 3030 414 etiam
3054 360 3341 430 interpellat
3364 373 3458 430 pro
3478 359 3626 414 nobis

2780 431 2943 494 (Rom.
2985 443 3092 489 vui,
3123 428 3233 495 34).

2279 533 2362 592 (ln
2398 530 2630 600 exposit.
2665 531 2723 585 Β.
2748 530 2876 597 Job,
2895 531 2990 585 lib.
3013 546 3152 600 xm,
3176 546 3324 585 num.
3351 528 3808 600 42.)Unigenitus

2207 604 2304 658 Dei
2340 603 2502 656 Filius
2534 603 2696 656 homo
2726 601 2900 656 factus
2929 617 3026 671 pro
3073 602 3232 657 nobis
3287 601 3340 655 in
3397 616 3458 655 se
3507 603 3807 655 humanam

2207 683 2453 728 naturam
2483 673 2735 741 suscepit,
2769 680 2826 726 ut
2857 688 2984 744 quia
3013 689 3148 742 puro
3179 671 3383 744 homini
3413 673 3505 726 via
3533 671 3802 744 redeundi

2208 761 2316 798 non
2341 744 2556 814 patebat
2583 744 2651 798 ad
2683 742 2889 811 Deum,
2905 745 2992 798 via
3021 744 3282 798 redeundi
3313 742 3464 797 ﬁeret
3495 759 3592 811 per
3621 742 3806 796 homi-

2207 831 2331 870 nem
2362 816 2563 869 Deum.
2607 815 2786 884 Longe
2817 815 3018 884 quippe
3046 815 3428 869 distabamusa
3454 815 3603 882 justo
3626 823 3682 866 et
3704 814 3807 866 im-

2207 885 2449 947 mortali,
2475 900 2574 940 nos
2603 886 2862 940 mortales
2890 894 2942 940 et
2986 886 3169 955 tnjusti
3194 903 3206 938 :
3249 885 3344 938 sed
3401 886 3540 939 inter
3568 884 3805 938 immor-

2207 958 2371 1011 talem
2394 957 2597 1025 justum
2628 965 2680 1010 et
2710 972 2809 1010 nos
2857 957 3112 1012 mortales
3165 963 3218 1011 et
3271 957 3502 1026 injustos
3546 955 3805 1025 apparuit

2207 1028 2480 1108 Mediator‘
2499 1027 2597 1108 Dei
2627 1036 2682 1108 et
2707 1028 3009 1108 hominum,
3031 1026 3287 1108 mortalis
3315 1035 3368 1108 et
3380 1027 3580 1108 justus,
3631 1027 3723 1095 qui
3758 1033 3808 1080 et

2207 1107 2436 1154 mortem
2469 1099 2692 1153 haberet
2723 1115 2844 1152 cum
2895 1098 3226 1163 hominibus,
3285 1107 3338 1152 et
3373 1097 3643 1163 justitiam
3685 1112 3808 1152 cum

2208 1172 2359 1236 Deo;
2390 1178 2458 1250 ⁸ιιι
2487 1170 2733 1250 quiaper
2770 1169 2878 1224 ima
2914 1181 3103 1250 nostra
3148 1169 3317 1250 longe
3371 1169 3717 1223 distabamus
3748 1184 3803 1247 _a

2209 1240 2454 1306 summis,
2488 1241 2542 1294 in
2564 1241 2744 1312 seipso
2773 1255 2882 1296 uno
2905 1241 3185 1312 iungeret
3212 1240 3322 1294 ima
3377 1256 3501 1312 cum
3563 1239 3810 1304 summis,

2211 1321 2370 1382 atque
2389 1328 2462 1367 ex
2491 1326 2557 1366 eo
2579 1311 2737 1367 nobis
2766 1311 2854 1367 via
2885 1310 3131 1367 redeunti
3159 1310 3309 1366 ﬁeret
3339 1311 3410 1364 ad
3441 1311 3670 1382 Deum,
3701 1325 3809 1380 quo

2209 1381 2436 1438 summis
2465 1383 2578 1437 suis
2608 1383 2716 1437 ima
2744 1391 2928 1437 nostra
2958 1383 3260 1452 copularet.
3301 1382 3378 1436 De
3402 1397 3510 1453 quo
3535 1381 3812 1453 pes-Joan-

2212 1470 2334 1510 nem
2358 1454 2664 1525 apostolum
2697 1454 2895 1507 dicitur
2925 1471 2937 1507 :
2970 1451 3041 1509 Si
3069 1455 3194 1525 quis
3208 1451 3809 1525 peccauerit,advoca-

2213 1530 2334 1581 tum
2354 1523 2609 1580 habemus
2623 1525 2774 1593 apud
2789 1523 3232 1589 PatremJesunt
3251 1523 3539 1580 Christum
3542 1524 3776 1593 justum
3791 1540 3811 1578 :

2214 1601 2269 1653 et
2300 1597 2418 1668 ipse
2438 1598 2523 1652 est
2550 1596 2882 1668 propitiatio
2896 1613 2998 1667 pro
3021 1597 3268 1668 peccatis
3281 1613 3304 1657 ;
3320 1611 3434 1649 non
3464 1610 3567 1668 pro
3583 1594 3811 1668 uestris

2213 1666 2406 1724 autem
2429 1666 2678 1730 tantum,
2697 1667 2792 1722 sed
2803 1666 2978 1722 etiam
2994 1666 3094 1738 pro
3108 1667 3284 1738 totius
3306 1666 3509 1738 mundi
3550 1666 3600 1727 (Ι
3627 1666 3795 1738 ann.

2213 1755 2328 1802 xxx,
2347 1739 2426 1802 2).
2444 1739 2524 1792 De
2539 1753 2646 1808 quo
2678 1733 3156 1806 Paulusapostolus
3175 1737 3306 1792 dicit
3325 1754 3339 1790 :
3365 1736 3625 1794 Christus
3644 1733 3808 1808 Jesus

2212 1812 2309 1882 qui
2326 1807 2583 1882 mortuus
2604 1814 2690 1864 est
2699 1826 2798 1882 pro
2815 1810 2992 1876 nobis,
3008 1813 3128 1882 imo
3140 1809 3306 1882 quiet
3327 1808 3673 1882 resurrexit,
3703 1807 3811 1882 qui

2213 1878 2296 1936 est
2319 1883 2381 1936 in
2419 1879 2662 1952 dextera
2691 1878 2810 1952 Dei,
2829 1880 3112 1952 quietiam
3131 1878 3464 1952 interpellat
3485 1893 3588 1948 pro
3617 1878 3802 1952 nobis,

2214 1951 2506 2022 Unigenito
2527 1951 2671 2006 enim
2694 1950 2828 2005 Filio
2839 1947 2946 2022 'pro
2959 1951 3177 2005 nomine
3195 1947 3542 2022 interpellare
3563 1957 3644 2003 est
3665 1947 3808 2018 apud

2212 2019 2541 2077 coafternum
2576 2023 2790 2076 Patrem
2820 2019 3054 2092 seipsum
3094 2020 3368 2076 hominem
3398 2019 3801 2092 demonstrare.

2216 2093 2277 2147 Ei
2308 2093 2510 2164 quippe
2547 2107 2648 2164 pro
2679 2089 2916 2164 humana
2945 2100 3133 2147 natura
3160 2106 3388 2164 rogasse
3417 2099 3495 2146 est
3551 2089 3804 2164 eamdem

2213 2161 2460 2219 naturam
2491 2161 2875 2219 in’divinitatis
2921 2180 3032 2218 sua:
3088 2161 3415 2217 celsitudine
3470 2161 3801 2231 suscepisse.

2214 2233 2524 2306 lnterpellat
2552 2234 2719 2306 igitur
2747 2250 2853 2304 pro
2883 2234 3042 2306 nobis
3075 2233 3336 2306 Dominus
3366 2247 3472 2306 non
3523 2247 3686 2306 voce,
3717 2231 3809 2306 sed

2213 2303 2600 2373 miseratione;
2629 2303 2762 2375 quia
2811 2304 2955 2375 quod
3007 2303 3253 2360 damnari
3300 2303 3354 2360 in
3399 2303 3588 2359 electis
3642 2303 3813 2358 noluit

2213 2377 2558 2448 suscipiendo
2586 2376 2862 2432 liberavit.

2213 2486 2345 2537 Car.
2396 2483 2523 2535 XXI.
2579 2509 2644 2522 —
2685 2484 2861 2536 Certus
2909 2499 3038 2546 sum,
3089 2485 3213 2548 quia
3257 2497 3410 2548 neque
3455 2497 3603 2544 mors,
3651 2496 3814 2546 neque

2280 2555 2387 2602 vita
2411 2565 2568 2616 neque
2613 2553 2801 2614 angeli,
2853 2566 3012 2616 neque
3055 2555 3293 2604 creatura
3333 2552 3444 2603 alia
3486 2550 3674 2615 poterit
3717 2565 3803 2602 nos

2279 2631 2521 2683 separare
2543 2632 2573 2668 a
2595 2619 2850 2671 charitate
2887 2621 2988 2670 Dei
3012 2618 3172 2680 (Rom.
3199 2631 3308 2683 VIII,
3331 2619 3442 2683 38).

2288 2721 2369 2788 (In
2399 2719 2640 2792 exposit.
2660 2721 2720 2776 Β.
2750 2721 2876 2792 Job,
2899 2721 2992 2776 lib.
3026 2739 3082 2788 κ,
3117 2739 3268 2776 num.
3300 2720 3416 2792 29.)
3447 2719 3712 2792 Quisquis
3759 2718 3812 2773 in

2213 2791 2674 2872 soloeeternitatis
2703 2791 3003 2872 ‘deciderio
3033 2793 3234 2864 figitur,
3291 2791 3402 2872 nec
3447 2791 3808 2872 prosperitate

2215 2863 2494 2927 attollitur,
2529 2877 2630 2918 nec
2651 2863 2971 2918 adversitate
2992 2861 3294 2933 quassatur.
3320 2861 3462 2918 Dum
3480 2861 3613 2916 nihil
3646 2863 3810 2916 habet

2214 2935 2269 2988 in
2299 2935 2502 2989 mundo
2533 2935 2679 3004 quod
2711 2943 2945 3004 appetat,
2979 2935 3111 2989 nihil
3165 2935 3307 3005 quod
3351 2941 3430 2989 est
3478 2933 3546 2988 de
3603 2933 3808 2988 mundo

2213 3005 2585 3076 pertimescat.
2623 3005 2759 3060 Hinc
2787 3005 2932 3060 enim
2947 3007 3206 3062 Salomon
3219 3008 3290 3060 ait
3315 3023 3326 3058 :
3352 3007 3472 3061 Non
3494 3006 3806 3076 contrista-

2137 3073 2186 3139 C
2213 3073 2296 3132 bit
2316 3078 2545 3146 justum
2560 3076 2891 3147 quidquidei
2910 3076 3186 3132 acciderit
3213 3079 3392 3138 (Prov.
3418 3092 3514 3141 xu,
3535 3076 3650 3143 Ἢ).
3675 3075 3808 3128 Hinc

2216 3148 2410 3202 iterum
2430 3147 2560 3201 dicit
2585 3166 2596 3201 :
2620 3148 2816 3203 Justus
2827 3149 2988 3219 quasi
3006 3149 3089 3204 leo
3106 3148 3414 3216 conﬁdens,
3464 3147 3672 3219 absque
3690 3151 3805 3219 ter-

2217 3235 2342 3274 rore
2363 3220 2472 3274 eril
2487 3221 2667 3287 (Prov.
2691 3217 2882 3299 xitvtii,
2912 3221 2983 3288 1).
3000 3220 3170 3299 'l:anto
3191 3219 3331 3299 enim
3350 3217 3586 3299 quisque
3602 3217 3806 3296 plenius

2217 3306 2247 3344 a
2278 3306 2339 3344 se
2367 3305 2625 3358 pavorem
2659 3289 2748 3358 qui
2780 3305 2847 3344 ex
2880 3287 3082 3345 mundo
3112 3297 3190 3345 est
3221 3287 3436 3358 adjecit,
3497 3296 3701 3357 quanto
3755 3287 3806 3340 in

2218 3361 2511 3430 semetipso
2536 3362 2714 3414 verius
2732 3361 2912 3414 mundi
2937 3360 3433 3430 concupiscentiam
3457 3360 3648 3414 vincit.
3667 3358 3805 3412 Abs-

2219 3448 2322 3503 que
2361 3440 2568 3486 terrore
2601 3432 2796 3485 Paulus
2821 3433 2870 3485 in
2895 3433 3060 3503 corde
3093 3432 3487 3500 requiescebat,
3522 3431 3614 3500 qui
3659 3430 3805 3483 dice-

2218 3503 2342 3557 bat:
2371 3505 2567 3559 Certus
2583 3519 2707 3558 sum
2721 3504 2895 3570 enim,
2915 3502 3057 3575 quia
3079 3519 3256 3575 neque
3286 3518 3454 3569 mors,
3478 3518 3659 3575 neque
3677 3503 3804 3575 vita,

2218 3590 2396 3646 neque
2417 3575 2625 3644 angeli,
2657 3590 2835 3644 neque
2863 3571 3254 3646 principatus,
3291 3589 3469 3646 neque
3499 3571 3802 3646 instantia,

2218 3644 2396 3717 neque
2411 3647 2636 3717 futura,
2657 3661 2835 3715 neque
2847 3644 3143 3714 fortitudo,
3161 3660 3338 3716 neque
3350 3644 3621 3708 altitudo,
3639 3655 3807 3711 neque

2215 3716 2584 3788 profundum,
2619 3731 2796 3787 neque
2826 3717 3247 3788 creaturaalia
3266 3717 3474 3788 poterit
3500 3731 3616 3788 ηοξ
3647 3729 3802 3788 sepa-

2219 3785 2391 3842 rarea
2411 3785 2830 3859 charitate'Dei,
2849 3803 2970 3859 quae
2985 3795 3071 3859 est
3093 3787 3155 3841 in
3176 3785 3398 3842 Chi-isto
3414 3787 3548 3841 Iesu
3571 3785 3802 3859 Domino

2217 3862 2412 3914 nostra
2441 3857 2687 3912 Charitas
2718 3855 2920 3928 quippe
2941 3857 3038 3912 Dei
3067 3866 3302 3912 mentem
3323 3873 3484 3925 quam
3515 3855 3682 3912 semel
3704 3869 3804 3909 cte-

2217 3929 2351 3999 perit
2373 3943 2405 3982 a
2426 3928 2717 3984 dilectione
2733 3929 2916 3983 mundi
2940 3928 3183 3984 funditus
3205 3929 3424 3993 occidit,
3438 3936 3491 3983 et
3509 3929 3647 3983 hanc
3667 3932 3803 3999 tango

2217 3995 2485 4072 valentius
2515 4000 2571 4054 in
2601 4003 2976 4072 auctoritatem
3008 4000 3186 4072 erigit,
3220 4007 3420 4071 quanto
3465 4007 3517 4054 et
3573 3995 3798 4053 insensi-

2216 4071 2380 4126 bilem
2408 4079 2601 4126 contra
2632 4079 2859 4126 terrores
2889 4071 3091 4131 reddit.

2315 4179 2444 4230 Csr.
2469 4179 2628 4230 XXII.
2649 4202 2710 4211 —
2731 4178 2966 4229 Christus
2987 4179 3074 4242 qui
3095 4185 3175 4228 est
3202 4191 3352 4240 super
3375 4181 3551 4231 omnia
3576 4179 3704 4229 Deus

2515 4244 2812 4296 benedictus
2835 4245 2888 4297 in
2913 4247 3095 4298 uacula
3119 4247 3276 4308 (Rom.
3313 4258 3383 4303 nt,
3431 4246 3508 4307 5).

2283 4346 2430 4416 (Lib.
2474 4362 2512 4413 ι,
2545 4346 2600 4400 in
2631 4347 2851 4412 Ezech.,
2886 4346 3045 4401 hom.
3083 4351 3134 4412 8,
3160 4364 3308 4402 num.
3335 4349 3413 4416 3.)
3448 4346 3507 4401 In
3526 4346 3796 4412 Scriptura

517 4414 712 4491 dicitUr
737 4417 826 4491 qui
857 4432 1297 4491 unamquamque
1329 4433 1446 4472 rem
1469 4423 1762 4491 antequam
1793 4414 1976 4468 veniat
1999 4430 2102 4491 ¹δί-
2134 4430 2187 4491 D
2220 4414 2376 4473 sacra
2399 4416 2692 4491 aliquando
2724 4419 2870 4491 Deus
2899 4419 3286 4491 nuncupative,
3319 4414 3614 4491 aliquando
3669 4429 3796 4470 vero

516 4486 607 4540 det
639 4483 802 4551 ;etid
833 4487 976 4556 quod
1004 4483 1239 4542 futurum
1271 4495 1375 4554 est,
1401 4483 1712 4556 priusquam
1731 4501 1972 4555 praesens
1993 4483 2102 4549 ﬁat,

516 4557 800 4629 praevidet.
836 4559 979 4629 Deus
1009 4573 1143 4629 ergo
1190 4557 1463 4628 quomodo
1493 4559 1770 4628 prmscius,
1794 4557 1930 4629 dum
1962 4557 2107 4629 nulla

518 4627 618 4681 nisi
646 4644 767 4697 quae
795 4636 912 4682 sunt
944 4627 1127 4682 futura
1155 4627 1512 4697 prtesciantur
1538 4630 1566 4682 ?
1629 4630 1692 4683 Et
1730 4628 1928 4683 scimus
1985 4627 2106 4696 quia

518 4644 618 4681 nlSl
646 4644 767 4752 quae
795 4644 912 4682 sunt
944 4644 1127 4682 tutura
1155 4644 1512 4697 prtesctantur
1538 4644 1566 4682 τ
1629 4644 1692 4683 ιιι
1730 4644 1928 4683 seimus
1985 4644 2106 4696 quia

515 4699 631 4769 Deo
686 4707 902 4752 uturum
931 4699 1065 4752 nihil
1095 4707 1194 4765 est,
1228 4709 1352 4754 ante
1383 4701 1540 4769 cujus
1573 4701 1762 4754 oculos
1828 4698 2107 4768 praeterita

514 4768 666 4824 nulla
688 4778 831 4837 sunt,
866 4769 1158 4839 praesentia
1180 4786 1288 4824 non
1325 4768 1619 4838 transeunt,
1658 4772 1836 4824 futura
1870 4785 1976 4823 non
2005 4785 2104 4824 ve-

514 4841 684 4906 niunt,
718 4841 917 4911 quippe
956 4841 1077 4910 quia
1109 4856 1271 4896 omne
1300 4843 1443 4912 quod
1477 4843 1632 4897 nobis
1657 4842 1753 4896 fuit
1784 4847 1837 4895 et
1895 4841 1994 4893 erit
2051 4841 2103 4893 in

513 4913 630 4980 ejus
661 4921 944 4982 prospectu
982 4920 1174 4981 praesto
1205 4919 1306 4980 est,
1339 4923 1388 4967 et
1419 4930 1578 4968 omne
1611 4914 1750 4982 quod
1768 4928 2004 4983 praesens
2025 4919 2108 4966 est

515 4983 636 5038 sciri
674 4993 850 5056 potest
883 4987 1061 5054 potius
1091 4999 1257 5056 quam
1289 4985 1549 5053 praesciri.
1586 4986 1653 5040 Et
1686 4992 1862 5056 tamen
1892 4983 2018 5052 quia
2040 4998 2105 5037 ea

516 5071 637 5124 quae
669 5055 848 5108 futura
877 5055 1036 5110 nobis
1067 5054 1189 5110 sunt
1217 5057 1385 5123 videt,
1411 5072 1531 5125 quae
1565 5064 1741 5110 tamen
1766 5054 1865 5124 ipsi
1891 5069 2106 5123 semper

510 5132 708 5198 praesto
737 5130 880 5190 sunt,
914 5126 1156 5181 humano
1185 5128 1347 5182 modo
1380 5126 1635 5198 przescire
1666 5127 1876 5198 dicitur,
1911 5142 2103 5196 quam-

517 5196 597 5268 vis
639 5212 989 5268 nequaquam
1050 5198 1287 5252 futurum
1334 5196 1628 5268 prtevideat
1675 5197 1821 5268 quod
1868 5213 2106 5267 praesens

512 5266 676 5322 videt.
706 5266 856 5322 Nam
876 5276 928 5323 et
957 5285 1079 5338 quae
1111 5277 1233 5323 sunt
1265 5266 1656 5324 ab'aeteruitale
1686 5266 1803 5336 ejus
1833 5266 1939 5322 nun
1982 5268 2105 5322 ideo

513 5338 765 5412 Eidentur
792 5341 923 5410 quia
952 5348 1097 5406 sunt,
1129 5340 1224 5394 sed
1263 5340 1384 5395 ideo
1407 5348 1529 5412 sunt
1559 5341 1685 5412 quia
1718 5340 1984 5412 videntur.
2045 5341 2106 5392 ln

515 5409 629 5482 Deo
659 5425 794 5482 ergo
811 5409 927 5466 inec
957 5412 1252 5481 prtetcrita.
1283 5427 1385 5466 nec
1418 5409 1592 5466 futura
1621 5410 1847 5482 reperiri
1878 5418 2101 5477 queunt,

515 5480 609 5560 sed
635 5480 825 5560 cuncta
848 5480 1138 5560 mutabilia
1169 5484 1578 5538 immutabiliter
1626 5480 1844 5560 derant,
1879 5491 1929 5560 et
1983 5497 2106 5560 quae

512 5551 569 5602 in
596 5551 788 5629 seipsis
818 5552 975 5629 simul
994 5555 1348 5629 existerenon
1375 5561 1618 5629 possunt,
1643 5554 1718 5629 illi
1741 5554 1897 5629 simul
1921 5551 2104 5629 omnia

513 5624 788 5695 assistunt,
824 5624 1065 5694 nihilque
1095 5625 1148 5678 in
1179 5625 1272 5680 illo
1304 5627 1539 5694 praeterit
1563 5626 1706 5695 quod
1724 5625 1941 5688 transit;
1978 5624 2103 5694 quia

508 5693 562 5778 in
590 5694 888 5778 aeternitate
919 5693 1036 5775 ejus
1069 5695 1245 5778 modo.
1261 5693 1498 5765 quodam
1557 5693 2102 5778 incomprehensibili

510 5763 1038 5844 eiinctaJvolumina
1088 5763 1409 5822 saeculorum
1469 5763 1802 5824 transeuntis
1857 5774 2098 5834 manent,

511 5840 782 5888 currentia
809 5840 979 5889 stant.

2219 4489 2574 4543 essentialiler
2627 4488 2842 4543 dicitur.
2897 4489 3273 4557 Nuncupative
3323 4490 3542 4550 dicitur.
3569 4489 3703 4542 sicut
3733 4501 3795 4541 ac

2216 4563 2437 4631 Moysen
2491 4560 2608 4613 ait:
2666 4560 2802 4615 Ecce
2847 4561 3123 4615 constitui
3171 4565 3226 4616 te
3281 4561 3449 4616 deum
3497 4557 3794 4631 Pharaonis

2215 4630 2412 4701 (Exod.
2446 4647 2542 4697 vn,
2559 4632 2636 4695 4).
2663 4632 3042 4686 Essentialiter
3058 4640 3236 4685 autem
3259 4631 3405 4686 Deus
3423 4631 3633 4693 dicitur,
3663 4630 3792 4683 sicut

2215 4719 2275 4757 ac
2303 4702 2549 4756 eumdem
2563 4701 2642 4774 ait
2665 4719 2677 4755 :
2700 4702 2803 4771 Ego
2827 4719 2951 4774 sum
2968 4704 3110 4758 Deus
3125 4705 3309 4774 patris
3331 4705 3436 4768 tui,
3464 4704 3605 4758 Deus
3623 4701 3789 4774 Abra-

2217 4774 2528 4839 ham,Deus
2553 4772 2727 4840 Isaac,
2762 4777 2817 4827 et
2873 4773 3015 4828 Deus
3049 4771 3213 4829 Iacob
3245 4775 3452 4835 (Exod.
3504 4777 3594 4840 tv).
3651 4771 3793 4826 Unde

2219 4845 2404 4898 beatus
2437 4845 2627 4897 Paulus
2657 4843 2938 4912 apostolus
2969 4844 3036 4898 de
3067 4846 3172 4898 hoc
3200 4846 3569 4914 nuncupativo
3610 4851 3654 4897 et
3702 4857 3786 4914 es-

2215 4915 2426 4969 sentiali
2455 4911 2720 4968 vocabulo
2777 4915 2872 4968 Dei
2922 4915 3304 4970 discretionem
3360 4911 3513 4977 facit,
3571 4928 3682 4969 cum
3725 4911 3788 4964 de

2215 4986 2547 5040 Antichristo
2579 4987 2647 5039 ait
2671 5003 2682 5038 :
2724 4986 2826 5054 Qui
2855 4985 3196 5040 adversatur
3223 4991 3277 5042 et
3307 4988 3614 5042 extollitur
3635 4997 3790 5050 super

2215 5074 2379 5114 omne
2400 5057 2540 5129 quod
2553 5057 2768 5112 dicitur
2787 5057 2952 5129 Deus,
2971 5058 3226 5129 autquod
3256 5059 3469 5114 colitur
3514 5058 3584 5128 (ll
3612 5057 3777 5129 Thess.

2216 5145 2272 5194 ιι,
2307 5129 2362 5191 4)
2377 5168 2390 5182 .
2409 5127 2574 5200 'Deus
2587 5129 2732 5200 enim
2751 5128 3043 5200 aliquando
3059 5128 3167 5182 dici
3187 5137 3242 5183 et
3263 5129 3428 5184 homo
3450 5139 3638 5200 potest,
3656 5127 3785 5200 Deus

2216 5215 2346 5255 vero
2377 5199 2480 5254 coli
2512 5215 2679 5267 purus
2708 5195 2872 5253 homo
2895 5215 3001 5252 non
3019 5206 3212 5268 potest.
3244 5195 3484 5254 Rursum
3512 5199 3635 5253 alibi
3655 5195 3783 5250 idem

2214 5270 2486 5340 apostolus
2517 5270 2704 5323 volens
2735 5271 3159 5339 nuncupativum
3181 5271 3277 5325 Dei
3299 5286 3502 5326 nomen
3535 5271 3600 5325 ab
3628 5282 3783 5324 essen-

2217 5342 2322 5395 tiali
2348 5343 2673 5406 discernere,
2700 5341 2770 5394 de
2803 5341 3166 5410 Redemptore
3196 5349 3385 5397 nostro
3446 5342 3648 5398 locutus
3697 5344 3782 5401 est,

2213 5412 2408 5467 dicens
2433 5430 2444 5465 :
2473 5413 2720 5479 Quorum
2750 5417 2962 5482 patres,
2987 5428 3062 5467 ex
3079 5412 3276 5484 quibus
3295 5411 3553 5468 Christus
3601 5425 3780 5484 secun-

2214 5485 2347 5539 dum
2379 5499 2632 5549 carnem,
2653 5479 2845 5554 quiest
2863 5498 3034 5554 super
3049 5479 3240 5540 ornnia
3257 5483 3400 5540 Deus
3411 5485 3722 5540 benedictus
3735 5479 3780 5534 in

2212 5555 2421 5610 saecula
2435 5553 2889 5622 (llom.ts,5).Qui
2906 5553 3048 5608 enim
3065 5555 3429 5625 nuncupative
3447 5554 3780 5625 dicitur.Det_ts

2214 5626 2352 5680 inter
2380 5625 2582 5688 omnia,
2611 5625 2697 5695 qui
2714 5621 2844 5679 vero
2867 5621 3259 5694 essentialiter,
3272 5627 3417 5680 Deus
3447 5621 3774 5696 superomnia

2213 5705 2311 5752 est.
2343 5697 2412 5754 Ut
2441 5711 2574 5755 ergo
2605 5696 2855 5750 ostendat
2920 5695 3183 5752 Christum
3235 5695 3556 5753 naturaliter
3609 5695 3772 5755 Deum,

2213 5783 2320 5823 non
2334 5766 2493 5822 habet
2511 5764 2684 5841 Deum
2709 5767 3102 5841 tantummodo,
3126 5767 3224 5823 sed
3246 5769 3422 5841 Deum
3445 5784 3606 5841 super
3617 5764 3771 5822 omnis

2211 5853 2334 5896 esse
2360 5838 2703 5909 memoravit,
2722 5838 2914 5912 quiaet
2940 5839 3144 5898 electus
3169 5840 3402 5914 quisque
3430 5838 3596 5899 vel'in
3620 5848 3774 5896 exem-
