4082 6170
357 262 493 320 1305

955 263 1206 320 ALULFI
1229 262 1610 322 EXPOSITIO
1630 260 1802 320 NOVI
1828 258 2032 316 TEST.
2069 290 2143 305 —
2169 264 2322 322 SUP.
2353 263 2469 320 ΕΡ.
2513 267 2714 324 PAULI
2750 268 2842 324 AD
2873 266 3023 325 ROM

3529 266 3667 326 1306

356 389 975 466 αρηιηιὶεσεαῃιξηὶεῳη
991 387 1950 466 illo,uiconfnndatar‘UtThess.lli,
1980 384 2040 447 Α
2065 388 2205 466 Nam
2238 391 2365 466 dum
2402 393 2534 466 solvi
2567 394 2813 449 debitum
2875 396 3173 451 necessitas
3205 395 3359 466 petit,
3415 394 3664 464 voluptas

357 463 444 523 14)
459 501 472 513 .
498 464 672 530 Atque
690 461 835 516 illico
853 460 1124 527 adiunxit:
1151 462 1219 514 Et
1235 458 1414 516 nolite
1433 465 1494 514 ut
1511 460 1812 514 inimicum
1830 458 1950 511 exi-

352 533 591 587 stimare
614 534 801 597 illum,
819 531 913 585 sed
930 531 1198 602 corripite
1211 535 1276 586 ut
1286 533 1726 602 frat1°em(Vers.
1749 530 1839 597 15)
1854 569 1864 580 .
1880 532 1954 602 Ac

352 602 398 655 si
428 602 632 658 diceret
663 619 676 655 :
711 603 904 657 Pacem
945 598 1159 656 cum'eo
1199 598 1521 656 exteriorem
1555 598 1791 666 solvite,
1853 598 1953 653 sed

349 673 662 728 interiorem
687 674 835 727 circa
865 672 1014 726 illum
1048 672 1360 726 medullitus
1411 671 1697 735 custodite,
1732 678 1789 724 ut
1819 685 1952 739 pec-

352 743 529 798 cantis
559 751 793 798 mentem
825 744 904 797 sic
935 751 1119 797 vestra
1157 741 1432 797 discordia
1478 742 1650 805 feriat,
1685 747 1953 813 quatenus

350 829 462 884 pax
493 830 524 868 a
553 814 806 870 cordibus
839 813 1035 868 vestris
1063 829 1163 868 nec
1193 813 1462 884 abnegata
1492 813 1758 868 discedat.

351 923 483 972 Car.
515 922 721 972 XXXII.
753 947 818 959 —
867 922 957 972 Vis
1003 935 1098 972 non
1139 922 1315 972 timere
1355 924 1664 984 potestatem
1704 923 1732 969 ?
1765 920 1956 970 Bonum

515 990 619 1050 fac,
638 996 688 1039 et
713 989 924 1039 habebis
947 989 1138 1038 tandem
1159 1002 1228 1039 ea:
1257 989 1348 1039 illa
1372 990 1538 1050 (Rom.
1566 1000 1682 1050 xui,
1709 987 1788 1052 3).

419 1088 640 1159 (Regnl.
666 1089 876 1142 Pastor.
899 1096 1031 1157 part.
1056 1104 1134 1154 Ill,
1168 1104 1290 1159 cap.
1327 1093 1451 1157 38.)
1475 1090 1551 1143 De
1597 1088 1807 1142 duobus
1840 1087 1952 1159 “vi;

347 1159 438 1214 tiis
469 1157 889 1232 tiu—orumiunnm
920 1157 1604 1232 nullatenus—extinguitur,
1637 1159 1746 1212 nisi
1786 1157 1950 1232 aliud

348 1229 631 1294 nutriatur,
663 1230 797 1283 illud
827 1231 1219 1301 insequendum
1250 1240 1330 1286 est
1354 1228 1633 1285 ardentius
1661 1228 1805 1301 quod
1835 1244 1950 1301 pre-

345 1301 448 1356 mit
471 1301 840 1372 periculosius.
865 1299 1021 1370 Saepe
1041 1302 1184 1356 enim
1207 1302 1326 1372 quis
1344 1319 1374 1357 a
1399 1302 1646 1357 ciborum
1675 1299 1734 1355 se
1759 1299 1948 1372 inglu-

346 1372 436 1443 vie
465 1370 685 1426 minime
708 1377 1036 1442 temperans,
1063 1370 1401 1443 jamjamque
1459 1389 1594 1441 pene
1645 1370 1948 1441 superantis

345 1442 578 1498 luxuria
608 1443 839 1497 stimulis
869 1443 1151 1512 premitur,
1199 1445 1294 1514 qni
1318 1442 1504 1514 hujus
1546 1459 1744 1514 pugnae
1777 1449 1947 1514 _metu

347 1514 749 1586 territus,idnm
780 1530 840 1567 se
864 1511 963 1586 per
989 1511 1367 1586 abstinentiam
1390 1511 1714 1586 réstringére
1736 1511 1944 1586 nititur,

345 1585 524 1640 inanis
555 1584 750 1655 gloria:
778 1584 1074 1639 tentatione
1102 1585 1386 1656 fatigatur.
1423 1584 1787 1639 Tolerandum
1834 1584 1943 1638 ita-

344 1672 453 1736 que
481 1664 580 1736 est,
600 1663 766 1736 utper
785 1656 1035 1736 virtutem
1066 1655 1410 1736 abstinentiae
1441 1656 1617 1736 iterim
1673 1669 1942 1736 arrogan-

2061 460 2282 540 explere
2305 463 2630 540 desiderium
2661 467 2920 540 suppetit,
2945 476 2998 521 et
3028 477 3171 522 tanto
3201 460 3384 539 gulam
3415 460 3665 520 securius

2058 537 2385 612 iq‘praeceps
2413 539 2568 612 rapit,
2604 546 2804 606 quanto
2834 537 2936 612 sub
2958 540 3187 612 honesto
3207 537 3441 612 nomine
3467 552 3663 612 neces-

2062 605 2544 681 siiatisexpiendae
2575 605 2633 661 se
2659 610 2925 681 contegit.
2961 610 3137 681 Saepe,
3186 619 3368 664 autem
3428 607 3481 662 in
3542 609 3662 677 ipsa

2061 672 2255 754 edendi
2285 672 3250 754 via_i'urtive_a_djunctasnbsequitnr,
3277 672 3662 754 nonnurniu'am

2061 760 2190 799 vero
2220 747 2570 820 impudenter
2595 749 2766 820 libera
2803 750 2964 804 etiam
2994 747 3182 820 préire
3203 759 3448 806 conatur.
3477 750 3659 804 Facile

2061 823 2143 869 est
2164 825 2342 870 autem
2360 817 2782 892 deprehendere,
2817 837 2936 875 cum
2968 817 3215 892 voluptas
3238 824 3364 892 ejus
3405 821 3657 875 necessi-

2060 891 2227 958 tatem
2255 889 2541 958 praevenit,
2571 890 2666 944 sed
2711 891 2872 945 valde
2927 897 3014 946 est
3066 889 3290 948 difﬁcile
3339 893 3652 947 discernere

2059 973 2180 1038 cum
2200 957 2267 1011 in
2283 958 2407 1028 ipso
2439 976 2537 1014 esu
2555 962 2860 1015 necessario
2877 979 2935 1016 se
2958 964 3169 1038 occulta
3194 963 3493 1038 subjungit.
3513 962 3654 1038 Nam

2060 1033 2184 1097 quia
2214 1040 2543 1105 praeeuntem
2575 1040 2780 1105 naturae
2801 1034 3113 1105 appetitum
3145 1033 3586 1105 sequitur,’quasi
3621 1047 3654 1086 a

2060 1106 2213 1169 tergo
2245 1101 2468 1174 veniens
2494 1103 2695 1156 tardius
2723 1101 2958 1158 videtur.
2992 1105 3069 1157 Eo
3099 1101 3241 1158 enim
3265 1101 3504 1174 tempore
3548 1118 3653 1172 quo

2058 1169 2361 1245 necessitati
2387 1172 2626 1245 debitum
2657 1174 2883 1229 solvitur
2913 1192 2925 1236 ;
2961 1174 3085 1244 quia
3103 1191 3200 1245 per
3227 1169 3391 1229 esum.
3411 1169 3654 1243 volup—tas

2058 1241 2364 1315 necessitati
2396 1243 2470 1296 mi
2499 1251 2665 1310 cetnr,
2689 1245 2817 1314 quid
2845 1241 3140 1300 necessitas
3168 1253 3335 1315 petat,
3395 1254 3447 1300 et
3500 1241 3650 1314 quid,

2057 1311 2407 1388 sicutdictum
2426 1322 2527 1388 est,
2555 1311 2806 1385 voluptas
2826 1325 3092 1388 suppetat,
3136 1311 3445 1388 ignoratur.
3492 1311 3655 1388 Saepe

2053 1397 2183 1458 vero
2210 1391 2265 1458 e_t_
2293 1383 2670 1458 discernimus,
2691 1383 2754 1440 iet
2790 1383 3224 1457 quia'utramque
3241 1404 3342 1457 per
3361 1383 3654 1458 experien-

2055 1453 2180 1507 tiam
2205 1454 2305 1508 sibi
2335 1456 2680 1528 conjunctam
2713 1453 2981 1518 novimus.
3043 1459 3096 1510 in
3138 1453 3256 1512 hoc
3302 1453 3451 1528 quod
3503 1464 3655 1510 extra

2053 1532 2224 1579 metas
2256 1527 2514 1594 repimus,
2547 1527 2674 1581 libet
2707 1535 2763 1581 ut
2789 1529 3012 1582 sciendo
3060 1527 3334 1582 fallamur;
3405 1530 3471 1582 Et
3525 1528 3656 1581 dum

2051 1595 2158 1669 sibi
2185 1612 2336 1669 mens
2363 1613 2435 1651 ex
2466 1598 2780 1653 necessitate
2811 1599 3106 1663 blanditur,
3141 1615 3206 1654 ex
3239 1600 3519 1669 voluptate
3551 1599 3654 1654 de-

2049 1667 2266 1740 cipitur,
2292 1668 2432 1724 sicut
2465 1669 2724 1740 scriptum
2743 1678 2825 1724 est
2847 1689 2860 1724 :
2888 1670 3086 1725 Carnis
3104 1686 3299 1725 curam
3317 1667 3390 1724 ne
3405 1671 3658 1740 feceritis

347 1726 418 1808 tia
447 1727 932 1812 cnntrajinent‘em
963 1735 1188 1806 crescat,
1223 1743 1289 1782 ne
1315 1743 1436 1812 enni
1466 1726 1878 1812 peringlnvigm
1909 1739 1940 1779 a

2053 1726 2121 1812 in
2134 1726 2452 1812 desideriis.
2477 1726 2612 1808 Quae
2631 1739 2794 1812 igitur
2813 1741 2865 1794 in
2883 1741 3158 1795 desiderio
3185 1739 3295 1796 fieri
3313 1726 3654 1810 prohibetur,

343 1799 458 1869 vita
486 1797 695 1869 luxuria
726 1795 970 1851 funditus
997 1797 1334 1869 exstinguat.
1366 1795 1501 1852 Hinc
1530 1795 1772 1868 estquod
1795 1797 1943 1850 Pan-

344 1868 432 1923 lus
459 1885 581 1923 cum
612 1867 881 1922 infirmum
907 1867 1212 1923 auditorum
1243 1886 1400 1922 suum
1441 1867 1803 1938 perpenderet
1857 1874 1949 1922 aut

345 1955 521 2010 prava
546 1939 724 2018 adhuc
751 1939 892 2018 velle
921 1953 1104 2018 agere,
1138 1940 1326 2018 aut_de
1381 1939 1789 2018 act_ione__recta
1841 1940 1944 2018 bu:

346 2009 524 2063 manas
551 2009 724 2063 laudis
743 2009 1094 2064 retributione
1114 2010 1375 2080 gaudere,
1426 2009 1540 2063 ait:
1589 2009 1680 2065 Vis
1724 2026 1840 2064 non
1882 2010 1948 2064 ti-

345 2096 504 2136 mere
515 2084 852 2150 potestatem
876 2080 906 2131 Ρ
934 2081 1148 2137 Bonum
1163 2083 1278 2150 fac,
1302 2085 1358 2136 et
1392 2080 1606 2137 habetis
1628 2081 1855 2136 laudem
1872 2095 1946 2135 ex

345 2153 475 2223 illa.
496 2152 684 2220 Neque
713 2151 860 2223 enim,
877 2151 998 2223 ideo
1032 2151 1175 2205 bona
1194 2152 1410 2223 agenda
1437 2159 1561 2206 sunt
1607 2159 1664 2223 ut
1711 2159 1947 2221 potestas

347 2221 512 2291 hujus
540 2223 723 2275 mundi
756 2221 904 2275 nulla
930 2222 1198 2289 timeatur,
1228 2221 1319 2276 aut
1349 2239 1448 2292 per
1477 2223 1592 2277 haec
1609 2221 1945 2292 gloriatum-

349 2292 554 2346 sitoriae
585 2292 754 2346 laudis
781 2301 1024 2346 sumatur
1053 2308 1066 2347 :
1103 2294 1200 2346 sed
1229 2310 1350 2347 cum
1383 2292 1648 2348 inﬁrmam
1707 2301 1944 2347 mentem

347 2365 416 2417 ad
447 2371 654 2417 tantum
685 2363 847 2434 robur
872 2363 1167 2418 ascendere
1197 2379 1302 2418 non
1345 2379 1499 2434 pesse
1554 2373 1826 2434 pensaret,
1889 2372 1947 2417 ut

348 2442 405 2488 et
433 2433 752 2504 pravitatem
792 2433 948 2487 simul
989 2434 1186 2488 vitaret
1242 2443 1296 2489 et
1349 2433 1569 2489 laudem
1625 2434 1947 2504 praedicator

348 2505 609 2576 egregius
631 2513 683 2559 et
713 2504 1055 2559 admonendo
1075 2505 1281 2576 aliquid
1301 2506 1557 2560 obtulitet
1578 2505 1782 2576 aliquid
1801 2507 1941 2560 tulit.

347 2575 706 2630 Concedendo
733 2576 877 2630 enim
937 2576 1118 2642 levia,.
1151 2575 1415 2630 subtraxit
1443 2578 1653 2631 acriora
1672 2575 1694 2637 ξ
1735 2584 1790 2630 ut
1819 2577 1945 2646 quia

347 2646 420 2700 ad
449 2646 750 2719 deserenda
777 2646 1661 2719 cnnctasimulnoniassurgeret,
1711 2647 1843 2719 dum
1891 2647 1945 2701 in

346 2715 589 2787 quodam
619 2732 717 2771 suo
746 2716 877 2771 vitio
906 2716 1118 2772 animus
1165 2715 1513 2773 familiariter
1547 2717 1883 2787 relinquitur,
1913 2733 1947 2773 α

347 2789 590 2860 quodam
617 2804 716 2842 suo
745 2788 862 2842 sine
899 2789 1089 2844 dolore
1128 2789 1432 2844 tolleretur.

516 2893 642 2947 CAP.
675 2895 898 2947 XXXIII.
919 2922 982 2934 —
1011 2898 1127 2948 Non:
1147 2899 1428 2961 praecessit,
1460 2896 1571 2948 dies
1615 2902 1780 2949 autem

681 2964 1118 3029 appropinquavit
1141 2963 1293 3025 (Rom.
1322 2977 1441 3021 xm,
1481 2965 1586 3029 12).

2054 1810 2108 1864 in
2140 1825 2272 1865 nece
2293 1810 2456 1865 sitate
2485 1810 2820 1868 conceditur.
2853 1811 2960 1867 Sed
2978 1828 3125 1881 saepe
3155 1812 3283 1866 dum
3314 1813 3527 1866 incaute
3551 1826 3653 1865 ne-

2055 1881 2288 1936 cessitati
2348 1882 2852 1948 condescendimns,
2908 1882 3190 1938 desideriis
3245 1883 3586 1936 deservimus
3639 1898 3652 1941 ;

2056 1967 2448 2022 nonnunquam
2480 1953 2771 2018 vero,dnm
2801 1953 3084 2008 desideriis
3116 1953 3527 2007 immoderatius
3560 1951 3654 2005 ob-

2055 2022 2207 2078 viare
2240 2024 2480 2089 nitimur,
2540 2023 2873 2079 necessitatis
2921 2024 3160 2078 miserias
3216 2040 3502 2094 augemus.
3565 2023 3654 2076 Sic

2055 2094 2200 2146 enim
2230 2109 2450 2149 necesse
2473 2101 2550 2148 est
2567 2102 2804 2148 ntartem
2827 2095 3054 2166 quisque
3079 2095 3424 2166 continentiae
3456 2099 3652 2166 teneat,

2056 2172 2316 2234 quatenus
2334 2181 2444 2220 non
2468 2181 2708 2233 carnem,
2728 2166 2822 2219 sed
2845 2164 2978 2219 vitia
3007 2165 3188 2220 carnis
3236 2165 3464 2219 occidat.
3516 2164 3654 2217 Nam

2052 2235 2369 2306 plerumque
2399 2236 2525 2289 dum
2548 2237 2669 2304 plus
2686 2235 2836 2304 justo
2895 2252 3021 2290 caro
3073 2236 3438 2306 restringitur,
3492 2235 3654 2306 etiam

2053 2305 2123 2360 ab
2158 2304 2541 2362 exercitatione
2573 2307 2902 2376 bonioperis
2935 2311 3250 2371 enervatur,
3283 2304 3438 2376 utad
3462 2304 3658 2359 oratio-

2054 2393 2180 2431 nem
2213 2393 2430 2447 quoque
2462 2379 2545 2431 vel
2577 2375 3018 2446 praedicationem
3068 2393 3179 2432 non
3238 2375 3483 2441 sufﬁciat,
3524 2376 3654 2428 dum

2051 2447 2378 2518 Adjntorem
2408 2449 2608 2518 quippe
2639 2450 2901 2502 habemus
2932 2447 3488 2518 intentionisinternae
3509 2447 3652 2499 hunc

2055 2517 2331 2574 hominem
2361 2517 2521 2588 quem
2544 2517 2789 2590 exterius
2840 2528 3141 2590 gestamus,
3209 2523 3263 2572 et
3319 2517 3423 2587 ipsi
3477 2517 3657 2590 insunt

2053 2599 2230 2660 motus
2261 2586 2520 2656 lasciviae,
2559 2590 2658 2660 ipsi
2705 2586 2913 2644 efﬂetus
2983 2597 3274 2658 suppetunt
3329 2586 3656 2660 Operationis

2053 2659 2235 2715 bonae.
2279 2661 2440 2730 Saepe
2471 2657 2600 2715 vero
2631 2661 2760 2714 dum
2788 2662 2841 2713 in
2869 2661 2963 2715 illo
3020 2657 3232 2714 hostem
3291 2657 3652 2729 insequimur,

2054 2731 2215 2785 etiam
2249 2732 2421 2786 civem
2456 2748 2615 2803 quem
2647 2731 2928 2802 diligimus
2987 2731 3338 2803 trucidamus,
3401 2737 3454 2784 et
3508 2742 3655 2797 saepe

2055 2803 2182 2873 dum
2215 2804 2364 2873 quasi
2396 2800 2605 2857 concivi
2623 2800 2912 2871 parcimus,
2942 2803 3008 2855 ad
3033 2802 3287 2873 praelium
3312 2800 3526 2873 hostem
3549 2815 3656 2851 nu-

2054 2868 2264 2928 trimus.
2291 2874 2503 2927 Eisdem
2535 2868 2769 2942 namque
2800 2868 3072 2926 alimentis
3130 2872 3254 2926 vilia
3309 2868 3649 2942 superbiunt,

2056 2945 2249 3011 quibus
2273 2939 2718 2999 nutritzevirtutes
2740 2943 2950 2998 vivunt.
2991 2944 3203 2997 Etcum
3249 2939 3422 2995 virtus
3475 2939 3651 3007 alitur,

2055 3015 2374 3084 plerumque
2411 3017 2550 3070 vires
2580 3030 2795 3084 quoque
2826 3013 2966 3067 vitiis
2996 3024 3264 3083 angentur
3297 3029 3310 3074 ;
3343 3027 3465 3065 cum
3523 3024 3652 3084 vero

422 3061 508 3134 (In
535 3062 873 3152 exp-OSILP.‘
898 3064 1022 3144 Job,
1054 3064 1150 3152 lib.
1207 3079 1366 3152 xxxii,
1409 3080 1586 3144 ηοω..
1637 3067 1688 3131 3,
1723 3065 1800 3134 4.)
1832 3065 1940 3145 Nos

2053 3061 2327 3139 immensa
2357 3061 2959 3140 continetitiauvitiorum
2989 3061 3131 3138 virles
3179 3061 3456 3147 extenuat,
3491 3081 3652 3134 etiam

348 3150 538 3190 omnes
570 3134 661 3204 qui
689 3134 967 3189 veritatem
1006 3135 1060 3188 in
1119 3137 1221 3191 hac
1273 3136 1382 3190 vita
1437 3135 1733 3205 sequimur,
1793 3136 1941 3204 quasi

348 3220 546 3260 aurora
568 3205 650 3260 vel
673 3205 968 3260 diluculum
992 3207 1174 3261 vocari
1189 3222 1499 3275 possumus.
1531 3209 1744 3260 Aurora
1783 3223 1942 3260 nam-

347 3291 455 3346 que
476 3276 872 3330 veldiluculum
896 3285 1110 3331 noctem
1127 3278 1353 3347 quidem
1377 3277 1643 3332 interiisse
1671 3278 1940 3345 nuntiant,

345 3363 449 3421 nec
478 3353 659 3421 tamen
677 3347 972 3421 claritatem
1012 3347 1118 3402 diei
1175 3350 1444 3421 integram
1493 3353 1811 3421 osteitanti;
1846 3349 1942 3402 sed

348 3418 474 3471 dum
508 3417 900 3490 illampellunt,
922 3421 1058 3472 hanc
1073 3417 1387 3489 suscipiunt,
1410 3421 1582 3474 lucem
1622 3419 1942 3490 permixtam

347 3489 591 3562 tenebris
617 3497 822 3544 tenent.
856 3490 968 3544 Nos
998 3489 1246 3562 similiter
1267 3491 1512 3562 quasdam
1521 3489 1637 3558 jam
1667 3507 1788 3562 quae
1809 3491 1944 3545 lucis

346 3568 476 3640 sunt
505 3559 740 3640 agimus,
773 3567 827 3614 et
861 3569 1034 3614 tamen
1049 3560 1380 3640 quibusdam
1402 3561 1578 3616 adhuc
1598 3559 1942 3640 tenebranum

344 3631 1036 3703 reliquiisﬂnoncaremns.
1069 3631 1170 3685 Per
1197 3633 1518 3700 prophetam
1572 3634 1773 3703 quippe
1829 3633 1940 3687 Deo

345 3700 567 3756 dicitur:
595 3702 712 3756 Non
713 3702 1131 3772 justi/imbitur
1143 3704 1206 3756 in
1223 3707 1525 3773 conspectu
1542 3700 1637 3760 tito
1655 3700 1838 3759 omnis
1855 3705 1940 3758 vi—

343 3773 669 3838 vens(PsaL
704 3789 867 3839 cxw,
909 3777 986 3840 2).
1030 3773 1378 3843 Rursumque
1429 3774 1693 3843 scriptum
1729 3782 1808 3828 est
1836 3792 1847 3828 :
1875 3775 1938 3830 In

342 3844 548 3898 multis
561 3844 713 3915 enim
725 3843 1060 3913 offendimus
1076 3845 1552 3914 omnes(.lac.tu,2)
1566 3884 1578 3896 .
1598 3845 1792 3899 Paulus
1808 3861 1939 3915 quo-

343 3929 452 3984 que
469 3915 570 3967 ait:
603 3913 770 3987 Video
790 3916 968 3970 aliam
1012 3916 1188 3986 legem
1218 3917 1281 3970 in
1315 3917 1578 3970 membris
1608 3917 1745 3970 meis
1782 3913 1939 3987 repu-

340 3989 622 4058 gnantem
640 3985 748 4055 legi
767 3989 975 4058 mentis
990 3985 1145 4046 mete.
1159 3991 1214 4041 et
1227 3987 1379 4058 capti
1387 4002 1515 4041 vum
1531 4003 1620 4042 me
1637 3985 1938 4042 ducentem

340 4059 405 4128 in
429 4057 546 4128 iege
564 4057 783 4128 peccati
795 4073 916 4128 qua:
927 4059 1082 4112 estin
1100 4057 1371 4113 membris
1385 4060 1792 4124 meis(Rom.vu
1803 4058 1933 4128 .23).

341 4126 610 4199 Ubi_ergo
639 4127 723 4199 lex
764 4126 968 4197 peccati
1023 4145 1148 4182 cum
1207 4129 1331 4199 lege
1387 4129 1583 4182 mentis
1640 4126 1934 4195 contendit,

340 4196 585 4269 profecto
615 4196 788 4252 adhuc
819 4213 1012 4253 aurora
1041 4207 1139 4266 est,
1163 4196 1403 4269 quialnx
1435 4215 1557 4268 quae
1576 4200 1692 4269 jam
1717 4200 1940 4254 emicuit

338 4266 573 4341 necdum
622 4275 1005 4341 praetereuntes
1063 4266 1315 4324 tenebras
1373 4266 1615 4325 funditus
1661 4271 1860 4341 pressit
1918 4289 1930 4335 ;

339 4337 520 4413 adhuc
549 4353 744 4413 aurora
757 4347 876 4413 est,
909 4339 1036 4410 quia
1059 4341 1186 4413 dum
1209 4341 1296 4395 lex
1318 4341 1495 4395 carnis
1513 4337 1689 4413 legem
1713 4342 1931 4408 mentis,

336 4417 391 4481 et
420 4409 505 4463 lex
537 4409 730 4481 mentis
757 4409 934 4481 legem
964 4412 1138 4465 carnis
1168 4413 1416 4480 percutit,
1440 4409 1593 4467 inter
1604 4429 1663 4467 se
1693 4413 1932 4476 vicissim

334 4479 431 4533 lux
462 4487 514 4533 et
543 4478 734 4533 umbra
763 4478 1030 4551 confligit.
1062 4478 1215 4537 Unde
1247 4478 1460 4537 rursum
1480 4485 1682 4538 Paulus
1706 4499 1830 4539 cum
1855 4485 1932 4538 di-

333 4557 516 4605 ceret:
550 4551 672 4623 Noa;
699 4553 1011 4623 praecessit,
1064 4569 1409 4623 nequaquam
1466 4555 1754 4609 subdidit:
1808 4556 1936 4610 Dies

335 4623 503 4696 yenit,
528 4623 625 4675 sed
637 4622 754 4677 dies
772 4628 964 4696 antem
983 4622 1479 4696 appropinquavit.
1515 4624 1618 4692 Qui
1641 4627 1782 4680 enim
1813 4634 1936 4695 post

333 4692 644 4766 discessum
685 4693 857 4766 noctis
889 4710 995 4748 non
1019 4692 1137 4764 jam
1163 4692 1417 4760 'venisse,
1475 4697 1571 4750 sed
1629 4692 1933 4766 appropin-

335 4779 507 4834 quase
527 4763 670 4835 diem
699 4763 949 4835 insinuat,
984 4763 1100 4820 esse
1129 4781 1193 4820 se
1222 4766 1582 4835 proculdubio
1611 4763 1732 4822 ante
1761 4763 1934 4823 solem

330 4833 455 4904 post
487 4833 733 4888 tenebras
769 4834 944 4890 adhuc
997 4837 1052 4890 in
1108 4833 1310 4892 aurora
1365 4838 1723 4893 domonstrat.
1786 4840 1936 4894 Tunc

329 4919 476 4977 vero‘
495 4904 653 4977 plene
681 4914 866 4960 sancta
896 4907 1190 4963 electorum
1223 4907 1466 4964 Ecclesia
1497 4909 1619 4965 dies
1660 4913 1778 4977 erit,
1811 4926 1935 4965 cum

329 4975 382 5051 ei
413 4974 656 5051 admixta
685 4977 1120 5051 peccatiumbra
1151 4980 1268 5048 jam
1300 4996 1406 5034 non
1437 4980 1534 5034 erit
1567 4998 1580 5041 ;
1616 4989 1745 5035 tunc
1766 4974 1937 5051 plene

329 5047 449 5102 dies
477 5046 599 5119 erit,
629 5049 848 5116 quando
906 5049 1120 5102 luminis
1155 5046 1369 5105 'interni
1427 5051 1670 5119 profecto
1720 5046 1935 5108 fervore

326 5117 589 5192 claruerit
621 5134 633 5178 ;
669 5127 793 5172 tunc
825 5120 986 5188 plene
1020 5121 1139 5174 dies
1167 5122 1287 5186 erit,
1319 5117 1538 5192 quando
1569 5123 1771 5177 nullam
1811 5140 1934 5179 ma-

328 5189 511 5244 lorum
535 5204 753 5264 suorum
787 5198 1082 5264 tentantem
1142 5189 1464 5248 memoriam
1515 5194 1777 5264 tolerans,
1808 5210 1932 5250 om-

325 5275 428 5315 nes
468 5275 501 5314 a
529 5275 587 5315 se
615 5260 955 5316 tenebrarum
986 5263 1148 5317 etiam
1186 5264 1444 5335 reliquias
1469 5260 1787 5321 abscondet.

481 5368 613 5418 CAP.
649 5369 868 5420 XXXIV.
890 5396 954 5407 —
982 5371 1168 5423 Carnis
1185 5385 1362 5423 curam
1384 5387 1448 5424 ne
1468 5374 1700 5434 feceritis
1724 5375 1776 5426 in

773 5435 1050 5490 desideriis
1077 5441 1236 5500 (Rom.
1267 5454 1384 5504 xm,
1416 5442 1486 5501 3).

399 5537 481 5618 (in
511 5538 748 5618 exposit.
789 5539 1013 5618 B.-Job,
1051 5540 1148 5595 lib.
1190 5559 1324 5618 xxx,
1358 5559 1505 5599 num.
1542 5548 1630 5608 62,
1664 5545 1778 5618 63.)
1806 5545 1929 5600 Dis-

327 5615 508 5686 cretns
538 5611 622 5662 vir
650 5625 712 5664 ac
732 5611 1013 5666 continens
1026 5629 1209 5686 usque
1238 5615 1306 5668 ad
1366 5611 1770 5686 temperandam
1828 5633 1925 5672 ne-

326 5680 640 5759 gassitatem
672 5691 912 5738 ventrem
948 5680 1134 5759 reficit,
1164 5693 1212 5740 et
1242 5701 1271 5759 a
1310 5680 1586 5757 voluptate
1612 5688 1916 5759 restringit.

329 5749 620 5832 Sciendum
652 5769 782 5832 vern
812 5763 892 5808 est
921 5755 1048 5826 quia
1078 5749 1156 5832 sic
1185 5749 1564 5832 voluptas'sub
1595 5749 1927 5832 necessitate

323 5838 386 5878 se
402 5820 610 5892 paliiat,
638 5831 694 5881 ut
721 5824 813 5882 vix
841 5820 962 5883 earn
1019 5825 1288 5897 perfectus
1314 5820 1576 5901 -quisque
1631 5830 1922 5888 discernat.

2053 3156 2218 3209 virtus
2245 3155 2502 3211 deﬁciens
2529 3156 2771 3210 anhelat.
2811 3156 2964 3210 Unde
2983 3169 3207 3208 necesse
3228 3158 3311 3208 est
3353 3161 3410 3206 ut
3429 3153 3656 3206 interior

2053 3226 2214 3281 homo
2248 3236 2444 3293 noster,
2476 3243 2663 3297 mquus
2692 3226 2915 3294 quidem
2944 3226 3144 3279 arbiter
3199 3223 3486 3297 praesideat
3512 3223 3652 3276 inter

2051 3313 2109 3375 se
2140 3306 2193 3351 et
2217 3314 2341 3352 eum
2371 3295 2560 3375 quem_
2586 3297 2819 3352 exterius
2853 3305 3359 3375 gestathquatenus.
3408 3295 3458 3374 ei
3517 3308 3654 3374 suus

2052 3370 2216 3423 homo
2246 3365 2504 3434 exterior,
2539 3378 2590 3422 et
2619 3384 2833 3436 semper
2861 3365 2946 3420 'ad
2991 3365 3232 3422 debitum
3292 3365 3653 3436 ministerium

2053 3440 2256 3494 servire
2285 3438 2534 3502 sufﬁciat,
2567 3448 2619 3493 et
2650 3435 2928 3508 nunquam
2961 3439 3195 3507 superbe
3225 3436 3396 3490 libera
3444 3435 3654 3508 cervice

2051 3512 2401 3566 centradicat.
2430 3512 2540 3565 Nec
2565 3506 2844 3563 moveat’si
2876 3509 3008 3578 quid
3028 3506 3378 3580 suggerendo
3403 3506 3653 3580 submur-

2050 3589 2246 3641 mnrat,
2281 3581 2576 3636 dummodo
2605 3597 2726 3634 eum
2758 3576 2972 3650 semper
2999 3576 3346 3650 superposita
3375 3577 3522 3633 calce
3540 3576 3644 3631 do-

2050 3651 2360 3707 minationis
2390 3657 2617 3723 premat.

2381 3779 2509 3829 Car.
2529 3778 2730 3828 XXXV.
2751 3801 2814 3812 --
2831 3778 2949 3828 Item
2973 3779 3100 3829 unde
3119 3791 3296 3842 supra.

2119 3913 2203 3979 (In
2235 3909 2473 3980 exposit.
2513 3911 2572 3964 B.
2603 3909 2723 3975 Job,
2755 3908 2852 3963 lib.
2880 3925 2958 3975 ιχ,
2989 3925 3139 3964 num.
3175 3911 3296 3973 105,
3332 3912 3478 3974 106.)
3525 3909 3650 3965 Ple-

2048 3997 2275 4052 rumque
2305 3997 2362 4034 se
2393 3981 2462 4034 ad
2477 3981 2622 4034 viam
2642 3980 3213 4052 rectitudinisanimus
3235 3982 3504 4052 accendit,
3531 3990 3647 4035 tor-

2047 4050 2237 4123 porem
2259 4053 2480 4106 discmit
2512 4060 2779 4123 tantoque
2818 4052 2871 4123 in
2903 4051 3212 4123 caelestibus
3231 4050 3516 4123 desiderio
3548 4067 3642 4104 ra-

2050 4120 2212 4193 pitur,
2249 4131 2304 4176 ut
2335 4137 2472 4190 pene
2488 4123 2561 4175 nil
2585 4138 2651 4176 ex
2672 4120 2736 4175 eo
2767 4121 2991 4175 inferius
3038 4120 3333 4193 remanisse
3383 4122 3645 4176 videatur.

2047 4192 2116 4250 Et
2148 4204 2324 4249 tamen
2362 4209 2487 4249 cum
2519 4194 2587 4247 ad
2619 4193 2795 4247 carnis
2824 4208 3009 4247 curam
3041 4192 3330 4258 reducitur,
3363 4193 3478 4246 sine
3537 4209 3649 4262 qua

2044 4266 2322 4336 praesentis
2350 4266 2475 4318 vitae
2503 4264 2589 4318 via
2619 4264 2931 4336 nullomodo
2961 4264 3229 4336 expletur,
3263 4265 3336 4318 ita
3385 4265 3527 4336 hunc
3559 4265 3642 4336 in-

2045 4334 2212 4392 ferius
2237 4338 2556 4406 depressum
2585 4343 2747 4399 tenet,
2779 4351 2842 4390 ac
2871 4335 2916 4388 si
2949 4336 3124 4388 adhuc
3153 4334 3221 4389 de
3246 4335 3475 4388 summis
3502 4335 3649 4389 nulla

2043 4409 2381 4480 contigisset.
2413 4407 2625 4480 Auditis
2655 4406 2838 4480 verbis
2869 4406 3107 4480 caelestis
3137 4406 3342 4460 oraculi
3373 4407 3426 4459 in
3485 4421 3644 4461 amo-

2043 4497 2155 4534 rem
2186 4477 2380 4548 patriae
2412 4477 2641 4532 caelestis
2671 4477 2919 4548 erigitur,
2952 4477 3048 4531 sed
3069 4483 3383 4549 resurgente
3399 4493 3648 4546 praesen-

2044 4551 2110 4605 tis
2137 4553 2266 4604 vitae
2295 4549 2493 4615 studio,
2529 4549 2632 4602 sub
2663 4557 2890 4604 terrenae
2917 4564 3062 4603 curae
3101 4565 3307 4619 aggere
3335 4549 3595 4619 sepelitur
3628 4568 3642 4614 ;

2042 4630 2206 4692 atque
2228 4622 2437 4675 interra
2469 4621 2648 4675 cordis
2675 4636 3014 4692 nequaquam
3045 4636 3294 4689 supernas
3316 4621 3429 4692 spei
3458 4635 3650 4675 semen

2041 4690 2274 4763 proiicit,
2309 4693 2437 4763 quia
2483 4691 2831 4762 cogitationis
2877 4690 3092 4746 intimae
3150 4694 3307 4761 spina
3340 4691 3648 4746 densescit.

2043 4764 2219 4832 Quam
2253 4763 2502 4817 videlicet
2531 4765 2741 4832 spinam
2760 4779 2861 4833 per
2887 4763 3234 4832 semetipsam
3261 4763 3470 4816 Veritas
3489 4777 3650 4833 manu

2043 4831 2247 4890 sanctae
2268 4831 2942 4902 exhortatidniseradicat,
2994 4831 3215 4887 dicens:
3266 4834 3448 4886 Nolite
3492 4831 3650 4886 solli-

2042 4909 2282 4962 citiesse
2302 4907 3050 4983 ἰηςνιιςρἱιιῃι(Μτιιιρ.ιννι,Δ
3101 4903 3208 4972 34).
3260 4904 3459 4983 Ουηιςει
3510 4903 3650 4983 hanc

2044 4992 2256 5046 quoque
2278 4993 2371 5045 per
2389 4978 2609 5032 Paulum
2625 4977 2819 5030 dicitur
2841 4995 2852 5030 :
2883 4977 3083 5030 Carnis
3101 4989 3286 5046 curqm
3300 4988 3376 5046 ne
3391 4974 3648 5046 feceritis

2040 5043 2102 5102 in
2124 5043 2602 5119 concupiscentiis
2649 5051 2851 5119 (Rom._
2881 5061 2993 5119 xui,
3048 5048 3166 5119 14).
3207 5043 3315 5098 Sed
3347 5043 3527 5119 in_his
3559 5043 3648 5096 ni-

2042 5120 2237 5173 mirum
2267 5115 2419 5173 ducis
2441 5130 2487 5173 et
2515 5115 2700 5173 militis
2741 5116 2923 5172 verbis
2949 5116 3311 5187 agnoscimus,
3340 5115 3466 5184 quia
3505 5123 3647 5187 tunc

2041 5191 2110 5244 ab
2141 5206 2201 5244 ea
2223 5190 2503 5245 mortifero
2535 5191 2754 5244 vulnere
2785 5185 3006 5241 animus
3025 5187 3306 5256 pangitur,
3341 5201 3464 5240 cum
3502 5185 3553 5238 in
3586 5201 3648 5240 ea

2041 5278 2296 5316 mensura
2316 5263 2589 5330 aequitatis
2620 5275 2726 5314 non
2750 5266 2984 5330 tenetur.
3015 5257 3446 5330 Nequemortali
3470 5256 3647 5330 adhuc

2039 5333 2093 5387 in
2116 5348 2282 5389 carne
2302 5328 2610 5386 viventibus
2644 5329 2887 5385 funditus
2917 5346 3043 5383 cura
3078 5328 3258 5382 carnis
3285 5328 3644 5396 abscinditur,

2039 5404 2215 5459 sediut
2253 5403 2485 5458 discreta
2515 5402 2695 5456 animo
2714 5400 2915 5456 serviat
2937 5407 3286 5471 temperatur.
3346 5400 3486 5453 Nam
3521 5414 3646 5471 quia

2038 5475 2298 5531 sollicitos
2324 5489 2425 5527 nos
2481 5488 2600 5526 esse
2656 5473 2709 5526 in
2769 5470 3060 5526 crastinum
3119 5470 3388 5541 prohibet,
3447 5470 3646 5526 habere

2038 5555 2310 5614 utcunque
2337 5559 2526 5597 curam
2574 5543 2626 5597 in
2679 5544 3035 5616 praesentibus
3076 5557 3183 5596 non
3241 5550 3438 5616 ungat,
3482 5557 3644 5616 quam

2036 5619 2184 5673 tendi
2207 5613 2273 5668 ad
2309 5624 2522 5682 tempus
2573 5616 2717 5684 quod
2764 5614 3004 5684 sequitur
3050 5621 3211 5670 vetat.
3278 5613 3342 5668 Et
3390 5613 3642 5667 nimirum

2040 5688 2238 5743 Paulus
2266 5700 2388 5740 cum
2421 5701 2602 5740 curam
2635 5685 2807 5741 carnis
2836 5684 2949 5739 fieri
2988 5686 3038 5740 in
3061 5685 3493 5754 concupiscentia
3536 5699 3641 5738 non

2036 5759 2181 5824 sinit,
2204 5755 2564 5828 proculdubio
2589 5758 2642 5812 in
2675 5758 2998 5828 necessitate
3027 5757 3298 5814 concedit.
3334 5755 3640 5810 Curandum

2033 5827 2222 5901 itaque
2242 5831 2343 5899 est,
2391 5843 2460 5885 ne
2514 5837 2607 5885 aut
2663 5827 3000 5888 necessitatis
3056 5835 3228 5888 metas
3275 5843 3403 5884 cura
3459 5828 3643 5886 carnis
