4082 6170
324 298 464 355 1309

321 425 632 494 contentio,
646 441 837 483 nonne
854 427 1114 484 carnales
1131 426 1288 491 estis,
1306 431 1365 482 et
1384 425 1692 481 secundum
1722 424 1907 480 homi-
1938 421 1999 486 A

320 513 440 553 nem
468 498 776 553 ambulatis
804 498 852 566 (l
881 497 1160 565 Cor.m.3)
1183 499 1212 550 εἶ
1259 497 1546 568 Sequitur:
1594 498 1700 552 Hoc
1723 501 1918 568 autem

318 569 442 626 dico
471 570 615 640 quod
644 571 1030 641 unusquisque
1051 572 1303 625 vestrum
1323 567 1500 624 dicit:
1539 569 1648 638 Ego
1688 567 1912 641 quidem

317 656 448 696 sum
478 642 663 713 Pauli,
697 656 791 709 ego
811 644 1006 713 uatem
1037 642 1262 710 Apollo.
1294 656 1391 711 ego
1423 655 1548 713 vero
1583 641 1798 711 Ccphae.
1821 657 1916 713 ego

318 718 512 766 autem
537 710 758 766 Christi
785 711 832 766 (1
859 712 981 766 Cor.
1007 727 1044 775 ι,
1067 713 1178 779 12).
1197 710 1339 766 Ecce
1357 727 1492 782 quos
1513 712 1564 764 in
1579 710 1722 782 omni
1745 710 1916 769 verbo

318 790 374 837 et
399 783 454 835 in
483 782 629 836 omni
659 782 883 836 scientia
930 782 1262 850 laudaverat,
1295 783 1492 852 quibus
1539 781 1612 836 nil
1644 781 1833 838 deesse
1861 785 1917 840 in

317 851 631 934 ullapgratia
652 853 885 934 dixeret,
904 853 1186 934 paulisper
1200 851 1430 934 loquens
1443 853 1511 908 ad
1529 854 1914 934 increpundum

318 923 515 978 leniter
540 924 786 990 veniens,
806 923 1011 978 divisos
1031 940 1160 995 erga
1190 923 1401 994 seipsos
1436 925 1801 994 reprehendit,
1863 935 1916 982 et

317 1010 549 1066 quorum
577 995 726 1064 prius
755 996 983 1049 salutem
1001 997 1666 1065 narraveratpostmodum
1691 996 1914 1052 vulnera

317 1065 588 1136 patefecit.
617 1066 828 1120 Peritus
847 1066 1249 1122 enimmedicus
1264 1068 1460 1121 vulnus
1490 1068 1780 1121 secandum
1823 1069 1912 1123 vi-

317 1138 471 1209 dens,
492 1137 588 1209 sed
604 1152 815 1208 aegrum
838 1137 1084 1209 timidum
1097 1153 1212 1192 esse
1228 1139 1588 1207 conspiciens,
1610 1139 1701 1192 diu
1725 1140 1912 1209 palpa-

314 1207 394 1262 vit
422 1216 477 1262 et
503 1207 681 1263 subito
712 1207 1000 1278 percussit.
1034 1209 1186 1264 Prius
1241 1209 1449 1264 blanda
1501 1225 1664 1263 manu
1722 1207 1914 1265 Iaudes

315 1279 516 1351 posuit,
550 1287 604 1333 et
631 1280 978 1350 postmodum
1014 1279 1214 1334 ferrum
1246 1281 1627 1351 increpationis
1642 1279 1769 1334 ﬁxit.
1793 1282 1913 1336 Nisi

315 1350 461 1404 enim
485 1366 610 1405 vere
623 1351 1029 1406 cundaementes
1042 1351 1236 1405 fuerint
1252 1350 1529 1421 palpando
1552 1353 1910 1420 reprehensas,

315 1421 390 1476 ita
419 1428 477 1476 ut
506 1437 576 1478 ex
597 1421 719 1476 aliis
743 1422 909 1477 rebus
953 1423 1174 1476 audiant
1229 1423 1378 1492 quod
1423 1424 1483 1477 in
1539 1423 1912 1479 consolatione

314 1500 551 1557 sumant,
583 1509 682 1562 per
708 1493 1134 1562 increpationem
1165 1495 1413 1563 protinus
1453 1494 1521 1548 ad
1567 1493 1910 1563 desperatio-

312 1579 439 1636 nem
468 1565 694 1636 cadunt.
734 1565 845 1636 sed
875 1564 1119 1636 nunquid
1150 1566 1402 1620 mentitus
1441 1573 1528 1619 est
1578 1565 1792 1632 Paulus,
1851 1569 1912 1620 ut

312 1635 550 1707 priusnil
575 1636 764 1691 deesse
784 1635 838 1690 in
859 1635 1206 1707 omni’gratia
1224 1637 1425 1692 diceret
1443 1636 1638 1707 quibus
1659 1645 1908 1705 postmo-

313 1704 606 1778 dun‘irdictu
616 1722 704 1761 rus
721 1715 835 1762 erat
857 1704 1114 1762 unitatem
1134 1709 1325 1764 deesse
1345 1710 1372 1761 ‘?
1393 1704 1545 1763 Absit
1561 1704 1673 1762 hoc,
1705 1717 1762 1762 ut
1789 1709 1909 1778 quis

313 1776 384 1850 de
404 1775 497 1850 illo
525 1777 650 1850 talia
676 1779 758 1850 vel
788 1779 1065 1848 desipiens
1085 1781 1298 1845 credat;
1332 1780 1426 1834 sed
1451 1780 1573 1850 quia
1595 1785 1749 1834 erant
1773 1775 1913 1835 iuter
1941 1781 1992 1842 B

315 1847 623 1924 Corinthios
643 1849 857 1924 quidem
873 1847 1022 1924 omni
1037 1851 1216 1924 gratia
1232 1851 1441 1924 repleti,
1461 1847 1511 1905 et
1525 1859 1673 1924 erant
1686 1851 1912 1924 quidam

312 1918 370 1992 i_n
402 1934 754 1990 personarum
783 1918 1068 1978 favoribus
1086 1924 1273 1987 excisi,
1292 1918 1462 1992 coepit
1480 1938 1510 1976 a
1531 1918 1782 1977 laudibus
1795 1938 1916 1992 per-

313 1989 602 2063 fecturum,
633 1998 692 2045 ut
722 1993 964 2063 modesta
996 1994 1302 2050 invectione
1329 1989 1400 2048 ad
1442 1989 1914 2063 reprehensiouem

311 2061 652 2135 pertingeret
675 2061 1036 2134 inﬁrmorum,
1069 2073 1120 2120 et
1151 2066 1203 2119 in
1233 2066 1336 2120 hoc
1366 2061 1579 2135 quoque
1597 2066 1667 2119 ad
1693 2064 1913 2120 medici-

313 2146 444 2186 nam
467 2132 706 2206 eordisia
727 2134 998 2190 medicina
1018 2132 1264 2206 corporis
1284 2132 1441 2191 usuin
1487 2132 1725 2191 trahens.
1773 2136 1914 2191 Nam

314 2218 442 2278 eum
461 2203 765 2278 feriendum
783 2207 984 2278 vulnus
1003 2203 1248 2263 medicus
1259 2207 1472 2278 aspicit,
1487 2209 1641 2277 prius
1661 2223 1725 2263 ea
1746 2223 1918 2263 mem-

313 2273 412 2328 bra
443 2291 563 2349 qua;
589 2276 732 2331 eisca
762 2277 956 2332 vulnus
985 2295 1119 2334 sana
1145 2296 1274 2334 suns
1304 2273 1512 2349 palpat,
1544 2286 1601 2332 ut
1620 2287 1742 2347 post
1761 2279 1832 2333 ad
1854 2295 1914 2334 ea

316 2361 442 2416 qua
473 2347 746 2422 uulnerata
773 2356 896 2422 sunt
923 2349 1116 2422 leniter
1152 2347 1426 2422 palpando
1448 2349 1746 2422 perveniat.
1781 2350 1914 2404 Cum

315 2432 450 2489 ergo
468 2417 682 2489 Paulus
709 2421 984 2488 perfectos
1012 2421 1065 2476 in
1122 2417 1414 2477 Corinthiis
1449 2417 1730 2485 'laudavit,
1784 2438 1916 2477 sana

315 2487 565 2564 membra
588 2487 751 2564 juxta
779 2492 978 2546 vulnus
1007 2492 1229 2564 tetigit;
1291 2509 1420 2548 cum
1478 2508 1611 2548 vero
1668 2492 1914 2550 inﬁrmos

317 2557 388 2614 de
444 2558 712 2684 dtivisioue
740 2557 1134 2634 reprehendit:
1169 2557 1364 2620 vulnus
1393 2564 1449 2619 in
1506 2579 1735 2635 corpore
1786 2581 1912 2636 per-

317 2643 461 2684 cussx
494 2672 505 2684 .

315 2643 505 2685 CUSSIL

313 2740 773 2812 Canite—puta
822 2756 854 2793 a
911 2745 1022 2795 Deo
1069 2744 1260 2796 donata
1306 2746 1424 2794 sunt
1441 2745 1587 2796 nobis
1613 2747 1916 2812 loquimur:

381 2811 568 2936 t‘t'ou1
611 2810 771 2860 doctis
833 2813 1058 2864 humanm
1127 2812 1376 2872 sapientes
1450 2813 1622 2864 verbis
1673 2810 1748 2882 '(I
1797 2818 1912 2869 Cor-

431 2908 445 2933 ,
567 2910 582 2924 .

431 2908 445 2933 τ
483 2908 582 2933 Iv].

388 2973 472 3040 (In
485 2975 714 3050 expgsit.
740 2975 799 3050 Β.
816 2976 938 3050 Job.
974 2977 1068 3031 lib.
1087 2994 1242 3048 xviii,
1267 2981 1538 3050 num.7i.)
1562 2983 1736 3037 Verba
1758 2998 1916 3038 man-

315 3045 566 3121 datorum
591 3045 686 3121 Dei
719 3047 789 3121 ab
819 3047 978 3121 hujus
1008 3049 1193 3104 mundi
1231 3045 1581 3121 sapientibus
1637 3053 1912 3120 differunt,

896 298 1141 355 ALULFI
1181 293 1560 354 EXPOSITIO
1593 293 1796 352 NOVI.
1825 291 2030 350 TBST.
2066 322 2139 334 —
2168 293 2318 353 SUP.
2353 296 2460 354 EP.
2505 294 2709 352 PAULI
2748 293 2843 350 AD
2882 290 3046 350 COR.

3483 289 3621 345 1310

2093 433 2216 550 ῗῖισ
2246 422 2351 472 nisi
2419 422 2671 555 germani
2743 422 2930 484 Iesum,
3005 429 3057 476 et
3123 423 3254 473 hunc
3327 416 3627 479 cruciﬁxum

2215 501 2292 539 or.
2337 505 2394 554 ιι,
2493 527 2506 541 .

2215 501 2292 539 or.
2337 505 2394 554 ιι,
2429 501 2506 554 2.).

2099 570 2238 638 (Lib.
2272 587 2311 640 ι,
2345 576 2399 626 in
2433 574 2650 639 Ezech.,
2684 572 2833 627 hom.
2856 576 2906 636 9,
2941 587 2995 625 n.
3021 572 3133 639 31.)
3155 570 3322 626 Sacra
3345 568 3625 640 Scriptura

2027 656 2092 696 ea
2123 658 2245 712 quae
2273 639 2344 697 de
2382 652 2572 698 natura
2602 643 2900 698 divinitatis
2928 642 3015 697 vel
3039 643 3108 696 de
3136 641 3365 712 internis?
3406 639 3622 711 gaudiis

2024 711 2214 766 narrat
2245 714 2404 768 nobis
2433 715 2609 768 adhuc
2638 715 3016 774 nescientibus,
3053 712 3155 767 soli
3187 711 3400 774 angelis
3431 712 3484 763 in
3525 725 3622 764 se-

2025 791 2173 856 creto
2203 793 2326 839 sunt
2356 787 2570 856 cognita
2606 803 2617 843 ;
2653 794 2704 839 et
2733 787 2785 838 in
2817 799 2970 840 sacro
2991 783 3209 856 eloquio
3241 780 3398 836 dictis
3432 780 3621 836 occul-

2026 854 2250 909 tioribus
2279 854 2448 925 atque
2472 856 2885 910 sublimioribus
2910 856 3072 909 fortes
3097 855 3361 908 satiantur
3383 861 3622 925 ;etprte-

2023 927 2196 991 ceptis
2225 921 2586 996 apertioribus
2617 943 2715 980 nos
2745 926 2956 996 parvuli
2991 926 3280 996 nutrimur,
3306 923 3395 993 qui
3427 921 3622 976 intelli-

2063 1012 2156 1051 ere
2184 995 2294 1068 alta
2325 1014 2431 1052 non
2463 995 2775 1068 possumus.
2809 998 2864 1050 in
2895 997 3093 1068 Christi
3148 995 3611 1068 ﬁde_salvamu_r.

2063 1013 2156 1051 ere
2184 1013 2294 1050 alta
2325 1014 2431 1052 non
2463 1013 2775 1068 possumus.
2809 1013 2864 1050 ιη
2895 1013 3093 1050 [ληισιειι
3148 1013 3255 1048 nae
3309 1013 3611 1047 salvamur.

2024 1013 2177 1123 Ende
2202 1067 2495 1122 Corinthiis
2526 1085 2553 1121 a
2579 1070 2738 1122 beato
2772 1067 2936 1121 Paulo
2960 1066 3189 1121 dicitur:
3224 1064 3388 1120 Nihil
3423 1081 3514 1119 me
3536 1066 3622 1131 iu-
3655 1123 3662 1130 ,

2024 1139 2204 1193 dicavi
2219 1141 2362 1195 scire
2390 1142 2544 1195 inter
2562 1156 2673 1200 vos,
2696 1141 2811 1193 nisi
2829 1138 3118 1194 Christum
3147 1139 3356 1198 Jesum,
3391 1141 3447 1191 et
3472 1136 3621 1190 hunc

2023 1210 2411 1278 cruciﬁxum;
2443 1227 2506 1265 ac
2535 1212 2581 1264 si
2609 1211 2814 1264 diceret
2845 1226 2856 1261 :
2893 1208 3034 1277 Quia
3063 1223 3161 1263 vos
3196 1222 3395 1278 capere
3415 1206 3620 1278 divini-

2027 1283 2146 1334 tatis
2175 1275 2292 1348 ejus
2328 1281 2584 1351 mysteria
2639 1297 2744 1334 non
2773 1275 2934 1351 posse
2991 1279 3237 1349 pensavi,
3265 1275 3410 1333 isola
3464 1275 3623 1332 vobis

2022 1353 2374 1406 humanitatis
2402 1356 2518 1421 ejus
2548 1351 2760 1406 inﬁmia
2790 1352 3000 1406 locutus
3028 1367 3166 1406 sum.

2020 1481 2147 1529 CAP.
2181 1479 2263 1529 Vl.
2295 1479 2511 1528 —Nam
2529 1478 2652 1541 quia
2694 1477 2755 1526 in
2790 1477 2892 1527 Dei
2944 1476 3202 1537 sapientia
3248 1490 3350 1528 non
3399 1461 3630 1538 cognoui‘

2085 1546 2300 1597 mundus
2315 1558 2408 1606 per
2433 1545 2749 1606 sapientiam
2774 1545 2946 1599 Deum.
2972 1543 3164 1610 placuit
3212 1545 3318 1594 Deo
3364 1557 3456 1610 per
3489 1542 3624 1591 stut-

2086 1612 2255 1742 zjtigm
2352 1613 2733 1743 paritedicationis
2845 1612 3008 1660 salvos
3086 1609 3259 1675 facere
3363 1609 3627 1661 credentes

2203 1694 2283 1729 or.
2310 1697 2346 1744 ι,
2373 1712 2402 1728 ..
2471 1715 2484 1728 .

2093 1781 2177 1847 (In
2206 1781 2442 1850 exposit.
2465 1779 2526 1834 B.
2557 1777 2678 1833 Job.
2713 1776 2810 1850 lib.
2839 1794 2991 1842 xxnx,
3012 1793 3184 1850 unum.
3217 1777 3292 1845 1.)
3353 1776 3619 1850 Dominus

2021 1860 2204 1906 noster
2229 1847 2386 1906 Jesus
2419 1850 2662 1904 Christus
2691 1849 2782 1919 qui
2816 1858 2893 1904 est
2924 1849 3023 1903 Dei
3055 1849 3221 1903 virtus
3251 1857 3309 1902 et
3351 1847 3622 1919 sapientia

2022 1922 2090 1976 de
2122 1923 2276 1978 Patre
2307 1931 2462 1977 natus
2489 1930 2610 1975 ante
2667 1917 2933 1989 tempora,
2993 1920 3048 1972 in
3087 1920 3180 1972 illa
3239 1917 3514 1974 nativitate
3552 1917 3620 1972 ab

2021 1993 2259 2071 humano
2287 2009 2488 2071 genere
2508 1991 2766 2071 cognosci
2792 2005 2900 2045 non
2932 1991 3421 2071 pote_rat.-P.romde
3449 1989 3502 2071 in
3526 1990 3620 2042 hu-

2023 2065 2278 2120 manitate
2292 2060 2456 2119 'venit
2487 2073 2542 2117 ut
2563 2060 2862 2126 videretur,
2894 2060 3067 2116 videri
3099 2062 3268 2116 voluit
3299 2069 3351 2115 ut
3373 2060 3620 2114 imitare-

2025 2144 2133 2190 tur.
2171 2135 2304 2204 Qua
2333 2135 2506 2190 cernis
2535 2133 2789 2188 nativitas
2818 2133 3076 2204 despecta
3104 2136 3219 2204 visa
3249 2136 3331 2187 est
3361 2130 3622 2204 sapienti-

2022 2206 2121 2261 bus
2152 2201 2364 2260 m'undi.
2399 2206 2846 2273 Contempserunt
2874 2201 3018 2257 euim
3039 2202 3250 2257 inﬁrma
3278 2201 3622 2273 humanitatis

2024 2277 2162 2346 ejus,
2194 2279 2309 2333 Deo
2340 2281 2455 2331 htec
2486 2272 2707 2347 indigna
2729 2275 3057 2347 judicantes,
3090 2275 3175 2329 cui
3235 2281 3383 2347 tanto
3441 2272 3620 2347 magis

2024 2293 2162 2346 ejus,
2194 2289 2309 2333 Deo
2340 2289 2455 2331 haec
2486 2289 2707 2347 indigna
2729 2289 3057 2344 judicantes,
3090 2291 3175 2329 CUI
3235 2289 3383 2328 tanto
3441 2289 3620 2396 [118ng

2023 2350 2187 2403 homo
2208 2348 2424 2422 debitor
2451 2348 2580 2413 fuit,
2615 2354 2815 2416 quanto
2832 2361 2937 2422 pro
2969 2345 3061 2422 illo
3095 2347 3239 2422 Deus
3263 2345 3424 2399 etiam
3470 2343 3522 2422 iu
3567 2342 3621 2396 i-

2022 2435 2145 2492 gua,
2164 2421 2395 2490 suscepit
2430 2426 2514 2492 :et
2541 2414 2646 2488 pro
2668 2431 2735 2492 eo
2767 2415 3030 2492 salvando
3052 2416 3335 2492 stultitiam
3360 2414 3623 2492 praediea-

2024 2485 2182 2546 tionis
2211 2485 2503 2561 assumpsit
2526 2485 2839 2561 {scriptum
2872 2487 3072 2561 quippe
3113 2495 3235 2561 este:
3295 2485 3621 2561 Quiaenim

2021 2577 2138 2617 non
2159 2555 2415 2633 coqnouit
2443 2555 3170 2633 mundus’pefsupientiam
3183 2559 3376 2633 Deum,
3397 2555 3623 2628 placuit

2022 2635 2131 2706 Deo
2164 2629 2264 2706 per
2293 2633 2609 2706 stultitiam
2635 2629 3058 2706 prcedicatioltis
3087 2629 3268 2706 salvos
3294 2630 3482 2706 facere
3504 2641 3622 2706 ere:

2023 2694 2221 2760 dentes
2243 2707 2306 2760 in
2334 2719 2412 2759 sc.
2449 2694 2690 2776 Verbum
2722 2699 2926 2776 quippe
2950 2700 3069 2767 Dei,
3101 2694 3362 2776 sapientia
3384 2704 3483 2752 est.
3516 2694 3624 2776 sed

2024 2776 2247 2830 stultitia
2276 2776 2391 2845 ejus
2421 2772 2712 2844 sapientiae
2741 2769 2885 2845 dicta
2914 2777 2994 2824 est
3022 2787 3146 2845 cero
3180 2769 3358 2845 Verbi,
3385 2776 3445 2845 ut
3499 2769 3622 2836 quia

2025 2847 2268 2902 carnales
2287 2838 2611 2916 quippe-per
2631 2841 2808 2916 carnis
2823 2857 2933 2916 sues
2946 2842 3288 2916 prudentiam
3304 2838 3624 2916 pertingere

2024 2933 2130 2972 non
2162 2911 2858 2984 valebaut'ad'sapientiam
2891 2913 3011 2984 Dei,
3047 2928 3143 2982 per
3170 2911 3450 2984 stultitiam
3481 2924 3618 2978 prae-

2024 2988 2326 3057 dicationis,
2359 2988 2411 3041 id
2444 2995 2521 3040 est
2551 2982 2646 3057 per
2675 2983 3099 3057 incarnationem
3134 2982 3320 3057 Verbi_
3351 2995 3618 3057 sanaren-

2027 3066 2132 3126 tur,
2167 3074 2230 3113 ac
2253 3058 2298 3112 si
2314 3053 2536 3112 diceret
2552 3053 2579 3125 ’ς
2613 3056 2748 3111 Cum
2781 3055 2952 3107 Deum
2984 3053 3073 3122 qui
3103 3063 3179 3108 est
3206 3053 3509 3126 sapientia,
3529 3066 3620 3104 ne-

314 3115 409 3188 qui
439 3117 580 3204 dum‘
601 3115 904 3204 intendunt
935 3120 1280 3204 eloquentiae,
1307 3115 1501 3178 eorum
1528 3124 1675 3204 dicta
1695 3115 1914 3204 pulchre
1943 3140 1994 3204 α
2024 3115 2296 3204 quaquam
2326 3145 2422 3204 p_er
2451 3115 2778 3204 sapientiam
2831 3115 3016 3204 suum?
3043 3115 3288 3178 mundus
3298 3194 3310 3204 ι
3333 3115 3617 3204 inveniret,

314 3195 584 3256 apparent
617 3204 632 3256 ;
666 3196 718 3242 et
745 3204 867 3261 cum
897 3205 1079 3244 rerum
1109 3192 1304 3248 virtute
1333 3203 1574 3261 careant,
1607 3192 1755 3250 aliud
1792 3212 1913 3252 esse

314 3273 481 3339 quam
513 3267 635 3312 sunt
663 3259 950 3339 verborum
982 3264 1372 3339 compositione
1389 3259 1912 3339 Aquasi’superducto

315 3328 501 3408 colore
530 3330 885 3408 mentiuntur.
922 3335 988 3386 At
1010 3328 1199 3408 contra
1229 3328 1474 3391 doctriua
1499 3338 1613 3405 Dei,
1636 3328 1688 3392 et
1715 3339 1913 3408 praedi-

314 3402 541 3478 catione
566 3401 796 3478 pulchra
827 3412 926 3469 est,
954 3411 1006 3457 et
1038 3405 1270 3478 puritate
1299 3401 1610 3478 conspicua,
1644 3401 1744 3464 neu
1762 3409 1913 3465 aliud

313 3487 384 3552 se
408 3487 503 3552 per
526 3472 805 3552 fallaciam
827 3472 1112 3552 pruatendit
1137 3477 1386 3552 exterius
1416 3472 1468 3534 et
1497 3481 1645 3552 aliud
1677 3488 1914 3536 reservat

312 3544 555 3623 interius,
588 3559 763 3623 neque
792 3544 846 3598 in
881 3546 1037 3623 dictis
1068 3548 1179 3623 suis
1207 3549 1436 3617 pulchra
1485 3551 1657 3623 videri
1709 3553 1916 3623 appetit

313 3614 494 3694 nitore
523 3614 804 3694 sermonis,
837 3617 953 3694 sed_
969 3614 1275 3694 integritate
1331 3622 1591 3678 veritatis.
1633 3614 1912 3694 Eloquen-

316 3684 406 3762 tia:
430 3693 750 3762 ornumeuta
766 3687 903 3762 bene
919 3684 1117 3762 Paulus
1137 3690 1481 3762 despexerat,
1511 3709 1634 3748 cum
1655 3684 1867 3749 dicebat
1897 3711 1910 3747 :

319 3753 503 3833 Quam
519 3756 627 3814 Deo
643 3758 856 3833 donata
868 3766 1006 3816 sunt
1023 3760 1182 3816 nobis
1202 3753 1510 3833 loquimur:
1531 3781 1645 3820 non
1661 3767 1720 3820 in
1738 3765 1917 3821 doctis

315 3827 589 3907 {tumente
612 3831 908 3907 sqpientice
923 3833 1124 3907 uerbis,
1143 3833 1246 3907 sed
1262 3827 1332 3907 in
1364 3834 1625 3907 doctrina
1654 3837 1912 3907 spiritus.

314 3896 552 3976 blalebat
581 3896 783 3976 quippe
838 3896 1159 3972 sapientiam
1218 3904 1317 3960 Dei
1365 3906 1484 3960 sola
1535 3896 1766 3976 puritate
1817 3923 1916 3962 ve-

314 3968 492 4093 ;itatis
522 3968 828 4038 ostendere,
880 3968 989 4029 lion
1045 3982 1226 4030 autem
1270 3968 1670 4046 compositione
1716 3978 1919 4048 eloquii

346 4054 526 4093 ucare.

346 4054 526 4095 ucare.

316 4147 444 4202 Car.
471 4150 648 4222 lll._—
686 4152 816 4222 Quis
841 4154 955 4222 scit,
982 4169 1096 4219 quae
1122 4166 1243 4207 sunt
1267 4156 1512 4217 hominis,
1560 4158 1666 4210 nisi
1705 4160 1920 4222 spiritus

557 4220 776 4272 hominis
794 4221 885 4287 qui
903 4223 957 4273 in
978 4224 1085 4286 ipso
1121 4233 1199 4275 est
1240 4227 1289 4292 (Ι
1320 4226 1434 4277 Cor.
1463 4239 1520 4280 it,
1551 4229 1635 4289 11)
1657 4229 1684 4276 't

395 4320 476 4398 (In
509 4322 751 4398 exposit,
783 4324 846 4398 B.
869 4324 1114 4398 Job,_lib.
1146 4343 1238 4390 xv,
1268 4344 1416 4383 num.
1448 4330 1571 4397 66.)
1604 4329 1751 4384 Tunc
1766 4329 1922 4398 spiri-

320 4399 406 4471 tus
436 4393 674 4471 hominis
704 4394 772 4447 ab
800 4395 969 4449 altero
999 4396 1296 4471 ignuratur,
1331 4415 1453 4452 cum
1476 4393 1655 4471 verbis
1675 4401 1759 4454 vel
1779 4393 1918 4471 ope-

318 4462 610 4540 ribuspon
642 4462 1070 4520 demonstratur.
1099 4469 1240 4522 Nam
1271 4462 1392 4524 cum
1415 4470 1677 4540 scriptum
1701 4471 1770 4525 sit
1791 4462 1916 4528 {Ex

317 4534 610 4612 fructibus
631 4551 820 4612 eorum
853 4541 1193 4612 cognoscetis
1208 4557 1305 4612 eos
1327 4534 1546 4608 (Matth:
1569 4559 1663 4611 vn,
1686 4546 1796 4610 16),
1824 4559 1919 4612 per

316 4606 437 4681 hoc
457 4605 599 4675 quod
625 4606 759 4661 foris
787 4605 967 4680 agitur
995 4610 1254 4680 quidquid
1294 4605 1442 4666 intus
1470 4611 1601 4668 latet
1648 4605 1910 4681 aperitur.

317 4676 476 4751 Unde
503 4681 650 4751 recte
683 4676 898 4751 quoque
928 4676 1384 4750 perSalomonem
1433 4683 1658 4739 dicitur:
1685 4676 1920 4751 Ouomo-

316 4749 992 4824 doinaquisrcsplendet
1048 4755 1523 4824 prospicientium
1566 4749 1779 4824 vultus,
1840 4758 1920 4814 sic

314 4819 488 4876 corda
513 4819 806 4945 ligminum
828 4819 1145 4893 mani/esto
1172 4819 1310 4880 sunt
1330 4826 1702 4897 prudentibus
1733 4819 1916 4889 (Prov.

314 4906 493 4945 xxvii.
605 4911 646 4945 l.

313 4906 493 4960 xxvii,
530 4906 615 4962 19)
633 4932 646 4946 .

311 5017 452 5069 Car.
477 5019 658 5090 IV._-—_
680 5020 783 5090 Nos
817 5023 981 5090 autem
1011 5021 1346 5085 praedicamus
1406 5024 1662 5076 Christum
1709 5029 1920 5090 cruciﬁ-

385 5087 751 5158 mum.Judaeis
772 5086 974 5158 quidem
1015 5092 1330 5153 scandalum,
1365 5092 1598 5158 gentibus
1635 5107 1752 5144 vero
1789 5086 1922 5146 stul-

387 5153 553 5203 titiam
596 5151 644 5217 (ι
678 5153 798 5204 Cor.
836 5168 873 5214 ι,
913 5156 1015 5218 23).

390 5255 616 5330 (Homil.
651 5255 1021 5330 6,ίῃ1ἓξνθ.ηε..
1046 5275 1107 5314 n.
1143 5259 1219 5328 1.)
1243 5259 1302 5314 In
1326 5259 1562 5315 Domino
1579 5268 1761 5317 nostro
1789 5263 1918 5317 Jesu

312 5327 533 5382 Christo
565 5342 717 5381 mens
746 5327 1042 5402 inﬁdelium
1073 5327 1242 5402 grave
1296 5332 1615 5388 scandalum
1674 5333 1915 5402 pertulit,

314 5414 438 5473 cum
471 5405 746 5473 eumpost
770 5406 855 5473 tot
876 5401 1136 5456 miracula
1167 5418 1290 5473 qua:
1333 5403 1539 5458 fecerat
1595 5401 1916 5459 morientem

316 5468 473 5552 ‘vidito.
509 5469 740 5552 Stultum
765 5471 971 5552 quippe
1001 5468 1292 5528 visum'est
1349 5473 1660 5552 hominibus
1709 5484 1766 5531 ut
1816 5492 1916 5545 pro

316 5540 632 5594 hominibus
660 5540 849 5597 auctor
868 5540 991 5598 vita:
1024 5552 1347 5611 moreretur,
1372 5555 1424 5600 et
1446 5546 1570 5598 inde
1589 5553 1775 5602 contra
1791 5540 1918 5600 eum

315 5611 482 5688 homo
513 5611 830 5688 seandalum
862 5615 1098 5688 sumpsit
1143 5617 1286 5688 unde
1310 5632 1355 5671 ei
1414 5617 1651 5688 amplius
1703 5617 1919 5676 debitor

315 5681 431 5736 ﬁeri
461 5688 517 5737 ut
544 5683 906 5740 honoraretur
937 5681 1146 5740 debuit.
1185 5687 1328 5742 Nam
1360 5681 1685 5743 tanto'Deus
1713 5689 1781 5743 ab
1813 5691 1914 5744 ho-

315 5754 553 5834 minibus
582 5754 803 5834 dignius
824 5757 1181 5834 honorandus
1210 5759 1432 5829 exstitit,
1465 5767 1667 5832 quanto
1696 5777 1796 5832 pro
1821 5763 1916 5816 hos

315 5825 564 5881 minibus
592 5825 896 5900 etindigna
928 5830 1187 5900 suscepit.

314 5918 444 5971 Car.
465 5917 532 5969 V.
576 5940 637 5956 -
670 5883 818 5975 Nonu
835 5883 972 5974 enim
1391 5925 1524 5977 scire
1557 5924 1754 5990 aliquid
1785 5924 1914 5979 inter

2022 3192 2225 3271 placuit
2253 3209 2310 3254 ut
2326 3192 2529 3254 'Deum'
2571 3197 2846 3252 hominem
2901 3196 3105 3271 factum
3162 3211 3257 3264 per
3298 3192 3619 3271 humilitatis

2019 3261 2294 3325 stultitiam
2326 3277 2704 3342 cognosceret,
2738 3274 3001 3342 quatenus
3053 3261 3175 3337 ejus
3231 3263 3516 3342 sapientia_
3549 3261 3620 3315 ad

2020 3350 2206 3397 nostra
2237 3334 2800 3403 stulta'descendere’t,
2834 3345 2886 3391 et
2901 3334 3354 3407 lumen'supernae
3385 3334 3624 3407 pruden—

2022 3415 2108 3468 tia)
2138 3414 2249 3468 luto
2276 3429 2388 3467 suae
2419 3412 2595 3466 carnis
2617 3409 2917 3483 illuminata
2943 3418 3126 3464 nostra
3148 3405 3358 3463 caecitas
3391 3405 3615 3483 videret.~

2019 3485 2188 3538 Natus
2217 3485 2386 3556 igitur
2415 3498 2487 3556 ex
2519 3484 2678 3537 Patre
2700 3481 2819 3534 sine
2849 3487 3111 3550 tempore,
3147 3496 3214 3534 ex
3267 3486 3439 3532 matre
3469 3481 3620 3530 nasci

2021 3555 2272 3626 dignatus
2300 3560 2381 3609 est
2410 3555 2465 3608 in
2497 3563 2761 3622 tempore.

2019 3683 2142 3732 CAP.
2171 3681 2282 3731 Vll.
2307 3705 2374 3717 -—
2396 3679 2541 3740 Quod
2556 3681 2769 3730 stultum
2808 3684 2885 3731 est
2923 3680 3035 3740 Dei,
3079 3679 3372 3742 sapientius
3406 3678 3482 3727 est
3522 3675 3618 3726 ho—

2507 3746 2727 3796 minibus
2762 3749 2812 3808 (ι
2839 3747 2959 3797 Cor.
2997 3760 3031 3796 ι.
3068 3745 3137 3808 2).

2099 3851 2180 3916 (In
2208 3861 2400 3918 cxpos.
2436 3846 2499 3902 Β.
2533 3846 2677 3918 Job,
2707 3846 2802 3918 lib.
2835 3863 2926 3913 xx,
2949 3862 3099 3900 num.
3124 3847 3186 3918 41
3208 3845 3334 3908 ;lib.
3363 3861 3436 3911 ιν,
3469 3859 3614 3918 [ὶυωῖ

2023 3915 2139 3991 ³71.)
2169 3915 2578 3991 Intrasanctam
2635 3917 2933 3991 Ecclesiam
2981 3917 3139 3991 stulti
3198 3925 3499 3991 vocantur,_
3522 3915 3619 3969 sed

2025 3986 2208 4047 tamen
2239 3989 2450 4044 nobiles
2483 3996 2607 4042 sunt
2629 3988 2718 4058 qui
2741 3988 3084 4058 prudentiam
3108 3987 3302 4048 carnis,
3327 3986 3618 4058 etstultam

2024 4062 2213 4117 mundi
2242 4060 2559 4130 sapientiam
2589 4056 2918 4129 de-pi’ciunt,
2939 4067 2992 4114 et
3019 4059 3315 4128 sapientem
3342 4056 3450 4130 sibi
3481 4071 3614 4126 pro-

2027 4135 2261 4189 futuram
2308 4127 2412 4186 Dei
2487 4127 2767 4184 stultitiam
2826 4127 3143 4199 appetentes
3198 4127 3612 4197 concupiscunt.

2028 4205 2299 4276 Scriptum
2324 4202 2523 4276 quippe
2544 4210 2620 4256 est
2642 4201 2843 4276 :__Quod
2864 4198 3127 4276 stultum
3148 4205 3230 4256 est
3245 4201 3369 4276 Dei,
3395 4198 3620 4268 sapien-

2029 4270 2260 4332 tius-est
2283 4270 2620 4330 hominibus.
2653 4273 2804 4327 Hanc
2828 4290 2929 4328 nos
2945 4272 3221 4326 stultitiam
3247 4270 3440 4324 Paulus
3462 4283 3617 4322 com-

2025 4347 2363 4418 prehendere
2384 4347 2662 4418 admonet,
2684 4345 2909 4418 dicens:
2929 4341 2997 4397 Si
3033 4345 3157 4414 quis
3181 4342 3431 4418 Avidetur
3454 4341 3618 4418 inter

2027 4413 2115 4475 uos
2147 4419 2373 4490 sapiens
2395 4433 2512 4472 esse
2534 4417 2595 4490 in
2609 4415 2708 4490 hoc
2720 4417 2924 4490 saeculo
2942 4413 3285 4490 stultus/int,
3300 4417 3392 4490 _ut
3414 4415 3494 4467 sit
3531 4427 3618 4490 sa:

1945 4499 1994 4562 ῐ)
2025 4482 2248 4563 ρὶοηδΟ
2265 4489 2586 4563 Cor.iti_,18)_.
2606 4487 2764 4563 Hanc
2779 4486 3058 4540 stultitiam
3078 4485 3170 4556 qui
3190 4483 3434 4563 perfecte
3452 4482 3618 4563 secuti

2027 4555 2167 4629 sunt,
2186 4555 2320 4616 voce
2339 4555 2626 4629 Sapientia:
2643 4557 2828 4612 audire
2841 4555 3154 4612 meruerunt
3175 4574 3186 4609 :
3219 4557 3309 4611 Vos
3325 4557 3421 4629 qui
3437 4555 3626 4629 secuti

2027 4634 2140 4690 esti
2155 4628 2334 4699 mc,in
2355 4628 2777 4701 regenerationis
2798 4645 2930 4684 cum
2950 4629 3161 4684 sederit
3178 4629 3355 4683 Filius
3374 4628 3620 4701 hominis

2027 4706 2090 4760 in
2107 4705 2234 4760 sedc
2263 4698 2580 4773 majestatis
2603 4701 3017 4773 sua;,sedcbitis
3049 4705 3105 4773 et
3145 4714 3236 4773 vos
3265 4714 3439 4773 super
3450 4698 3620 4773 sedes

2029 4775 2318 4832 duodecim
2346 4769 2669 4841 iudicantes
2689 4771 2979 4827 duodecim
2997 4772 3174 4826 tribus
3194 4769 3377 4823 Israel
3392 4769 3618 4834 (Matth.

2027 4850 2272 4914 x1x,28).
2296 4846 2435 4900 Ecce
2451 4843 2817 4912 relinquentes
2834 4841 3168 4912 temporalia,
3185 4842 3414 4914 gloriam
3437 4846 3622 4914 potes-

2028 4910 2150 4973 tatis
2173 4910 2390 4974 aeternae
2411 4910 2639 4969 mercati
2668 4922 2816 4968 sunt.
2847 4910 2986 4982 Quid
3009 4913 3189 4979 itaque
3211 4911 3424 4982 stultius
3444 4911 3503 4982 iu
3519 4910 3621 4962 hoc

2029 4992 2230 5044 mundo
2260 5004 2419 5058 quam
2451 5001 2548 5040 sua
2584 4980 2886 5058 deserere?
2917 4992 2969 5058 et
3024 4983 3150 5050 quid
3208 4980 3262 5058 iu
3316 4980 3622 5058 teteruitate

2027 5051 2452 5130 nobilius-quam
2509 5058 2807 5130 cum_D_eo
2856 5053 3068 5130 judices
3123 5051 3367 5106 venire?
3419 5051 3620 5105 Horum

2027 5133 2230 5187 scilicet
2273 5123 2526 5203 judicium
2558 5123 2900 5203 _nobilita_s'_;
2958 5123 3254 5203 Salomone
3312 5129 3619 5203 attestante,

2026 5194 2374 5267 memorafur,
2408 5215 2530 5256 cum
2558 5198 2660 5251 hoc
2682 5196 2825 5267 quod
2851 5196 2967 5265 jam
3007 5194 3264 5267 praefatus
3306 5209 3444 5267 sum,
3478 5194 3620 5247 dici-

2028 5284 2114 5330 tur
2141 5263 2378 5346 :Nobitis
2407 5273 2470 5326 in
2498 5269 2680 5346 portis
2699 5263 2794 5322 iu'r
2823 5263 2964 5335 ejus,
2991 5265 3217 5346 quaudo
3239 5263 3462 5346 “sederit
3491 5280 3622 5320 cum

2026 5345 2381 5402 senatoribus
2413 5335 2579 5397 terra:
2601 5341 2780 5406 (Prov.
2801 5351 2965 5404 xxxi,
2989 5337 3100 5404 23).
3119 5335 3287 5390 Valde
3304 5336 3505 5405 quippe
3518 5351 3622 5390 no-

2025 5417 2164 5482 biles
2193 5417 2515 5474 considerat,
2540 5424 2676 5482 quos
2708 5416 2996 5462 senatores
3026 5415 3202 5462 vocat.
3244 5407 3412 5482 lieno
3453 5407 3509 5482 iu
3565 5422 3624 5461 se

2026 5477 2363 5560 nobilitatem
2386 5477 2582 5560 Paulus
2603 5487 2909 5560 aspexerat,
2935 5495 3066 5560 eum
3117 5477 3415 5560 coguitioui
3453 5480 3623 5560 Con-

2025 5559 2214 5614 ditoris
2246 5573 2342 5627 per
2371 5553 2630 5627 Spiritum
2654 5549 2874 5627 juuctus
2917 5549 3169 5627 dicebat:
3207 5550 3390 5604 Genus
3444 5552 3626 5627 igitur

2025 5647 2151 5687 cum
2167 5623 2344 5684 simus
2369 5626 2484 5687 Dei,
2519 5639 2633 5680 non
2648 5623 2906 5677 debemus
2927 5623 3212 5677 wstimarc
3240 5637 3402 5687 auro,
3423 5624 3506 5677 vel
3530 5638 3620 5675 ar-

2023 5695 2890 5774 gento,cu_t_tupidisculpturu;
2944 5693 3111 5774 nrtis.
3173 5697 3228 5748 et
3279 5693 3622 5774 {agnitionis

2026 5763 2276 5828 hominis
2297 5770 2556 5842 divinum
2579 5763 2916 5822 esse—simile
2945 5765 3091 5842 (ᾼει.
3126 5780 3259 5829 xvu,
3293 5765 3410 5842 :29).
3440 5763 3626 5842 Genus

2028 5843 2280 5900 videlicet
2303 5840 2398 5897 Dei
2431 5839 2681 5902 dicimur,
2713 5853 2818 5892 non
2851 5852 2920 5891 ex
2949 5836 3068 5906 ejus
3098 5844 3283 5890 natura
3329 5833 3478 5906 editi,
3530 5833 3626 5906 sed

2029 5931 2125 5989 per
2143 5913 2394 5988 spiritum
2424 5911 2590 5984 illius,
2623 5917 2676 5969 et
2703 5903 3007 5969 voluntarie
3035 5907 3265 5977 conditi,
3288 5911 3341 5961 et
3369 5903 3626 5982 adoptive
