4110 6176
491 213 632 273 i335

1410 210 1770 270 APPENDIX
1790 212 1884 269 AD
1905 211 1964 270 8.
1988 211 2328 272 GREGORII
2351 213 2580 272 OPERA
2613 213 2857 272 OMNIA.

3651 217 3796 272 1336

491 312 548 394 in
579 313 815 395 Evang,
848 326 902 395 n.
978 310 1048 395 .)._
1070 308 1379 395 Curandum
1408 319 1849 395 m‘agnopere‘est
1877 317 1935 364 ut
1963 325 2087 367 cum
2117 315 2174 376 Α
2206 313 2317 395 Deo
2349 314 2695 395 corripiente,
2716 315 2850 395 dura
2881 313 3100 395 ﬂagella
3123 312 3206 370 vel
3227 313 3446 395 labores
3475 311 3796 395 toleramus,

496 386 550 438 in
581 381 748 438 rebus
773 382 1137 438 exterioribus
1165 382 1405 452 pondere
1434 381 1641 436 doloris
1669 381 1960 446 aﬂicimur,
1994 397 2092 452 spe

497 455 567 509 ad
597 468 832 524 upema
854 453 1167 524 tendamus,
1185 461 1450 523 quatenus
1479 468 1545 507 eo
1566 468 1731 524 mens
1753 452 1956 524 adulta
1977 468 2094 522 per:

496 522 699 589 veniat,
730 539 835 592 quo
864 537 963 576 nos
991 522 1230 578 exterior
1259 539 1417 593 poena
1448 523 1696 591 castigat.
1751 522 1918 576 Valde
1949 523 2089 576 enim

499 593 833 666 impossibile
861 601 957 666 est
975 603 1032 647 ut
1061 595 1176 649 haec
1206 593 1662 666 peregrinationis
1710 601 1904 666 nostra:
1951 602 2092 648 tem-

500 663 787 737 poresine
817 664 1018 734 gemitu
1049 663 1370 737 evadamus.
1395 664 1552 718 Unde
1583 663 1719 716 bene
1744 663 1947 737 Paulus
1979 680 2099 737 cum

504 734 879 791 tribulationes
924 749 1058 789 suas
1101 734 1381 805 discipulis
1410 742 1769 798 enumeraret,
1808 734 2052 800 adjunxit
2086 752 2098 788 :

507 808 621 880 Ipsi
622 808 786 880 enim
803 805 964 860 scitis
981 807 1122 880 quod
1140 809 1202 860 in
1217 804 1316 880 hac
1328 806 1497 880 positi
1508 820 1706 880 suetus
1724 804 1795 871 (II
1809 805 1996 859 Thess.
2019 819 2100 880 nt,

508 874 581 947 3').
615 877 726 932 Sed
755 877 812 947 in
841 874 1083 947 ecquod
1115 892 1241 931 caro
1270 874 1526 947 ﬂagellis
1554 874 1804 942 aﬂicitur,
1834 890 1985 929 mens
2034 874 2104 928 ad

507 944 814 1019 appetenda
835 945 1025 1019 altiora
1046 944 1378 1019 sublevatur,
1405 944 1569 999 Paulo
1589 961 1769 1019 rursus
1789 950 2099 1012 attestante,

511 1015 602 1090 qui
625 1018 697 1072 ait
721 1034 734 1070 :
760 1018 826 1073 Et
852 1017 983 1073 licet
996 1021 1066 1079 is.
1085 1019 1180 1090 qui
1192 1018 1334 1090 foris
1345 1019 1453 1081 est,
1468 1019 1662 1070 noster
1679 1015 1840 1070 homo
1858 1031 2105 1090 corrum-

511 1087 920 1161 ῥαιιινκίατπεη
938 1093 1024 1161 is,
1056 1087 1152 1158 qui
1180 1089 1344 1161 intus
1375 1092 1479 1152 est,
1501 1090 1814 1161 renovatur
1836 1087 1902 1140 de
1923 1087 2013 1141 die
2043 1087 2105 1140 in

512 1156 682 1215 diem.
714 1157 843 1212 Inde
863 1159 1004 1212 enim
1027 1156 1182 1213 mens
1203 1156 1431 1212 evolans
1450 1157 1516 1212 ad
1539 1171 1774 1220 summa,
1796 1165 2106 1224 renovatur,

511 1230 658 1284 unde
700 1243 829 1284 caro
877 1227 1083 1284 diutius
1127 1228 1182 1280 in
1227 1225 1428 1281 inﬁmis
1472 1227 1686 1281 laborat
1733 1235 1785 1280 et
1831 1227 2100 1282 atteritur.

514 1298 987 1356 Considerandum
1035 1305 1115 1353 est
1159 1303 1339 1352 autem
1388 1298 1532 1366 quod
1557 1297 1626 1350 ad
1657 1313 1855 1368 magna
1886 1297 2111 1368 praemia

515 1368 794 1448 perveniri
820 1383 929 1423 non
959 1375 1158 1448 potest,
1190 1368 1296 1448 nisi
1325 1382 1424 1448 per
1451 1367 1928 1448 magnosl'abores
1958 1369 2112 1448 Un_d_e

517 1437 571 1496 at
601 1439 807 1494 Paulus
835 1437 1093 1510 egregius
1119 1437 1602 1510 praedicatorrdicit
1619 1437 1791 1510 tNon
1813 1439 2111 1510 coronabi—

520 1516 640 1578 ίαν,
664 1510 779 1592 nisi
799 1507 896 1578 qui
917 1507 1170 1592 legitime
1186 1509 1494 1592 certa-verit
1508 1507 1749 1592 (II-‘Tim.
1770 1523 1829 1575 n,
1853 1513 1928 1592 ᾗ).
1950 1509 2115 1592 ῌυιιι

519 1595 656 1636 vero
684 1579 871 1651 lingua
902 1578 1108 1651 dicere,
1141 1578 1766 1651 nullusqueintellectus
1795 1578 1988 1651 suﬂicit
2019 1593 2116 1634 ca-

518 1666 668 1722 pere,
698 1649 819 1722 ηυδε
840 1665 942 1740 PRO
963 1667 1021 1706 se
1042 1649 1410 1740 ιεξδςξι-αξιιίδυε
1431 1650 1574 1740 [ξβυε
1593 1649 1838 1740 PLf‘Ornisit
1857 1651 2110 1740 praemia,
2141 1666 2195 1729 Β

521 1720 772 1791 superna:
801 1720 1008 1778 scilicet
1052 1720 1286 1775 civitatis
1330 1720 1562 1791 gaudia,
1585 1720 1762 1775 choris
1792 1723 2113 1791 angelorum

521 1790 798 1853 interesse,
831 1806 953 1846 cum
999 1790 1326 1846 beatissimis
1372 1790 2115 1862 spiritibusgloriarCondi-

526 1863 656 1918 toris
682 1862 951 1926 assistere,
984 1861 1538 1932 praesentemvultum
1581 1860 1971 1932 Dei'cernere,
2025 1861 2114 1932 in-

528 1931 997 2002 circumscriptuni
1036 1933 1218 1987 lumen
1271 1931 1492 1998 videre,
1543 1931 1689 1986 nullo
1735 1940 1880 1986 metu
1931 1931 2118 1986 mortis

528 2002 688 2070 aﬂici,
722 2003 1137 2074 incorruptionis
1165 2010 1442 2072 perpetuas
1473 2018 1698 2074 numere
1744 2002 1937 2058 laetari.
1972 2002 2115 2071 Qui-

527 2089 742 2144 cunque
771 2073 1078 2144 igitur’illic
1108 2074 1255 2144 cupit
1283 2073 1538 2128 assistere
1565 2073 1655 2127 ubi
1683 2089 1741 2127 se
1769 2082 1953 2143 sperat
1994 2075 2118 2129 sine

529 2143 962 2224 ﬁne’gaudere,
1008 2145 1068 2224 si.
1105 2143 1338 2199 mentem
1381 2144 1522 2224 illius
1568 2152 1833 2224 tantorum
1884 2145 2118 2224 delectat

527 2214 852 2285 magnitudo
883 2215 1251 2285 praemiorum,
1274 2229 1379 2269 non
1413 2215 1674 2270 deterreat
1704 2215 1757 2268 in
1782 2216 1885 2270 hoc
1915 2214 2119 2270 mundo

530 2294 804 2342 certamen
845 2285 1118 2341 laborum.
1152 2285 1451 2340 Sciendum
1481 2293 1561 2340 est
1591 2293 1767 2340 autem
1817 2286 1960 2355 quod
2009 2285 2120 2340 alta

531 2355 860 2427 dispensatio
876 2357 1207 2426 judiciorum
1232 2355 1327 2427 Dei
1347 2355 1552 2410 idcirco
1577 2373 1720 2426 saepe
1744 2357 1880 2427 bene
1898 2372 2117 2411 meren-

533 2426 626 2498 tes:
641 2426 872 2498 famulos
901 2429 983 2482 vel
1017 2427 1178 2481 minis
1229 2426 1476 2498 impellit,
1509 2427 1592 2481 vel
1624 2426 1853 2498 ﬂagellis
1900 2428 2117 2496 premit,

531 2497 624 2568 vel
655 2497 980 2568 quibusdam
1008 2497 1446 2568 super-impositis
1489 2497 1744 2552 oneribus
1791 2505 2001 2568 gravat,
2033 2499 2120 2552 vel

531 2567 1288 2638 laboriosisoccupationibus
1320 2567 1579 2638 implicat,
1613 2568 1740 2638 quia
1768 2567 1901 2622 mira
1932 2576 2121 2638 poten-

534 2637 608 2691 tia
633 2637 898 2706 prasvidet
927 2639 1074 2707 quod
1099 2638 1143 2691 si
1177 2637 1338 2706 quieti
1369 2653 1432 2692 ac
1462 2637 1702 2692 liberi’in
1737 2638 2121 2706 tranquillitate

531 2707 901 2777 persistcrent,
935 2708 1256 2763 tentationes
1284 2707 1578 2762 adversarii
1618 2709 1760 2763 ferre
1789 2724 1896 2764 non
1926 2708 2121 2762 valen-

534 2787 638 2850 tes,
669 2780 865 2832 mentis
883 2777 1494 2850 prostrati‘vulneribus
1511 2779 1774 2850 jacerent.
1827 2783 1958 2834 Dum
1991 2794 2124 2850 ergo

539 2848 674 2920 toris
701 2863 794 2920 eos
825 2849 1119 2904 tolerandis
1145 2847 1386 2920 ﬂagellis
1416 2849 1501 2903 vel
1516 2847 1784 2920 oneribus
1812 2847 2126 2919 occupatfa

533 2918 897 2989 suscipiendis
927 2921 1068 2974 intus
1095 2918 1447 2974 tentationum
1466 2919 1665 2988 jaculis
1685 2918 2128 2975 occultat.ltlor'is

539 2991 745 3071 quippe
774 3005 861 3045 me
891 2990 1212 3084 licinaliseLst
1231 2999 1286 3044 ut
1304 3006 1454 3084 saepe
1476 2989 1744 3071 fervorem
1765 2991 2051 3084 vulnerum
2068 2992 2121 3046 in
2149 3020 2193 3084 Ο

531 3061 868 3132 pruriginem
895 3061 1032 3116 cutis
1063 3061 1256 3125 trahat,
1289 3070 1342 3116 et
1367 3061 1691 3132 plerumque
1729 3062 1854 3116 inde
1898 3063 2119 3116 interius

531 3131 855 3203 curat’unde
883 3132 1119 3203 exterius
1149 3133 1378 3186 sauciat.
1400 3133 1476 3203 Ita
1506 3131 1890 3203 nonnunquam
1922 3133 2118 3187 divina;

532 3201 944 3282 dispensationis
972 3203 1332 3282 medicamine
1360 3202 1546 3282 agitur
1561 3209 1619 3256 ut
1639 3201 2006 3282 exterioribus
2017 3203 2118 3282 do-

530 3271 736 3327 loribus
792 3273 1060 3326 internum
1109 3273 1306 3326 vulnus
1349 3271 1647 3339 adimatur,
1697 3282 1749 3327 et
1788 3273 2117 3328 sectionibus

530 3342 824 3412 repellatur
853 3341 1190 3413 ﬂagellorum
1223 3357 1290 3413 ea
1313 3357 1433 3410 quae
1463 3351 1695 3413 mentem
1718 3357 1983 3412 occupare
2010 3359 2116 3412 po-

533 3411 665 3466 terat
684 3413 904 3466 interior
932 3411 1159 3482 putredo
1188 3411 1468 3482 vitiorum.
1506 3411 1576 3464 Et
1604 3421 1781 3467 tamen
1812 3411 1958 3482 saepe
1987 3411 2114 3468 dum

530 3483 761 3550 patentis
790 3482 964 3550 culpa)
995 3481 1098 3534 sibi
1130 3481 1329 3536 conscii
1359 3482 1603 3536 homines
1632 3498 1738 3537 non
1768 3481 1912 3550 sunt,
1945 3491 1998 3536 et
2025 3493 2117 3539 aut

531 3551 811 3623 doloribus
865 3551 1207 3616 cruciantur,
1254 3559 1349 3606 aut
1386 3551 1662 3607 laboribus
1709 3554 2112 3623 deprimuntur,

529 3629 718 3695 contra
745 3622 1026 3695 justumet
1055 3622 1479 3695 omnipotentem
1495 3623 1737 3692 judicem
1760 3622 1813 3677 in
1836 3625 2114 3695 querelum

527 3691 833 3764 prosiliunt,
855 3691 1261 3764 scilicetminus
1291 3691 1556 3748 intuentes
1583 3703 1770 3749 contra
1801 3691 1962 3764 quam
1994 3696 2112 3750 for-

528 3762 1036 3834 temadversarium
1069 3763 1266 3817 bellum
1287 3772 1500 3834 gemat.
1524 3764 1694 3834 Cujus
1724 3765 1768 3818 si
1795 3762 1937 3820 vires
1965 3765 2110 3820 into-

528 3831 781 3887 lerabiles
837 3832 1068 3904 sollicite
1111 3831 1480 3900 attenderem,
1527 3831 1873 3904 nequaquam
1909 3837 1980 3891 de
2024 3837 2112 3892 his

528 3919 653 3973 quae
677 3903 916 3958 exterius
943 3904 1170 3958 tolerant
1193 3914 1601 3961 murmurarent.
1617 3903 1738 3960 Sed
1764 3906 1885 3961 ideo
1915 3907 2106 3962 viden—

530 3980 616 4046 tur
643 3974 802 4028 nobis
835 3974 947 4029 haec
984 3975 1190 4045 gravia,
1219 3976 1343 4046 quia
1389 3976 1536 4030 bella
1582 3977 1774 4031 occulti
1819 3978 2111 4031 adversarii

528 4044 781 4116 nolumus
799 4044 1021 4116 pensare
1042 4044 1314 4114 graviora,
1338 4064 1370 4100 a
1389 4046 1585 4114 quibus
1599 4047 1918 4116 plerumque
1931 4048 2108 4115 bellis,

527 4123 586 4168 ut
616 4114 873 4182 diximus,
891 4115 1018 4169 dum
1051 4117 1414 4184 ﬂagellamur,
1439 4114 1807 4182 defendimur,
1831 4114 1957 4171 dum
1980 4114 2111 4172 afﬂi-

527 4185 1109 4257 gimur,oceullamur.
1143 4188 1281 4241 Caro
1310 4187 1449 4241 enim
1482 4196 1662 4241 nostra
1691 4188 2006 4257 priusquam
2036 4206 2112 4242 re-

526 4256 871 4326 surrectionis
895 4257 1303 4326 incorruptione
1331 4257 1609 4324 solidetur,
1640 4257 1683 4310 si
1715 4256 2111 4315 nullo'mcerore

525 4324 768 4388 adicitur,
817 4327 870 4380 in
922 4324 1309 4381 tentationibus
1355 4326 1674 4382 eﬂ'renatur.
1735 4327 1868 4395 Quis
1931 4339 2107 4384 autem

525 4395 739 4468 nesciat
754 4371 895 4464 quod
927 4398 1093 4452 multo
1109 4398 1176 4451 sit
1195 4397 1389 4451 melius
1413 4399 1600 4452 ardere
1623 4371 1838 4452 ﬂamina
1857 4371 2107 4468 febrium:
2136 4371 2187 4432 D

524 4481 688 4533 quam
715 4465 934 4520 ﬂamma
967 4467 1216 4521 vitiorum
1237 4470 1263 4520 ?
1296 4469 1359 4522 Et
1388 4477 1564 4523 tamen
1595 4484 1714 4523 cum
1749 4470 1900 4522 febre
1931 4465 2108 4525 corriL

522 4537 724 4604 pimur,
755 4538 879 4612 quia
908 4537 1164 4612 vitiorum
1189 4546 1376 4612 aestum
1417 4539 1506 4612 qui
1537 4555 1636 4594 nos
1663 4554 1930 4612 occupare
1960 4550 2112 4609 pote-

523 4612 607 4659 rat
635 4606 991 4678 consi‘derare
1023 4608 1371 4678 negligimus,
1405 4606 1471 4663 de
1501 4606 1844 4678 percussione
1872 4606 2110 4666 murmu-

523 4690 734 4730 ramus.
771 4675 912 4746 Quis
936 4675 1138 4731 nesciit
1167 4675 1306 4746 quod
1339 4675 1513 4734 multo
1534 4679 1600 4733 sit
1630 4680 1821 4732 melius
1861 4681 2009 4735 duris
2055 4683 2109 4736 in

523 4745 1076 4818 servitiobominibus
1108 4745 1320 4818 subjici,
1354 4765 1511 4818 quam
1554 4749 1957 4804 blandientibus
1987 4752 2106 4804 dae-

521 4816 789 4872 moniacis
818 4817 1097 4885 spiritibus
1141 4816 1347 4873 subdi?
1372 4816 1449 4872 Et
1485 4828 1668 4873 tamen
1719 4837 1838 4874 cum
1872 4821 1980 4876 alto
2007 4823 2104 4878 Dei

514 4886 723 4962 judicio
750 4887 1073 4962 conditionis
1114 4889 1361 4962 humanae
1399 4890 1846 4962 atterimurjugo,
1881 4892 1934 4944 in
1965 4909 2102 4962 que-

519 4958 687 5030 relam
724 4959 1062 5030 prosilimus,
1094 4959 1346 5013 nimirum
1389 4961 1514 5030 quia
1555 4962 1734 5014 minus
1763 4958 2103 5018 attendimus

517 5029 661 5096 quod
692 5027 734 5082 si
767 5044 870 5084 nos
893 5031 1037 5085 nulla
1058 5031 1296 5086 conditio
1316 5027 1584 5085 servitutis
1603 5032 1952 5100 Opprimeret,
1985 5032 2094 5086 for-

516 5105 658 5170 tasse
688 5115 842 5170 mens
871 5109 1053 5156 nostra
1082 5101 1263 5155 multis
1305 5101 1681 5170 iniquitatibus
1727 5103 1883 5170 pejus
1932 5103 2099 5158 libera

511 5166 832 5240 deserviret.
880 5170 1008 5225 Ideo
1051 5171 1222 5239 igitur
1256 5171 1373 5226 htec
1401 5166 1536 5240 quae
1577 5166 1868 5240 toleramus
1911 5175 2099 5240 gravia

509 5239 812 5312 credimus,
867 5241 1120 5312 quoniam
1167 5242 1335 5296 hostis
1377 5239 1558 5295 callidi
1602 5239 1745 5295 bella
1785 5239 1943 5312 quam
1992 5246 2096 5299 sint

507 5311 694 5364 contra
722 5327 820 5364 nos
847 5310 982 5365 dura
1012 5319 1064 5364 et
1092 5311 1454 5367 intolerabilia
1479 5328 1584 5367 non
1609 5310 1872 5367 videmus.
1900 5314 2094 5370 Mentis

502 5382 649 5435 enim
679 5391 874 5436 nostra!
922 5382 1134 5452 pondus
1181 5398 1340 5439 omne
1388 5383 1685 5450 vilesceret,
1715 5401 1756 5437 su
1789 5401 1854 5438 ea
1883 5401 2003 5453 quae
2032 5402 2092 5440 se

498 5461 747 5523 poterant
777 5453 1085 5522 Opprimere
1112 5455 1306 5509 occulti
1349 5454 1642 5508 adversarii
1691 5454 1833 5508 bella
1879 5469 2087 5523 pensa-

498 5530 597 5576 ret.
632 5521 778 5595 Qujd
808 5521 950 5578 enim
982 5525 1023 5578 si
1056 5524 1403 5595 omnipotens
1437 5525 1574 5579 Deus
1602 5541 1769 5579 onera
1798 5521 1917 5593 quae
1944 5527 2086 5595 pati-

495 5609 617 5666 mur
647 5591 908 5666 sublevet,
937 5597 1030 5666 sed
1056 5591 1232 5666 tamen
1263 5613 1359 5650 sua
1391 5595 1546 5649 nobis
1576 5591 1847 5666 adjutoria
1867 5591 2082 5666 subtra-

492 5663 604 5726 hat,
636 5671 690 5717 et
718 5662 854 5716 inter
883 5665 1048 5719 hostis
1075 5665 1280 5726 antiqui
1323 5662 1658 5720 testamenta
1689 5683 1790 5720 nos
1838 5665 2080 5722 derelin-

490 5734 662 5803 quat?
704 5733 974 5803 Sasviente
1017 5743 1163 5790 tanto
1207 5733 1394 5798 hoste,
1443 5752 1549 5803 quo
1592 5736 1811 5798 ibimus,
1843 5737 1888 5790 si
1919 5738 2078 5793 nullis

488 5800 745 5858 Auctoris
761 5804 925 5858 nostri
937 5803 1343 5862 defensionibus
1353 5800 1744 5878 protegamur‘?
1760 5808 1899 5863 Cum
1918 5823 2071 5880 ergo,

2203 392 2261 438 ut
2288 383 2668 457 aequanimiter
2691 400 2756 440 ea
2788 383 3041 453 ferentés,
3062 400 3402 457 nequaquam
3424 383 3478 440 in
3501 383 3629 457 vitio
3658 400 3804 439 mur-

2200 454 2518 510 murationis
2546 457 2890 518 excedamus.
2927 454 3420 512 hostem—nostrum
3468 454 3536 509 ad
3581 471 3800 511 memo-

2203 527 2337 579 riam
2377 542 2629 581 revocare
2657 527 2952 590 debemus;
2985 537 3038 581 et
3068 528 3263 581 durum
3312 543 3420 581 non
3469 525 3808 581 aestimemus

2204 612 2363 650 omne
2392 598 2538 666 quod
2571 599 2822 666 patimur,
2872 599 2999 652 dum
3049 598 3295 654 externis
3341 596 3676 652 cruciatibus
3723 597 3795 652 ab

2203 667 2414 721 interna
2444 669 2700 737 passione
2731 668 3049 723 liberamur.

2271 758 2397 807 CAP.
2425 761 2486 809 X.
2512 785 2574 794 —
2604 759 2981 820 lngemiscimus
3023 761 3244 821 gravati.
3267 773 3325 810 eo
3349 760 3481 823 quod
3509 759 3742 810 natamus

2391 825 2698 891 exspoliari.
2727 825 2816 876 sed
2840 827 3177 888 ευριπ-νειιίτὶ
3207 827 3286 887 (II
3311 829 3430 878 Cor.
3466 841 3520 889 γ,
3545 827 3623 889 ι).

2281 908 2361 980 (In
2391 906 2638 980 exposit.
2661 908 2725 962 Β.
2758 909 2882 968 Job.
2908 909 3001 963 lib.
3027 925 3180 972 χχχι,
3205 925 3352 963 num.
3377 911 3493 980 '70.)
3513 910 3648 964 Cum
3672 907 3808 963 foris

2213 977 2443 1046 quisque
2472 979 2803 1050 praedicator
2823 987 3096 1034 certamen
3134 980 3236 1033 sibi
3285 977 3555 1050 passionis
3585 980 3809 1050 propin-

2214 1063 2382 1122 quere
2400 1049 2734 1114 considerat,
2754 1049 2975 1121 gloriosi
2992 1049 3301 1122 certaminis
3313 1051 3495 1106 subire
3510 1049 3808 1122 periculum

2214 1119 2347 1185 vult,
2381 1127 2434 1173 et
2459 1127 2642 1190 tamen
2685 1119 2936 1190 trepidat,
2970 1121 3220 1190 quoniam
3251 1121 3310 1174 in
3342 1119 3525 1178 morte'
3554 1121 3809 1176 conside-

2216 1198 2299 1244 rat
2328 1189 2474 1314 quod
2505 1191 2737 1245 tolerans
2768 1189 3073 1272 paveat,’_et
3101 1191 3157 1244 in
3185 1191 3361 1247 fructu
3392 1194 3585 1247 mortis
3609 1193 3812 1261 aspicit

2218 1275 2324 1314 quo
2393 1270 2656 1314 appetens
2685 1270 2916 1314 auxerat.
2957 1261 3245 1314 Videamus
3270 1263 3495 1314 Paulum
3535 1262 3812 1314 quomodo

2218 1261 2359 1331 quod
2393 1270 2656 1334 appetens
2685 1270 2916 1334 quaerat.
2957 1261 3245 1334 Videamus
3270 1263 3495 1318 Paulum
3535 1262 3813 1334 quomodo

2219 1339 2364 1404 amet
2396 1331 2551 1404 quod
2596 1331 2819 1404 refugit,
2849 1331 3124 1404 quomodo
3166 1334 3405 1404 retugiat
3448 1331 3595 1404 quod
3641 1342 3808 1404 amet.

2220 1402 2309 1457 Ait
2323 1401 2463 1456 enim
2482 1419 2493 1454 :
2513 1401 3088 1460 Desiderium’habens
3101 1401 3357 1470 dissolui,
3372 1410 3428 1461 et
3441 1401 3508 1460 c'u
3518 1422 3573 1460 m
3593 1403 3814 1460 Christo

2223 1489 2340 1528 esse
2371 1471 2606 1545 (Philip.
2644 1493 2677 1541 ι,
2710 1473 2824 1539 23).
2856 1476 2926 1529 Et
2956 1475 3091 1530 Mlhi
3126 1477 3308 1531 vivere
3342 1477 3598 1530 Christus
3623 1478 3733 1540 est,
3757 1478 3815 1528 et

2223 1545 2366 1598 mori
2391 1543 2635 1600 lucrum.
2661 1548 2725 1600 Et
2746 1553 2924 1599 tamen
2946 1546 3078 1601 dicit
3098 1564 3112 1601 :
3136 1545 3406 1610 Quandiu
3424 1562 3626 1602 sumus
3637 1553 3698 1600 tu
3717 1545 3814 1600 hoc

2227 1613 2566 1687 habitaculo,
2582 1618 3010 1687 ingemiscimus
3023 1618 3272 1686 gravati,
3289 1632 3351 1672 eo
3380 1618 3524 1685 quod
3547 1617 3812 1687 nolumus

2333 1684 2572 1754 potiari,
2603 1684 2695 1743 sed
2725 1684 3088 1758 supervestiri
3117 1707 3135 1742 :
3167 1694 3233 1742 ut
3257 1684 3632 1758 absorbeatur
3673 1684 3813 1758 quod

2224 1758 2470 1811 mortale
2490 1762 2592 1822 est,
2615 1775 2650 1812 a
2680 1755 2816 1814 vita.
2844 1759 2984 1812 Ecce
3010 1766 3064 1812 et
3089 1759 3222 1812 mori
3244 1755 3537 1822 desiderat,
3555 1765 3610 1812 et
3632 1755 3808 1811 tamen

2224 1827 2513 1896 exspoliari
2544 1843 2704 1883 carne
2734 1828 3009 1883 formidat.
3040 1829 3147 1884 Cur
3175 1829 3320 1883 hoc?
3343 1826 3485 1896 Quia
3515 1829 3560 1882 si
3592 1826 3810 1881 victoria

2223 1895 2276 1950 in
2310 1895 2622 1967 perpetuum
2654 1899 2912 1965 laetiﬁcat,
2957 1901 3131 1969 ipsum
3180 1895 3532 1955 nihilominus
3571 1913 3813 1969 praesens

2224 1983 2386 2037 paena
2415 1969 2695 2037 perturbat
2718 1985 2732 2038 ;
2766 1979 2819 2025 et
2843 1968 3088 2040 quamvis
3114 1986 3268 2026 amor
3287 1969 3677 2039 subsequentis
3698 1968 3812 2022 vin-

2224 2046 2312 2093 cat
2341 2040 2596 2107 muneris,
2628 2041 2798 2107 tangit
2823 2049 3002 2096 tamen
3031 2043 3271 2095 animum
3301 2056 3407 2095 non
3428 2040 3551 2094 sine
3579 2053 3812 2094 interere

2229 2108 2423 2233 pulsus
2451 2109 2678 2190 doloris.
2711 2108 2860 2193 Sicut
2877 2112 3020 2192 enim
3053 2112 3133 2192 vir
3162 2111 3315 2167 fortis
3343 2127 3465 2193 cum
3490 2109 3810 2190 vicinojam

2266 2180 2353 2233 ellt
2383 2189 2675 2233 certanune
2704 2199 2869 2233 amns
2887 2189 3211 2233 accmmtur.
3232 2183 3462 2233 nalmtat
3489 2190 3544 2233 et
3573 2182 3810 2233 festinat.

2266 2180 2675 2254 elli‘certamine
2704 2183 2869 2237 armis
2887 2183 3211 2254 accingitur,
3232 2183 3462 2254 palpitat
3489 2190 3544 2236 et
3573 2180 3810 2254 festinat,

2227 2249 2404 2304 tremit
2436 2263 2490 2324 et
2517 2250 2692 2320 saevit,
2724 2254 2876 2324 quasi
2909 2249 3134 2324 parvére
3178 2249 3281 2323 per
3327 2249 3589 2324 pallorem
3619 2250 3812 2324 cerni-

2230 2329 2331 2389 tur,
2364 2322 2460 2376 sed
2490 2339 2590 2394 per
2617 2322 2753 2396 iram
2785 2322 3130 2396 vehementer
3171 2322 3392 2396 urgetur
3425 2339 3437 2377 :
3471 2323 3552 2396 ita
3575 2323 3661 2374 vir
3686 2338 3814 2376 san-

2229 2401 2341 2447 ctus
2371 2393 2504 2447 cum
2524 2395 2887 2464 propinquare
2924 2395 3171 2464 passioni
3214 2393 3270 2450 se
3314 2393 3600 2464 conspicit,
3635 2402 3689 2448 et
3719 2409 3819 2446 na-

2230 2470 2366 2534 turae
2394 2479 2506 2518 suae
2533 2464 2838 2520 inﬁrmitate
2867 2467 3186 2534 concutitur,
3207 2475 3258 2519 et
3276 2481 3386 2519 suae
3407 2465 3522 2534 spei
3546 2464 3822 2519 soliditate

2231 2533 2555 2605 roboratur,
2586 2543 2639 2590 et
2681 2537 2749 2591 de
2792 2536 2969 2591 vicina
3009 2533 3185 2591 morte
3243 2533 3502 2605 trepidat,
3549 2543 3602 2590 et
3648 2545 3827 2589 tamen

2231 2603 2377 2683 qued
2427 2604 2706 2661 moriendo
2745 2606 2937 2683 verius
2968 2607 3122 2683 vivat
3154 2603 3409 2683 exsultat.
3451 2607 3549 2683 ‘Ad
3598 2620 3826 2683 regnum

2234 2676 2433 2746 quippe
2464 2691 2571 2730 non
2617 2685 2790 2746 potest
2837 2677 2939 2730 nisi
2988 2681 3163 2733 morte
3208 2676 3526 2746 interposita
3569 2676 3828 2746 transire,

2235 2745 2521 2819 etidcirco
2549 2745 2801 2818 gaudens
2830 2748 3020 2804 metuit
3063 2757 3117 2802 et
3157 2745 3403 2803 metuens
3433 2745 3830 2819 gaudet,_quia

2234 2815 2332 2871 scit
2362 2817 2521 2888 quod
2547 2815 2612 2871 ad
2646 2819 2888 2874 bravium
2919 2819 3115 2888 quietis
3142 2833 3249 2874 non
3280 2815 3562 2888 perveniat
3589 2817 3694 2872 nisi
3724 2819 3828 2872 hoc

2233 2887 2379 2956 quod
2411 2887 2692 2957 interjacet
2721 2905 2840 2944 cum
2873 2887 3062 2946 labore
3091 2887 3460 2944 transcendat.

2263 2983 2380 3036 Car.
2419 2986 2501 3037 XI.
2529 3013 2591 3022 —
2627 2989 2688 3039 Ut
2711 2989 3051 3040 absorbeatur
3094 2990 3228 3051 quod
3253 2989 3471 3040 mortale
3492 2994 3590 3050 est,
3622 3003 3660 3039 α
3695 2987 3795 3038 vita

2819 3056 2892 3118 (II
2923 3057 3046 3107 Cor.
3077 3070 3127 3120 v,
3153 3056 3232 3120 4).

2295 3139 2378 3192 (In
2409 3139 2642 3205 exposit.
2676 3138 2736 3192 B.
2768 3139 2891 3204 Job,
2924 3139 3013 3201 lib,
3047 3155 3120 3207 iv,
3152 3155 3300 3194 num.
3331 3139 3446 3206 45.)
3496 3135 3670 3192 Electi
3718 3135 3815 3190 Dei

2226 3208 2582 3280 quantalibet,
2623 3211 2997 3264 coruscatione
3065 3210 3246 3280 Operis
3301 3209 3569 3280 fulgeant,
3639 3222 3814 3280 quan-

2227 3277 2413 3334 tolibet
2477 3279 2699 3350 senigne
2761 3277 3190 3350 compunctionis
3253 3277 3591 3338 accendant.
3651 3277 3816 3331 nimi-

2223 3367 2341 3404 rum
2369 3359 2579 3404 constat
2609 3351 2736 3420 quia
2760 3350 2888 3404 dum
2913 3350 3252 3420 corruptibili
3280 3351 3462 3404 adhuc
3489 3363 3659 3404 carne
3688 3362 3812 3419 gra-

2224 3421 2328 3474 vati
2359 3428 2500 3485 sunt,
2528 3427 2780 3474 internum
2813 3422 2995 3476 lumen
3038 3421 3177 3476 sicut
3225 3428 3308 3475 est
3355 3420 3542 3474 videre
3602 3433 3812 3488 nequa-

2223 3507 2383 3557 quam
2410 3499 2666 3559 possunt;
2694 3508 2840 3559 saepe
2869 3500 3046 3548 autem
3085 3493 3159 3546 ita
3205 3507 3364 3544 mens
3393 3505 3584 3544 eorum
3616 3505 3812 3544 accen-

2223 3562 2388 3641 ditur,
2423 3562 2758 3641 utquamvis
2779 3562 2830 3615 in
2852 3579 3014 3641 carne
3041 3563 3330 3641 sit_po_sita.
3352 3564 3404 3615 in
3429 3562 3604 3641 Deum
3637 3568 3812 3641 tamen

2221 3633 2371 3715 omni
2420 3631 2713 3715 subjugata
2757 3633 2966 3715 carnali
3009 3631 3336 3715 cogitatione
3384 3633 3659 3715 rapiatur:
3705 3631 3813 3684 Nec

2223 3711 2398 3756 tamen
2429 3701 2608 3756 Deum'
2631 3703 2771 3757 sicut
2800 3713 2879 3758 est
2907 3701 3191 3771 conspicit,
3214 3704 3338 3771 quia
3369 3701 3623 3755 nimirum
3647 3703 3805 3764 hanc,

2222 3773 2358 3827 sicut
2387 3772 2588 3828 dictum
2620 3782 2719 3836 est,
2743 3774 2796 3826 in
2827 3789 2990 3829 carne
3017 3772 3353 3844 corruptibili
3376 3772 3596 3844 pondus
3628 3771 3811 3844 prima;

2221 3844 2584 3897 damnationis
2642 3845 2853 3913 premit.
2895 3845 3053 3914 Saepe
3096 3841 3266 3898 ita'ut
3314 3841 3401 3898 est
3434 3859 3507 3914 se
3528 3841 3809 3914 absorberi

2220 3914 2512 3980 desiderat,
2547 3919 2605 3967 ut
2632 3924 2888 3968 aeternam
2921 3913 3106 3980 vitam,
3139 3915 3183 3967 si
3214 3914 3383 3985 possit
3421 3913 3560 3980 ﬁeri,
3593 3913 3810 3985 sinsin-

2222 3993 2462 4039 terventu
2509 4000 2782 4053 corporeae
2838 3987 3029 4040 mortis
3085 3982 3332 4056 attingat.
3398 3984 3552 4039 Unde
3587 3982 3805 4056 Paulus,

2219 4071 2340 4108 cum
2368 4056 2622 4108 ardenter
2663 4056 2928 4110 internam
2969 4057 3141 4111 lucem
3188 4054 3477 4124 quaereret,
3505 4054 3604 4108 sed
3635 4064 3806 4108 tamen

2221 4133 2380 4180 utcun
2424 4141 2488 4179 ue
2515 4126 2705 4180 mortis
2747 4127 3036 4181 exterioris
3081 4128 3282 4180 damna
3331 4125 3657 4188 formidare,
3689 4126 3802 4177 ait:

2221 4143 2482 4250 Ouangiu
2511 4213 2706 4250 sumus
2754 4199 2817 4250 in
2869 4198 2966 4250 hoc
2998 4196 3344 4250 habitacula.
3376 4196 3799 4250 inaemiscimus

2221 4195 2482 4262 Quandiu
2511 4213 2706 4252 sumus
2754 4199 2817 4252 in
2869 4198 2966 4252 hoc
2998 4196 3344 4256 habitacula.
3376 4196 3799 4266 ingemiscimas

2217 4270 2442 4335 gravati
2483 4284 2499 4315 :
2539 4283 2601 4322 eo
2632 4268 2774 4336 quod
2815 4268 3082 4323 nolumus
3111 4268 3448 4335 exspoliari,
3477 4266 3576 4320 sed
3610 4280 3805 4336 super—

2218 4339 2411 4408 vestiri
2439 4358 2454 4408 ;
2488 4341 2551 4391 ut
2594 4339 2954 4393 absorbeatur
2984 4338 3128 4408 quod
3165 4339 3410 4392 mortale
3456 4340 3566 4400 est,
3597 4354 3635 4391 α
3667 4339 3803 4390 vita.

2221 4407 2405 4462 Sancti
2437 4407 2605 4477 igitur
2631 4409 2734 4461 viri
2766 4409 2948 4463 videre
2976 4407 3164 4463 verum
3209 4408 3394 4463 lumen
3443 4414 3727 4475 appetunt,
3757 4411 3808 4460 et

2219 4478 2263 4530 si
2311 4479 2659 4539 concedatur,
2710 4478 2872 4532 etiam
2925 4495 3049 4532 cum
3090 4493 3320 4547 corpore
3367 4477 3501 4531 illud
3545 4477 3808 4548 attingere

2221 4549 2354 4602 lucis
2383 4548 2586 4602 intimae
2610 4558 2875 4603 secretum
2905 4548 3110 4603 volunt.
3163 4546 3273 4604 Sed
3319 4546 3665 4617 quantolibet
3689 4546 3805 4617 far-

2220 4619 2354 4674 dore
2370 4619 2682 4673 intentionis
2702 4620 2943 4683 exiliant,
2963 4621 3139 4674 adhuc
3159 4616 3378 4687 antiqua
3399 4634 3528 4680 nox,
3553 4616 3808 4671 videlicet

2217 4705 2516 4744 consensus
2559 4690 2717 4757 primi
2777 4691 3049 4758 parentis,
3091 4688 3161 4743 ad
3203 4689 3422 4758 culpam
3479 4693 3808 4758 gravat;_et

2215 4756 2576 4830 corruptibilis
2607 4759 2764 4826 hujus
2777 4756 2961 4814 carnis
2991 4761 3194 4830 oculos,
3229 4756 3368 4829 quos
3399 4756 3572 4812 hostis
3598 4756 3806 4830 calidus

2215 4831 2282 4884 ad
2314 4827 2804 4897 concupiscentiam
2837 4831 3070 4898 aperuit.
3093 4827 3268 4885 Judei
3294 4831 3475 4900 justus
3505 4845 3534 4882 a
3565 4827 3805 4883 contuitu

2213 4901 2406 4954 interni
2437 4899 2518 4954 sui
2550 4901 2775 4971 fulgoris
2801 4902 3025 4970 premit.

2211 4993 2346 5039 Cn.
2378 4992 2488 5058 XII.
2513 5020 2574 5028 —
2599 4989 2695 5050 Qui
2733 4996 2899 5042 autem
2923 4992 3073 5058 efﬁcit
3098 5005 3190 5041 nos
3209 4988 3386 5058 iubeo
3405 4989 3760 5058 ipsumrpm
3786 5002 3803 5035 .-

2341 5061 2431 5120 qui
2450 5057 2593 5108 dedit
2617 5058 2773 5108 nobis
2791 5054 2978 5120 pignus
3001 5057 3223 5120 Spiritus
3245 5057 3316 5116 (II
3341 5058 3472 5107 Car.
3509 5068 3562 5118 γ,
3594 5054 3677 5120 5).

2279 5140 2362 5206 (In
2393 5141 2623 5210 exposit.
2660 5140 2718 5194 Β.
2748 5140 2870 5205 Job,
2893 5141 2986 5193 lib.
3009 5155 3118 5203 rm,
3145 5155 3295 5193 num.
3329 5142 3408 5206 ὓ.)
3432 5141 3492 5210 In
3525 5138 3800 5210 Scriptura

2206 5225 2364 5281 sacra
2394 5208 2686 5281 aliquando
2716 5211 2916 5264 donum
2948 5212 3120 5281 sancti
3142 5210 3377 5279 Spiritus
3400 5209 3607 5281 pignus
3628 5208 3799 5281 appel-

2206 5279 2361 5352 latur,
2395 5278 2522 5352 quia
2552 5297 2647 5351 per
2672 5282 2774 5335 hoc
2812 5281 2880 5334 ad
2927 5278 3198 5348 interioris
3240 5295 3369 5351 sper
3401 5278 3794 5352 'certitudinetu

2199 5351 2378 5405 anima
2409 5349 2590 5406 nostra
2625 5353 2926 5406 roboratur.
2951 5352 3094 5405 Bene
3123 5365 3256 5420 ergo
3274 5349 3385 5420 per
3408 5351 3636 5404 Paulum
3671 5349 3793 5403 dici-

2201 5429 2284 5475 tur
2315 5441 2326 5474 :
2364 5423 2469 5489 Qui
2492 5423 2645 5478 dedit
2675 5422 2833 5479 nobis
2861 5425 3062 5492 pignus
3089 5422 3365 5492 Spiritus.
3395 5423 3480 5477 Ad
3510 5422 3619 5492 hoc
3649 5421 3782 5492 enirn

2197 5488 2394 5564 dignus
2421 5493 2732 5563 accepimus
2759 5500 2815 5546 ut
2842 5488 3303 5562 depromissione
3344 5509 3467 5563 qua:
3517 5490 3686 5547 nobis
3732 5488 3786 5542 ﬁt

2195 5564 2572 5618 cerliludinem
2607 5572 2908 5618 teneamus.

2191 5653 2324 5701 Car.
2363 5653 2496 5702 XIII.
2521 5681 2581 5691 —
2608 5655 2739 5703 Dum
2765 5666 2944 5704 sumus
2990 5653 3044 5702 in
3087 5665 3307 5715 corpore,
3346 5651 3730 5713 peregrinantur
3759 5661 3788 5698 a

2672 5720 2880 5771 Domina
2903 5719 2982 5782 (II
3013 5719 3133 5770 Cor.
3155 5733 3205 5780 ν,
3229 5719 3306 5781 6).

2257 5803 2343 5870 (In
2389 5801 2622 5872 exposit.
2655 5802 2714 5859 B.
2742 5804 2866 5871 Job,
2899 5802 2995 5860 lib.
3027 5817 3179 5870 xvur,
3211 5818 3265 5858 ιι.
3303 5800 3418 5871 48.)
3464 5799 3777 5873 Peregrinus
