4110 6176
357 251 496 310 183⁸7

354 375 590 448 populus
628 382 702 448 est
732 374 994 448 _omni_um
1027 373 1646 448 numerusclcctorum,

361 444 532 502 vitam
563 445 837 524 quoddam
866 445 974 524 sibi
1003 444 1259 524 exsilium
1283 444 1626 524 deputantes,
1659 444 1726 523 ad
1757 459 1952 524 super-

357 535 484 574 nam
517 514 747 588 patriam
803 521 916 588 tota
963 514 1489 588 cordisiintentione
1517 514 1960 588 Δειιδρὶισαιιινόθ

359 585 559 660 quibus
591 588 784 642 Paulus
815 587 947 643 dicit
980 602 993 641 :
1024 587 1398 660 Conﬁtentur,
1430 585 1561 658 quia
1586 586 1960 660 peregriniet

358 654 610 731 hospites
637 663 972 731 suntsuper
994 662 1205 714 terram
1239 657 1394 731 (Hel).
1424 654 1496 731 ii,
1533 654 1638 731 t3).
1674 654 1778 724 Qui
1809 656 1958 731 enim

359 727 479 787 haec
505 730 710 797 dicunt,
751 727 1062 799 signiﬁcant
1101 745 1161 782 se
1193 728 1420 798 patriam
1464 727 1768 799 inquirere.
1808 727 1962 799 Hanc

359 797 848 873 peregrinationem
898 799 1069 856 isdem
1098 797 1317 870 quoque
1344 797 1626 868 apostolus
1675 797 1958 873 tolerabat,

357 868 481 927 eum
497 868 711 926 diceret
737 888 748 924 :
775 872 917 926 Dum
938 887 1137 926 sumus
1163 868 1503 938 incorpore,
1524 868 1963 940 peregrinamur

361 959 398 998 a
416 941 784 1012 Dominozper
799 942 966 1010 ﬁdem
983 941 1136 997 enim
1152 939 1594 1012 ambulamule
1607 955 1719 994 non
1731 955 1838 1012 per
1849 955 1965 1011 spe-

361 1013 533 1069 ciem.
564 1009 738 1081 Hujus
771 1009 1226 1083 peregrinationis
1245 1027 1516 1083 aarumnas
1535 1009 1820 1083 satagebat
1839 1009 1966 1083 eva-

361 1085 512 1150 dere,
547 1099 670 1137 cum
703 1081 929 1137 dicebai
947 1099 958 1134 :
985 1083 1340 1138 Desiderium
1373 1081 1584 1137 habens
1630 1081 1880 1143 dissolvi,
1908 1085 1964 1136 et

363 1171 486 1211 esse
515 1170 646 1210 cum
678 1153 907 1211 Christo
940 1151 1183 1224 (Philip.
1225 1169 1262 1219 ι,
1295 1156 1411 1221 23).
1453 1153 1795 1224 Etrursum:
1830 1151 1964 1207 Mihi

362 1227 552 1282 vivere
577 1225 836 1282 Christus
857 1221 964 1288 est,
989 1229 1043 1280 et
1077 1221 1222 1279 m'ori
1263 1225 1486 1278 lucrum
1519 1221 1742 1291 (lbid.).

362 1335 489 1384 Car.
511 1333 647 1384 XIV.
704 1359 767 1368 —
800 1333 1375 1460 Vulturnum”???
1434 1341 1484 1383 et
1521 1333 1668 1396 facta
1691 1337 1810 1382 sunt
1832 1345 1968 1380 nova

1164 1435 1177 1448 .
1197 1412 1247 1460 v,
1360 1435 1374 1448 .

1164 1412 1247 1460 .v,
1274 1412 1374 1460 1'1).

439 1483 585 1549 (Lib.
628 1498 669 1548 ι,
701 1481 754 1536 ἱη
808 1481 1036 1546 Ezech.,
1069 1481 1217 1536 hom.
1264 1483 1348 1540 to.
1380 1497 1435 1534 n.
1474 1484 1526 1546 8,
1578 1485 1630 1548 9,
1665 1482 1776 1550 to.)
1807 1480 1967 1549 Saepe

364 1554 603 1609 vidimus
633 1553 898 1622 quosdam
941 1553 1009 1606 ad
1039 1567 1229 1607 vocem
1263 1551 1663 1622 prmdicationis
1711 1553 1864 1621 quasi
1895 1567 1967 1603 ex

367 1621 784 1680 conversatione
857 1631 1212 1680 comnunctos
1269 1621 1512 1676 habitum
1568 1639 1674 1675 non
1727 1621 1964 1676 animum

365 1703 628 1760 mutasse,
689 1694 759 1748 ita
816 1701 873 1746 ut
928 1690 1236 1762 religiosam
1268 1701 1478 1748 vestem
1532 1699 1827 1750 sumerent.
1868 1690 1966 1762 sed

364 1773 615 1821 anteacta
647 1764 776 1818 vitia
818 1779 926 1818 non
956 1761 1250 1826 calearent,
1301 1763 1449 1817 lucra
1467 1764 1661 1833 mundi
1686 1761 1970 1833 praesentis

371 1836 651 1891 inhianter
679 1849 939 1904 querere,
973 1843 1026 1889 et
1053 1834 1124 1889 de
1153 1833 1268 1888 solo
1308 1832 1564 1904 exteriori
1597 1832 1793 1904 habitu,
1816 1848 1977 1902 quem

370 1903 726 1972 sumpserunt
781 1905 1082 1960 sanctitatis
1136 1904 1390 1960 ﬁduciam
1450 1903 1682 1958 habere.
1764 1903 1979 1973 Quibus

371 1977 508 2050 quid
547 1977 698 2050 aliud
735 1975 1040 2050 dicendum
1091 1983 1189 2050 est,
1222 1974 1328 2028 nisi
1360 1976 1482 2050 _hoc
1527 1975 1675 2045 quod
1717 1975 1982 2050 Magister

370 2045 634 2120 egregius
646 2045 985 2120 quibusdam
1026 2046 1167 2120 legis
1198 2045 1471 2120 exteriora
1501 2045 1842 2120 servantibus
1889 2045 1978 2120 1o-

372 2115 577 2191 qiiitiir,
605 2115 824 2191 dicens:
853 2118 994 2186 Quia
1015 2115 1323 2191 in'Christo
1342 2117 1473 2172 Iesu
1494 2115 1983 2191 nequecircumci-

373 2185 464 2261 s'io
478 2185 697 2261 aliquid
709 2205 772 2261 va
783 2185 1064 2261 tenuitque
1075 2190 1441 2261 prwputium,
1451 2185 1702 2261 sednova
1713 2191 1981 2261 creatura

381 2259 546 2327 (Gal.
573 2257 633 2315 ’v.
659 2261 715 2330 6)
733 2260 760 2310 ‘l
789 2259 910 2330 Non
933 2257 1089 2313 enim
1109 2257 1294 2330 magni
1316 2266 1394 2330 est
1423 2257 1598 2312 meriti
1627 2257 1671 2312 si
1701 2258 1832 2330 quid
1849 2257 1979 2312 foris

378 2345 511 2402 erga
542 2345 643 2385 nos
670 2337 862 2402 agatur
890 2329 944 2382 in
973 2329 1219 2402 corpore,
1249 2329 1343 2383 sed
1376 2329 1978 2402 magnopere’pensan-

379 2399 512 2455 dum
571 2409 652 2455 est
707 2399 834 2471 quid
867 2407 1062 2471 agatur
1117 2399 1399 2471 inimente.
1458 2400 1596 2453 Nam
1653 2403 1978 2468 praesentem

381 2471 652 2526 mundum
684 2469 983 2540 despicere,
1034 2469 1344 2525 transitoria
1375 2485 1482 2524 non
1513 2486 1714 2536 amare,
1743 2478 1977 2525 mentem

382 2541 698 2598 medullitus
728 2542 782 2595 in
827 2541 1128 2595 humilitate
1169 2542 1284 2596 Deo
1332 2543 1386 2595 et
1417 2541 1682 2610 proximis
1710 2548 1976 2607 sternere,

377 2621 566 2668 contra
618 2612 794 2666 illatas
845 2611 1200 2666 contumelias
1255 2611 1571 2682 patientiam
1619 2627 1858 2680 servare,
1927 2620 1980 2682 et

377 2683 648 2740 custodita
677 2683 935 2752 patientia
977 2683 1200 2737 malitiae
1247 2681 1490 2736 dolorem
1541 2697 1574 2736 ο.
1602 2682 1766 2737 corde
1798 2681 1975 2750 repel-

377 2754 514 2825 lere,
545 2753 732 2825 egenis
747 2753 984 2825 propria
1007 2753 1262 2815 tribuere,
1295 2752 1468 2825 aliena
1497 2752 1725 2808 minime
1744 2753 1975 2825 ambire,

377 2822 612 2879 amicum
645 2825 698 2877 in
747 2822 861 2879 Deo
892 2822 1122 2894 diligere
1146 2831 1386 2894 propter
1429 2824 1712 2894 Deum,et
1757 2839 1853 2878 eos
1883 2822 1978 2894 qui

375 2902 502 2950 sunt
529 2893 733 2951 inimici
762 2910 964 2962 amare,
999 2893 1067 2949 de
1096 2893 1387 2950 afﬂictione
1417 2893 1648 2963 proximi
1679 2895 1886 2964 lugere,
1904 2893 1978 2948 de

377 2972 554 3020 morte
583 2965 706 3034 ejus
736 2966 828 3034 qui
858 2965 1108 3020 inimicus
1138 2973 1222 3019 est
1269 2980 1376 3019 non
1409 2968 1718 3019 exsultare:
1754 2965 1870 3020 haec
1898 2972 1979 3018 est

379 3051 525 3090 nova
565 3043 816 3106 creatura
845 3051 1003 3104 quam
1043 3036 1187 3090 idem
1236 3035 1496 3105 magister
1543 3035 1782 3106 gentium
1829 3035 1976 3106 apud

377 3106 520 3161 alios
556 3105 850 3177 discipulos
879 3106 1125 3177 vigilanti
1154 3107 1317 3162 oculo
1346 3105 1592 3174 requirit,
1624 3105 1811 3161 dicens
1844 3123 1856 3159 :
1905 3105 1974 3162 Si

377 3193 489 3249 qua
506 3177 681 3248 igitur
697 3177 761 3232 in
789 3175 1009 3233 Christo
1037 3193 1180 3249 nova
1206 3181 1492 3249 creatura,
1530 3181 1719 3232 vetera
1735 3181 1974 3249 transie-

376 3247 672 3311 φίλημα-σο
693 3251 851 3317 facta
869 3252 1005 3302 sunt
1026 3248 1220 3303 omnia
1235 3247 1492 3302 nova.Ad
1513 3255 1752 3302 veterem
1771 3247 1975 3316 quippe

377 3318 656 3398 hominem
669 3318 903 3398 pertinet
919 3319 1181 3398 mundum
1195 3317 1761 3398 diligere,transitoria
1773 3333 1834 3398 ex
1848 3333 1975 3372 con-

380 3388 717 3456 cupiscentia
745 3403 959 3454 amare,
1008 3396 1248 3444 mentem
1279 3389 1333 3442 in
1381 3388 1686 3458 superbiam
1735 3388 1970 3458 erigere.

377 3458 696 3582 patientiam
721 3474 828 3538 non
857 3458 1375 3539 habere..ex.livor_e
1395 3457 1614 3514 malitia:
1640 3459 1710 3513 de
1739 3457 1972 3528 proximi

397 3543 600 3582 aestone
625 3537 887 3582 coartare.
935 3544 1032 3582 sua
1078 3529 1449 3582 indigentibus
1491 3544 1600 3582 non
1631 3529 1782 3582 dare.
1812 3536 1972 3582 atoue

397 3529 887 3600 assionecogitare,
935 3544 1032 3584 sua
1078 3527 1449 3600 indigentibus
1491 3544 1600 3584 non
1631 3527 1782 3600 dare,
1812 3536 1972 3599 atque

377 3545 600 3584 laesione
625 3545 887 3652 cog-itare,
935 3545 1032 3584 sua
1078 3545 1449 3600 mangenunus
1491 3545 1600 3584 non
1631 3545 1782 3595 nare,
1812 3545 1972 3599 atque

375 3600 449 3654 ad
507 3599 972 3670 multipicandum
1031 3600 1207 3654 aliena
1264 3614 1526 3670 quaerere,
1578 3599 1787 3652 nullum
1834 3614 1973 3670 pure

373 3678 597 3750 propgr
623 3670 794 3750 Deum
824 3669 1071 3750 diligere,
1103 3669 1414 3750 inimicitias
1449 3669 1687 3750 inimicis
1717 3669 1970 3750 reddere,

375 3740 446 3794 de
475 3739 766 3795 aﬂlictione
802 3739 1030 3810 proximi
1075 3740 1342 3810 gaudere.
1375 3739 1576 3795 Cuncta
1608 3741 1721 3794 haec
1768 3740 1973 3794 vetusti

372 3819 511 3882 sunt
530 3811 787 3882 hominis,
813 3827 945 3882 quae,
967 3811 1220 3866 videlicet
1247 3810 1315 3864 de
1345 3811 1526 3865 radice
1553 3810 1815 3882 trahimus
1844 3825 1970 3864 cor-

374 3881 662 3951 ruptionis.
687 3879 793 3936 Sed
815 3879 907 3950 qui
925 3881 1042 3951 jam
1070 3882 1173 3935 ista
1195 3890 1506 3950 exsuperat,
1530 3888 1583 3935 et
1604 3881 1673 3935 ad
1696 3887 1974 3951 praecepta

373 3951 590 4006 Domini
622 3961 856 4006 mentem
889 3953 944 4005 in
987 3952 1370 4022 benignitatem
1420 3959 1735 4013 commutat,
1771 3951 1840 4005 de
1870 3952 1973 4006 hoc

371 4031 519 4078 recte
543 4023 739 4077 dicitur
763 4040 774 4075 :
801 4022 945 4090 Quia
969 4027 1159 4078 vetera
1179 4023 1556 4088 transierunt,
1576 4028 1633 4077 et
1661 4037 1786 4077 ecce
1814 4025 1973 4091 [acta

372 4098 511 4149 sunt
541 4109 715 4172 noua._
728 4093 881 4172 Tunc
901 4109 1031 4172 ergo
1049 4093 1103 4147 in
1127 4093 1613 4172 nostrismentibus
1647 4108 1787 4146 nova
1816 4090 1969 4158 ﬁunt,

368 4179 497 4217 cum
528 4180 560 4218 a
589 4162 749 4218 nobis
778 4162 982 4218 vetusti
1007 4163 1243 4217 hominis
1273 4163 1404 4217 vitia
1433 4171 1732 4217 transeunt.

366 4272 497 4321 Cn.
523 4270 635 4320 XV.
658 4293 722 4304 —-
759 4269 1102 4321 Obsecramus
1138 4282 1234 4332 pro
1269 4270 1474 4320 Christo
1496 4284 1511 4315 :
1563 4269 1975 4320 rwonciliamini

886 4337 986 4387 Deo
1021 4335 1096 4396 (11
1124 4337 1238 4386 Cor.
1265 4349 1315 4397 v,
1345 4337 1460 4400 20).

920 245 1172 305 ALULFI
1209 242 1600 304 EXPOSITIO
1635 243 1808 304 Νονι
1843 245 2042 304 TEST.
2087 277 2156 289 -—
2194 247 2356 304 SUP.
2404 249 2515 305 ΕΡ.
2566 250 2769 308 PAULI
2808 251 2902 306 AD
2933 250 3092 308 COR.

1730 371 1781 426 ui
1815 373 1952 428 hanc
1981 373 2037 432 Α
2133 377 2252 431 Car.
2287 375 2421 427 XVI.
2453 404 2514 414 -—
2543 379 2648 430 Per
2699 379 2909 440 gloriam
2957 387 3008 430 et
3060 377 3444 442 ignobilitatem,
3494 381 3596 428 etc.

3528 251 3662 308 1388

2652 446 2729 510 (II
2753 447 2867 497 Cor.
2895 460 2964 508 vr,
2993 447 3069 510 8).

2139 525 2222 593 (In
2247 527 2478 596 exposit.
2515 528 2573 580 Β.
2603 528 2725 591 Job,
2751 528 2849 583 lib.
2884 545 3018 594 xxii,
3041 545 3190 583 num.
3229 529 3342 596 t7.)
3373 528 3667 583 Sciendum

2069 601 2155 648 est
2182 596 2308 676 quia
2339 613 2409 676 ne
2440 597 3088 676 immoderatislaudibus
3117 603 3402 676 erigamur
3431 599 3662 676 plerum-

2071 681 2176 745 que
2205 667 2341 745 miro
2367 667 2617 745 liectoris
2662 667 3252 745 nostrimoderaminé,
3283 667 3449 724 etiam
3481 669 3674 745 detra-

2069 736 2338 808 ctionibus
2365 737 2590 792 lacerari
2620 741 3000 808 permittimur,
3033 750 3088 795 ut
3116 736 3245 796 cum
3276 757 3376 795 nos
3408 756 3513 795 vox
3547 741 3667 796 lau-

2071 807 2248 881 dantis
2275 808 2474 875 elevat,
2503 807 2691 880 lingua
2737 811 3073 866 detrahentis
3103 813 3370 878 humiliet,
3403 813 3663 881 quoniam

2071 885 2122 932 et
2159 877 2322 932 arbor
2349 895 2495 949 saepe
2524 877 2648 951 qua:
2694 881 2851 952 unius
2898 881 3043 937 venti
3083 883 3321 951 impulsu
3353 877 3663 952 ita—impelli

2073 955 2175 1013 tur,
2206 957 2264 1003 ut
2292 965 2429 1020 pene
2454 952 2567 1020 jam
2606 951 2720 1005 erui
2751 967 2910 1021 posse
2942 952 3206 1018 videatur,
3237 952 3456 1007 alterius
3487 951 3546 1006 et
3577 954 3668 1008 di-

2070 1035 2225 1095 verso
2256 1021 2517 1076 venientis
2562 1022 2689 1095 ﬂatu
2741 1022 2999 1095 erigitur;
3040 1031 3094 1095 et
3133 1040 3251 1094 qute
3309 1023 3665 1095 inﬂexionem

2071 1091 2174 1144 hac
2204 1106 2269 1162 ex
2301 1101 2450 1160 parte
2479 1092 2716 1162 pertulit,
2759 1091 2963 1147 ab'alia
2992 1093 3060 1147 ad
3090 1091 3283 1148 statum
3315 1093 3475 1149 redit.
3504 1095 3662 1149 Unde

2071 1168 2125 1214 et
2153 1161 2316 1233 arbor
2343 1163 2435 1217 illa
2463 1164 2570 1218 alte
2617 1163 2859 1218 radicata
2907 1163 3066 1233 quasi
3097 1163 3430 1219 interventos
3460 1167 3663 1220 adver-

2072 1241 2253 1305 santes
2280 1231 2389 1286 ﬁxa
2439 1241 2662 1289 steterat
2703 1251 2824 1303 quae
2855 1231 3068 1290 dicebat
3101 1251 3114 1286 ε
3149 1237 3257 1290 Per
3292 1234 3558 1305 gloriam,
3602 1240 3659 1291 et

2070 1304 2484 1374 ignobilitatem
2507 1323 2524 1354 :
2541 1320 2643 1376 per
2671 1305 2996 1375 infamiam,
3030 1310 3085 1360 et
3112 1304 3315 1361 bonam
3335 1308 3582 1374 famam.

2165 1410 2292 1461 Car.
2318 1411 2477 1462 XVII-
2507 1437 2570 1446 —
2596 1414 2668 1463 0s
2684 1418 2910 1462 nostrum
2945 1417 3091 1476 patet
3131 1415 3202 1462 ad
3226 1427 3334 1474 vos,
3355 1427 3382 1462 ο
3408 1413 3585 1464 Corin-

2505 1476 2620 1540 thii,
2658 1484 2764 1528 etc.
2798 1477 2850 1545 (1
2876 1480 2992 1530 Cor.
3038 1492 3113 1538 vl,
3142 1480 3243 1532 11).

2143 1563 2224 1629 (In
2248 1560 2482 1630 exposit.
2507 1561 2562 1614 Β.
2591 1561 2714 1622 Job,
2733 1561 2830 1614 lib.
2861 1562 3341 1630 xxvx,n.42.)Cum
3363 1561 3433 1614 ab
3452 1559 3680 1616 inﬁrmis

2073 1631 2409 1687 auditoribus
2445 1631 2768 1704 se‘intelligi‘
2784 1647 2888 1704 non
2911 1647 3089 1704 posse
3114 1630 3678 1704 conspiciunt,isolent

1999 1728 2053 1788 Β
2081 1705 2401 1782 plerumque
2456 1699 2615 1782 etiam
2642 1699 3048 1788 justi‘laudare‘
3075 1702 3221 1788 bona
3252 1699 3384 1788 qua:
3441 1701 3628 1756 dicunt
3661 1719 3672 1753 :

2085 1771 2194 1828 non
2224 1771 2332 1842 quo
2389 1772 2492 1842 ipsi
2530 1773 2642 1826 suis
2673 1771 2920 1826 laudibus
2979 1772 3204 1834 inhient,
3231 1772 3329 1826 sed
3385 1787 3492 1842 quo
3549 1787 3680 1826 suos

2085 1844 2361 1899 auditores
2391 1844 2460 1896 ad
2518 1843 2769 1896 audiendi
2813 1843 3230 1898 sollicitudinem
3295 1842 3592 1897 accendant
3623 1848 3675 1895 ut

2087 1915 2214 1969 dum
2245 1929 2432 1968 eorum
2475 1928 2606 1968 voce
2638 1913 3001 1984 proferuntur,
3033 1915 3102 1967 ab
3153 1914 3370 1969 illorum
3426 1911 3680 1967 cordibus

2086 1984 2376 2040 ardentiori
2415 1984 2609 2038 affectu
2639 1983 2940 2053 rapiantur.
2975 1985 3130 2040 Unde
3159 1985 3356 2038 Paulus
3384 1998 3508 2038 cum
3542 1984 3681 2038 mira

2087 2056 2377 2111 Corinthiis
2414 2063 2466 2109 et
2492 2054 2658 2109 multa
2709 2053 2952 2120 dixisset,
2985 2055 3229 2122 adiunxit
3267 2072 3279 2109 :
3311 2053 3380 2110 Os
3419 2059 3680 2110 nostrum

2088 2132 2244 2198 patet
2257 2127 2329 2198 ad
2348 2142 2460 2194 vos,
2478 2141 2508 2180 ο
2526 2125 2826 2198 Corinthii,
2845 2141 2941 2180 cor
2952 2131 3214 2198 nostrum
3234 2125 3556 2198 dilatatam
3571 2127 3678 2198 est.

2088 2195 2220 2269 Cum
2252 2197 2416 2269 igitur
2475 2197 2642 2269 sancti
2698 2195 2954 2269 doctores
3010 2196 3229 2269 laudem
3286 2195 3685 2269 praedicationis

2087 2265 2340 2331 exaltant,
2371 2267 2524 2338 quasi
2570 2282 2731 2338 manu
2786 2267 2932 2322 vocis
2981 2268 3050 2320 ab
3080 2266 3202 2322 imis
3254 2265 3678 2338 cogitationibus

2087 2340 2254 2394 corda
2292 2336 2622 2393 audientium
2655 2337 2855 2402 levant,
2895 2345 2952 2392 ut
2981 2352 3208 2392 excussa
3237 2336 3495 2392 velociter
3525 2336 3680 2390 dictis

2087 2409 2441 2478 sequentibus
2469 2407 2614 2462 velut
2633 2407 2686 2461 in
2715 2406 2910 2463 itinere
2940 2415 3246 2472 occurrant,
3270 2416 3320 2460 ct
3341 2415 3490 2462 tanto
3512 2421 3576 2478 ea
3601 2407 3679 2460 in-

2087 2476 2404 2550 telligentia:
2456 2479 2712 2549 amplexu
2765 2479 3179 2550 constringant,
3223 2486 3423 2550 quanto
3481 2476 3575 2531 illa
3629 2484 3683 2532 et

2087 2548 2238 2622 quasi
2261 2548 2571 2622 priusquam
2603 2557 2906 2617 cernerent,
2937 2549 2992 2604 in
3014 2548 3146 2605 voce
3171 2548 3442 2604 laudantis
3464 2564 3683 2602 amave-

2085 2631 2231 2676 rant.

2153 2723 2284 2774 Car.
2312 2719 2489 2771 XVIII.
2522 2743 2574 2754 —
2601 2719 2708 2772 Non
2752 2719 3113 2849 αησιιῖξςιηιίηὲ
3149 2718 3209 2768 in
3230 2717 3383 2770 nobis
3400 2718 3471 2778 (ll
3495 2718 3614 2769 Cor.

2770 2799 2848 2844 vi,
2984 2824 2997 2836 .

2770 2799 2848 2844 vi,
2891 2799 2997 2844 η).

2157 2868 2370 2924 Debent
2427 2867 2708 2923 audientes
2739 2869 2907 2922 verba
2934 2867 3340 2937 praedicationis
3383 2868 3435 2920 in
3495 2867 3681 2936 amplo

2085 2939 2359 3008 suscipere
2389 2939 2600 3009 gremio
2625 2939 2904 2993 charitatis
2929 2955 2942 2992 :
2979 2938 3195 2993 Doctori
3213 2953 3451 3009 namque
3478 2939 3679 3009 spatio-

2088 3027 2181 3064 sus
2202 3007 2603 3064 admanendum
2628 3009 2782 3063 locus
2805 3009 2970 3063 debet
2991 3024 3112 3064 esse
3133 3009 3184 3061 in
3207 3008 3376 3064 corde
3396 3007 3678 3073 auditoris,

2005 3088 2054 3151 (Γ,
2083 3081 2310 3138 latitudo
2344 3079 2613 3134 bonitatis.
2648 3079 2801 3151 Unde
2832 3079 3157 3150 quibusdam
3189 3095 3221 3132 a
3252 3077 3416 3132 Paulo
3445 3079 3677 3133 dicitur:

2084 3151 2716 3222 Capitenos.Neminem
2735 3150 3300 3222 laesimus,neminem
3322 3151 3683 3222 corrupimus

2077 3220 2201 3277 Non
2223 3221 2710 3291 angustiaminiin
2729 3221 2885 3275 nobis
2900 3237 2916 3268 :
2939 3221 3353 3291 angustiamini
3388 3225 3582 3275 autem
3611 3220 3680 3291 in

2080 3288 2381 3348 visceribus
2401 3297 2600 3346 vestris
2618 3291 2694 3361 (Il
2716 3293 2836 3347 Cor.
2863 3307 2962 3354 vn,
2995 3288 3070 3351 2⁷).
3103 3293 3177 3345 Ac
3208 3290 3249 3344 si
3281 3290 3360 3345 eis
3379 3298 3564 3360 aperte
3593 3288 3684 3344 di-

2082 3371 2342 3418 ceretur:
2401 3363 2473 3417 ad
2528 3362 2942 3430 suscipiendam
3000 3362 3326 3426 doctrinam,
3379 3361 3676 3430 spatiosum

2083 3433 2278 3488 mentis
2308 3433 2485 3489 locum
2517 3431 2695 3499 facite,
2727 3432 2822 3486 sed
2867 3432 2936 3486 ad
2967 3432 3260 3503 cogitanda
3289 3431 3547 3498 carnalia,
3581 3447 3684 3485 an-

2081 3505 2229 3574 gusti
2257 3512 2562 3558 remanete.

2150 3609 2272 3660 Car.
2299 3609 2431 3660 XIX.
2457 3637 2516 3645 —
2538 3611 2658 3660 Cum
2693 3613 3002 3661 venissemus
3023 3609 3396 3672 Macedoniam,
3425 3610 3612 3662 nullam

2279 3677 2502 3740 requiem
2529 3676 2706 3726 habuit
2725 3690 2843 3727 caro
2864 3683 3047 3727 nostra
3068 3678 3121 3735 (ι
3146 3677 3264 3728 Cor.
3290 3690 3380 3739 vu,
3403 3676 3483 3734 5).

2155 3785 2239 3852 (In
2278 3784 2510 3853 exposit.
2558 3786 2622 3839 Β.
2661 3785 2782 3849 Job,
2823 3784 2919 3838 lib.
2953 3800 3004 3850 v,
3057 3801 3210 3838 num.
3261 3785 3392 3849 55.)
3443 3785 3538 3837 Vir
3569 3785 3683 3838 Deo

2083 3857 2220 3910 bene
2251 3855 2502 3910 subditus
2531 3856 2610 3910 sic
2659 3855 2899 3908 adversis
2941 3870 3048 3907 non
3079 3855 3364 3924 frangitur,
3411 3855 3551 3910 sicut
3582 3869 3686 3910 nec

2081 3926 2358 3997 prosperis
2387 3926 2962 3997 elevatur,_iquoniam
3005 3925 3237 3997 adversa
3285 3941 3390 3978 non
3425 3924 3685 3990 dejiciunt

2081 3995 2240 4068 quem
2271 4012 2528 4067 prospera
2582 3995 3115 4068 nullarcorrunpunt.
3160 3995 3508 4068 Plerumque
3556 4010 3686 4068 vero

2082 4064 2208 4138 quia
2236 4064 2474 4123 citerceri
2518 4085 2586 4138 se
2634 4067 2818 4138 utilius
2863 4065 3358 4138 contritionissum
3410 4064 3685 4118 laboribus

2081 4135 2248 4204 novit,
2282 4139 2334 4192 in
2377 4137 2622 4192 adversis
2671 4135 2977 4190 hilarescit:
3028 4151 3150 4204 quae
3193 4135 3323 4188 dum
3373 4143 3690 4189 constanter

2082 4225 2178 4281 pro
2208 4210 2432 4281 veritate
2463 4209 2682 4281 patiter,
2725 4207 2914 4278 augeri
2946 4205 3048 4281 sibi
3081 4205 3290 4281 virtutis
3320 4204 3512 4281 merita
3544 4205 3687 4258 laeta-

2082 4274 2186 4337 iur.
2227 4280 2364 4334 Hinc
2380 4274 2623 4347 estquod
2646 4286 2770 4332 tunc
2789 4274 3065 4346 apostolos
3089 4276 3318 4347 legimus
3357 4274 3682 4347 exsultasse,

2079 4366 2204 4405 cum
2235 4350 2361 4405 illos
2380 4365 2482 4419 pro
2495 4345 2706 4405 Christo
2735 4345 2970 4419 contigit
2988 4345 3208 4417 ﬂagella
3233 4347 3489 4401 tolerasse
3513 4345 3685 4419 sicut,

433 4416 668 4487 (Homil.
695 4421 781 4483 32,
810 4417 863 4496 in
895 4417 1141 4496 Evang.,
1167 4433 1219 4470 n.
1246 4417 1324 4496 5.)
1429 4417 1707 4487 contingat
1725 4424 1814 4496 ut-
1848 4416 1967 4470 for-
2000 4436 2049 4496 ι)
2080 4421 2332 4496 scriptum
2363 4416 2476 4496 est:
2503 4419 2669 4496 lbant
2689 4418 2996 4496 gaudentes
3026 4416 3386 4496 a’conspectu
3413 4416 3685 4496 concilii:

363 4485 513 4543 tasse
539 4503 662 4542 cum
705 4487 955 4558 proximo
996 4485 1238 4558 jui-gium
1289 4485 1969 4558 habeamusfsatisfacere

360 4559 576 4628 priores
592 4555 1126 4613 erubescimusto'r
1145 4556 1346 4627 quippe
1374 4557 1620 4618 carnale.
1654 4556 1785 4610 dum
1809 4555 1969 4678 huius

361 4628 491 4678 vitm
542 4627 773 4678 gloriam
812 4629 1023 4678 auxerit.
1087 4627 1444 4678 humilitatem
1477 4626 1694 4678 resnuit.
1737 4634 1786 4678 et
1845 4643 1966 4678 ne-

361 4626 491 4683 vitze
542 4627 773 4699 gloriam
812 4629 1023 4698 quierit,
1087 4626 1444 4699 humilitatem
1477 4626 1812 4699 respuitsetd
1840 4626 1966 4699 ple-

359 4695 591 4780 rumque
619 4699 739 4778 ipse
767 4695 934 4780 homo
963 4699 1053 4780 qui
1099 4695 1716 4780 irasciturndiscordanti
1749 4695 1853 4751 sibi
1883 4713 1968 4776 re-

363 4766 656 4840 conciliari
678 4770 905 4840 appetit,
961 4766 1056 4840 sed
1104 4768 1642 4840 adsatisfactionem
1689 4767 1774 4822 ire
1820 4766 1969 4836 prior

363 4839 660 4894 erubescit.
695 4838 986 4895 Pensemus
1015 4838 1157 4894 facta
1186 4839 1435 4893 Veritatis
1464 4846 1522 4892 ut
1552 4838 1828 4892 videamus
1857 4853 1966 4906 quo

351 4911 576 4981 jaceant
605 4910 847 4966 actiones
875 4919 1076 4965 nostrae
1099 4909 1426 4981 pravitatis.
1450 4909 1504 4963 Si
1537 4909 1684 4981 enim
1713 4907 1963 4981 membra

363 4979 568 5035 summi
609 4981 804 5047 capitis
830 4997 1038 5047 sumus,
1070 4995 1194 5036 eum
1237 4980 1430 5035 imitari
1462 4979 1547 5034 cui
1596 4979 1968 5034 connectimur

363 4998 568 5035 summi
609 4998 672 5035 ca
718 4998 804 5035 ius
830 4998 1038 5047 sumus,
1070 4998 1194 5036 eum
1237 4998 1430 5035 imitari
1462 4998 1547 5034 cui
1596 4998 1966 5034 connectimur

357 5051 642 5106 debemus.
668 4998 812 5119 δυῘά
832 5066 1068 5122 namque
1105 5051 1413 5122 exemplum
1434 5049 1750 5122 eruditionis
1772 5057 1966 5105 nostra}

357 5122 566 5177 Paulus
598 5124 856 5193 egregius
885 5119 1212 5191 praedicator
1228 5119 1356 5176 dicit
1382 5140 1393 5176 :
1421 5122 1527 5174 Pro
1561 5119 1784 5193 Christo
1827 5133 1964 5189 ergo

361 5190 656 5264 legatione
690 5190 1004 5264 fungimur,
1043 5196 1313 5263 tanquam
1352 5193 1462 5246 Deo
1491 5190 1834 5264 exhortante
1864 5207 1965 5264 per

356 5261 485 5344 nos.
512 5261 992 5344 Obfeeram'uspi°o
1013 5261 1234 5320 Christo
1246 5281 1285 5344 ἐ
1297 5261 1750 5344 reconriliam‘ini
1768 5261 1959 5330 Deo(lI

358 5337 559 5400 Cor.v,
582 5334 694 5395 20).
716 5333 857 5389 Ecce
879 5331 1019 5388 inter
1039 5349 1137 5388 nos
1169 5341 1222 5388 et
1245 5333 1414 5387 Deum
1453 5331 1784 5386 discordiam
1825 5346 1960 5400 pec-

358 5405 539 5482 cando
558 5404 805 5482 fecimus,
827 5412 881 5482 et
896 5413 1076 5482 tamen
1100 5404 1171 5458 ad
1189 5419 1287 5482 nos
1302 5403 1446 5458 Deus
1461 5403 1806 5482 suoslegatgs
1815 5400 1965 5482 prior

353 5474 524 5541 misit,
557 5483 614 5529 ut
643 5490 744 5529 nos
773 5475 876 5543 ipsi
907 5476 998 5543 qui
1030 5475 1378 5544 peccavimus
1407 5473 1478 5527 ad
1518 5487 1706 5542 pacem
1737 5473 1836 5527 Dei
1849 5487 1952 5544 Aro-

356 5546 498 5624 gati_
525 5541 834 5624 veniamus:
894 5541 1193 5624 Erubescat
1222 5560 1362 5624 ergo
1407 5545 1640 5624 humana
1685 5541 1958 5622 superbia,

357 5615 726 5671 confundatur
745 5616 976 5686 quisque
995 5617 1040 5670 si
1072 5633 1179 5672 non
1200 5615 1499 5686 satisfaciat
1521 5615 1671 5684 prior
1689 5615 1960 5686 proximo,

359 5687 583 5755 quando
610 5695 736 5756 post
762 5684 983 5756 culpam
1010 5695 1268 5746 nostram.
1319 5692 1376 5740 ut
1401 5685 1448 5740 ei
1480 5684 1820 5756 reconciliari
1855 5685 1959 5756 de;-

351 5753 586 5829 beamus
610 5753 668 5812 et
696 5759 819 5827 ipse
849 5753 940 5829 qui
962 5757 1200 5813 offensus
1222 5764 1306 5812 est
1334 5755 1529 5829 legatis
1557 5753 1961 5810 intervenienti-

352 5827 462 5884 bus
493 5827 751 5887 obsecrat
779 5827 946 5889 Deus.

2078 4486 2344 4562 quoniam
2369 4492 2520 4561 digni
2537 4495 2673 4562 sunt
2685 4486 2862 4562 habiti
2879 4504 2979 4562 pro
2995 4486 3224 4562 nomine
3233 4486 3366 4562 Jesu
3379 4490 3679 4562 centurie-

2078 4556 2216 4617 liam
2243 4563 2374 4634 pati
2394 4556 2542 4634 (λοι.
2577 4577 2626 4624 v,
2652 4561 2734 4621 4).
2773 4556 3137 4634 Hincnl’aulus
3157 4574 3286 4612 cum
3315 4556 3464 4634 duris
3491 4557 3548 4610 in
3569 4557 3689 4634 Ma_-

2075 4627 2305 4688 cedonia
2351 4629 2536 4685 fuisset
2566 4629 3037 4698 persecutionibus
3069 4645 3309 4698 pressus,
3345 4629 3400 4681 in
3429 4642 3495 4682 eo
3526 4627 3675 4697 quod

2075 4719 2134 4757 se
2163 4703 2416 4757 afﬂictum
2465 4701 2697 4754 insinuat
2727 4701 2891 4756 etiam
2915 4699 3278 4768 jucundatum
3325 4699 3681 4764 demonstrat,

2073 4773 2264 4828 dicens
2288 4791 2299 4826 :
2327 4773 2484 4828 Nam
2501 4789 2630 4828 cum
2655 4775 2996 4827 venissemus
3017 4771 3422 4834 Macedoniam,
3458 4768 3685 4821 nullam

2072 4849 2343 4916 requiem
2365 4843 2563 4899 habuit
2595 4858 2725 4916 caro
2761 4849 2983 4916 nostrai
3011 4845 3093 4916 Ac_
3115 4841 3159 4893 si
3204 4846 3392 4908 aperte
3422 4837 3633 4916 diceret
3665 4855 3677 4890 :

2073 4907 2208 4982 Quia
2265 4914 2482 4984 spiritus
2523 4913 2766 4986 requiem
2822 4913 3032 4986 habuit,
3062 4910 3191 4963 dum
3241 4907 3342 4986 per
3373 4907 3686 4986 protectum

2073 4978 2274 5040 animae
2295 4978 2738 5054 persecutionum
2768 4981 3037 5053 supplicia
3067 4993 3192 5033 caro
3225 4978 3501 5032 toleravit.

2140 5091 2270 5142 Car.
2298 5092 2407 5142 XX.
2444 5117 2504 5128 -
2533 5093 2689 5142 Foris
2709 5088 3104 5214 pugnaehintus
3153 5087 3362 5136 timores
3391 5084 3462 5145 (11
3500 5085 3624 5140 Cor.

2780 5167 2870 5212 vn,
2964 5189 2975 5201 .

2780 5167 2870 5212 vn,
2905 5167 2975 5212 υ).

2145 5259 2228 5316 (In
2259 5254 2486 5324 exposit.
2525 5255 2579 5306 Β.
2621 5251 2760 5324 iJob,
2799 5250 2894 5324 tib.
2928 5264 3008 5324 iii,
3037 5265 3109 5324 n._
3154 5251 3219 5302 39
3260 5257 3310 5302 et
3342 5248 3466 5317 L0.)
3495 5236 3693 5324 sancti

2073 5328 2170 5382 viri
2193 5319 2599 5380 tribulationum
2619 5321 2762 5376 bello
2788 5320 3136 5389 deprehensi,
3162 5335 3284 5374 cum
3316 5333 3423 5373 ano
3455 5319 3692 5389 eodem-

2073 5415 2176 5467 que
2209 5406 2453 5467 tempore
2482 5394 2619 5448 alios
2674 5388 2946 5457 ferientes,
2999 5399 3161 5467 atque
3191 5389 3324 5467 alios
3366 5388 3691 5467 suadentes

2073 5415 2176 5467 que
2209 5412 2453 5518 tempore
2482 5412 2619 5448 auos
2674 5412 2946 5457 tenentes,
2999 5412 3161 5469 atque
3191 5412 3324 5470 allus
3366 5412 3689 5470 euadentes

2073 5469 2266 5533 ferunt,
2300 5468 2312 5519 i
2342 5467 2406 5518 lis
2451 5471 2735 5533 opponunt
2765 5470 2981 5516 scutum
3027 5469 3326 5533 patientiae,
3363 5466 3480 5533 istis
3510 5466 3689 5514 intor-

2071 5547 2236 5612 quent
2256 5530 2444 5612 'jacula
2474 5530 2733 5612 doctrinm
2762 5530 3066 5612 {perversa
3096 5531 3397 5612 suadentes.
3417 5530 3560 5612 intus
3580 5543 3683 5612 sa-

2069 5599 2281 5679 pienter
2308 5607 2560 5679 edocent,
2612 5611 2666 5679 et
2697 5599 2830 5679 foris
2861 5601 3072 5679 fortiter
3101 5602 3338 5679 adversa
3383 5599 3688 5679 inferentes

2070 5672 2454 5754 contemnunt;
2487 5677 2584 5728 hos
2615 5675 2876 5754 docentes
2903 5673 3205 5754 corrigunt,
3238 5673 3363 5754 ilios
3392 5672 3693 5754 tolerantes

2076 5755 2350 5820 premunt,
2383 5745 2732 5820 insurgentes
2762 5747 2947 5820 hostes,
2962 5742 3230 5820 patiendo
3263 5742 3695 5820 despiciunt,‘in-

2078 5812 2358 5878 ﬁrmantes
2386 5831 2517 5874 vero
2541 5812 2694 5874 cives
2738 5812 3124 5888 compatiendo
3152 5814 3218 5871 ad
3250 5813 3484 5870 salutem
3529 5812 3698 5868 redu-
