4110 6176
453 270 588 329 1843

1363 263 1722 324 ᾹΡΡΕΝΒΙΧ
1750 266 1847 322 AD
1877 265 1939 321 S.
1981 265 2321 326 GREGORII
2352 266 2581 324 OPERA
2613 266 2855 324 OMNIA.

3607 235 3768 326 1344-

452 402 685 468 quantus
728 393 963 468 Paulum
1021 393 1204 468 fervor
1257 393 1600 468 accenderat,
1643 391 1859 468 quando
1917 406 2040 445 cum
2066 397 2121 453 Α
2151 393 2768 468 circumfusiscornibus
2789 397 3083 453 coarctare.
3119 396 3273 467 Quod
3307 396 3561 468 nimirum
3589 392 3748 449 solli—

457 462 655 538 Epheai
675 466 739 538 ad
765 465 1140 538 irrumpendas
1160 464 1354 538 theatri
1378 464 1561 538 turbas
1581 462 1684 538 zeli
1713 463 1930 538 flamma
1956 477 2039 538 ra-

454 534 656 610 piebat.
671 537 940 610 Scriptum
953 537 1153 610 quippe
1165 544 1246 590 est
1263 536 1507 610 :_Replet_i
1520 538 1658 610 sunt
1667 534 1838 599 ira,et
1851 534 2040 610 excla-

454 605 1251 678 maveruntﬂicentesilifagna
1267 608 1446 662 Diana
1460 607 1820 676 Ephesiorum
1831 605 1917 657 .Et
1939 605 2042 658 im—

456 681 608 752 pleta
626 685 712 752 est
726 680 926 752 ciuitas
943 680 1354 752 confusione,et
1369 679 1641 752 impetum
1657 679 1917 752 fecerunt
1929 687 2042 752 uno

455 745 645 806 animo
661 750 722 804 in
738 751 980 813 theatro,
1004 745 1167 820 rapto
1187 750 1317 805 Caio
1333 752 1388 801 et
1407 745 1730 820 Aristarcho
1749 745 2043 820 comitious

459 822 641 876 Pauli.
664 824 833 891 Atque
857 835 976 874 mox
995 817 1270 874 subditur:
1296 818 1468 891 Paulo
1489 822 1681 891 autem
1703 817 1922 891 volente
1939 817 2044 891 in-

459 896 613 946 trare
626 893 686 946 in
700 887 1111 962 populummon
1123 890 1506 962 permiserunt
1517 887 1805 962 discipuli:
1817 887 2045 962 quidam

455 966 652 1018 autem
669 959 723 1017 et
735 959 801 1016 de
817 959 1488 1031 Asiwprinc'ipibusquie»
1503 959 1788 1031 antamici
1799 959 2046 1031 ejus,mt'-

459 1034 882 1088 seruntadeum
899 1029 1071 1101 rogari
1081 1029 1250 1085 tesne
1267 1045 1325 1101 se
1343 1029 1501 1085 daret
1519 1031 1579 1083 in
1596 1030 1880 1084 theatrum
1898 1029 2042 1101 (Act.

463 1102 857 1178 x1x,j28,seq.).
881 1103 940 1156 In
964 1098 1164 1173 quibus
1193 1100 1442 1178 profecto
1474 1098 2048 1178 verbis-agnoscimus

465 1189 570 1243 quo
597 1170 798 1243 impetit
827 1170 1022 1228 contra
1053 1172 1634 1243 cuneosadversantes
1664 1170 1911 1243 irrueret,
1944 1170 2047 1243 nisi

464 1238 585 1299 eum
617 1238 720 1312 per
745 1243 949 1298 amicos
979 1250 1032 1297 et
1059 1241 1351 1312 discipulos
1381 1240 1653 1312 cbaritatis
1668 1240 1820 1294 frena
1852 1238 2050 1293 tenuis-

464 1261 585 1299 eum
655 1261 720 1298 er
745 1261 949 1298 amicos
979 1261 1032 1297 et
1059 1261 1351 1312 OISClpUlOS
1381 1261 1820 1294 (ξηειῐ-ιιξιιιδιτειιει
1852 1261 2047 1293 tennis-

460 1323 598 1389 sent.
617 1261 729 1370 ἔθει
765 1313 808 1389 s_i
839 1313 1059 1368 obviare
1077 1311 1396 1389 hostibus,si
1417 1311 1560 1389 ultro
1576 1326 1813 1382 pugnam
1845 1318 2047 1389 petere,

463 1384 510 1438 si
558 1385 921 1448 nosmetipsos
975 1399 1190 1451 semper
1217 1382 1517 1451 relinquere
1548 1384 1604 1434 in
1633 1396 1852 1436 cursum
1883 1382 2051 1435 nostri

465 1455 689 1510 fervoris
715 1455 993 1518 debemus,
1027 1454 1153 1524 quid
1207 1460 1288 1506 est
1341 1452 1493 1522 quod
1542 1452 1689 1524 idem
1729 1451 2054 1524 praedicator

465 1526 721 1598 egregius
747 1525 816 1580 de
838 1523 1128 1598 semetipso
1152 1524 1366 1598 fatetur,
1387 1524 1600 1598 dicens:
1618 1523 1877 1598 Damasci
1899 1537 2049 1598 prae—

459 1592 678 1668 posit'us
689 1597 873 1666 gentis
886 1592 1082 1650 Aretie
1105 1597 1251 1664 regis
1264 1593 1612 1668 custodiebat
1629 1593 1915 1668 ciuitatem
1945 1592 2052 1646 Da-

463 1665 876 1733 mascenorum,
905 1670 970 1721 ut
999 1681 1088 1721 me
1110 1665 1640 1736 comprehenderet;
1661 1673 1715 1718 et
1733 1678 1833 1736 per
1856 1665 2051 1736 feries-5

467 1742 614 1792 iram
627 1739 690 1792 in
704 1743 895 1808 sporta
913 1737 1177 1808 dimissus
1193 1733 1314 1808 sum
1326 1750 1429 1808 per
1442 1749 1692 1800 murum,
1712 1733 1768 1788 et
1783 1733 1863 1788 sic
1880 1733 2054 1803 eﬂugi
2081 1744 2135 1804 Β

464 1823 670 1863 manus
681 1806 801 1878 ejus
816 1807 845 1860 ?
862 1806 1006 1874 Quid
1022 1813 1101 1878 est
1119 1806 1262 1876 quod
1282 1806 1444 1878 modo
1464 1812 1656 1878 sponte
1670 1820 1871 1878 cuneos
1887 1819 2061 1878 arma:

464 1887 640 1933 torum
658 1873 957 1946 impetit,’et
979 1873 1150 1932 modo
1171 1893 1231 1930 se
1259 1877 1328 1931 ab
1359 1873 1579 1930 armatis
1617 1874 1876 1946 hostibus
1904 1873 2058 1946 quasi

469 1948 712 2018 trepidus
729 1944 1030 2017 abscundit,
1048 1947 1147 2001 nisi
1173 1949 1274 2002 hoc
1291 1947 1433 2017 quod
1457 1962 1676 2018 necesse
1697 1953 1774 2000 est
1789 1953 1844 1998 ut
1866 1944 1919 1997 in
1941 1945 2058 2014 ejus

462 2017 754 2074 artificiosa
811 2020 1002 2073 virtute
1059 2019 1306 2073 dicamus
1347 2017 1786 2072 adversariorum
1816 2031 2059 2085 pugnam

465 2098 518 2144 et
547 2097 853 2145 constanter
899 2089 1191 2158 aliquando
1248 2096 1526 2158 appetere,
1554 2096 1607 2141 et
1636 2084 1925 2157 prudenter
1952 2084 2058 2140 ali-

464 2161 679 2232 quando
705 2161 979 2232 declinare
998 2161 1026 2212 εἰ
1055 2160 1292 2232 Necesse
1337 2159 1537 2232 quippe
1580 2165 1665 2232 est
1692 2165 1872 2232 utper
1899 2171 2060 2211 omne

504 2231 610 2287 uod
641 2231 876 2299 agimus,
936 2230 992 2284 in
1045 2230 1240 2285 mentis
1267 2227 1723 2299 trutinapositum
1755 2227 1885 2282 hinc
1913 2243 2059 2299 pon-

468 2297 594 2369 dus,
651 2297 801 2356 illinc
858 2302 1090 2356 fructum
1150 2300 1317 2354 nostri
1366 2297 1566 2354 laboris
1613 2297 2060 2369 mstimemus.Et

468 2367 590 2427 cum
642 2372 855 2442 pondus
898 2371 1684 2442 fructumsuperat,rlaborem
1716 2367 2057 2442 quisque__in-

466 2442 628 2497 noxie
642 2437 884 2497 declinat
901 2441 1198 2496 dummodo
1214 2437 1271 2494 se
1292 2441 1344 2494 in
1364 2441 1481 2495 aliis
1510 2437 1777 2507 exerceat,
1798 2437 2060 2508 inquibus

464 2514 616 2568 lucro
647 2513 916 2568 fructuum
939 2513 1152 2582 pondus
1174 2511 1372 2566 laboris
1400 2512 1597 2567 vincat.
1622 2510 1760 2582 Cum
1784 2524 1912 2582 vero
1932 2509 2060 2562 sub-

466 2583 711 2652 sequenti
771 2580 1067 2653 quantitate
1126 2583 1394 2636 fructuum
1453 2580 2059 2653 mensurailaboris‘aut

465 2650 708 2723 aequatur
736 2650 826 2708 aut
855 2653 1100 2720 vincitur,
1125 2653 1280 2707 labor
1306 2653 1423 2707 sine
1449 2654 1601 2722 gravi
1632 2652 1792 2722 culpa
1822 2650 2058 2723 declina-

466 2720 567 2778 tur.
601 2724 754 2779 Unde
802 2724 1129 2794 praedicator
1175 2731 1392 2794 sanctus
1438 2720 1561 2777 cum
1595 2720 1843 2776 Damasci
1899 2720 2058 2775 valde

464 2794 767 2848 obstinatas
805 2793 1012 2848 mentes
1057 2793 1489 2864 persequentium
1547 2800 1810 2856 cerneret,
1860 2807 2057 2864 eorum

466 2865 639 2919 vuluit
669 2865 980 2920 adversitati
1038 2864 1354 2935 conﬂigere,
1414 2865 1638 2935 quiaﬂet
1684 2863 2056 2935 semetipsum,

463 2952 622 3004 quem
642 2937 980 3006 profuturum
1000 2935 1182 2990 multis
1203 2932 1447 3006 noverat,
1465 2934 1599 2988 vidit
1620 2932 2055 3006 posseideﬁcere,

465 3015 516 3060 et
546 3005 654 3061 aut
679 3007 839 3061 nullis
897 3023 954 3061 se
985 3007 1094 3061 illic
1123 3014 1212 3060 aut
1235 3005 1423 3075 paucis
1452 3006 1738 3075 prodesse.
1775 3005 2057 3075 Secessurn

465 3077 630 3200 igitur
655 3095 686 3132 a
715 3079 1011 3131 certamine
1032 3077 1212 3158 petiit,
1237 3073 1298 3131 vet
1327 3073 1696 3156 pugnaturum
1730 3073 1943 3129 felicius
1986 3073 2056 3127 ad
2085 3097 2134 3161 C

466 3163 494 3200 a
520 3165 570 3200 ia
591 3164 648 3200 se
669 3148 810 3200 bella
829 3156 1088 3200 servavu.
1107 3149 1228 3200 Non
1257 3163 1404 3200 enim
1437 3147 1554 3200 loco
1577 3154 1760 3200 Virtus.
1792 3145 1886 3198 sed
1909 3144 2058 3199 locus

466 3163 532 3200 8H

540 3165 570 3202 a
591 3164 648 3200 se
669 3148 810 3201 bella
829 3144 1088 3202 servavit.
1107 3149 1228 3202 Non
1257 3144 1554 3201 enim—loco
1577 3145 1760 3213 virtus,
1792 3145 1886 3198 sed
1909 3144 2058 3199 locus

467 3217 682 3272 virtutis
710 3217 904 3284 defuit,
954 3227 1007 3272 et
1046 3217 1248 3272 idcirco
1279 3217 1600 3271 fortissimus
1630 3215 1781 3269 miles
1809 3215 1876 3269 ab
1906 3214 2058 3268 obsi-

468 3288 645 3343 dionis
699 3289 948 3358 angustia
1005 3287 1313 3343 certaminis
1355 3303 1606 3356 campum
1650 3285 1920 3358 quaesivit.
1952 3284 2063 3358 Ubi

465 3375 594 3413 vero
648 3355 992 3428 subiuganda
1047 3359 1161 3428 regi
1211 3357 1428 3428 proprio
1473 3355 1642 3428 multa
1670 3355 2061 3409 adversarium

469 3428 614 3483 colla
660 3425 962 3497 conspexit,
995 3425 1174 3497 subire
1214 3425 1440 3497 bellum,
1471 3426 1559 3480 vel
1588 3440 1711 3480 cum
1746 3434 1925 3479 morte
1954 3440 2064 3479 non

473 3497 680 3564 timuit;
706 3495 849 3551 sicut
870 3500 986 3566 ipse
1006 3512 1126 3550 cum
1146 3495 1536 3565 Jerosolymam
1562 3503 2064 3566 pergeret,eumque

471 3567 722 3647 discipuli
737 3565 987 3647 passione
1001 3566 1146 3647 illius
1161 3582 1257 3647 per
1271 3565 1608 3647 prophetiam
1622 3566 1870 3647 praiscita
1887 3565 2068 3636 probi-

469 3639 674 3702 lierent,
705 3636 1025 3707 sibimetipsi
1050 3643 1411 3702 attestaretur,
1436 3636 1659 3691 dicens:
1697 3638 1803 3706 Ego
1824 3654 1938 3692 non
1970 3653 2064 3691 so-

470 3709 589 3763 lum
615 3707 868 3778 alligari,
890 3708 983 3762 sed
1011 3712 1066 3763 et
1095 3709 1244 3763 mori
1265 3709 1325 3761 in
1348 3708 1660 3763 Jerusalem
1681 3712 1918 3777 paratus
1939 3722 2064 3762 sum

463 3793 568 3848 pro
598 3779 826 3834 nomine
847 3779 1067 3834 Domini
1084 3781 1248 3833 Jesu:
1271 3794 1450 3849 neque
1471 3779 1621 3833 enim
1643 3779 1792 3847 facio
1810 3780 2066 3849 animam

469 3846 654 3920 meam
675 3851 1066 3920 pretiosiorem
1091 3865 1257 3920 quam
1291 3846 1793 3919 me(Act.xxi,i3).
1812 3846 1934 3920 iQui
1965 3848 2064 3919 igi-

470 3929 554 3972 tur
582 3919 923 3974 hic'hostiles
954 3919 1156 3974 cuneOs
1187 3920 1349 3973 etiam
1384 3921 1639 3989 praescita
1681 3919 1936 3988 passione
1969 3935 2068 3972 sua

473 3990 879 4058 imperterritus
910 3990 1081 4060 petiit,
1114 3990 1224 4044 illic
1246 3990 1314 4044 de
1335 3990 1737 4060 dispensatione
1758 3989 1924 4043 fuisse
1940 3989 2067 4043 edo-

472 4061 599 4124 cuit,
633 4077 739 4114 non
770 4061 840 4115 de
872 4059 1081 4123 timore,
1125 4059 1270 4130 quod
1302 4061 1459 4182 fugit.
1493 4059 1612 4128 Qua
1657 4060 1712 4113 in
1741 4075 1798 4114 re
1829 4075 2068 4128 pensan—

475 4131 604 4182 dum
638 4140 720 4182 est
741 4131 867 4182 auia
889 4130 1211 4182 illelabores
1227 4147 1360 4182 auos
1402 4147 1488 4182 am
1516 4147 1616 4182 ner
1645 4130 2068 4182 disnensationis

475 4131 604 4185 dum
638 4140 720 4185 est
741 4131 867 4200 quia
889 4130 1211 4186 illelabores
1227 4130 1488 4200 quosdam
1516 4147 1616 4200 per
1645 4130 2070 4197 dispensationis

475 4148 604 4185 uum
638 4148 720 4185 ρει
779 4148 867 4185 [lla
889 4148 1211 4186 lllClaDOI'eS
1264 4148 1488 4184 UOSOBI‘D
1516 4148 1616 4200 per
1645 4148 2070 4197 alSpenSBHODIS

468 4202 726 4268 judicium
741 4148 1102 4256 (iaudabiliter
1139 4148 1392 4265 dectiinat,
1426 4201 1517 4271 qui
1547 4216 1646 4271 pro
1676 4201 1788 4271 Deo
1821 4201 2070 4270 majores

476 4272 616 4325 alios
650 4273 864 4327 fortiter
892 4272 1108 4326 tolerat.
1141 4273 1280 4325 Nam
1312 4270 1456 4339 saepe
1471 4270 1878 4325 abhominibus
1909 4274 2071 4324 timor

475 4341 694 4405 debilis,
728 4348 888 4396 cauta
917 4343 1249 4412 dispensatio
1285 4349 1522 4407 vocatur,
1554 4349 1606 4394 et
1633 4340 1786 4410 quasi
1808 4341 2068 4412 Apruden-

2149 464 2257 520 cite
2282 463 2934 536 perfectipraadicatores
2965 463 3246 536 exhibent,
3278 485 3399 522 eum
3430 467 3596 522 modo
3627 479 3752 536 perf

2149 536 2445 590 secutionis
2462 535 3048 609 rabienideclinantes,
3073 535 3343 596 n0verunt
3359 540 3635 609 sapienter
3649 535 3751 609 sed

2151 621 2260 661 non
2290 607 2559 662 enerviter
2587 607 2817 662 cedere:
2853 611 3018 664 modo
3067 629 3195 668 vero
3227 607 3618 683 persecutionis
3646 607 3750 660 im-

2151 685 2335 747 petum
2383 685 2804 744 contemnentes,
2838 693 3111 738 noverunt
3152 685 3201 738 ei
3227 679 3460 738 fortiter
3509 679 3611 737 sed
3648 693 3754 732 non

2153 748 2555 818 praecipitanter
2583 748 2823 804 obviare.

2221 844 2350 897 CAP.
2384 850 2593 898 XXVII.
2617 851 2861 900 -—Parco
2884 858 3068 905 autem,
3094 865 3155 899 ne
3179 851 3294 914 quis
3313 866 3390 901 me
3418 854 3688 905 existimet

2351 928 2511 976 supra
2537 916 2594 965 id
2620 916 2751 979 quod
2772 918 2903 968 videt
2931 921 2981 966 in
3003 932 3075 968 me
3101 916 3174 984 (ΙΙ
3196 917 3317 968 Cor.
3350 931 3440 977 xu,
3469 919 3542 977 6.)

2226 997 2306 1064 (In
2337 998 2560 1067 exposit.
2579 999 2635 1052 Β.
2658 999 2783 1065 Job,
2806 1000 2898 1053 lib.
2922 1015 3079 1066 xvut,
3110 1016 3257 1053 num.
3294 1001 3403 1069 13.)
3438 999 3544 1068 Qui
3579 1019 3746 1058 vera-

2155 1067 2291 1122 citer
2336 1069 2511 1142 sancti
2536 1077 2657 1122 sunt
2714 1085 2822 1124 non
2863 1071 3036 1124 solum
3069 1069 3294 1142 gloriam
3327 1067 3491 1140 super
3523 1075 3746 1128 modum

2157 1154 2324 1214 suum
2369 1140 2588 1214 omnino
2644 1155 2748 1194 non
2777 1140 3092 1214 appetunt;
3121 1141 3222 1195 sed
3253 1142 3413 1196 etiam
3448 1144 3551 1198 hoc
3576 1144 3752 1214 ipsum

2157 1209 2326 1284 videri
2357 1210 2629 1284 refugiunt
2649 1211 2794 1284 quod
2815 1209 2935 1284 esse
2961 1221 3295 1284 meruerunt.
3322 1214 3473 1268 Unde
3501 1209 3756 1284 ille'praeb

2159 1279 2370 1334 dicator
2382 1281 2636 1354 egregius
2654 1282 3108 1354 veritatiscontra
3127 1282 3371 1351 pseudoa
3388 1279 3668 1354 apostolos
3688 1286 3760 1340 lo-

2198 1365 2350 1426 uens,
2378 1351 2532 1426 .dum’
2579 1352 2801 1426 virtutes
2831 1353 3060 1408 eximias
3117 1351 3445 1422 operationis
3497 1372 3613 1410 suae
3659 1372 3762 1426 pro

2199 1419 2550 1496 iscipulorum
2573 1422 2873 1478 eruditione
2904 1419 3171 1488 narraret,
3188 1427 3318 1478 dum
3342 1433 3416 1478 tot
3436 1441 3495 1480 se
3515 1419 3764 1496 peric-ala

2159 1491 2420 1564 tolerasse
2447 1502 2762 1548 coacervata
2791 1495 3168 1562 persecutione
3197 1491 3548 1559 describeret,
3567 1507 3622 1551 et
3645 1508 3766 1564 post

2161 1561 2282 1637 haec
2337 1578 2510 1632 usque
2555 1565 2626 1617 ad
2665 1561 2881 1618 tertium
2911 1566 3129 1630 omium,
3161 1582 3480 1636 rursumque
3509 1568 3562 1620 in
3599 1561 3765 1637 para-

2161 1632 2344 1686 disum
2373 1649 2430 1688 se
2474 1643 2690 1709 raptum
2722 1650 2839 1690 esse
2856 1644 3219 1709 memoraret,
3251 1637 3343 1690 ubi
3376 1632 3518 1690 tanta
3548 1632 3763 1709 cogno-

2164 1718 2316 1777 scere
2335 1705 2599 1777 potuisset
2626 1714 2827 1775 quanta
2853 1704 3000 1777 loqui
3031 1706 3255 1777 omnino
3284 1723 3392 1761 non
3423 1704 3768 1776 possetierat

2168 1775 2235 1828 de
2261 1790 2318 1828 se
2348 1775 2575 1829 fortasse
2605 1777 2783 1831 adhuc
2834 1775 3159 1831 mirabiliora
3199 1775 3499 1840 locuturus,
3562 1780 3662 1833 sed
3695 1779 3763 1833 ab

2167 1846 2400 1916 humana
2430 1845 2588 1900 laude
2611 1845 2720 1900 alta
2745 1847 3185 1902 consideratione
3215 1864 3273 1901 se
3297 1857 3612 1916 temperans
3643 1849 3772 1903 sub-

2166 1915 2320 1991 didit:
2331 1919 2504 1991 Parca
2519 1921 2812 1991 autem,n_e
2821 1920 2946 1991 quis
2961 1919 3354 1991 meexistim‘et
3366 1915 3541 1991 supra
3556 1921 3615 1974 id
3626 1920 3773 1991 quod

2165 1985 2388 2060 videtin
2408 2003 2515 2060 me.
2530 1995 2636 2060 aut
2645 1987 2814 2060 audit
2828 1985 3052 2060 aliquid
3067 2005 3141 2044 ea:
3156 2004 3264 2043 me.
3283 1985 3531 2060 Habebat
3545 1985 3683 2060 ergo
3701 1990 3765 2043 de

2165 2072 2223 2110 se
2252 2056 2540 2130 dicendum
2571 2057 2774 2126 aliquid
2805 2056 2981 2130 adhuc
3001 2060 3089 2129 qui
3112 2060 3289 2129 parcit
3315 2059 3498 2114 dicere
3522 2056 3632 2114 sed
3655 2063 3767 2130 egit

2168 2135 2452 2211 ntrumque
2470 2129 2660 2211 doctor
2675 2129 2949 2211 egregius,
2972 2138 3026 2184 ut
3057 2130 3410 2211 et_loquendo
3430 2146 3552 2211 qua:
3583 2129 3773 2211 egerat

2166 2197 2465 2267 discipulos
2493 2197 2900 2267 instrueretfet
2932 2202 3160 2256 tacendo
3190 2197 3248 2254 se
3279 2201 3417 2255 intra
3447 2197 3771 2255 humilitatis

2168 2268 2401 2344 limitem
2447 2271 2765 2344 custodiret.
2804 2271 2979 2344 Nimis
3007 2287 3240 2344 namque
3270 2281 3410 2325 esset
3439 2272 3688 2344 ingratus
3721 2272 3768 2326 si

2166 2339 2234 2393 de
2264 2355 2321 2393 se
2351 2339 2632 2408 discipulis
2661 2346 2770 2396 tota
2797 2341 3056 2406 reticeret,
3101 2339 3168 2404 et'
3202 2342 3433 2396 fortasse
3452 2339 3613 2396 nimis
3678 2343 3767 2396 in-

2166 2418 2354 2482 cautus
2381 2412 2429 2464 si
2468 2413 2536 2466 de
2564 2427 2622 2482 se
2652 2419 2760 2466 tota
2789 2413 2874 2467 vel
2908 2412 3189 2480 discipulis
3219 2413 3496 2482 proderet.
3527 2411 3636 2467 Sed
3669 2413 3772 2467 mi-

2165 2480 2424 2554 rabiliter,
2454 2491 2516 2554 ut
2543 2481 2742 2554 dictum
2773 2483 3017 2554 est,egit
3045 2480 3367 2552 utrum—que:
3402 2491 3461 2536 ut
3491 2483 3774 2553 loquendo

2165 2551 2332 2675 titiam
2360 2553 2695 2608 audientium
2737 2551 2997 2618 erudiret,
3029 2551 3262 2607 tacendo
3288 2569 3417 2608 vero
3451 2551 3611 2608 suain
3641 2571 3775 2609 eus-

2188 2637 2221 2675 o
2261 2630 2378 2675 iret.

2188 2630 2356 2677 adiret
2367 2663 2378 2675 .

2166 2712 2296 2761 Cu.
2322 2712 2551 2763 XXVIII.
2575 2739 2636 2749 —
2663 2716 2821 2764 Datus
2866 2719 2942 2764 est
2981 2714 3108 2764 mihi
3139 2715 3384 2765 stimulas
3408 2717 3578 2764 carnis
3619 2729 3771 2777 more,

2427 2781 2634 2842 angelus
2665 2782 2887 2842 Satanae,
2931 2787 3030 2831 etc.
3061 2782 3129 2842 (11
3157 2782 3282 2830 Cor.
3306 2795 3400 2840 xu,
3424 2782 3502 2842 7).

2236 2862 2316 2929 (In
2347 2863 2586 2931 exposit.
2628 2863 2684 2916 Β.
2723 2862 2846 2929 Job,
2880 2862 2974 2916 lib.
3010 2879 3122 2929 xix,
3152 2879 3299 2916 num.
3333 2867 3390 2917 H
3415 2879 3427 2924 ;
3456 2861 3559 2916 lib.
3603 2877 3772 2926 xxxx,

2165 2948 2320 2985 num.
2360 2933 2476 3000 71.)
2506 2933 2681 2987 Electi
2715 2933 2812 2986 Dei
2844 2933 3080 3002 quandiu
3112 2934 3164 2986 in
3210 2935 3309 2987 hac
3366 2934 3475 2988 vita
3507 2941 3652 2999 sunt,
3677 3001 3690 3002 ί
3711 2946 3778 2984 ne

2165 3003 2345 3071 aliqua
2374 3003 2610 3058 elatione
2666 3001 2980 3072 superbiant
3023 3004 3351 3074 quibusdam
3382 3001 3780 3058 tentationibus

2167 3074 2548 3142 reprimuntur,
2573 3082 2628 3128 ut
2648 3089 2716 3128 ne
2737 3082 2936 3128 tantum
2969 3073 3238 3144 preﬁcere
3270 3077 3484 3129 valeant
3509 3083 3780 3144 quantum

2168 3144 2389 3203 volunt;
2423 3146 2517 3197 sed
2565 3160 2633 3199 ne
2689 3145 3012 3198 extollantur
3040 3145 3316 3214 superbia.
3367 3160 3472 3199 non
3507 3144 3563 3198 ﬁt
3595 3144 3655 3197 in
3707 3144 3781 3197 eis

2169 3215 2400 3282 ipsarum
2434 3215 2677 3282 quaedam
2709 3229 2966 3269 mensura
2997 3217 3271 3269 virtutum.
3306 3215 3394 3270 Sic
3426 3217 3658 3269 Paulum
3694 3214 3778 3267 vi-

2169 3283 2273 3339 deo
2306 3284 2587 3339 fluminum
2618 3293 2671 3339 et
2718 3286 3005 3348 latronum,
3039 3286 3272 3340 civitatis
3327 3293 3380 3340 et
3435 3285 3778 3348 solitudinis,

2170 3357 2340 3409 maris
2368 3371 2431 3409 ac
2484 3356 2747 3409 falsorum
2799 3355 3020 3410 fratrum
3079 3356 3322 3425 pericula
3381 3357 3778 3420 sustinentem,

2173 3425 2470 3479 frenantem
2496 3425 2720 3495 jejuniis
2749 3443 2810 3480 ac
2841 3427 3046 3495 vigiliis
3065 3442 3281 3494 corpus,
3314 3427 3678 3480 sustinentem
3704 3426 3784 3478 fri-

2173 3496 2326 3564 goris
2362 3504 2415 3550 et
2445 3496 2698 3550 nuditalis
2725 3513 3041 3559 zerumnam,
3076 3498 3143 3551 ad
3186 3496 3553 3550 Ecclesiaram
3590 3505 3781 3551 custo-

2173 3567 2319 3620 diam
2351 3567 2638 3637 vigilanter
2692 3567 2785 3621 sed
2842 3576 2894 3621 et
2937 3566 3279 3637 pastoraliter
3307 3576 3686 3634 exercentem,
3717 3565 3780 3637 ad

2174 3637 2383 3690 tertium
2415 3636 2612 3690 coelum
2643 3645 2878 3706 raptum,
2939 3636 3265 3707 rursumque
3307 3653 3430 3693 eum
3462 3638 3520 3690 in
3552 3636 3782 3707 paradi-

2175 3723 2295 3761 sum
2327 3716 2557 3778 raptum,
2591 3716 2645 3762 et
2675 3708 2894 3762 audisse
2925 3723 3118 3762 arcana
3149 3709 3317 3762 verba
3353 3724 3476 3778 quae
3509 3723 3624 3760 non
3661 3707 3783 3761 licet

2173 3778 2396 3850 homini
2414 3777 2593 3848 loqui;
2647 3785 2700 3831 et
2729 3793 2850 3833 cum
2883 3779 3096 3850 Satanae
3127 3779 3324 3850 angelo
3354 3777 3423 3832 ad
3454 3779 3783 3850 tentandum

2174 3847 2632 3902 conceditur’orat
2659 3857 2715 3902 ut
2765 3849 2924 3903 eximi
2982 3847 3282 3914 debeat,'et
3325 3865 3433 3902 non
3462 3849 3782 3909 exauditur,

2175 3919 2315 3972 sicut
2331 3919 2447 3987 ipse
2466 3919 2596 3972 dicit
2615 3937 2626 3972 :
2648 3921 2713 3973 Et
2729 3934 2800 3974 ne
2819 3921 3144 3988 magnitudo
3163 3920 3468 3975 reuelation
3478 3935 3576 3973 um
3597 3917 3786 3974 extol-

2179 3991 2260 4044 lat
2279 4006 2368 4043 me
2403 3989 2569 4044 datus
2591 3994 2676 4044 est
2694 3989 2836 4044 mihi
2857 3992 3126 4045 stimulus
3146 3993 3338 4045 carnis
3356 4006 3519 4054 mete,
3541 3990 3782 4059 angelus

2176 4061 2244 4115 Sa
2254 4064 2424 4127 tame,
2439 4066 2606 4132 utme
2618 4061 2930 4132 colaphizet
2946 4075 2958 4113 :
2977 4060 3354 4132 propterqu
3368 4067 3454 4132 ter
3472 4061 3643 4114 Domi
3649 4075 3785 4113 num

2177 4133 2384 4199 rogavi,
2401 4136 2462 4184 ut
2486 4130 2789 4186 discederet
2807 4149 2839 4184 a
2858 4130 3142 4198 me.Hujus
3161 4147 3283 4185 cum
3308 4130 3459 4184 initia
3477 4145 3783 4184 conversa-

2178 4199 2340 4253 tionis
2360 4201 2585 4268 aspicio,
2609 4201 2883 4270 perpendo
2905 4201 3051 4271 quod
3074 4202 3124 4255 ei
3148 4215 3384 4270 superna
3404 4199 3786 4271 pietasicmlos

2179 4272 2370 4339 aperit,
2405 4286 2631 4339 seseque
2663 4271 2738 4323 illi
2766 4270 2934 4324 Jesus
2953 4273 3021 4326 de
3047 4271 3264 4325 sublimi
3285 4271 3548 4325 ostendit.
3576 4270 3682 4338 Qui
3712 4271 3787 4321 ln-

2180 4357 2302 4394 men
2333 4357 2577 4408 corporis
2604 4341 2671 4394 ad
2717 4352 2928 4411 tempus
2974 4342 3230 4410 perdidit,
3289 4341 3471 4396 lumen
3512 4343 3704 4410 corpis
3735 4341 3789 4392 in

478 4420 558 4491 ter
583 4416 845 4491 impetum
894 4410 1196 4491 declinasse
1241 4428 1302 4466 se
1341 4419 1609 4491 asserunt,
1643 4427 1765 4466 cum
1796 4410 2073 4491 fugientes
2100 4430 2153 4490 D
2185 4411 2746 4491 perpetuumaccepit
2778 4428 2789 4463 :
2827 4410 2894 4465 ad
2915 4414 3175 4491 {inani-am
3209 4412 3455 4491 mittitur,
3492 4411 3603 4464 Vas
3643 4413 3791 4491 elecj

479 4482 704 4550 turpiter
731 4482 784 4536 in
819 4490 974 4553 terga
1007 4483 1288 4536 feriuntur.
1341 4483 1499 4553 Unde
1548 4496 1772 4535 necesse
1796 4490 1874 4535 est
1917 4490 1974 4535 ut
2011 4482 2074 4553 in

478 4567 638 4623 causa
653 4553 765 4623 Dei
795 4551 926 4623 cum
947 4569 1032 4606 res
1053 4551 1474 4622 dispensationis
1488 4553 1684 4623 agitur,
1706 4561 1876 4623 metus
1896 4551 2077 4623 cordis

479 4621 832 4692 subtilissima
865 4621 1155 4677 libratione
1178 4631 1461 4692 pensatur,
1493 4621 1561 4676 ne
1591 4638 1692 4692 per
1719 4621 2082 4677 inﬁrmitatem

480 4691 645 4764 timor
664 4690 945 4764 subrepat,
980 4701 1032 4746 et
1055 4690 1305 4764 sese—per
1331 4690 1750 4762 dispensationis
1778 4693 2078 4764 imaginem

479 4761 749 4834 rationem
783 4760 1057 4834 contingat
1085 4779 1154 4834 ne
1181 4760 1341 4832 culpa
1360 4760 1788 4832 se'prudentiam
1819 4760 2082 4828 nominet,

476 4833 705 4903 jamque
737 4848 854 4903 nec
887 4832 952 4886 ad
975 4832 1355 4903 paenitentiam
1388 4836 1599 4887 animus
1625 4834 1830 4900 redeat,
1865 4833 2084 4903 quando

482 4903 590 4957 hoc
619 4902 622 4903 ⁷
649 4903 794 4974 quod
839 4902 1030 4974 inique
1075 4913 1352 4974 perpetrat
1395 4903 1645 4958 virtutem
1695 4902 2088 4958 vocaLRestat

483 4974 647 5044 igitur
678 4974 731 5026 in
761 4972 1209 5044 dubiis’quiisque
1240 4975 1631 5044 deprehensus,
1654 4990 1777 5029 cum
1809 4975 1910 5027 sibi
1943 4989 2088 5044 quaa-

483 4989 647 5097 ιῗιυι·
678 4990 731 5026 in
761 4989 938 5028 dumis
960 4990 1209 5044 quusque
1240 4989 1631 5044 deprehensus,
1654 4990 1777 5029 cum
1809 4989 1910 5027 ειοι
1943 4989 2086 5044 quaa-

483 5045 518 5096 li
563 5051 618 5099 et
675 5044 978 5116 adversitas
1024 5045 1288 5108 imminet.
1351 5046 1496 5116 prius
1543 5046 1679 5099 intra
1732 5046 2086 5115 semetipsum

483 5122 673 5169 contra
720 5114 1070 5186 formidinem
1102 5125 1155 5171 et
1179 5114 1667 5186 praecipitationem
1699 5114 2087 5186 pugnet,qua—

483 5195 639 5238 tenus
668 5200 772 5240 nec
802 5184 1154 5241 formidolosa
1181 5184 1241 5240 se
1271 5184 1570 5254 subtrahat,
1601 5184 1715 5240 neci
1737 5184 2087 5255 praecipitan-

484 5265 567 5327 ter
606 5264 880 5327 opponat.
919 5257 1088 5311 Valde
1118 5257 1257 5312 enim
1290 5271 1533 5327 praeceps
1563 5263 1640 5327 est
1669 5257 1760 5326 qui
1791 5271 2007 5326 semper
2032 5271 2089 5309 se

483 5326 1058 5407 adversis_objicit,_et
1084 5327 1240 5407 valde
1260 5326 1490 5407 pavidus
1505 5326 1594 5407 qui
1617 5327 2090 5407 semper-abscon-

483 5397 587 5468 dit.
604 5396 714 5452 Sed
750 5398 868 5453 haec
899 5397 1096 5452 melius
1133 5398 1186 5451 in
1217 5396 1376 5452 bellis
1409 5396 1780 5468 spiritualibus
1809 5397 2088 5464 discimus,

486 5467 534 5539 si
567 5467 802 5539 formam
836 5468 1079 5539 exercitii
1111 5484 1140 5521 a
1188 5467 1558 5539 corporalibus
1586 5468 1746 5523 bellis
1776 5469 2083 5522 trahamus.

485 5537 676 5609 Neque
706 5538 848 5592 enim
884 5538 976 5592 ille
1005 5541 1116 5593 dux
1147 5537 1368 5609 sapiens
1397 5547 1495 5605 est,
1548 5539 1636 5609 qui
1669 5546 1860 5594 contra
1888 5552 2092 5593 cuneos

487 5607 716 5680 bestiles
745 5609 1040 5680 exercitum
1072 5607 1321 5680 praeceps
1353 5607 1623 5673 admovet.
1660 5625 1836 5680 neque
1865 5609 1956 5680 ille
1982 5609 2092 5680 dux

488 5627 716 5662 aestues
745 5627 1040 5662 exercitum
1072 5627 1255 5680 prseee
1296 5627 1321 5664 s
1353 5627 1623 5673 admovet.
1660 5627 1836 5680 neque
1865 5627 1956 5662 me
1982 5627 2092 5662 oux

488 5675 650 5748 fortis
680 5676 784 5748 qui
804 5692 1020 5748 semper
1049 5680 1196 5736 hunc
1225 5627 1294 5733 .ιὲ
1325 5680 1492 5734 hostis
1515 5680 1655 5734 facie
1681 5679 1926 5734 cavendo
1956 5679 2092 5732 sub-

489 5745 661 5823 ducit.
702 5746 855 5800 Scire
909 5745 1146 5823 namque
1193 5751 1302 5803 dux
1359 5749 1544 5823 debet,
1580 5749 1741 5805 modo
1787 5748 2095 5823 _ab_hostili

495 5816 695 5882 impetu
734 5816 1253 5874 exercitum—caute
1303 5818 1642 5889 subtrahere,
1675 5820 1840 5876 modo
1881 5819 2096 5875 hostem

2186 4481 2347 4536 tionis
2366 4490 2613 4546 vocatur,
2635 4490 2684 4536 et
2709 4490 2883 4536 tamen
2901 4482 2970 4536 de
2999 4483 3216 4536 civitate
3245 4482 3433 4536 eadem
3463 4497 3632 4551 quam
3672 4487 3790 4552 post

2185 4553 2446 4624 visionem
2475 4553 2600 4624 Jesu
2632 4552 2908 4624 ingressus
2936 4552 3112 4606 fuerat
3145 4553 3357 4622 fugiens
3387 4553 3625 4615 recedit,
3658 4553 3790 4605 sicut

2191 4623 2308 4694 ipse
2320 4632 2542 4678 testatur
2552 4622 3031 4678 dicens:Damasci
3044 4625 3380 4694 praepositus
3389 4627 3647 4692 gentusA
3656 4625 3792 4675 retr:

2192 4695 2338 4763 regis
2377 4694 2723 4748 custodiebat
2751 4695 3042 4748 civitatem
3083 4696 3586 4756 Damascenorum,
3616 4697 3680 4746 ut
3709 4705 3797 4744 me

2191 4763 2776 4835 comprehenderet;et
2788 4778 2888 4834 per
2899 4767 3212 4835 fenestram
3228 4766 3288 4818 in
3310 4766 3503 4834 sporta
3519 4764 3792 4835 dimissus

2193 4831 2729 4913 surriperﬂmurum,
2757 4831 2813 4888 et
2838 4831 2922 4913 sic
2956 4833 3126 4913 effugi
3157 4831 3362 4913 manus
3393 4835 3515 4913 ejus
3553 4833 3630 4913 (ιι
3659 4831 3790 4912 (ζον.

2193 4921 2268 4972 x1,
2303 4903 2412 4971 3‘2).
2448 4905 2542 4958 Cui
2577 4904 2797 4958 licenter
2821 4903 3012 4958 dicam
3036 4919 3047 4958 :
3071 4903 3128 4960 ’0
3175 4905 3357 4971 Paule,
3407 4903 3463 4956 in
3508 4903 3656 4957 cmlo
3677 4903 3792 4971 jam

2192 4977 2373 5030 Jesum
2405 4974 2699 5044 conspicis,
2732 4982 2787 5028 et
2815 4975 3174 5045 bominemrin
3205 4983 3352 5029 terra
3384 4972 3535 5045 fugis
3561 4991 3576 5036 ς
3613 4976 3670 5026 in
3701 4988 3791 5043 pa-

2195 5047 2427 5100 radisum
2487 5045 2726 5110 duceris,
2758 5052 2959 5116 secreta
3016 5044 3115 5100 Dei
3171 5045 3340 5116 verba
3387 5044 3709 5116 cognoscis,
3745 5050 3794 5095 et

2195 5117 2374 5171 adhuc
2404 5116 2616 5171 Satante
2647 5115 2844 5187 angelo
2893 5116 3158 5171 tentaris?
3198 5115 3352 5187 Unde
3400 5115 3478 5169 sic
3521 5115 3706 5187 fortis,
3740 5120 3793 5165 ut

2196 5188 2263 5241 ad
2295 5187 2535 5242 coelestia
2564 5185 3024 5256 rapiaristUnde
3042 5187 3119 5256 sic
3139 5186 3401 5252 inﬁrmus,
3433 5194 3490 5256 ut
3519 5185 3793 5239 hominem

2197 5258 2250 5312 in
2303 5266 2447 5312 terra
2494 5254 2687 5328 fugias,
2721 5264 2774 5311 et
2799 5255 2976 5328 adhuc
3006 5273 3037 5310 a
3075 5255 3304 5328 Saetana:
3333 5254 3534 5318 angelo
3566 5257 3795 5328 adversa

2198 5328 2437 5383 toleres?
2477 5323 2602 5397 quia
2630 5323 2758 5382 acce
2788 5327 2878 5397 qui
2937 5336 2988 5382 te
3030 5327 3297 5392 sublevat,
3329 5341 3514 5379 rursus
3547 5334 3600 5380 te
3631 5323 3800 5397 subti-

2199 5398 2410 5454 lissima
2441 5394 2692 5454 mensura
2733 5394 3062 5460 moderatur,
3097 5406 3155 5451 ut
3201 5405 3258 5451 et
3305 5397 3360 5450 in
3389 5397 3672 5450 miraculis
3703 5394 3802 5447 tuis

2198 5469 2463 5540 praedices
2521 5468 2679 5540 nobis
2731 5467 2976 5540 virtutem
3027 5469 3151 5540 pei,
3196 5475 3249 5522 et
3278 5483 3488 5522 rursum
3521 5466 3804 5540 in_timone

2203 5537 2292 5595 tuo
2321 5539 2597 5594 reminisci
2625 5554 2725 5593 nos
2756 5538 2925 5592 facias
2959 5537 3284 5592 infirmitatis
3313 5546 3529 5592 nostrae.
3563 5537 3700 5606 Qua:
3730 5544 3806 5588 ta-

2201 5626 2326 5666 men
2353 5610 2633 5664 inﬁrmitas
2647 5624 2715 5662 ne
2735 5608 2788 5678 in
2809 5609 3243 5678 desperationem
3265 5624 3364 5663 nos
3384 5611 3666 5677 pertrabat
3682 5620 3804 5660 eum

2203 5682 2399 5751 pulsat,
2425 5682 2554 5735 dum
2602 5681 2658 5733 in
2705 5677 3011 5751 inﬁrmitate
3067 5688 3158 5734 tua
3209 5679 3507 5751 Dominum
3557 5691 3802 5751 rogares2

2203 5743 2329 5822 quia
2358 5743 2575 5806 auditus
2602 5765 2712 5822 non
2742 5757 2841 5822 est,
2889 5750 3045 5822 nobis
3074 5763 3292 5819 quoque
3321 5749 3537 5822 locutus
3573 5743 3804 5822 es'qupd

2206 5815 2401 5878 audisti
2423 5840 2434 5874 :
2462 5821 2700 5892 Sufﬁcit
2717 5815 3021 5893 tibttgratia
3035 5815 3189 5878 mea:
3206 5815 3344 5877 nam
3363 5820 3550 5875 virtus
3569 5821 3633 5875 in
3648 5815 3806 5886 inﬁt»
