4110 6176
1593 143 1612 184 i’

358 255 502 339 ists

991 247 1233 335 stum
1269 249 1653 338 axrosrrto
1685 257 1859 333 NOVI
1890 276 2082 333 TEST.
2121 307 2178 318 -
2209 269 2360 333 sur.
2394 279 2496 333 ar.
2526 279 2721 335 PAULI
2753 255 2842 333 AD
2875 245 3046 336 GAL.

3531 244 3671 335 ista

362 410 564 463 mitatc
603 406 910 478 perﬁcitur
956 405 1030 478 (II
1067 405 1194 460 Cor.
1226 420 1324 473 xu,
1360 406 1412 474 9)
1427 445 1449 478 ._
1480 405 1678 478 Aperta
1706 419 1841 478 ergo
1867 401 1965 458 Dei
1994 405 2050 463 Α
2079 400 2450 478 proximorum
2480 402 2702 478 utilitas,
2761 410 2853 457 aut
2880 412 3024 459 certe
3052 403 3225 478 nimia
3248 403 3546 478 necessitas
3567 419 3667 478 co-

361 494 497 534 voce
538 473 860 545 ostenditur,
903 477 1033 548 quia
1077 484 1264 548 (custos
1292 473 1618 548 estvirtutis
1646 473 1958 548 infirmitas.

361 551 513 605 Tunc
543 549 745 620 quippe
770 549 907 602 bene
923 546 1157 620 interius
1183 546 1533 611 custodimur,
1565 562 1684 599 cum
1717 562 1816 620 per
1853 546 1970 620 dis-

361 617 732 691 pensationem
767 621 861 673 Dei
899 618 1249 691 tolerabiliter
1279 622 1550 691 tentamur
1579 617 1817 691 exterius
1861 617 1968 669 ali~

362 689 583 762 quando
616 692 782 754 vitiis,
811 690 1100 762 aliquando
1131 689 1420 757 pressuris,
1455 695 1508 741 et
1539 689 1970 762 persecutionum

361 758 813 815 adversitatibus.
851 759 952 827 Qui
978 775 1104 813 vero
1137 769 1372 812 mentem
1405 758 1683 812 certamini
1705 758 1818 812 vult
1847 765 1971 812 ante

364 832 683 886 tentationis
739 840 1009 884 certamen
1059 845 1276 898 parare,
1323 829 1563 883 adversa
1594 844 1766 900 neque
1809 829 1972 900 longe

367 903 544 956 adhuc
574 903 754 970 posita
785 900 946 955 debet
977 901 1266 968 cogitando
1287 915 1728 967 praenoscereme
1743 899 1973 953 fortasSe

368 973 588 1026 valeam
620 971 918 1041 improvisa
964 986 1237 1040 superare.
1267 971 1423 1025 Unde
1455 971 1648 1023 Paulus
1677 970 1973 1038 discipulos

365 1043 725 1105 admonebat,
777 1058 899 1094 cum
943 1042 1147 1095 diceret
1179 1056 1191 1094 :
1235 1043 1596 1110 Vosmetipsos
1627 1045 1846 1096 tentate
1878 1059 1895 1093 :
1923 1041 1978 1095 si

365 1116 502 1169 estis
536 1115 595 1166 in
626 1114 754 1181 ﬁde,
790 1114 900 1183 ipsi
934 1129 1022 1168 vos
1061 1112 1390 1184 probateUl
1407 1113 1525 1184 Cor.
1553 1128 1668 1177 xm,
1705 1112 1788 1179 5).
1823 1114 1898 1163 Ac
1927 1111 1974 1164 si

366 1192 556 1253 aperte
586 1187 933 1254 praeciperet,
953 1183 1142 1236 dicens
1167 1200 1177 1235 :
1199 1183 1509 1254 Certamina
1528 1184 1970 1254 persecutionum

367 1252 435 1308 ad
496 1252 732 1308 mentem
782 1254 1042 1318 reducite,
1086 1262 1138 1307 et
1183 1253 1346 1307 vestri
1390 1252 1568 1307 cordis
1597 1253 1783 1306 intima
1814 1260 1973 1321 atque

368 1325 580 1379 occulta
611 1333 922 1395 pensantes,
983 1325 1173 1393 quales
1227 1325 1363 1378 inter
1404 1324 1676 1392 supplicia
1733 1323 1972 1395 existere

367 1396 600 1450 valeatis
651 1395 907 1449 invenite.
947 1395 1140 1448 Paulus
1185 1410 1320 1463 ergo
1353 1395 1675 1463 praedicator
1694 1394 1970 1465 egregius,

367 1467 458 1534 qui
493 1475 680 1534 raptus
701 1465 770 1519 ad
803 1466 1013 1518 tertium
1046 1467 1246 1520 coelum
1281 1465 1472 1530 fuerat,
1506 1479 1707 1519 arcana
1733 1463 1972 1533 paradisi

369 1545 769 1605 penetraverat,
820 1551 942 1590 esse
991 1540 1112 1603 post
1141 1535 1524 1590 revelationem
1575 1535 1891 1604 tranquillus
1921 1543 1974 1589 et

360 1606 944 1686 intentatus‘rvolebat:
967 1606 1071 1686 sed
1099 1608 1224 1686 quia
1255 1609 1599 1686 omnipotens
1616 1606 1763 1686 Deus
1782 1606 1970 1686 terrui-7

363 1692 466 1730 nos
488 1677 771 1730 constituit
801 1677 1008 1730 homini
1041 1677 1131 1747 qui
1166 1691 1272 1730 non
1308 1683 1572 1747 poterunt
1603 1677 1886 1745 praeteriri,
1919 1683 1972 1730 et

2078 480 2195 542 gat.
2239 471 2391 544 Unde
2417 473 2610 528 Paulus
2628 489 2840 544 quoque
2861 475 3136 544 apostolus
3154 473 3318 528 multa
3341 475 3408 528 de
3430 491 3488 529 se
3506 475 3668 530 fortia

2080 558 2180 612 pro
2222 542 2605 612 discipulorum
2645 542 2871 600 suorum
2894 542 3259 600 aediﬁcatione
3284 547 3535 608 narravit,
3567 546 3664 600 sed

2082 615 2196 668 haec
2225 614 2499 688 narrando
2530 615 2752 688 minime
2809 615 3051 686 deliquit,
3084 617 3335 688 quoniam
3368 631 3399 669 a
3425 617 3664 671 veritatis

2082 683 2294 738 tramite
2339 693 2390 738 et
2435 687 2770 740 attestatione
2795 683 2950 741 certa'
2971 696 3023 742 et
3042 683 3212 742 corde
3230 687 3414 741 humili
3444 703 3549 742 non
3581 704 3665 742 re-

2082 753 2264 829 cessit.
2298 753 2400 822 Qui
2424 771 2549 809 vero
2571 757 2885 829 necessitate
2912 766 3144 829 cogente
3174 774 3302 812 vera
3330 758 3397 812 de
3426 775 3485 813 se
3524 759 3669 813 bona

2079 825 2336 900 loquitur,
2396 833 2542 900 tanto
2575 827 2749 900 magis
2775 825 3060 900 humilitati
3097 830 3358 900 jungitur,
3393 837 3592 900 quanto
3616 837 3668 900 et

2080 895 2290 968 veritati
2322 895 2573 950 sociatur.
2607 895 2689 950 An
2738 897 2882 950 idem
2917 895 3111 968 Paulus
3134 895 3238 952 non
3276 895 3425 966 fuit,'
3450 899 3665 968 quando

2081 966 2324 1020 veritatis
2352 967 2693 1021 aemulatione
2712 972 2902 1020 contra
2921 967 3088 1022 falsos
3115 966 3482 1037 apostolostot
3510 971 3578 1025 de
3607 985 3667 1024 se

2082 1037 2362 1117 discipulis
2393 1038 2551 1117 fortia
2570 1047 2724 1117 gesta
2752 1038 2996 1117 narravit
3022 1038 3173 1117 ?_Cui
3191 1040 3441 1117 nimirum
3460 1041 3666 1117 veritati

2080 1107 2331 1180 inimicus
2359 1109 2628 1173 existeret,
2660 1110 2706 1161 si
2735 1108 3118 1180 abscondendo
3156 1109 3373 1163 virtutes
3423 1111 3668 1180 praprias

2081 1177 2466 1246 praedicatores
2507 1194 2754 1232 errorum
2786 1179 3077 1248 praevalere
3119 1177 3476 1247 permisisset.
3512 1182 3663 1236 Unde

2082 1248 2244 1319 etiam
2301 1264 2420 1302 cum
2465 1250 2690 1303 virtutes
2743 1265 2864 1302 suas
2921 1250 3212 1308 Corinthiis
3271 1260 3663 1319 enumerasset,

2082 1318 2331 1387 adjunxit
2352 1334 2364 1372 :
2381 1320 2585 1375 Factus
2602 1335 2727 1374 sum
2741 1321 3018 1390 insipiens
3036 1341 3051 1372 :
3074 1336 3162 1374 vos
3181 1337 3268 1374 me
3281 1322 3564 1389 coegistis.
3584 1322 3666 1375 Fit

2079 1398 2256 1442 autem
2289 1390 2586 1460 aliquando
2641 1399 2716 1456 ut,
2752 1391 3064 1444 necessitate
3112 1392 3398 1460 compulsi,
3429 1393 3480 1445 in
3509 1391 3670 1446 bonis

2080 1474 2201 1526 qua:
2231 1460 2300 1513 de
2327 1475 2385 1513 se
2405 1459 2643 1514 referunt
2667 1475 2773 1513 non
2819 1460 3044 1514 aliorum
3075 1459 3358 1515 utilitatem
3390 1464 3486 1517 sed
3515 1477 3668 1516 suam

2079 1531 2378 1600 requirant,
2412 1530 2543 1584 sicut
2579 1531 2764 1584 beatus
2789 1530 2893 1584 Job
2925 1530 3070 1585 facta
3118 1546 3215 1583 sua
3244 1540 3545 1597 enumerat,
3579 1533 3668 1586 di-

2081 1599 2208 1652 cens
2235 1617 2246 1652 :
2278 1599 2481 1656 Oculus
2501 1603 2593 1669 fui
2621 1615 2786 1665 caeco,
2826 1605 2882 1654 et
2902 1616 2999 1669 pes
3026 1601 3250 1655 claudo.
3310 1604 3486 1656 Pater
3511 1619 3668 1658 eram

2080 1685 2418 1743 pauperum,
2451 1676 2772 1743 et‘causajn
2814 1686 2980 1743 quam
3015 1672 3331 1726 nesciebam
3361 1674 3670 1743 diligentis-

365 1747 606 1801 elevavit
636 1749 780 1819 hunc
827 1748 897 1801 ad
929 1741 1322 1818 cognoscenda
1357 1741 1634 1819 sublimia,
1666 1756 1718 1801 et
1751 1741 1968 1800 reduxit
1996 1757 2048 1819 Β
2079 1741 2639 1819 simeinvestigabam
2665 1741 3385 1819 (Job,'xxt§,1_5);_el_multa
3407 1742 3670 1819 aliaequae

363 1819 558 1871 iterum
591 1818 656 1871 ad
688 1815 902 1871 inﬁrma
930 1815 1230 1883 toleranda,
1262 1826 1321 1870 ut
1349 1817 1496 1871 modi
1545 1817 1628 1871 sui
1686 1833 1966 1870 mensuras

365 1889 652 1958 aspiciens,
686 1889 809 1942 dum
841 1889 1180 1943 securitatem
1221 1888 1681 1956 comprehendere
1739 1903 1969 1958 conare-

367 1957 456 2012 tur
503 1969 557 2012 et
604 1974 710 2013 non
769 1967 974 2028 posset,
1019 1975 1084 2013 ne
1136 1974 1236 2028 per
1263 1958 1551 2012 elationem
1577 1964 1729 2012 extra
1758 1973 1815 2011 se
1844 1957 1964 2026 iret,

365 2045 472 2098 per
504 2030 858 2101 humilitatem
882 2030 1322 2101 cogereturintra
1369 2045 1493 2101 suos
1532 2044 1757 2101 semper
1787 2028 1968 2101 termi-

365 2115 470 2154 nos
499 2100 698 2170 redire.
722 2098 1129 2170 Nonnunquam
1173 2100 1356 2170 itaque
1388 2099 1544 2154 electi
1575 2102 1672 2153 Dei
1704 2098 1759 2152 in
1788 2098 1966 2170 virtu-

369 2170 509 2224 tibus
555 2168 818 2240 prolicere
868 2168 1148 2237 conantur,
1208 2168 1282 2226 et
1308 2170 1556 2239 quaedam
1606 2170 1748 2224 dona
1801 2168 1971 2237 perci-

367 2241 547 2310 piunt.
571 2244 609 2294 A
635 2241 963 2312 quibusdam
1008 2257 1135 2296 vero
1151 2241 1348 2309 repulsi
1372 2240 1773 2312 inimisjacent.
1791 2241 1965 2295 Nemo

365 2319 447 2366 est
478 2312 620 2366 enim
653 2311 740 2382 qui
775 2319 982 2365 tantum
1035 2312 1244 2366 virtutis
1273 2311 1649 2382 apprehendat
1675 2381 1680 2382 γ
1704 2319 1966 2381 quantum

367 2382 657 2453 desiderat,
675 2381 810 2453 quia
829 2383 1168 2451 omnipotens
1187 2383 1331 2436 Deus
1346 2381 1604 2436 interiora
1632 2381 1966 2447 discernens,

364 2451 497 2521 ipsis
528 2451 901 2521 spiritualibus
954 2453 1288 2522 profectibus
1318 2454 1539 2508 modum
1598 2453 1747 2522 ponit
1779 2460 1872 2522 ;ut
1901 2467 1968 2506 ex

360 2522 468 2577 hoc
501 2524 661 2578 homo
693 2524 837 2593 quod
878 2525 1288 2592 apprehendere
1336 2533 1558 2578 conatur
1585 2531 1638 2578 et
1666 2540 1772 2578 non
1804 2523 1967 2588 valet,

363 2593 419 2646 in
442 2593 551 2648 illis
584 2611 642 2648 se
671 2609 776 2648 non
809 2593 982 2648 elevet
1015 2611 1136 2664 quae
1169 2595 1337 2649 valet.

359 2699 489 2750 CAP.
537 2702 798 2751 XXIX.-—
827 2703 1010 2752 Factus
1036 2715 1146 2754 sum
1171 2703 1429 2762 insipiens
1453 2702 1496 2764 (Ι
1550 2702 1672 2751 Cor.
1724 2715 1824 2760 xu,
1865 2700 1969 2763 11).

434 2799 574 2869 (Lib.
621 2818 658 2864 ι,
708 2801 758 2854 in
806 2802 1027 2867 Ezech.,
1055 2801 1246 2856 homil.
1289 2805 1339 2867 9,
1366 2818 1420 2856 η.
1455 2805 1542 2865 19,
1574 2801 1700 2872 20.)
1728 2802 1864 2855 Justi
1919 2808 1973 2856 et

360 2871 593 2941 perfecti
625 2888 899 2942 nunquam
948 2873 1092 2926 bona
1147 2887 1245 2926 sua
1302 2873 1582 2944 detegunt,
1627 2871 1730 2926 nisi
1763 2887 1856 2927 eos
1878 2881 1969 2926 aut

2081 1827 2226 1890 saepe
2237 1811 2416 1890 egisse
2428 1828 2485 1890 se
2501 1821 2908 1890 commemorat.
2933 1811 3042 1890 sed
3062 1812 3184 1890 quia
3211 1811 3264 1864 in
3286 1813 3505 1890 vulnere
3521 1811 3670 1867 delo-

2077 1882 2154 1953 ri_s
2168 1882 2400 1953 positus,
2422 1882 2489 1934 ab
2511 1882 3115 1953 amicisincrepantibus
3166 1882 3332 1951 impie
3360 1884 3555 1953 egisse,
3616 1892 3669 1938 et

2076 1951 2345 2032 violentus
2366 1952 2631 2031 proximis
2659 1961 2818 2032 atque
2849 1967 3144 2032 oppresse}:
3171 1951 3473 2032 pauperum
3507 1953 3668 2009 fuisse

2075 2021 2379 2095 dicebatur,
2420 2023 2511 2095 ivir
2545 2021 2762 2095 sanctus
2793 2021 2940 2076 inter
2961 2023 3179 2095 flagella
3207 2021 3304 2077 Dei
3336 2030 3389 2078 et
3417 2026 3670 2079 humanae

2077 2092 2464 2166 increpationis
2483 2094 2651 2148 verba
2679 2092 3068 2166 deprehensus,
3094 2102 3336 2166 mentem
3365 2097 3518 2149 suam
3537 2111 3669 2166 gra-

2076 2163 2213 2236 viter
2227 2163 2456 2236 concuti
2474 2173 2634 2236 atque
2649 2165 2719 2219 ad
2743 2163 3133 2236 desperationis
3162 2163 3376 2236 foveam
3390 2163 3674 2236 conspexit

2075 2231 2283 2305 impelli
2303 2252 2314 2287 :
2337 2235 2424 2303 qui
2437 2231 2778 2305 jamjamque
2793 2231 2984 2290 cadere
2999 2240 3230 2304 poterat,
3247 2235 3348 2289 nisi
3368 2237 3438 2290 ad
3457 2231 3670 2291 memo-

2079 2303 2211 2377 ria_m
2261 2319 2360 2357 sua
2405 2303 2563 2360 bene
2598 2303 2720 2362 acta
2747 2303 3072 2377 revocasset,
3130 2313 3189 2359 ut
3225 2307 3292 2361 ad
3324 2323 3477 2377 spem
3505 2307 3672 2362 animi

2076 2373 2440 2446 reduceretur,
2462 2392 2529 2430 ne
2545 2392 2838 2446 oppressus
2867 2376 3045 2432 verbis
3073 2382 3134 2431 et
3161 2373 3476 2432 vulneribus
3505 2379 3558 2432 in
3576 2379 3672 2434 de-

2079 2445 2383 2514 speratione
2436 2445 2660 2514 periret.
2721 2446 2878 2516 Quod
2915 2462 3046 2516 ergo
3076 2463 3171 2501 sua
3201 2448 3343 2502 bona
3371 2458 3672 2514 enumerat,

2080 2531 2186 2568 non
2218 2515 2552 2572 innotescere
2580 2517 2701 2571 aliis
2717 2515 2869 2586 quasi
2886 2533 2948 2571 ex
2983 2515 3141 2571 laude
3163 2519 3456 2586 desiderat,
3476 2521 3574 2574 sed
3605 2521 3677 2574 ad

2080 2601 2232 2655 spem
2247 2587 2498 2658 animum
2523 2587 2796 2658 reformat.
2819 2587 2952 2641 Justi
2973 2587 3152 2658 itaque
3175 2603 3296 2643 cum
3311 2591 3536 2645 virtutes
3550 2607 3677 2644 suas

2080 2671 2216 2726 quas
2246 2656 2442 2711 habent
2485 2656 2714 2713 inﬁrmis
2742 2658 3051 2728 loquuntur,
3069 2656 3547 2728 ‘reprehensibiles
3569 2676 3679 2716 non

2077 2735 2219 2807 sunt,
2274 2728 2403 2808 quia
2455 2744 2552 2808 per
2581 2729 2748 2783 vitam
2776 2745 2929 2784 suam
2959 2743 3120 2798 quam
3149 2730 3387 2786 referunt
3442 2731 3676 2786 aliorum

2079 2798 2293 2852 animas
2321 2798 2390 2851 ad
2421 2798 2586 2854 vitam
2606 2809 2875 2870 quaerunt.

858 3048 1212 3105 EXPOSITO
1253 3050 1476 3105 SUPER
1515 3049 1912 3106 EPISTOLAM
1950 3051 2015 3103 B.
2063 3049 2262 3104 PAULI
2304 3048 2646 3106 APOSTOLI
2685 3050 2777 3104 AD
2821 3049 3153 3105 GALATAS.

360 3175 487 3225 CAP.
534 3173 773 3224 Ριικωι.
793 3199 857 3211 -
878 3174 933 3224 Si
973 3171 1139 3224 adhuc
1161 3174 1439 3244 hominibus
1455 3178 1728 3244 pidverem,
1769 3175 1967 3226 Christi
1996 3170 2047 3234 C
2080 3179 2475 3225 sacramentum
2505 3179 2590 3244 est
2613 3186 2626 3238 ;
2651 3172 2778 3244 quia
2820 3172 3145 3244 Unigenitus
3168 3174 3334 3229 Patris
3363 3174 3677 3229 incarnatus

699 3253 880 3290 servus
903 3255 1006 3292 non
1032 3252 1184 3292 essem
1210 3240 1401 3303 (Galat.
1427 3255 1462 3300 ι,
1497 3241 1589 3301 10).

436 3338 662 3410 (Regul.
694 3341 900 3396 Pastor.
940 3349 1079 3410 part.
1122 3357 1181 3413 in,
1205 3355 1254 3396 c.
1275 3344 1352 3413 8.)
1386 3339 1677 3413 Sciendum
1716 3349 1796 3413 est
1826 3341 1972 3413 quod

366 3425 479 3464 non
525 3419 742 3483 oportet
764 3420 821 3464 ut
858 3419 1097 3483 rectores
1125 3411 1253 3483 boni
1285 3411 1499 3483 placere
1531 3411 1974 3483 hominibus'ap-

368 3488 572 3560 petant,
605 3481 702 3560 sed
727 3489 784 3534 ut
813 3481 1190 3560 aestimationis
1228 3496 1344 3536 suae
1381 3482 1667 3560 dulcedine
1697 3481 1974 3560 proximos

369 3548 426 3604 in
459 3548 710 3605 affectum
741 3553 984 3607 veritatis
1025 3553 1238 3606 trahant
1268 3569 1280 3612 ;
1317 3567 1422 3606 non
1455 3557 1518 3606 ut
1541 3568 1600 3606 se
1631 3548 1805 3606 amari
1826 3554 1974 3607 desi-

368 3619 582 3683 derent,
631 3622 725 3676 sed
791 3630 846 3676 ut
883 3623 1232 3677 dilectionem
1290 3638 1445 3676 suam
1493 3623 1649 3691 quasi
1681 3625 1974 3691 quamdam

370 3691 514 3744 viam
547 3691 747 3746 faciant
774 3707 873 3760 per
903 3708 1060 3761 quam
1085 3693 1251 3747 corda
1272 3692 1607 3746 audientium
1630 3693 1700 3746 ad
1732 3708 1973 3748 amorem

373 3761 679 3834 Conditoris
707 3762 1073 3834 introducunt.
1116 3763 1352 3818 Difﬁcile
1381 3764 1583 3834 quippe
1602 3771 1691 3834 est
1717 3771 1772 3816 ut
1794 3779 1976 3833 quan-

377 3831 626 3905 tumlibet
646 3840 790 3886 recta
819 3833 1145 3905 denuntians
1167 3831 1613 3905 prmdicaftorfqui
1645 3848 1752 3887 non
1783 3831 1973 3905 diligi-

375 3911 465 3957 tur
491 3901 722 3974 libenter
752 3904 1023 3959 audiatur.
1057 3901 1232 3958 Debet
1261 3919 1396 3969 ergo
1427 3904 1516 3974 qui
1544 3901 1973 3973 pmeststudére

377 3988 436 4027 se
491 3972 666 4043 diligi,
725 3982 989 4043 quatenus
1015 3975 1186 4044 possit
1214 3975 1394 4028 audiri
1428 3972 1523 4041 ;'et
1556 3972 1734 4028 tamen
1786 3990 1972 4029 eorum

379 4058 618 4096 amorem
674 4059 776 4112 pro
804 4046 1093 4113 semetipso
1122 4061 1228 4100 non
1260 4060 1521 4113 quaerere,
1554 4060 1622 4099 ne
1669 4045 1975 4099 inveniatur

381 4062 618 4096 amorem
674 4062 776 4112 pro
804 4062 987 4099 semen
1033 4062 1093 4098 so
1122 4062 1228 4100 non
1260 4062 1521 4113 quaerere,
1554 4062 1622 4099 ne
1669 4062 1971 4099 inveniatur

381 4114 430 4196 ei
461 4113 547 4193 cui
570 4114 908 4196 servireper
936 4062 1173 4196 ofﬁcium
1204 4116 1455 4196 cernitur.
1492 4116 1704 4196 occulta
1725 4186 1737 4196 _
1757 4118 1971 4196 cogita-

381 4185 547 4237 tionis
595 4185 874 4254 tyrannide
917 4186 1202 4240 resultare.
1256 4185 1412 4254 Quod
1443 4185 1580 4241 bene
1613 4186 1806 4240 Paulus
1835 4185 1974 4240 insi-

379 4261 531 4322 nuat,
557 4270 680 4309 cum
703 4255 783 4308 sui
805 4255 964 4310 nobis
981 4257 1146 4309 studii
1163 4257 1370 4311 occulta
1391 4257 1719 4322 manifestat,
1745 4257 1932 4312 dicens
1958 4275 1972 4312 :

379 4325 537 4397 Qicut
561 4329 614 4380 et
631 4341 728 4394 ego
760 4342 859 4394 per
874 4328 1067 4381 omnia
1079 4327 1339 4382 omnibus
1361 4330 1554 4397 placeo
1571 4327 1617 4393 (1
1637 4329 1758 4384 Cor.
1782 4343 1838 4389 χ,
1861 4329 1970 4382 33).

381 4393 488 4462 Qui
527 4393 708 4470 tamen
751 4393 928 4470 rursus
963 4397 1092 4452 dicit
1121 4398 1214 4452 :Si
1233 4393 1420 4453 adhuc
1460 4400 1777 4454 hominibus
1791 4401 1975 4470 place-

381 4480 524 4531 rem,
551 4466 978 4540 Christiservus
1016 4485 1131 4523 non
1147 4484 1342 4524 essem.
1370 4470 1563 4540 Placet
1581 4485 1716 4540 ergo
1751 4466 1966 4535 Paulus,

383 4542 437 4589 et
459 4550 570 4590 non
627 4537 804 4606 placet
837 4551 850 4603 ;
883 4540 1140 4606 quoniam
1171 4540 1222 4592 in
1249 4555 1314 4594 eo
1342 4539 1488 4608 quod
1519 4537 1727 4608 placere
1753 4541 1975 4609 appetit,

383 4620 495 4684 n‘on
525 4623 583 4662 se
607 4609 704 4661 sed
727 4622 822 4677 per
840 4623 897 4661 se
928 4610 1234 4664 hominibus
1260 4611 1475 4678 placere
1507 4613 1790 4665 veritatem
1824 4627 1979 4680 qua:-

385 4684 477 4729 Γιῐ.

487 4765 612 4814 Cn.
663 4763 724 4816 ΙΙ.
749 4794 811 4804 -
845 4769 1037 4819 Notum
1063 4769 1204 4819 vobis
1238 4771 1374 4832 facio
1401 4769 1753 4836 Evangelium,
1781 4775 1880 4821 etc.

989 4835 1182 4898 (Galat.
1211 4850 1244 4895 ι,
1277 4837 1376 4898 il).

1055 4837 1182 4886 alat.
1211 4850 1244 4895 ι,
1277 4837 1376 4898 ii).

459 4907 602 4984 (Lib.
634 4923 672 4966 l.
705 4909 761 4984 _in_
789 4910 1007 4980 Ezech.,
1033 4913 1292 4984 homil.i,
1313 4930 1366 4967 n.
1393 4913 1815 4984 9.)7Aliquando
1847 4928 1980 4983 pro-

385 4979 586 5062 phetia:
637 4981 851 5062 spiritus
907 4979 997 5037 ex'
1035 4983 1307 5062 praeterito
1341 4979 1513 5053 tangit
1565 4979 1984 5062 animuminec

388 5048 564 5116 tangit
591 5048 681 5124 ex
741 5049 938 5121 futuro,
998 5048 1135 5108 sicut
1169 5063 1353 5124 aperte
1407 5048 1707 5108 ostenditur
1734 5055 1786 5107 in
1814 5048 1984 5109 Paulo

388 5119 662 5194 apostolo,
724 5124 810 5189 qui
863 5119 1147 5194 diecipulis
1194 5119 1367 5179 dicit:
1402 5126 1608 5179 Notum
1644 5125 1789 5180 vobis
1833 5126 1983 5194 facio

388 5190 752 5266 Evangelium
788 5195 929 5266 quod
958 5190 1408 5266 euangelizatum
1425 5200 1510 5250 est
1529 5212 1564 5250 a
1593 5190 1981 5266 me:quiamm

387 5265 475 5316 est
491 5263 806 5336 secundum
844 5263 1124 5320 hominem
1144 5288 1159 5319 .-
1178 5282 1356 5336 neque
1371 5269 1524 5320 enim
1538 5282 1630 5336 ego
1661 5263 1745 5322 ab’
1758 5266 1984 5322 homine

387 5332 582 5414 accepi
594 5332 951 5414 iuncturaque
974 5336 1177 5414 didici,
1191 5332 1285 5414 sed
1300 5352 1405 5414 per:
1433 5332 1837 5414 reuelationem
1855 5338 1988 5414 Jesu

647 5402 867 5477 (Ephes.
912 5422 989 5472 ιιι,
1014 5407 1095 5475 5).
1135 5402 1437 5462 υηάθ’διὶἱδ
1466 5422 1678 5477 quoque
1709 5407 1985 5476 discipulis

389 5471 520 5526 dicit
548 5471 1336 5547 :Secu'ndumArevelationem
1367 5471 1567 5532 notum
1592 5471 1814 5547 factum
1843 5471 1986 5533 inihi

387 5549 838 5619 sacramentum.
880 5543 998 5619 Qui
1055 5555 1234 5602 tamen
1265 5548 1369 5601 hoc
1408 5543 1599 5616 ipsum
1629 5548 1985 5619 Evangelium

390 5612 541 5681 quod
593 5612 1131 5691 perurevelationem
1153 5612 1514 5691 cognoverat,
1547 5634 1668 5672 cum
1714 5612 1988 5691 JeFosoly-

389 5697 537 5761 mam
562 5684 946 5761 praedicaturus
969 5684 1304 5761 ascenderet,
1336 5689 1408 5742 ait
1439 5703 1452 5743 :
1491 5691 1626 5745 Ecce
1655 5705 1754 5759 ego
1785 5684 1986 5761 alliga-

393 5758 490 5808 tus
507 5755 882 5823 spiritu.vado
895 5761 955 5812 in
967 5760 1274 5815 Jerusalem
1292 5783 1312 5816 :
1326 5776 1447 5823 qua:
1463 5761 1524 5814 in
1537 5775 1602 5815 ea
1616 5755 1854 5817 ventura
1867 5755 1986 5815 sint

393 5778 415 5808 ι
426 5778 490 5807 ωε
507 5778 614 5823 sp"
628 5778 882 5815 uu,uaa0
895 5778 955 5812 ιη
967 5778 1274 5815 Jerusalem
1292 5783 1312 5816 :
1361 5778 1447 5815 me
1463 5778 1524 5814 tn
1537 5778 1602 5815 ea
1616 5778 1854 5817 ventura
1867 5778 1986 5815 um

387 5824 540 5883 mihi
557 5825 830 5897 ignorans
866 5829 1024 5900 (Act.
1070 5847 1164 5898 xx,
1189 5835 1301 5903 22).
1326 5778 1453 5890 (ίίοο
1477 5831 1682 5903 quippe
1700 5829 1990 5904 Evangelii

2080 3249 2178 3307 est,
2209 3249 2372 3313 atque
2399 3242 2670 3314 perfectus
2701 3243 2864 3314 homo
2889 3242 3060 3298 factus
3089 3252 3168 3300 est
3197 3263 3212 3310 ;
3247 3245 3334 3314 qui
3365 3244 3675 3311 cruciﬁxus,

2081 3320 2349 3392 mortuus.
2368 3321 2422 3366 et
2449 3313 2710 3392 sepultus,
2746 3313 3044 3392 die__te_rtia
3072 3313 3384 3392 resurrexit,
3417 3316 3505 3392 die
3534 3331 3678 3392 quo-

2081 3399 2184 3453 que
2211 3383 2624 3455 quadragesima
2653 3384 2903 3455 ascendit
2932 3384 2986 3438 in
3011 3385 3235 3452 coelum,
3267 3392 3429 3455 atque
3451 3386 3502 3440 in
3536 3383 3680 3441 dex-

2083 3451 2199 3526 tera
2227 3451 2397 3508 Patris
2422 3451 2599 3526 sedet.
2657 3451 2761 3526 Qui
2787 3469 2920 3526 ergo
2950 3469 3046 3526 per
3074 3451 3458 3511 revelationem
3489 3456 3668 3510 Evano

2082 3524 2551 3596 geliumagnovit,
2582 3524 2882 3596 prophetiae
2911 3525 3104 3594 spiritu
3139 3526 3206 3581 de
3227 3526 3680 3596 praeteritotactus

2083 3601 2193 3653 est;
2218 3594 2313 3667 sed
2355 3595 2480 3667 quia
2534 3595 2684 3667 quid‘
2720 3611 2821 3663 pro
2868 3595 3062 3650 eodem
3087 3594 3398 3667 ,Evangelio
3420 3612 3680 3666 passurus

2085 3671 2202 3734 erat
2230 3664 2525 3734 ignoravit,
2552 3663 2628 3718 de
2661 3663 2837 3719 futuro
2860 3667 3044 3732 procul
3066 3666 3230 3722 dubio
3253 3663 3555 3722 factus'non
3575 3675 3676 3721 est.

2082 3733 2218 3809 Nam
2257 3733 2338 3809 sic
2375 3733 2536 3788 dicit:
2560 3735 3103 3809 NisiquodSpiritus
3119 3742 3358 3809 sanctus
3369 3753 3469 3809 per
3484 3754 3678 3793 omnes

2081 3804 2341 3874 civitates
2356 3807 2726 3874 protestetur,
2735 3804 2926 3859 dicens
2941 3827 2957 3858 :
2979 3805 3254 3872 Quoniam
3267 3804 3494 3863 vincula
3512 3815 3568 3864 et
3583 3809 3680 3862 tri-

2081 3871 2400 3947 {2_ulationés
2442 3871 2802 3947 Jerosolymis
2843 3871 3212 3947 memanent
3298 3877 3484 3944 (Vers.
3565 3879 3674 3947 23).

2081 3943 2218 3999 Hinc
2275 3943 2821 4018 aperte‘ostenditur,
2865 3944 2993 4018 quia
3039 3960 3106 4000 ea
3157 3963 3279 4016 quia
3308 3943 3423 4018 ipsi
3455 3943 3680 4004 ventura

2082 4023 2261 4094 essent
2290 4013 2425 4094 aliis
2459 4015 2527 4094 de
2582 4013 2702 4094 ipso
2731 4013 3190 4094 revelatumest,‘
3210 4033 3318 4094 non
3345 4013 3543 4094 autem
3575 4019 3678 4088 ipsi

2080 4085 2146 4138 de
2168 4101 2244 4150 se,
2276 4085 2433 4157 (sicut
2479 4085 2545 4138 de
2605 4085 2698 4138 illo
2750 4101 2848 4156 per
2903 4086 3164 4157 Agabum
3193 4087 3432 4143 dicitur:
3481 4085 3677 4143 Virum

2251 4156 2381 4280 11:6
2394 4171 2534 4294 mea
2555 4163 2660 4222 est,
2685 4157 2768 4210 ita
2797 4156 3032 4228 alligari
3045 4161 3265 4229 Oportet
3291 4158 3354 4213 in
3366 4157 3678 4215 Jerusalem

2153 4241 2227 4280 ct.
2251 4243 2362 4291 χχι,
2397 4241 2506 4291 11).

2227 4342 2346 4390 CAP.
2377 4336 2460 4389 Ill.
2483 4365 2543 4372 —
2569 4341 2613 4390 0
2641 4339 2881 4392 insensati
2910 4339 3106 4393 Galatae
3136 4342 3320 4405 (Galat.
3348 4357 3421 4398 tu,
3454 4345 3529 4398 1).

2154 4421 2290 4496 (Lib.
2326 4422 2439 4496 i,_in
2462 4423 2866 4496 Ezech.,hom.
2905 4425 2992 4496 μ,
3018 4441 3072 4496 n.
3092 4425 3205 4495 20.)
3232 4427 3440 4481 Mentes
3465 4442 3677 4496 asperae

2093 4500 2147 4567 et
2204 4493 2564 4567 impudentes,
2617 4493 2661 4567 si
2687 4493 2877 4567 leniter
2900 4493 3094 4549 fuerint
3123 4493 3433 4567 increpatis,
3465 4493 3539 4552 ad
3556 4513 3678 4552 ma-

2087 4563 2254 4633 jores
2293 4564 2476 4632 culpas
2505 4563 2618 4631 ipsa
2652 4564 2870 4618 lenitate
2900 4563 3288 4633 provocamur:
3323 4569 3474 4623 Unde
3489 4567 3682 4622 Paulus

2089 4632 2699 4707 przedieator‘egregius
2728 4632 2951 4690 multum
2981 4652 3176 4706 aspere
3204 4647 3387 4693 contra
3436 4639 3678 4707 Galatas,

2091 4701 2178 4778 qui
2211 4719 2240 4757 a
2271 4701 2376 4778 ﬁde
2405 4701 2786 4778 discesserant,
2845 4701 3092 4778 erigitur.
3129 4709 3290 4763 Nulla
3311 4709 3454 4762 enim
3485 4701 3678 4764 mode;

2091 4773 2205 4828 stiae
2259 4773 2516 4842 patientia
2573 4777 2873 4844 praemissa,
2917 4773 3065 4831 riulla
3087 4778 3365 4833 locutionis
3393 4778 3680 4834 dulcedine

2090 4851 2443 4924 praerogata,_
2467 4860 2567 4900 eos
2598 4861 2732 4916 quos
2761 4847 2933 4924 a__flde
2970 4848 3290 4924 discessisse
3310 4849 3586 4924 cognovit,
3610 4850 3680 4902 ab

2091 4915 2212 4983 ipso
2243 4915 2498 4987 Epistolas
2512 4932 2624 4970 suae
2639 4915 3475 4987 exordioinvehendoredarguit
3505 4938 3518 4981 ;
3553 4934 3680 4972 nam

2092 4985 2376 5056 praemissa
2412 4987 2734 5057 salutatione
2755 4987 2834 5040 sic
2854 4989 3020 5054 cmpit
3054 5004 3066 5039 :
3101 4985 3426 5057 Μὶν-θνᾳυόιί
3443 4991 3524 5043 sic
3555 4994 3677 5044 tam

2090 5055 2202 5128 cito
2227 5055 2653 5128 trans/“crimini
2672 5059 2738 5111 ab
2753 5073 2841 5128 eo,
2856 5059 2964 5128 (qui
2992 5073 3083 5112 vos
3101 5055 3314 5128 vocavit
3335 5059 3397 5111 in
3425 5060 3681 5128 gratiam

2097 5125 2555 5194 Christi(GalaI.
2576 5143 2613 5192 ιι
2648 5129 2719 5192 6).
2745 5125 2954 5193 Quibus
2983 5127 3148 5180 etiam
3180 5127 3235 5180 in
3279 5125 3467 5196 aperta
3497 5129 3680 5184 incre-

2089 5197 2312 5266 patione
2340 5204 2464 5265 post
2493 5197 2995 5268 caeterasubjunget
3025 5213 3038 5250 :
3074 5195 3118 5268 ο
3139 5195 3420 5252 insensati
3437 5197 3678 5268 Galate,

2091 5268 2216 5338 quis
2240 5283 2332 5322 vos
2347 5266 2700 5338 [ascinaviﬁ
2717 5266 2926 5320 Mentes
2955 5267 3156 5322 etenim
3189 5269 3340 5322 durae
3361 5269 3459 5322 nisi
3491 5266 3681 5338 aperta

2093 5337 2274 5392 essent
2326 5337 2690 5410 increpatione
2720 5351 3012 5410 percussae,
3045 5338 3359 5410 nullomodo
3394 5337 3684 5410 cognOsce-

2094 5418 2216 5480 rent
2246 5409 2446 5462 malum
2478 5406 2625 5478 quod
2657 5407 2917 5476 egissent.
2956 5408 3094 5462 Nam
3125 5424 3272 5478 sape
3296 5409 3346 5462 hi
3378 5406 3684 5480 qui'impu-

2095 5479 2287 5553 dentes
2337 5485 2458 5532 sunt
2491 5484 2694 5553 tantum
2719 5492 3066 5553 se_pecc_asse
3093 5493 3212 5553 non
3227 5479 3479 5547 sentiunt,
3510 5479 3682 5553 quan-

2097 5557 2206 5620 tum
2257 5549 2324 5601 de
2352 5547 2588 5620 peccatis
2631 5563 2752 5616 qua:
2783 5547 3028 5620 fecerint,
3062 5563 3170 5604 non
3201 5547 3547 5620 increpantur
3579 5570 3591 5615 ;
3624 5560 3684 5607 ut

2095 5619 2330 5690 minores
2383 5617 2568 5687 culpas
2616 5633 2742 5690 suas
2767 5618 3040 5675 mstiment
3074 5635 3216 5690 quas
3243 5617 3423 5677 minor
3449 5622 3680 5678 invectio

2095 5688 2349 5763 castigat,
2385 5696 2444 5763 et_
2466 5702 2602 5763 quas
2625 5689 2973 5763 vehementer
2991 5688 3274 5763 objurgari
3307 5692 3538 5747 viderint
3559 5707 3682 5748 ma-

2087 5759 2242 5831 jores
2272 5775 2392 5813 esse
2415 5759 2845 5845 deprehendant.
2884 5761 3036 5845 Unde
3065 5759 3285 5845 necesse
3315 5771 3398 5845 est
3416 5769 3476 5818 ut
3500 5778 3681 5845 sermo

2091 5830 2311 5900 semper
2333 5830 2685 5901 pradicantis
2701 5846 2827 5888 cum
2854 5833 3163 5914 auditorum
3194 5832 3399 5894 debeat
3422 5833 3683 5910 qualitate
