4110 6176
502 253 632 334 133i

1385 244 1739 324 Aerzmntx
1780 247 1874 322 An
1913 269 1969 324 s.
2013 243 2355 324 causanti
2394 242 2617 323 mem
2659 253 2908 326 oranti.

3673 250 3819 334 1352

516 403 608 455 ubi
639 403 816 471 ipsum
842 413 1030 471 omnes
1057 395 1219 471 simul
1247 395 1452 471 fontem
1498 393 1747 471 scientiae
1795 393 1970 471 Deum
1991 393 2113 471 __vi-
2143 396 2201 455 Α
2224 393 2315 448 ubi
2347 393 2629 471 ardentem
2645 395 2758 466 jam
2790 403 3026 471 mentem
3060 395 3400 471 ﬁxerat,_non
3418 396 3533 455 illic
3555 399 3819 456 ubiilltun

514 475 647 527 dent
662 465 694 524 "I
725 471 926 526 Τήιοηί
949 469 1037 522 illa
1057 467 1274 539 agmina
1294 466 1489 536 quibus
1503 465 1579 539 ad
1596 465 1897 520 exercenda
1911 465 2117 539 judicia

514 543 775 598 Conditor
807 540 1060 612 praesidet
1088 536 1383 612 vocantur;
1425 537 1519 591 sed
1570 537 1768 612 bealus
1794 552 1945 612 esse
1981 536 2113 612 quis

513 623 712 684 potest,
737 606 840 666 nisi
872 613 1095 684 Creator
1117 625 1246 684 suus
1275 608 1394 684 ejus
1427 608 1588 684 menti
1615 607 1949 684 praesideat?
1972 606 2111 684 Qua:

511 678 641 756 erga
671 678 740 756 ex
769 692 926 756 parte
949 681 1018 736 ab
1049 679 1322 743 omnibus,
1341 679 1418 756 eis
1437 679 1490 756 in
1510 680 1719 748 privato
1749 678 2109 756 nominedata

510 749 634 810 sunt
657 755 744 824 qui
769 749 886 807 hinc
915 754 969 824 in
1029 766 1248 824 munere
1305 750 1517 824 plenius
1556 759 1926 824 acceperunt.
1969 749 2107 802 Nam

512 829 608 880 etsi
643 820 748 896 qua
780 825 893 878 illic
919 822 995 896 sic
1024 821 1116 896 alii
1147 823 1374 896 habent,
1396 829 1452 896 ut
1482 820 1666 896 haberi
1713 820 1782 896 ab
1838 820 1970 896 aliis.
2007 836 2108 873 ne-

513 890 782 967 quaquam
817 895 1046 964 possint,
1078 893 1211 946 sicut
1236 891 1452 962 speciali
1476 890 1694 967 nomine
1711 890 2108 967 dominationes

515 961 562 1021 (ἶι
600 961 933 1036 principatus
962 973 1242 1036 vocantur,
1268 961 1468 1036 Cuncta
1498 961 2105 1036 ibisuntusingulorum,

517 1031 642 1108 quia
673 1031 1108 1108 per'charitatem
1136 1031 1447 1108 spiritusab
1464 1031 1571 1085 alio
1588 1031 1641 1084 in
1662 1031 1787 1108 aliis
1798 1031 2097 1108 habentur.

514 1101 620 1163 Sed
650 1101 908 1176 quoniam
941 1104 1033 1158 illa
1061 1118 1296 1173 superna
1325 1103 1516 1157 civitas
1535 1118 1597 1176 es
1629 1101 1842 1172 angelis
1859 1101 2104 1155 ethomi-

500 1173 924 1242 nibus—constat,
948 1176 1014 1229 ad
1034 1191 1193 1244 quam
1227 1181 1426 1228 tantam
1455 1173 1725 1244 credimus
1755 1187 2102 1244 ascensuram

505 1249 907 1304 multitudinem
933 1243 1231 1311 hominum,
1256 1249 1456 1314 quanta
1487 1243 1782 1314 electorum
1817 1243 2105 1314 multitudo

503 1321 766 1376 remansit
794 1318 1110 1388 angelorum
1147 1334 1158 1368 :
1188 1313 1434 1388 superest
1462 1321 1519 1388 ut
1549 1313 1652 1381 ipsi
1680 1328 1895 1388 quoque
1916 1313 2102 1388 homt-

499 1407 596 1445 nes
625 1389 817 1462 quiuad
839 1384 1112 1462 omlestem
1146 1387 1372 1455 patriam
1399 1384 1645 1462 redeunt,
1678 1401 1749 1438 ex
1785 1385 1864 1462 eis
1919 1385 2101 1456 agmi-

505 1455 667 1516 nibus
695 1460 897 1528 aliquid
927 1459 1053 1511 illuc
1081 1463 1415 1528 revertentes
1428 1455 1720 1528 imitentur,
1745 1464 1802 1528 u_t
1828 1455 1883 1508 in
1914 1455 2102 1510 eorum

501 1540 706 1586 sortem
741 1525 836 1600 per
865 1527 1294 1600 conversationis
1328 1525 2098 1600 similitudinemdeputentur.

499 1603 635 1656 Nam
667 1597 790 1654 sunt
822 1599 1060 1668 plerique
1092 1598 1181 1666 qui
1213 1612 1381 1667 parva
1405 1597 1642 1668 capiunt,
1667 1597 1762 1650 sed
1787 1604 1962 1668 tamen
1982 1598 2102 1651 haec

498 1673 688 1727 eadem
721 1667 888 1740 parva
916 1671 1006 1739 pie
1035 1668 1286 1722 fratribus
1313 1667 1629 1721 annuntiare
1671 1683 1778 1722 non
1810 1667 2097 1740 desistunt.

2223 465 2529 520 necessario
2560 465 2716 536 pigra
2743 467 2918 522 adhuc
2949 483 3079 522 caro
3107 469 3389 524 retinebat.
3420 471 3669 528 Fortasse
3692 481 3820 528 tunc

2221 552 2346 612 eum
2369 537 2607 612 ett-terius
2636 545 2827 612 catena
2857 537 3140 612 religabat,
3172 548 3350 612 mente
3394 549 3574 597 tamen
3612 544 3825 612 positus

2219 607 2272 680 in
2302 607 2631 680 sublimibus
2661 609 2852 677 iuerat,
2885 607 3011 678 quia
3029 627 3125 680 per
3151 611 3268 680 spei
3290 627 3406 666 suae
3434 607 3820 669 certittidinem

2212 677 2330 754 jam
2361 679 2414 732 in
2443 679 2758 754 caelestibus
2785 677 3042 754 sedebat;
3073 677 3255 754 sancti
3287 682 3471 754 itaque
3529 684 3631 737 viri
3686 686 3822 739 foris

2217 748 2454 823 despecti
2486 757 2631 816 sunt,
2661 758 2714 804 et
2737 750 3128 823 velutindigni
3173 753 3357 806 omnia
3379 748 3663 821 'tolerant,
3717 756 3820 809 sed

2217 819 2414 891 dignos
2443 835 2504 874 se
2533 820 2781 889 supernis
2819 819 3064 876 sedibus'
3093 823 3447 891 conﬁdentes,
3497 819 3823 879 aeternitatis

2215 890 2450 970 gloriam
2481 891 2945 970 cumrcertitudine
2975 900 3310 970 exspectant.
3367 893 3505 970 _C_um
3566 893 3824 970 laborant

2214 961 2349 1015 foris
2377 961 2704 1016 adversitate
2733 961 3140 1030 persecutionis,
3161 963 3420 1017 admoniti
3437 977 3724 1020 recurrunt
3748 967 3820 1019 ad

2214 1047 2389 1111 arcem
2422 1032 2643 1111 mentis;
2677 1041 2726 1111 et
2755 1033 2882 1087 inde
2911 1041 3111 1111 cuncta
3130 1034 3232 1088 sub
3261 1049 3324 1111 se
3365 1034 3442 1089 ire
3485 1035 3819 1111 despiciunt,

2215 1103 2352 1156 inter
2375 1118 2498 1172 quae
2558 1103 2788 1175 transire
2852 1104 3200 1172 corporaliter
3256 1104 3416 1158 etiam
3486 1103 3820 1175 semetipsos

2213 1182 2475 1246 cernunt;
2506 1174 2678 1227 minas
2705 1189 2810 1228 non
2843 1175 3398 1246 metuunt,7quoniam
3439 1184 3494 1229 et
3537 1174 3812 1231 tormenta

2211 1244 2466 1314 patiendo
2496 1252 2868 1298 contemnunt.
2900 1246 3032 1298 Hinc
3045 1244 3189 1298 enim
3218 1261 3314 1315 per
3343 1246 3703 1302 Salomonem
3731 1249 3819 1302 di-

2211 1315 2346 1388 citur
2369 1331 2381 1368 :
2405 1317 2600 1370 Justus
2613 1317 2769 1387 quasi
2788 1316 2874 1388 (eo
2896 1316 3206 1388 conﬁdens,
3229 1317 3435 1388 absque
3458 1320 3679 1374 terrore
3699 1320 3818 1373 erit

2211 1387 2396 1457 (Prov.
2439 1385 2638 1457 xxvnt,
2679 1385 2924 1454 t).,Hinc
2964 1385 3033 1440 ab
3071 1401 3136 1457 eo
3159 1385 3354 1440 iterum
3385 1388 3647 1457 scriptum
3678 1396 3767 1443 est
3802 1403 3815 1442 :

2210 1456 2328 1512 Non
2341 1456 2673 1527 contristabi
2682 1460 2702 1510 t
2711 1459 2952 1524 justum,
2975 1455 3242 1527 quidquid
3254 1457 3306 1512 ei
3321 1455 3595 1513 acciderit
3617 1461 3816 1525 (Prov.

2209 1543 2305 1596 xu,
2338 1528 2450 1598 21).
2481 1525 2619 1594 Quia
2649 1527 2792 1580 enim
2821 1527 2950 1582 recti
2978 1525 3177 1596 quique
3198 1528 3249 1580 in
3272 1527 3380 1582 alto
3397 1543 3512 1583 suae
3542 1529 3814 1584 intentio-

2206 1598 2290 1651 nis
2316 1598 2513 1653 vertice
2542 1598 2625 1651 siti
2655 1605 2798 1660 sunt,
2831 1598 2956 1652 dum
2989 1606 3215 1652 mortem
3239 1599 3525 1653 moriendo
3547 1615 3659 1654 non
3688 1615 3821 1654 sen-

2209 1669 2375 1733 tiunt;
2409 1667 2546 1723 miro
2575 1669 2739 1723 modo
2769 1683 2862 1723 eos
2891 1669 3246 1738 reproborum
3291 1669 3476 1737 jacula
3506 1679 3563 1724 et
3593 1669 3816 1738 feriunt,

500 1745 594 1797 Isti
625 1738 805 1812 itaque
836 1741 888 1794 itt
913 1738 1552 1812 angelorumnumerum
1585 1745 1848 1812 currunt.
1873 1739 1943 1792 Et
1975 1746 2097 1793 sunt
2123 1747 2178 1807 Β
2208 1746 2261 1812 et
2291 1754 2398 1812 non
2417 1738 2769 1812 contingunt;
2797 1739 3055 1812 quoniam
3087 1739 3230 1812 unde
3259 1755 3324 1794 se
3347 1740 3398 1812 in
3421 1740 3682 1812 omnibus
3699 1741 3820 1795 des-

500 1809 747 1868 nonnulli
775 1813 866 1880 qui
893 1809 1091 1864 divinae
1123 1809 1388 1880 largitatis
1419 1825 1640 1862 munere
1671 1809 1875 1871 referti,
1907 1824 2094 1863 secre-

502 1893 676 1938 torum
709 1880 1006 1938 cmiestium
1040 1894 1258 1934 summa
1287 1887 1340 1932 et
1357 1893 1553 1948 capere
1575 1880 1875 1948 prmvalent
1906 1888 1957 1933 et
1974 1895 2098 1934 nun-

501 1957 661 2009 tiare.
685 1954 786 2009 Ubi
808 1968 940 2024 ergo
963 1951 1043 2005 isti
1066 1951 1168 2004 nisi
1185 1950 1795 2024 inter_a_rcha_ngelorum
1815 1967 2097 2024 numerum

499 2025 827 2092 deputantur
845 2019 895 2078 Τ
908 2023 969 2075 Et
995 2031 1111 2074 sunt
1137 2019 1386 2092 nonnulli
1417 2020 1511 2092 qui
1531 2019 1667 2092 mira
1700 2021 1918 2092 faciunt,
1942 2021 2099 2092 signa

500 2091 744 2151 valenter
773 2100 1087 2163 operantur.
1120 2091 1240 2159 Quo
1271 2106 1401 2162 ergo
1432 2091 1540 2153 isti,
1574 2091 1673 2143 nisi
1704 2091 1772 2145 ad
1828 2091 2096 2160 superna-

497 2183 613 2220 rum
651 2167 909 2218 virtutum
942 2168 1060 2217 sort
1089 2164 1256 2217 molet
1279 2171 1335 2234 et
1367 2177 1650 2234 numerum
1699 2163 2006 2234 congruut?
2032 2163 2098 2216 Et

496 2247 621 2292 sunt
653 2236 897 2290 nonnulli
928 2234 1019 2304 qui
1049 2234 1210 2288 etiam
1244 2233 1312 2287 ab
1342 2232 1580 2287 obsessis
1623 2232 1942 2304 corporibus
1970 2249 2093 2304 mag-

497 2308 678 2378 lignos
704 2307 924 2376 spiritus
950 2303 1166 2378 fugant,
1204 2318 1410 2378 eosque
1442 2304 1632 2378 virtute
1671 2303 1926 2378 orationis
1953 2307 2011 2378 et
2043 2303 2094 2358 vi

497 2373 747 2458 acceptis
769 2373 1326 2458 potestattsejiciunt.
1361 2373 1480 2458 Quo
1510 2375 1696 2458 itaque
1725 2374 1814 2428 isti
1845 2375 2094 2428 meritum

496 2445 652 2503 suum
685 2445 786 2501 nisi
819 2448 958 2500 inter
986 2454 1309 2514 potestatum
1342 2445 1640 2498 cmlestium
1671 2459 1952 2498 numerum
1983 2461 2094 2499 sor-

498 2521 748 2573 tiuntur?
807 2517 875 2570 Et
933 2525 1056 2569 sunt
1101 2515 1340 2570 nonnulli
1391 2514 1480 2583 qui
1525 2514 1767 2583 acceptis
1810 2515 2093 2571 virtutibus

497 2592 663 2643 etiam
718 2588 1013 2642 electorum
1067 2586 1346 2641 hominum
1425 2585 1618 2638 merita
1681 2586 2089 2641 transcendunt.

499 2660 744 2728 Cumque
775 2665 828 2712 et
859 2657 1017 2711 bonis
1049 2657 1302 2728 meliores
1327 2664 1471 2728 sunt,
1502 2655 1686 2728 electis
1729 2672 1944 2726 quoque
1976 2657 2092 2728 fra-

497 2726 672 2784 tribus
704 2728 1104 2799 principantur.
1144 2727 1246 2782 Ubi
1277 2741 1415 2796 ergo
1445 2726 1529 2778 isti
1559 2734 1760 2780 sortem
1791 2743 1943 2799 suam
1987 2727 2091 2782 nisi

493 2801 633 2855 inter
687 2798 1083 2870 principatuum
1145 2811 1399 2870 numeros
1452 2798 1817 2870 acceperunt?
1865 2798 2093 2870 Etsunt

493 2867 734 2926 nonnulli
766 2867 964 2940 qui—sic
994 2868 1047 2922 in
1071 2867 1380 2937 semetipsis
1401 2867 1604 2940 cunctis
1621 2867 1764 2920 vitiis
1805 2868 2087 2940 omnibus-

492 2958 596 3012 que
625 2936 910 2996 desideriis
935 2936 1298 3012 dominantur,
1334 2945 1390 3012 ut
1418 2936 1520 3007 ipsi
1549 2940 1668 3012 iure
1699 2939 1972 3012 munditia;
2015 2939 2086 2993 dii

491 3007 631 3067 inter
658 3012 901 3067 homines
929 3018 1211 3065 vocentur.
1246 3007 1398 3064 Unde
1428 3018 1481 3063 et
1509 3009 1575 3062 ad
1606 3009 1828 3079 Moysen
1856 3008 2085 3064 dicitur:

494 3086 631 3140 Ecce
666 3084 942 3138 constitui
973 3086 1028 3136 te
1058 3081 1241 3136 Deum
1271 3079 1582 3150 Pharaonis
1599 3080 1796 3148 (Exod.
1856 3095 1952 3146 vn,
2005 3081 2080 3150 1).
2120 3086 2167 3148 ο

492 3154 614 3222 Quo
645 3170 792 3226 ergo,
817 3153 902 3226 isti
933 3151 1037 3226 nisi
1068 3153 1208 3206 inter
1232 3165 1484 3226 numeros
1507 3149 1938 3226 dominationum
1964 3149 2084 3206 cur-

489 3219 611 3280 runt
633 3226 660 3278 ‘?
693 3219 802 3280 Sed
833 3224 970 3290 haec,
1007 3222 1198 3277 fratres
1218 3219 1542 3292 cltarissimi,
1561 3236 1647 3274 me
1678 3221 1956 3292 loquente,
1987 3238 2086 3279 vos

492 3297 758 3351 introrsus
788 3296 854 3348 ad
888 3294 1248 3362 vosmetipsos
1295 3290 1555 3362 reducite,
1607 3290 1946 3362 secretorum
1983 3308 2083 3347 ve-

493 3378 729 3422 strorum
762 3364 952 3417 merita
980 3361 1446 3432 cogitationesque
1477 3361 1979 3432 discutite._Videte
2035 3364 2083 3417 si

490 3438 616 3506 quid
643 3436 757 3502 jam
790 3433 915 3487 boni
944 3430 1219 3506 vobiscum
1251 3432 1395 3485 intus
1424 3430 1626 3506 agitus,
1659 3430 1865 3506 _videte
1921 3433 1968 3485 si
2023 3432 2083 3506 in

487 3500 715 3560 nume-ro
762 3506 954 3557 horum
1012 3503 1289 3571 agminum
1343 3516 1463 3570 qua:
1520 3500 1756 3573 breviter
1797 3505 2083 3573 tangendo

528 3573 922 3639 erstrinximus,
956 3570 1165 3626 sortem
1193 3577 1392 3625 vestrae
1435 3570 1738 3625 vocationis
1793 3570 2071 3628 invenitis.

544 3664 590 3701 te
621 3653 797 3700 autem
828 3645 1026 3713 animae
1055 3657 1176 3713 qua:
1204 3641 1258 3713 in
1282 3657 1349 3713 se
1379 3640 1448 3695 de
1477 3641 1564 3693 his
1597 3639 1898 3713 bonisque;
1937 3659 2082 3698 enu-

487 3716 816 3772 meravimus
841 3710 1299 3782 minime’aliquid
1326 3712 1693 3780 recognoscit.
1716 3710 1885 3782 Eique
1906 3715 2084 3770 adhuc

486 3803 575 3844 vm
603 3785 839 3842 deterius
867 3784 1128 3845 imminet,
1155 3781 1200 3836 si
1230 3791 1283 3836 et
1312 3781 1582 3852 privatam
1614 3798 1673 3836 se
1701 3781 1862 3838 donis
1920 3784 2080 3840 intel-

485 3860 623 3929 ligit,
656 3866 709 3912 et
737 3854 1295 3929 nequaquamgemit.
1318 3851 1590 3929 Quisquis
1620 3869 1759 3929 ergo
1802 3854 1922 3908 talis
1977 3864 2079 3929 est,

484 3923 678 3984 fratres
713 3923 841 3990 mei,
873 3923 1173 3994 gemendus
1201 3931 1296 3997 est_
1317 3923 1497 3989 valde,
1544 3923 1670 3992 quia
1703 3923 1834 3980 non
1889 3923 2078 3997 gemit.

485 4002 780 4055 Pensemus
812 3992 977 4068 igitur
1003 4003 1221 4068 accepta
1252 3992 1545 4048 electorum
1577 4011 1822 4068 munera,
1853 3992 1918 4050 ei
1934 4067 1938 4068 ί
1960 3996 2080 4068 vir-

484 4080 593 4126 tute
623 4086 726 4141 qua
747 4065 1044 4141 possumus
1073 4067 1144 4120 ad
1172 4080 1411 4141 amorem
1442 4071 1628 4141 tantae
1649 4065 1811 4119 sortis
1859 4067 2082 4141 anhele-

479 4158 622 4197 mus.
643 4134 773 4207 'Qui
794 4139 846 4192 in
867 4154 926 4192 se
952 4138 1216 4191 donorum
1239 4135 1472 4207 gratiam
1505 4134 1722 4189 minime
1743 4137 2083 4207 recognoscit

481 4205 696 4285 gemat,
721 4212 813 4285 qui
849 4223 978 4285 vero
1032 4208 1085 4260 in
1147 4222 1211 4285 se_
1255 4205 1466 4285 minora
1513 4207 1812 4285 cognoscit,
1862 4205 2082 4285 _i_najora

481 4277 604 4338 aliis
631 4277 1025 4342 non'invideat,
1051 4277 1392 4346 quoniamet
1422 4291 1676 4344 supernae
1704 4277 1813 4332 illa:
1843 4278 2079 4333 distinc-

485 4356 665 4408 tiones
702 4351 972 4406 bonorum
999 4345 1283 4420 spirituum
1314 4345 1389 4400 ita
1417 4354 1539 4400 sunt
1564 4347 1817 4414 condite,
1858 4357 1916 4403 ut
1961 4349 2080 4404 aliae

484 4425 605 4479 aliis
633 4422 737 4475 sint
766 4421 1026 4491 praelata}.

601 4530 736 4580 Car.
765 4529 854 4577 Ill.
880 4551 943 4560 --
990 4523 1270 4576 Consedere
1313 4538 1402 4576 vos
1442 4525 1561 4574 fecit
1587 4525 1640 4576 in
1675 4525 1960 4576 ecetestibus

1072 4591 1277 4653 (Ephes.
1323 4604 1377 4649 ll,
1408 4591 1486 4656 6).

560 4698 642 4768 (In
670 4691 1196 4768 exposit.B_.Job,l_ib.
1217 4708 1292 4756 vr,
1317 4691 1542 4768 _num_._2_i
1567 4705 1580 4758 ;
1603 4690 1701 4747 lib.
1716 4707 1796 4768 in.
1813 4696 2083 4764 num.25.)

477 4761 648 4827 Electi
679 4761 828 4834 cu'm,
861 4765 918 4819 in
948 4763 1049 4818 hac
1076 4763 1186 4818 vita
1215 4777 1285 4816 ex
1317 4761 1617 4816 humilitate
1644 4778 1701 4834 se
1717 4761 2077 4832 substernunt,

475 4843 602 4898 alta:
632 4832 836 4894 mentis
882 4834 1100 4906 judicio
1150 4840 1344 4906 cuncta
1397 4832 1716 4906 temporalia
1763 4841 2074 4906 transeunt;

479 4926 714 4982 cumque
743 4924 802 4963 se
825 4903 1419 4982 indignosinomnibus
1434 4904 1720 4982 aestimant,
1751 4913 1910 4960 rectae
1930 4905 2080 4982 cogi-

480 4973 696 5039 tationis
723 4973 991 5041 examine,
1024 4974 1261 5046 gloriam,
1287 4974 1447 5043 hujus
1476 4973 2076 5046 munditranscenden-

476 5063 555 5109 tes
584 5053 812 5108 calcant.
844 5044 1072 5102 Videant
1102 5045 1362 5099 humdem
1396 5045 1618 5098 Paulum
1653 5044 1932 5114 discipulis
1988 5048 2076 5100 di-

475 5133 691 5180 centem
717 5139 730 5175 :
765 5121 884 5176 Non
916 5118 1070 5173 enim
1084 5118 1451 5186 nosmetipsos
1469 5115 1863 5184 praedicamus,
1883 5117 1978 5172 sed
1991 5122 2079 5173 Je-

471 5213 599 5254 sum
621 5192 906 5249 Christum
927 5189 1224 5244 Dominum
1239 5190 1500 5242 nostrum
1523 5199 1540 5254 ς·
1563 5201 1662 5239 nos
1681 5191 1872 5241 autem
1893 5203 2076 5244 servos

473 5249 686 5325 vestros
707 5262 1112 5335 perpltristum
1141 5258 1213 5335 (lt
1231 5257 1352 5313 Cor.
1375 5249 1561 5335 ιν,“5).
1585 5255 1874 5335 Videamus
1905 5259 2077 5335 humi-

474 5340 586 5395 lem
623 5337 677 5390 in
707 5325 928 5388 sublimi
949 5331 1066 5398 jam
1091 5326 1349 5397 positum,
1369 5336 1421 5398 et
1439 5325 1742 5398 dicentem;
1774 5327 1865 5381 An
1896 5331 2075 5384 nesci-

476 5413 545 5466 tis
572 5410 704 5477 quia
720 5395 1347 5477 angelos-judicabimus
1369 5395 1550 5477 (1901'.
1567 5397 1744 5466 Vt,3)‘?
1763 5398 1824 5450 Et
1842 5399 2036 5477 iterum
2059 5419 2071 5454 :

471 5467 682 5538 Nostra
714 5467 1064 5531 conversatio
1086 5473 1147 5524 in
1177 5471 1332 5524 cwtis
1360 5471 1464 5522 est.
1489 5467 1557 5521 Et.
1588 5483 1840 5538 rursum:
1874 5469 2075 5526 Conre-

476 5549 804 5612 suscitavit,
836 5547 888 5598 et
911 5541 1208 5612 consedere
1230 5554 1333 5612 nos
1349 5540 1490 5612 fecit
1509 5539 1571 5592 in
1589 5537 2074 5612 cwlestibus._Non

471 5623 588 5679 vult
603 5608 800 5674 Paulus
821 5621 1054 5666 mentem
1079 5611 1130 5662 in
1152 5609 1258 5662 ima
1273 5608 1640 5679 dejicere,non
1658 5608 1769 5662 vult
1786 5625 1884 5678 per
1897 5610 2075 5678 abjec-

475 5675 675 5746 tionem
707 5688 957 5738 humanae
1000 5675 1422 5735 conversationis
1464 5675 1521 5732 in
1555 5675 1754 5732 inﬁmis
1788 5675 2064 5737 habitare.

470 5762 621 5812 Tunc
653 5758 848 5809 Paulus
877 5751 930 5802 in
951 5763 1173 5804 carcere
1206 5749 1436 5802 fortasse
1467 5747 1773 5815 tenebatur,
1835 5767 1954 5804 cum
2014 5771 2071 5807 se

479 5825 776 5894 consedere
801 5818 1011 5877 Christo
1033 5817 1090 5873 in
1110 5816 1421 5872 caelestibus
1442 5824 1665 5875 testatur
1687 5836 1702 5874 :
1723 5820 1819 5874 sed
1834 5821 1910 5876 ibi
1931 5832 2069 5891 erat,

2106 4433 2160 4493 D

2205 1809 2440 1878 piciunt,
2471 1809 2597 1864 inde
2611 1808 3018 1865 ‘contra'omnia
3047 1811 3354 1865 securiores
3369 1808 3520 1865 ﬁunt.
3547 1811 3818 1866 Dominus

2208 1889 2387 1934 noster
2414 1881 2582 1934 multa
2603 1880 2780 1934 adhuc
2802 1895 2902 1951 per
2929 1895 3124 1951 corpus
3152 1881 3298 1951 quod
3328 1897 3438 1934 nos
3477 1897 3672 1935 sumus
3700 1899 3811 1951 pa-

2206 1951 2354 2022 titur,
2373 1957 2426 2005 et
2453 1952 2562 2022 iam
2591 1966 2788 2022 corpus
2808 1950 2945 2022 ejus,
2965 1950 3018 2004 id
3035 1949 3392 2022 est,_ecclesi_a
3408 1951 3475 2005 de
3491 1967 3592 2006 suo
3610 1949 3811 2022 capite,

2205 2021 2453 2076 videlicet
2477 2021 2730 2085 Domino,
2760 2020 2814 2074 in
2844 2021 2985 2076 caelo
3013 2020 3306 2091 gloriatur.
3342 2020 3400 2076 Si
3447 2023 3594 2076 enim
3639 2020 3814 2092 caput

2203 2105 2446 2147 nostrum
2480 2100 2747 2147 tormenta
2775 2101 2955 2146 nostra
2983 2106 3090 2144 non
3121 2099 3420 2162 tangerent,
3451 2108 3807 2162 nequaquam

2203 2178 2303 2233 pro
2331 2162 2539 2218 afﬂictis
2568 2162 2825 2217 membris
2853 2162 3185 2233 persecutori
3223 2177 3325 2216 suo
3353 2162 3519 2218 etiam
3554 2163 3624 2217 de
3665 2166 3810 2219 coelo

2203 2231 2491 2288 clamaret:
2512 2233 2700 2300 Saute,
2723 2231 2909 2304 Saule,
2929 2231 3062 2304 quid
3083 2248 3170 2288 me
3183 2235 3533 2304 persequeris
3549 2234 3806 2304 (Actus,

2203 2307 2255 2373 5)
2279 2305 2307 2356 ‘i
2338 2305 2394 2360 Si
2421 2304 2690 2359 cruciatus
2716 2302 2879 2358 nostri
2911 2302 3030 2370 ejus
3059 2302 3236 2372 pretim
3265 2302 3372 2357 non
3403 2312 3609 2367 essent,
3661 2302 3807 2359 con;

2201 2391 2392 2430 versus
2404 2374 2739 2443 aﬁltctusque
2755 2373 3194 2446 Paulus‘minime
3217 2373 3424 2428 diceret
3443 2390 3454 2425 :
3474 2374 3723 2446 Suppteo
3739 2391 3806 2430 ea

2200 2462 2323 2570 qua
2334 2447 2540 2501 desunt
2553 2446 2780 2517 passion
2788 2461 2883 2500 um
2903 2443 3114 2500 Christi
3129 2446 3190 2498 in
3205 2461 3378 2499 carne
3391 2453 3535 2507 metu
3547 2443 3802 2510 colossi,

2239 2519 2336 2570 4.).
2353 2517 2422 2570 Et
2442 2526 2616 2570 tamen
2646 2515 3038 2570 resurrectione
3054 2515 3172 2570 iam
3192 2516 3273 2568 sui
3292 2515 3489 2570 canitis
3506 2518 3802 2570 exaltatus.

2239 2519 2336 2584 4.).
2353 2517 2422 2570 Ει
2442 2515 2616 2570 tamen
2646 2515 3038 2570 resurrectione
3053 2515 3172 2583 jam
3192 2516 3273 2568 sui
3292 2515 3489 2584 capitis
3506 2518 3804 2579 exaltatus,

2202 2587 2333 2640 dicit
2356 2604 2369 2640 :
2397 2587 2500 2654 Qui
2521 2603 2620 2642 nos
2637 2586 3129 2653 conresuscitavit,
3147 2595 3204 2641 et
3229 2585 3526 2642 consedere
3562 2589 3709 2654 fecit
3742 2587 3807 2642 in

2199 2658 2533 2714 cwlestibus.
2558 2657 2768 2726 Nempe
2799 2657 2948 2712 hunc
2977 2657 3031 2709 in
3063 2665 3208 2710 terra
3225 2657 3660 2726 persecutionum
3697 2665 3809 2712 tor-

2198 2737 2382 2783 menta
2411 2728 2867 2795 constrinxerant,
2899 2726 2992 2781 sed
3025 2742 3308 2798 poenarum
3329 2743 3547 2798 suarum
3573 2728 3809 2798 ponde-

2197 2798 2347 2854 ribus
2375 2816 2610 2869 pressus,
2644 2813 2772 2854 ecce
2795 2798 2914 2869 jam
2943 2797 3041 2869 per
3066 2797 3300 2869 gloriam
3325 2797 3526 2869 capitis
3566 2797 3624 2852 in
3658 2800 3809 2854 caelo

2198 2866 2497 2925 residebat.
2537 2866 2818 2940 Compage
2846 2866 3011 2940 igitur
3038 2866 3374 2940 claritatisin
3401 2866 3659 2923 omnibus
3681 2869 3812 2924 uni-

2200 2945 2308 2994 tum
2339 2949 2500 3011 caput
2528 2949 2578 2994 et
2609 2937 2810 3010 corpus
2839 2937 3087 2994 novimus
3115 2947 3169 2994 et
3195 2937 3491 2994 credimus.

2197 3032 2322 3082 Car.
2347 3031 2436 3082 ιν.
2464 3057 2529 3069 -
2556 3030 2730 3083 Gratia
2763 3031 2887 3096 estis
2912 3029 3104 3080 saluati
3120 3043 3219 3096 per
3238 3029 3392 3091 ﬁdem
3428 3047 3445 3080 :
3469 3033 3520 3080 et
3563 3026 3669 3080 hoc
3713 3043 3808 3082 non

2661 3109 2727 3147 ex
2766 3093 2908 3147 vobis
2939 3093 3146 3160 (Ephesi
3169 3108 3228 3158 ιι,
3251 3097 3323 3160 8).

2262 3182 2345 3250 (In
2373 3179 2603 3252 exposit.
2631 3179 2716 3252 _B.
2738 3177 2984 3252 Job,_liv.
3015 3193 3176 3242 χχιιι,
3211 3194 3363 3232 num.
3402 3177 3692 3252 13.)_Cum
3711 3195 3803 3234 ar-

2190 3249 2458 3324 rogantes
2477 3250 2680 3322 aliquid
2705 3249 2831 3324 boni
2844 3249 3068 3324 iaciunt,
3089 3257 3184 3324 aut
3199 3265 3235 3303 a
3255 3249 3565 3324 semetipsis
3590 3251 3802 3304 habere

2190 3319 2583 3389 se'testimant,
2600 3329 2690 3376 aut
2717 3320 2764 3374 si
2791 3319 2894 3374 sibi
2924 3319 3110 3375 datum
3140 3321 3375 3390 desuper
3405 3320 3665 3381 credunt.
3699 3337 3800 3390 pro

2190 3394 2301 3446 suis
2331 3408 2390 3446 se
2422 3392 2526 3448 hoc
2561 3391 2836 3460 accepisse
2877 3391 3081 3445 meritis
3117 3398 3343 3461 putant;
3403 3404 3438 3444 a
3492 3393 3798 3461 semetipso

2190 3463 2332 3517 enim
2363 3463 2563 3518 bonum
2594 3476 2653 3516 se
2682 3461 2884 3516 habere
2915 3461 3156 3530 jactabat
3195 3460 3282 3515 cui
3340 3474 3436 3530 per
3479 3460 3800 3530 apostolum

2189 3533 2385 3588 dicitur
2415 3550 2428 3586 :
2468 3532 2609 3602 Quid
2629 3537 2822 3586 autem
2845 3530 3181 3603 habesquod
3214 3547 3328 3586 non
3358 3535 3684 3601 accepisti?
3728 3531 3800 3585 Si

2189 3609 2385 3660 autem
2405 3603 2690 3674 accepisti,
2731 3602 2866 3670 quid
2890 3602 3154 3674 gloriaris
3181 3604 3342 3674 quasi
3355 3617 3478 3674 non
3503 3604 3797 3672 acceperis

2191 3678 2240 3739 (ι
2259 3675 2380 3730 Cor.
2405 3671 2595 3744 tv,‘7)?
2636 3671 2946 3744 Rursusne
2985 3671 3297 3744 darinobis
3353 3671 3554 3744 bonum
3602 3671 3799 3744 gratia:

2189 3760 2292 3815 pro
2313 3741 2510 3798 nostris
2534 3741 2966 3815 praecedentibus
3003 3742 3208 3815 meritis
3240 3741 3590 3815 crederemus
3613 3741 3630 3744 θ
3649 3743 3798 3797 idem

2190 3812 2491 3884 Apostolus
2520 3812 2798 3874 admonet,
2829 3812 3015 3867 dicens
3048 3831 3060 3867 :
3088 3813 3286 3868 Gratia
3306 3815 3440 3884 estis
3462 3813 3685 3867 saluati
3694 3829 3798 3883 per

2188 3883 2356 3954 fidem
2367 3911 2390 3948 ;
2410 3890 2467 3940 et
2483 3885 2582 3940 hoc
2598 3901 2713 3939 non
2729 3900 2805 3940 ea:
2817 3885 2982 3950 vobis,
2999 3884 3098 3939 Dei
3115 3886 3268 3954 enim
3283 3883 3496 3954 donum
3526 3887 3618 3937 est
3640 3902 3660 3936 :
3679 3900 3796 3939 non

2190 3952 2264 4028 ex
2283 3956 2630 4028 operibus,ut
2646 3971 2721 4028 ne
2737 3955 3169 4028 quisgiorietur.
3193 3952 3296 4022 Qui
3319 3953 3484 4007 etiam
3509 3954 3580 4007 de
3602 3963 3803 4008 semet-

2190 3973 2264 4012 ex
2283 3972 2630 4028 opermus,us
2649 3972 2721 4009 ne
2737 3972 2862 4022 quis
2912 3972 3169 4010 tenetur.
3193 3972 3296 4022 Qui
3319 3972 3484 4007 etiam
3509 3972 3580 4007 ne
3602 3972 3800 4008 semet-

2188 4027 2312 4096 ipso
2326 4027 2429 4080 ait:
2451 4025 2555 4098 Qui
2569 4027 2726 4096 prius
2745 4026 2845 4098 fui
2871 3972 3237 4098 ziasphemus,
3273 4028 3329 4080 et
3354 4031 3708 4094 persecutor,
3744 4029 3800 4098 et

2189 4094 3221 4159 contumeliosus,sedmisericordiam
3237 4099 3578 4150 consecutus
3609 4111 3739 4149 sum
3758 4094 3806 4162 (Ι

2194 4170 2332 4223 Tim.
2357 4184 2396 4230 t,
2417 4168 2529 4236 13).
2551 4166 2762 4234 Quibus
2777 4166 2956 4220 verbis
2972 4177 3152 4235 aperte
3169 4164 3416 4236 declarat
3430 4165 3577 4236 quod
3620 4166 3797 4236 gratia

2190 4254 2296 4292 non
2315 4252 2417 4308 pro
2434 4235 2640 4291 meritis
2659 4236 2941 4296 tribuatur.
2975 4238 3109 4308 dum
3140 4251 3212 4308 ex
3266 4235 3445 4308 seipse
3487 4235 3689 4308 decuit
3741 4245 3796 4308 et

2189 4305 2393 4378 quaede
2411 4307 2620 4362 malitia
2635 4308 2848 4375 meruit,
2866 4315 2918 4362 et
2935 4323 3058 4378 qua:
3072 4307 3140 4361 de
3161 4305 3538 4361 benevolentia
3559 4307 3791 4376 accepit.

2187 4411 2477 4462 CAP.V.--
2507 4410 2632 4460 Peto
2675 4422 2737 4459 ne
2776 4409 3032 4473 deﬁciatis
3077 4407 3137 4458 in
3189 4405 3623 4458 tribulationibus
3671 4407 3799 4458 meis

2617 4488 2716 4538 pro
2741 4475 2881 4526 vobis
2906 4477 3118 4539 (Ephes.
3143 4487 3215 4530 tu.
3253 4475 3352 4532 t3).

2258 4558 2344 4628 (In
2367 4557 2678 4629 exposit.B.
2709 4557 2832 4626 Job,
2856 4555 2953 4629 lib.
2975 4573 3122 4629 xxiii,
3145 4571 3294 4611 num.
3317 4557 3430 4629 i7.)
3452 4554 3673 4629 Habent
3700 4569 3793 4629 ve-

2190 4626 2347 4684 ranes
2376 4626 2615 4700 magistri
2636 4644 2797 4700 super
2845 4627 3148 4700 discipulos
3175 4643 3302 4682 suos
3352 4627 3538 4700 vicere
3577 4626 3795 4681 timoris

2191 4715 2254 4755 ex
2289 4697 2494 4754 virtute
2516 4698 2813 4763 charitatis,
2845 4697 3139 4768 hypocrita:
3185 4703 3333 4753 tanto
3390 4697 3570 4752 minus
3626 4712 3787 4768 com-

2191 4770 2368 4824 missis
2396 4769 2496 4824 sibi
2529 4777 2790 4835 metuunt,
2819 4767 3020 4838 quanto
3050 4785 3149 4824 nec
3177 4768 3282 4822 sibi
3313 4767 3457 4838 quod
3472 4768 3666 4822 timere
3696 4767 3790 4821 de-

2187 4839 2348 4895 beant
2374 4840 2808 4910 deprehendunt.
2830 4838 2876 4894 Ο
2901 4855 3066 4910 quam
3097 4840 3300 4910 mollia
3354 4840 3563 4892 viscera
3595 4838 3792 4910 Paulus

2186 4912 2432 4982 gestabat
2447 4908 2670 4982 quando
2701 4909 2845 4982 circa
2876 4908 3006 4982 suos
3035 4909 3175 4982 ﬁlios
3219 4917 3368 4964 tanto
3405 4916 3544 4982 gestu
3566 4908 3791 4982 (amoris

2187 4978 2456 5049 inhiabat,
2469 4978 2656 5036 dicens
2681 4998 2693 5034 :
2716 4981 2820 5037 Nos
2835 4981 3092 5047 vivimus,
3107 4981 3156 5035 si
3172 4996 3263 5035 vos
3283 4980 3451 5034 statis
3473 4979 3538 5032 in
3555 4978 3787 5049 Domino

2187 5047 2488 5123 (PhilipJ,
2505 5055 2581 5119 8).
2600 5051 2698 5106 Et:
2728 5051 2902 5123 Testis
2920 5050 3066 5123 mihi
3087 5056 3172 5106 est
3194 5047 3784 5123 Domitiano-uomat!!!

2185 5118 2412 5195 captain
2430 5139 2520 5179 vos
2530 5118 2722 5178 amnes
2738 5122 2796 5175 in
2813 5121 3115 5195 visceribus
3131 5118 3784 5195 Jesu._'l'lt_essa_l(inice_nsi-

2184 5189 2286 5248 bus
2307 5209 2525 5264 quoque
2546 5208 2700 5247 suum
2719 5207 2959 5264 amorem
2981 5192 3247 5264 indicans,
3267 5191 3392 5245 dicit
3416 5189 3553 5245 :Nos
3570 5193 3781 5254 autem,

2183 5261 2658 5333 fratiesﬂcsoiati
2677 5281 2711 5318 a
2728 5263 2877 5318 vobis
2895 5265 2966 5317 ad
2981 5268 3205 5334 tempus
3224 5261 3390 5328 hora,
3405 5266 3785 5334 aspectu,s_son

2183 5331 2758 5417 corde,abundantius
2769 5334 2901 5417 [esti
2909 5331 3111 5417 n'qmus'
3122 5335 3326 5417 ﬁtciem
3338 5331 3785 5417 uestrum-videre

2184 5420 2311 5460 cum
2337 5400 2516 5460 multo
2538 5400 2814 5460 desiderio
2842 5405 2890 5472 (1
2915 5403 3094 5459 Thess.
3120 5400 3199 5470 in,
3223 5405 3296 5472 8).
3335 5400 3438 5469 Qui
3477 5401 3632 5456 duris
3657 5415 3783 5472 per-

2183 5475 2550 5545 secutionibus
2579 5491 2816 5545 pressus,
2834 5470 2885 5529 et
2912 5484 3090 5529 tamen
3113 5470 3427 5545 deﬁliorutn
3459 5472 3636 5525 salute
3664 5470 3782 5524 sol-

2183 5545 2378 5612 licitus,
2401 5544 2649 5615 adjunitit
2674 5564 2684 5598 :
2711 5546 2962 5600 Misimus
2997 5545 3342 5600 Timotheum
3374 5544 3636 5615 fratr-ent
3675 5554 3778 5594 no-

2182 5611 2451 5682 strum,et
2468 5611 2800 5686 ministrum
2817 5617 2917 5671 Dei
2929 5619 2989 5670 in
3010 5617 3308 5686 Evangelia
3325 5611 3636 5677 Christi,ad
3651 5627 3780 5666 eon-

2181 5688 2478 5755 fortandos
2493 5690 2665 5753 vos,et
2685 5685 3066 5741 exhortandos
3078 5684 3178 5756 pro
3186 5684 3294 5753 ﬁde
3307 5686 3490 5756 vestra
3502 5689 3601 5756 λιιι
3614 5695 3778 5756 nemo

2181 5749 2474 5813 moveatur
2487 5759 2549 5812 in
2569 5749 3032 5813 tribulationibus
3047 5749 3090 5811 is
3101 5758 3169 5810 tis
3183 5749 3199 5810 Ξ
3214 5771 3302 5810 vos
3311 5754 3447 5810 enin
3461 5749 3777 5824 scitisun

2177 5829 2241 5884 tn
2264 5825 2366 5883 hoc
2375 5830 2547 5902 positi
2565 5844 2764 5885 sumus
2788 5828 2836 5900 (t
2865 5828 3050 5884 Thess.
3071 5843 3151 5899 ut,
3182 5835 3257 5898 τ).
3283 5822 3536 5895 Ephesiis
3557 5822 3774 5893 quoque
