4110 6176
489 247 631 308 1367

1344 243 1704 302 APPENDIX
1741 242 1831 298 AD
1871 242 1929 298 S.
1970 239 2314 299 GREGORII
2351 243 2583 299 OPERA
2623 243 2864 298 ΟΜΝΙᾹ.

3669 245 3813 301 1368

495 367 597 423 bus
624 365 832 448 afﬂigit.
863 365 1021 426 Unde
1040 366 1248 448 Paulus
1274 368 1603 448 praedicator
1630 365 1903 448 egregius,
1966 380 2096 448 cum
2131 371 2184 428 Α
2215 381 2343 421 cum
2366 382 2429 420 eo
2447 365 2498 428 (ι
2519 366 2639 448 Cor.
2661 383 2754 430 xv,
2778 367 2888 436 34).
2948 365 3030 422 De
3065 372 3245 448 morte
3282 365 3485 437 quippe
3512 365 3700 448 carnis.
3723 370 3818 448 lo—

500 436 918 509 percussionum
948 439 1090 492 mala
1114 436 1386 504 tolera—ret,
1419 445 1473 493 et
1502 438 1601 492 sub
1620 436 2100 506 pei'sécutionibus

497 509 935 581 adversariorum
963 523 1225 581 gemeret,
1258 511 1384 580 quia
1430 509 1733 580 passionem
1791 524 1939 561 suam
1998 523 2106 563 non

501 579 628 645 sibi,
661 583 756 635 sed
779 579 1058 652 discipulis
1065 579 1637 652 Aobessetormidabat,
1659 587 1897 633 teneram
1919 593 2105 652 eorum

499 659 737 706 mentem
767 653 838 707 de
862 649 976 706 suis
1001 650 1382 708 afﬂictionibus
1411 652 1720 715 consolans,
1771 658 1822 703 et
1859 652 1938 702 eis
1966 649 2104 702 scri-

500 721 1075 786 bens,dicebat:Nemo
1091 740 1290 782 mouea.
1309 740 1380 778 ur
1396 726 1457 777 in
1472 721 1938 776 tribulationibus
1955 721 2100 775 istis:

499 793 613 865 ipsi
633 795 790 865 enim
805 796 962 849 scitis
986 795 1130 864 quod
1151 799 1214 849 in
1237 795 1337 848 hoe
1350 795 1524 864 positi
1545 807 1766 846 sumus.
1821 797 1898 845 Ac
1945 794 1988 865 si
2027 793 2104 844 eis

503 863 696 934 aperte
717 863 864 919 dicat
895 882 908 918 :
940 863 1295 935 Nequaquam
1346 863 1401 935 in
1450 865 1550 917 hoc
1580 871 1824 935 tempore
1879 863 2105 935 vulnera

499 931 687 990 nostra
717 935 1004 1007 miremini,
1040 931 1296 1007 quoniam
1328 934 1374 987 si
1403 946 1603 1007 teteina
1643 934 1844 1007 gaudia
1887 931 2104 1007 quieri-

502 1019 648 1070 mus,
681 1009 787 1062 huc
815 1006 887 1060 ad
917 1007 1022 1060 hoc
1051 1003 1299 1060 venimus
1336 1014 1392 1058 ut
1421 1004 1705 1058 feriamur.
1745 1003 1802 1057 Si
1833 1003 1900 1055 ad
1962 1005 2105 1055 bona

503 1086 704 1131 eterna
733 1077 1023 1144 tendimus,
1041 1092 1150 1131 non
1172 1080 1368 1131 mirum
1389 1075 1432 1128 si
1451 1073 1768 1144 temporalia
1785 1071 2106 1126 suﬂ‘eramus

501 1148 648 1201 mala
679 1160 694 1195 :
725 1147 841 1202 haec
869 1155 1050 1201 autem
1081 1151 1225 1202 bona
1256 1147 1486 1202 sollicite
1517 1147 1842 1214 inspexerat,
1890 1144 2106 1212 quando

499 1216 651 1272 illata
679 1217 1063 1289 aequanimiter
1085 1217 1229 1289 mala
1259 1216 1567 1289 tolerabat,
1591 1214 1776 1289 dicens
1795 1231 1805 1267 :
1823 1214 1944 1269 Non
1965 1217 2103 1268 sunt

502 1286 796 1360 condignis
815 1289 1102 1359 passiones
1131 1288 1302 1357 hujus
1329 1288 1615 1360 temporis
1635 1286 1708 1360 ad
1743 1289 2107 1360 superventu-

502 1374 624 1414 ram
645 1357 1032 1430 gloridm,qua:
1046 1360 1387 1430 revela-bitur
1406 1361 1468 1411 in
1490 1357 1645 1411 nobis
1661 1358 1839 1422 (Rom.
1860 1371 1971 1430 viu,
1995 1359 2104 1423 18).

501 1429 747 1501 Aliorum
775 1429 1170 1501 ergo’casusin
1198 1429 1420 1501 propria
1437 1431 1706 1501 passione
1723 1429 2015 1501 metuebat,
2040 1441 2108 1480 ne

503 1500 635 1555 dum
671 1494 1130 1572 ipsum'discipuli
1189 1494 1795 1572 prouida—verberibus
1851 1494 2108 1572 afﬂictum

502 1566 881 1642 agnoscerent,
913 1566 1101 1642 tideles
1129 1566 1204 1624 se
1235 1568 1475 1642 proﬁteri
1519 1575 1849 1642 recusarent.
1909 1566 1955 1621 Ο
1985 1567 2101 1642 im-

507 1639 714 1696 mensae
738 1641 1013 1696 cbaritatis
1041 1641 1250 1696 viscera
1275 1643 1286 1693 l
1323 1641 1562 1709 Despicit
1584 1639 1732 1708 quod
1756 1654 1868 1708 ipse
1888 1639 2106 1707 patitur,

505 1719 560 1767 et
579 1719 729 1766 curat
756 1727 825 1767 ne
849 1713 977 1781 quid
993 1726 1178 1781 pravae
1199 1709 1570 1781 persuaSionis
1592 1709 1846 1777 discipuli
1866 1725 1922 1760 in
1944 1709 2110 1781 corde

504 1785 802 1854 patiantur.
835 1779 894 1835 In
925 1779 1316 1854 se‘contemnit
1341 1781 1562 1854 vulnera
1621 1781 1888 1849 corporis,
1944 1786 2014 1854 et
2056 1779 2110 1833 in

506 1849 629 1907 aliis
657 1853 884 1907 vulnera
912 1853 1157 1907 medetur
1173 1852 1372 1906 cordis.
1398 1849 1562 1918 Quasi
1583 1865 1870 1920 percussus
1887 1849 2108 1919 quidam

502 1937 745 1994 magnus
766 1924 1009 1995 medicus
1035 1930 1294 1995 εει-οιαὶ.
1323 1923 1438 1991 ipse
1479 1921 1963 1995 toleratscissuras
1998 1920 2112 1974 vul-

505 1992 680 2062 neris,
713 1993 881 2048 etalii
909 1992 1125 2063 profert
1154 1994 1556 2063 medicamenta
1583 1992 1863 2063 sanitatis.
1899 1992 2112 2063 Habent

507 2063 716 2135 quippe
745 2066 850 2120 hoc
875 2061 1004 2135 justi
1034 2079 1339 2135 proprium,
1361 2071 1417 2117 ut
1445 2065 1498 2116 in
1529 2062 1719 2135 dolore
1751 2061 2113 2135 positi__tribu-

507 2133 728 2190 lationis
755 2133 889 2202 sum,
917 2133 1104 2189 curam
1137 2133 1246 2189 non
1288 2135 1538 2189 deserant
1586 2133 1830 2186 utilitatis
1886 2133 2099 2186 alienas.

506 2205 599 2261 Sic
627 2205 802 2261 sciunt
831 2205 965 2260 foris
993 2207 1222 2260 adversa
1253 2205 1510 2272 tolerare,
1541 2211 1597 2257 ut
1627 2205 1769 2257 intus
1798 2203 1962 2258 etiam
2005 2218 2111 2256 no-

511 2276 692 2334 verint
719 2276 953 2333 adversa
981 2281 1278 2350 corrigere.

508 2368 634 2419 ω.
665 2367 745 2416 Vl.
777 2393 838 2403 —
859 2366 1106 2418 Nolumus
1131 2378 1214 2416 vos
1238 2368 1489 2432 ignorare,
1529 2365 1742 2432 fratres,
1764 2364 1828 2413 de
1847 2365 2113 2414 domitiu-

980 2434 1114 2484 κους
1149 2433 1198 2497 (ι
1242 2430 1413 2484 Thess.
1441 2444 1516 2493 Iv,
1544 2430 1644 2493 12).

582 2514 668 2583 (In
696 2515 934 2586 exposit.
958 2516 1022 2570 Β.
1059 2514 1184 2580 Job,
1211 2514 1309 2570 lib.
1343 2531 1395 2581 v,
1419 2528 1567 2567 num.
1602 2515 1708 2586 5i;
1733 2511 1826 2566 lib.
1853 2527 2110 2586 animum.

509 2584 624 2654 12.)
647 2588 708 2656 ιιι
731 2583 1010 2656 scriptura
1029 2600 1186 2641 sacra
1213 2600 1312 2655 per
1340 2599 1592 2656 somnum
1622 2583 1910 2656 aliquando
1941 2584 2114 2656 negli-

509 2655 715 2728 gentia;
747 2654 1311 2728 torporiexprimitur,
1343 2655 1480 2709 sicut
1509 2671 1540 2708 a
1566 2657 1723 2708 beato
1773 2655 1938 2728 Paulo
1972 2654 2113 2709 dici-

510 2726 634 2782 tur:
657 2727 802 2782 Hora
823 2726 909 2782 est
919 2727 1045 2795 jam
1068 2742 1169 2782 nos
1197 2726 1262 2781 de
1282 2741 1493 2780 sommo
1513 2740 1762 2796 surgere.
1797 2726 1864 2778 Et
1881 2741 2066 2779 rursus
2097 2742 2109 2778 :

510 2797 810 2868 Evigilate,
827 2799 991 2866 iusti,
1015 2798 1264 2852 etnolite
1279 2795 1704 2868 peccaretﬂom.
1727 2799 1962 2864 1111,11).
1991 2795 2115 2868 Ali-

511 2866 737 2940 quando
758 2869 978 2923 nomine
1007 2870 1181 2940 somni
1211 2866 1302 2922 vel
1327 2866 1714 2940 rdormitionis,
1757 2882 1906 2940 mors
1932 2867 2118 2921 carnis

510 2937 1010 3010 designatur,sicut
1028 2939 1178 2994 idem
1212 2939 1410 3010 Paulus
1440 2938 1781 3010 admonens,
1805 2937 1933 2990 dicit
1969 2955 1980 2988 :
2011 2943 2116 2993 Νο-

513 3007 701 3066 lumus
720 3025 811 3066 vos
826 3011 1110 3081 ignorare,
1133 3009 1438 3079 fratres,de
1455 3007 1863 3064 dormientibus
1924 3013 1985 3081 ut
1997 3023 2116 3062 non

515 3079 959 3148 contristemini,
977 3084 1127 3138 sicut
1144 3087 1199 3135 et
1221 3081 1434 3148 caeteri,
1461 3081 1558 3151 qui
1579 3095 1733 3150 spem
1755 3094 1870 3134 non
1889 3079 2116 3134 habent.

514 3151 576 3208 Si
587 3154 741 3207 enim
752 3152 962 3208 credim
971 3167 1036 3208 us
1045 3152 1190 3222 quod
1206 3154 1366 3207 Iesus
1381 3157 1570 3205 mortu
1578 3167 1643 3205 us
1669 3154 1774 3216 est,
1797 3155 1854 3204 et
1872 3165 2120 3205 resurre-

514 3223 720 3292 xit,ita
735 3226 794 3279 et
810 3223 956 3278 Deus
973 3238 1064 3278 eos
1075 3225 1171 3294 qui
1184 3223 1542 3278 dormierunt
1553 3237 1654 3292 per
1664 3222 2128 3287 Jesum,adducet

2217 452 2404 505 quens,
2441 452 2547 491 non
2578 440 2716 492 hanc
2737 447 2966 492 mortem
2997 439 3094 493 sed
3124 454 3371 492 sumnum
3389 453 3581 491 vocare
3594 440 3817 507 maluit,

2214 515 2268 562 et
2296 508 2679 573 domitionem;
2713 511 3066 564 vehementer
3089 514 3230 564 enim
3252 509 3321 562 ab
3376 509 3603 562 inﬁrmis
3656 526 3822 564 men-

2217 578 2355 632 tibus
2378 594 2571 634 nomen
2603 581 2787 633 murtis
2817 581 3225 649 pestimescitur,
3278 580 3454 634 somni
3495 595 3622 634 vero
3656 596 3812 636 voca-

2215 649 2400 704 bulum
2433 665 2536 704 non
2562 652 2792 704 timetur.
2827 651 2969 718 Quid
3001 661 3081 706 est
3112 660 3290 705 autem
3325 651 3470 720 quod
3494 650 3825 718 praedicator

2214 720 2472 791 egregius
2502 731 2730 775 mortem
2760 722 2972 775 Domini
2995 731 3224 776 mortem
3247 729 3424 786 vocat,
3451 730 3684 776 mortem
3704 739 3827 776 ser-

2214 805 2404 845 vorum
2437 792 2650 846 Domini
2683 807 2788 846 non
2820 802 3046 847 mortem
3089 794 3183 847 sed
3242 807 3494 846 somnum
3553 792 3824 853 nominat,

2213 861 2314 914 nisi
2355 864 2477 932 quia
2509 861 2725 915 infirma
2754 863 2919 916 corda
2950 863 3280 917 audientium
3313 863 3626 931 respiciens,
3656 862 3828 916 medi-

2212 939 2523 986 camentum
2554 934 2957 1001 praedicationis
2984 950 3094 988 suae
3124 935 3264 987 mira
3293 947 3408 987 arte
3429 935 3708 1001 componit
3732 951 3748 994 ;
3771 941 3828 988 et

2213 1003 2366 1056 illum
2407 1019 2563 1072 quem
2591 1005 2704 1073 jam
2757 1007 3114 1058 resuirexisse
3178 1011 3399 1058 noverat
3434 1004 3512 1056 eis
3559 1005 3825 1058 mortuuis

2214 1073 2471 1128 nsinuare
2491 1089 2599 1128 non
2629 1073 2854 1141 debitat,
2877 1090 2973 1129 eos
2998 1089 3128 1129 vero
3151 1076 3248 1145 qui
3281 1073 3512 1128 necdum
3545 1089 3822 1128 resurres-

2213 1149 2428 1212 xerant,
2461 1155 2516 1198 ut
2537 1160 2691 1214 spem
2713 1144 3124 1200 resurrectionis
3146 1144 3400 1210 insinuet,
3423 1158 3529 1198 non
3549 1154 3820 1210 mortuos,

2213 1214 2309 1268 sed
2339 1215 2668 1270 dormientes
2691 1215 2895 1270 vocat?
2939 1216 3063 1270 Non
3104 1231 3246 1270 enim
3294 1215 3586 1269 verebatur
3641 1215 3824 1270 dicere

2215 1294 2486 1340 mortuum
2517 1301 2678 1355 quem
2709 1286 2993 1340 auditores
3014 1287 3129 1356 jam
3154 1300 3522 1341 resurrexisse
3549 1300 3822 1358 cognove-

2213 1366 2354 1423 rant,
2385 1365 2438 1410 et
2469 1359 2755 1411 verebatur
2785 1358 2968 1412 dicere
3001 1365 3244 1412 mortuos
3265 1372 3400 1426 quos
3419 1371 3702 1426 resurgere
3735 1359 3822 1413 vix

2215 1427 2527 1482 credebant.
2561 1426 2698 1494 Quia
2731 1443 2857 1482 vero
2886 1443 3052 1483 carne
3083 1440 3326 1482 mortuos
3355 1428 3422 1482 ad
3445 1431 3612 1482 vitam
3638 1443 3823 1482 rursus

2215 1497 2477 1568 evigdare
2510 1498 2874 1577 nou_dubitat,
2909 1513 3002 1553 eos
3050 1499 3378 1577 dormientes
3420 1499 3602 1567 potius
3649 1514 3822 1577 quam

2217 1577 2460 1640 m0rtuos
2487 1569 2740 1640 appellat,
2771 1583 2933 1640 spem
2973 1569 3343 1640 proculdubio
3402 1569 3816 1640 resurrectionis

2218 1639 2659 1711 insinuans,quia
2687 1639 2818 1711 sicut
2851 1639 3005 1694 citius
3026 1641 3188 1694 homo
3209 1655 3240 1693 a
3261 1655 3450 1694 somno
3477 1639 3724 1711 evigilat,
3749 1645 3824 1694 ita

2139 1722 2190 1780 Β
2220 1710 2432 1763 concite
2463 1710 2534 1762 ad
2556 1709 2866 1764 Conditoris
2895 1721 3084 1764 nutum
3115 1725 3147 1764 a
3164 1720 3335 1765 marte
3351 1709 3599 1779 corporis
3618 1711 3820 1781 surgit.

2217 1799 2346 1850 Car.
2375 1798 2481 1850 νιι.
2508 1825 2572 1835 -
2599 1799 2720 1849 Dies
2759 1801 2970 1861 Domini,
2994 1801 3127 1850 sicut
3168 1801 3258 1864 fur
3279 1801 3340 1850 in
3363 1805 3522 1860 nocte,
3546 1801 3623 1850 ita
3657 1802 3827 1850 suam

2801 1866 2844 1927 (ι
2877 1869 3047 1917 I‘hess.
3074 1879 3130 1930 v,
3151 1869 3230 1930 2).

2292 1949 2374 2016 (In
2404 1949 2619 2018 exposit
2647 1948 2709 2002 Β.
2736 1949 2858 2015 Job,
2887 1949 2978 2004 lib.
3011 1966 3104 2019 vn,
3129 1965 3278 2003 num.
3300 1950 3412 2018 ib.)
3440 1948 3678 2014 Reprobi
3697 1949 3824 2003 dum

2221 2020 2313 2074 diu
2330 2037 2387 2073 se
2405 2019 2708 2074 visibilibus
2722 2019 3002 2074 immorari
3022 2021 3429 2088 credunt,spem
3468 2019 3824 2073 invisibiiium

2221 2091 2625 2159 derelinquunt,
2657 2105 2890 2160 cumque
2920 2107 3071 2144 mens
3118 2092 3175 2144 in
3225 2090 3584 2159 praesentibus
3622 2090 3823 2161 ﬁgitur,

2221 2162 2335 2216 vita
2365 2161 2708 2215 terminatur.
2747 2161 2815 2214 Et
2851 2172 3073 2230 repente
3103 2161 3173 2214 ad
3216 2160 3513 2230 improvisa
3555 2160 3827 2229 supplicia

2221 2234 2562 2303 perveniunt,
2593 2247 2717 2301 quae
2748 2233 2959 2302 decepti
2989 2247 3099 2286 suis
3145 2231 3676 2302 prmsumptionibus,
3699 2238 3829 2303 want

2222 2302 2499 2372 nunquam
2528 2318 2587 2356 se
2615 2303 2913 2372 contigere,
2946 2312 3038 2357 aut
3065 2311 3215 2357 tarde
3255 2303 3630 2356 crediderunt.
3690 2302 3830 2356 Hinc

2225 2375 2422 2443 Paulus
2433 2374 2507 2426 ait
2525 2391 2537 2426 :
2558 2373 2685 2428 Dies
2699 2376 3101 2441 Domini,sicut
3110 2376 3210 2443 fur
3225 2374 3286 2427 in
3305 2372 3578 2430 nocte.ita
3611 2375 3826 2427 veniet.

2224 2442 2364 2512 Quia
2395 2447 2537 2498 enim
2569 2446 2639 2497 ad
2668 2446 2986 2514 rapiendam
3030 2459 3268 2499 animam
3313 2443 3827 2514 propinquansimi-

2224 2515 2370 2569 nime
2400 2513 2752 2583 conspicitur,
2795 2515 2899 2568 furi
2943 2515 2997 2568 in
3055 2523 3210 2569 nocte
3240 2525 3610 2584 comparatur.
3673 2513 3832 2567 Unde

2223 2586 2365 2642 bene
2388 2584 2671 2653 discipulis
2691 2585 2867 2639 futura
2891 2584 3254 2656 cogitantibus
3281 2586 3423 2638 idem
3448 2584 3644 2637 Paulus
3664 2584 3826 2656 dicit:

2234 2659 2333 2710 Vos
2356 2651 2569 2716 autem,
2592 2651 3107 2724 fratres,non'estis
3129 2659 3191 2710 in
3222 2656 3490 2717 tenebris.
3513 2659 3576 2708 ut
3599 2651 3693 2708 vos'
3713 2655 3831 2708 dies

2225 2725 2329 2797 illa
2347 2730 2620 2796 tanquam
2641 2729 2739 2789 fur
2759 2728 3192 2797 comprehendat
3216 2729 3261 2792 (ι
3284 2725 3466 2780 Thess.
3503 2747 3551 2788 ν,
3594 2725 3666 2797 ι).
3711 2725 3834 2797 Dies

2225 2796 2371 2850 enim
2416 2795 2594 2849 eiiitus
2643 2795 2897 2865 tanquam
2946 2805 3028 2850 tur
3079 2799 3132 2850 in
3189 2805 3344 2850 nocte
3393 2795 3834 2864 comprehendit,

2227 2868 2444 2936 quando
2475 2867 2762 2921 stultorum
2793 2882 3002 2921 animas
3017 2867 3195 2920 futura
3221 2883 3326 2921 non
3345 2867 3718 2936 praevidentes
3738 2865 3836 2932 eji-

2228 2937 2325 3009 cit.
2364 2937 2534 2992 Tanto
2566 2938 2730 3009 igitur
2756 2938 2919 2992 debet
2947 2938 3016 2991 ab
3034 2937 3286 2992 omnibus
3303 2940 3456 3006 quasi
3485 2951 3707 3004 semper
3734 2951 3834 2988 ve-

2228 3008 2385 3062 niens
2416 3008 2606 3074 metui,
2630 3009 2848 3077 quando
2880 3023 2988 3062 non
3021 3010 3164 3063 valet
3189 3023 3223 3062 a
3251 3009 3409 3062 nobis
3437 3016 3662 3077 ventura
3695 3021 3831 3076 prae-

2233 3079 2382 3132 sciri.
2423 3079 2519 3133 Vel
2547 3076 2711 3133 etiam
2743 3095 2841 3148 per
2870 3079 3014 3132 diem
3049 3080 3263 3135 Domini
3294 3078 3415 3132 dies
3435 3076 3632 3146 judicit
3659 3084 3834 3147 potest

2232 3149 2485 3221 intelligi,
2518 3151 2610 3220 qui
2637 3150 2718 3203 sic
2749 3150 3007 3220 subrepit
3035 3159 3093 3204 ut
3145 3149 3434 3221 praevideri
3491 3163 3604 3202 non
3662 3148 3833 3202 valeat

2233 3221 2454 3292 quando
2486 3221 2656 3275 venit.

776 3451 1163 3509 EXPOSITIO
1203 3452 1437 3509 SUPER
1473 3448 1864 3506 EPISTOLAM
1903 3450 1952 3502 Il
1994 3451 2052 3503 Β.
2097 3450 2298 3506 PAULI
2335 3449 2676 3506 APOSTOLI
2715 3450 2806 3506 AD
2856 3449 3581 3511 THESSALONICENSES.

519 3576 702 3633 Cum
725 3579 969 3630 Parnasi.
993 3603 1062 3616 —
1085 3574 1435 3647 Saperereseit
1454 3577 1603 3640 flides
1624 3581 1790 3627 vestra
1838 3576 1918 3637 (II
1946 3574 2117 3627 Thess.

2234 3581 2336 3643 tos,
2367 3575 2465 3629 sed
2495 3575 2646 3647 quasi
2678 3582 2948 3631 transacta
2977 3577 3246 3641 nesciens,
3273 3575 3450 3630 adhuc
3499 3575 3832 3630 commoveri

1240 3658 1280 3707 ι,
1315 3645 1390 3709 3).

584 3781 803 3863 (Begul.
835 3788 1051 3863 pastor:
1077 3787 1220 3863 part._
1246 3795 1326 3847 ui,
1345 3796 1467 3852 cap.
1488 3782 1564 3863 8.)
1599 3781 1928 3863 Plerumque
1946 3782 2120 3863 pusil-

520 3852 757 3912 lanimes
776 3853 955 3924 aptius
978 3853 1048 3907 ad
1078 3852 1180 3907 iter
1207 3852 1345 3907 bene
1365 3852 1567 3924 ogendi
1595 3852 1931 3921 reducimus,
1949 3852 2001 3907 si
2017 3869 2119 3909 eo-

518 3940 640 3997 rum
670 3923 821 3979 bene’
837 3934 993 3997 gesta
1023 3938 1385 3997 memoramus
1409 3923 1430 3976 Ξ
1464 3929 1519 3977 et
1548 3924 1598 3977 si
1627 3939 1732 3993 qua
1759 3925 1828 3977 ab
1858 3926 1939 3979 eis
1968 3924 2122 3979 inor~

513 3996 716 4067 dinate
755 3993 914 4067 gesta
968 4002 1110 4067 sunt,
1175 4009 1285 4067 non
1335 3993 1455 4062 jam
1486 4003 1738 4063 tanquam
1811 4003 2126 4067 perpetrata

520 4065 868 4148 corripimus,
898 4065 995 4148 sed
1017 4068 1189 4148 quasi
1220 4065 1400 4120 adhuc
1439 4080 1510 4148 ne
1547 4065 1848 4148 perpetrari
1889 4065 2126 4148 debeant

520 4135 899 4208 prohibemus,
929 4143 988 4190 ut
1016 4135 1110 4190 illa
1147 4153 1271 4210 qua:
1325 4135 1692 4210 approbemus
1741 4135 1923 4210 illatus
1971 4137 2126 4210 favor

521 4206 745 4288 augeat,
770 4215 832 4288 et
857 4214 1049 4288 contra
1075 4221 1144 4263 ea
1167 4206 1294 4288 quae
1314 4206 1958 4288 reprehendimusmagis
1971 4207 2124 4288 apud

561 4277 904 4334 uiillanimea
933 4277 1240 4334 exhortatio
1269 4279 1572 4332 verecunda
1592 4277 1950 4332 convalescat.
1971 4277 2127 4332 Unde

566 4349 875 4416 aulus,cum
885 4347 1418 4414 Thessalonicenses,
1435 4348 1489 4400 in
1503 4354 1726 4417 accepta
1737 4347 2127 4416 praedicatione

521 4419 904 4492 perdurantea,
935 4419 1089 4492 quasi
1113 4420 1180 4492 de
1201 4419 1378 4474 vicino
1410 4419 1598 4492 mundi
1627 4419 1861 4492 termino
1891 4419 2126 4492 quadam

520 4489 1356 4563 cognosceretpusillanimitate
1375 4491 1644 4556 turbatos,
1669 4491 1815 4563 prius
1836 4489 1890 4541 in
1910 4489 2128 4563 eisque:

526 4559 694 4618 fortia
721 4559 981 4630 prospicit
1000 4561 1204 4626 laudat,
1222 4570 1274 4616 et
1294 4569 1450 4616 caute
1469 4561 1741 4614 monendo
1765 4559 2125 4629 postmodum,

672 4641 797 4686 sunt
818 4633 1111 4699 inﬁrmata,
1140 4634 1379 4687 roborat.
1408 4631 1499 4684 Ait
1516 4631 1660 4684 enim
1681 4646 1693 4684 :
1719 4630 1942 4685 Gratias
1964 4646 2130 4700 agere

528 4647 794 4759 minus
806 4703 913 4758 Deo
927 4717 1153 4759 semper
1172 4717 1271 4759 nro
1287 4703 1451 4759 vobis.
1480 4704 1801 4759 fratres.ila
1815 4705 1881 4755 ut
1894 4701 2130 4759 dignum

567 4703 794 4759 ebemus
806 4703 913 4758 Deo
927 4717 1044 4756 sem
1053 4718 1153 4772 per
1169 4717 1271 4774 pro
1287 4703 1451 4765 vobis,
1478 4704 1802 4774 fratres,ita_
1815 4705 1881 4755 ut
1894 4701 2131 4774 dignum

528 4773 906 4846 est:quoniam
924 4771 1302 4844 supercrescit
1313 4774 1451 4846 ﬁdes
1465 4776 1734 4846 vesti-met
1747 4771 2000 4826 abundat
2011 4773 2133 4846 alia.

529 4842 1140 4916 ritasAuniuscuiusque
1154 4849 1403 4916 vestrum
1416 4842 1769 4916 inpicemnta
1783 4847 1845 4916 at
1857 4847 2014 4916 eteos
2028 4843 2136 4912 ipsi

528 4917 596 4973 in
609 4914 760 4972 vobis
770 4913 1088 4986 gloriemur
1099 4915 1160 4970 in
1177 4915 1451 4986 Ecclesiisq
1466 4913 1565 4967 Dei
1587 4929 1690 4986 pro
1719 4914 1998 4986 patientia
2027 4927 2134 4986 oes-

530 4991 626 5042 tra
641 4991 699 5043 et
719 4982 830 5054 ﬁde
857 4986 929 5046 (ll
962 4985 1147 5042 Thess.
1171 5001 1210 5050 ι,
1241 4986 1319 5054 3).
1353 4984 1456 5053 Qui
1490 4982 1613 5036 cum
1639 4982 1839 5054 blanda
1862 4985 1977 5054 haec
2006 4982 2132 5036 vitae

525 5052 811 5128 preconia
838 5057 1204 5126 pmmisisset,
1238 5052 1403 5126 paulo
1438 5061 1561 5123 post
1597 5053 1854 5128 subdidit,
1901 5052 2086 5128 dicens
2116 5069 2131 5128 ξ

531 5123 808 5198 Rogamus
828 5123 1022 5182 autem
1042 5142 1153 5192 uos,
1179 5123 1416 5190 fratres,
1449 5140 1549 5193 per
1569 5125 1814 5198 adventu
1824 5141 1890 5198 m_
1906 5123 2130 5198 Domini

531 5192 718 5256 nostri
743 5200 876 5254 Iesu
895 5198 1130 5264 Christi,
1153 5192 1918 5264 etvnostrtecongregationis
1943 5195 2001 5247 in
2037 5192 2132 5246 id-

529 5269 741 5344 ipsum,
761 5273 956 5344 utnon
973 5271 1086 5323 cito
1103 5267 1447 5344 mobeamini
1462 5282 1497 5319 α
1514 5270 1698 5320 uestro
1725 5280 1917 5328 sensu,
1953 5279 2134 5334 neque

530 5340 1076 5409 terreaminimeque
1087 5354 1188 5410 per
1202 5340 1670 5409 spiritummeque
1683 5351 1783 5410 per
1796 5350 2131 5410 sermonem,

525 5425 708 5482 neque
725 5427 828 5482 per
837 5403 1438 5482 ‘epist'olamtanquam
1443 5423 1559 5482 per
1577 5403 1679 5460 nos
1699 5405 1952 5464 missam.
1976 5403 2136 5482 quasi

530 5474 1293 5548 instet'dietDominiUbidf,
1324 5484 1402 5544 t).
1443 5474 1567 5548 Egit
1596 5492 1754 5531 “enim
1810 5474 1994 5530 verus
2032 5475 2134 5528 do-

529 5549 760 5620 etor,':ut
785 5550 936 5620 prius
963 5551 1211 5604 audirent
1233 5550 1434 5604 laudati
1468 5548 1612 5616 quod
1664 5552 2132 5616 recognoscerent,

529 5629 585 5678 et
612 5617 958 5691 pastmiodum
979 5620 1125 5691 quod
1153 5622 1419 5675 exhortati
1452 5627 1825 5691 sequerentur,
1871 5625 2138 5686 quatenus

530 5695 725 5749 eorum
749 5699 984 5746 mentem
1005 5706 1073 5745 ne
1128 5695 1421 5747 commotio
1469 5692 1754 5757 subjuncta
1804 5692 2132 5757 concuteret,

523 5763 646 5833 laus
671 5761 951 5833 praemissa
971 5761 1226 5816 solidaret
1249 5778 1263 5821 ;
1285 5769 1340 5816 et
1367 5762 1461 5833 qui
1511 5756 1812 5833 commotos
1839 5771 1933 5833 eos
1962 5756 2124 5812 vicini

527 5831 649 5884 ﬁnis
672 5829 986 5901 suspicione
998 5839 1351 5900 cognoverat,
1373 5829 1483 5886 non
1493 5833 1613 5898 jam
1627 5829 1992 5900 redarguebat
2008 5842 2126 5880 mo-

2230 3646 2591 3716 prohibebat;
2625 3654 2683 3700 ut
2712 3647 2843 3700 dum
2874 3647 2943 3700 de
2970 3648 3093 3715 ipsa
3114 3649 3327 3701 levitate
3357 3647 3615 3701 motionis
3647 3647 3834 3715 praedi-

2228 3717 2398 3788 catori
2426 3732 2524 3771 suo
2542 3732 2613 3788 _se
2637 3717 2948 3788 incognitos
2977 3718 3288 3788 crederent,
3321 3725 3471 3788 tanto
3529 3719 3834 3788 reprehen—

2229 3787 2501 3912 sibiliores
2530 3786 2650 3842 ﬁeri
2679 3786 2881 3858 quanto
2913 3795 2964 3841 et
2993 3787 3252 3859 cognosci
3301 3789 3372 3841 ab
3411 3787 3507 3842 illo
3566 3786 3833 3842 formida-

2230 3873 2330 3912 ren
2363 3901 2376 3912 .

2230 3873 2354 3913 rent
2363 3901 2376 3912 .

2229 3950 2362 3999 Car.
2388 3948 2453 4000 ll.
2484 3975 2537 3986 —
2575 3948 2850 3999 Sustinetis
2892 3948 2954 3998 in
2995 3949 3281 4014 exmplum
3316 3947 3457 4014 justi
3493 3948 3699 4012 judicii
3749 3949 3840 4000 Dsi

2759 4015 2826 4076 (ιι
2855 4015 3033 4066 Thess.
3087 4029 3126 4076 ι,
3155 4016 3210 4078 4,
3240 4017 3314 4075 is).

2306 4098 2389 4165 (In
2418 4097 2646 4169 exposit.
2674 4098 2734 4151 Β.
2766 4097 2890 4161 Job,
2925 4097 3022 4152 lib.
3053 4113 3108 4161 ν,
3143 4112 3302 4151 num.
3324 4099 3440 4159 22.)
3461 4097 3843 4169 Unusquisque

2231 4168 2395 4224 debet
2423 4168 2761 4224 considerare
2779 4184 2899 4238 quas
2933 4176 3222 4239 peccantes
3264 4169 3610 4239 postmodum
3649 4168 3840 4239 suplli-

2234 4240 2320 4295 cia
2350 4247 2618 4303 maneant,
2642 4240 2687 4292 si
2709 4237 2870 4294 etiam
2895 4237 3076 4308 justos
3124 4248 3234 4292 tam
3275 4238 3454 4291 valida
3499 4238 3589 4309 hic
3635 4237 3841 4309 ﬂagella

2235 4319 2523 4381 castigant.
2545 4311 2682 4364 Hinc
2698 4318 2777 4364 est
2791 4307 2935 4364 enim
2960 4310 3102 4379 quod
3123 4311 3314 4362 Petrus
3340 4311 3416 4362 ait
3434 4324 3459 4381 _:
3493 4307 3736 4379 Tempus
3757 4313 3834 4364 est

2235 4387 2300 4436 ut
2315 4378 2598 4452 judicium
2624 4382 2864 4452 incipiat
2889 4398 2923 4437 a
2944 4378 3102 4436 domo
3125 4381 3262 4435 Dei:
3278 4385 3333 4452 et
3355 4381 3400 4431 si
3413 4378 3611 4448 justus
3633 4378 3841 4434 cizsal-

2235 4451 2700 4522 vabilur,impius
2713 4451 2767 4506 et
2777 4456 3042 4522 peccator
3055 4453 3150 4504 ubi
3157 4451 3469 4522 parebun“
3478 4454 3496 4522 l_
3516 4453 3837 4514 Petr.iv,t7,

2241 4527 2306 4577 18
2310 4523 2371 4592 )‘I
2401 4523 2542 4576 Hinc
2571 4520 2796 4585 Paulus,
2833 4539 2954 4576 cum
2987 4520 3166 4575 multa
3193 4521 3249 4573 in
3281 4520 3839 4592 Thessalonicensium

2240 4594 2458 4648 laudem
2481 4593 2730 4654 dixisset.
2753 4593 2995 4657 protinus
3012 4592 3264 4659 adjunxit
3287 4607 3300 4643 :
3322 4591 3406 4644 Ita
3428 4597 3488 4644 ut
3521 4597 3577 4645 et
3617 4594 3728 4662 ipsi
3781 4595 3838 4645 in

2243 4666 2387 4720 vobis
2403 4664 2715 4732 gloriemur
2733 4665 2795 4718 in
2821 4665 3084 4719 Ecclesiis
3102 4663 3327 4732 Dei,pro
3342 4665 3635 4733 patientia
3659 4667 3840 4718 vestra

2241 4739 2297 4791 et
2314 4735 2510 4802 ﬁde,in
2531 4736 2791 4789 omnibus
2805 4736 3289 4804 persecutionibus
3305 4737 3361 4786 et
3384 4733 3836 4788 tribulationibus

2245 4807 2606 4876 vestris,quas
2620 4807 2919 4860 sustinetis
2932 4806 2950 4858 ἱ
2958 4821 2992 4858 n
3007 4804 3231 4876 exempl
3239 4818 3334 4857 um
3340 4804 3489 4873 Justi
3505 4805 3711 4869 iudicii
3725 4804 3833 4859 Dei.

2242 4881 2322 4931 Ac
2350 4877 2393 4929 si
2423 4875 2628 4930 diceret
2661 4893 2674 4928 :
2713 4877 2848 4928 Dum
2879 4883 2956 4929 tot
2983 4876 3118 4928 dura
3150 4875 3406 4930 toleratis.
3435 4889 3523 4941 qui
3560 4883 3667 4928 tam
3703 4887 3837 4929 rec-ta

2163 4941 2214 4999 D
2243 4947 2425 5016 agitis,
2459 4947 2589 5014 quid
2619 4946 2768 5000 aliud
2799 4961 2958 5016 quam
2984 4945 3113 5014 justi
3140 4943 3332 5016 judicii
3355 4943 3452 4996 Dei
3471 4948 3722 5016 exempla
3751 4946 3830 4998 da-

2244 5015 2350 5070 tiS‘?
2378 5015 2518 5084 Quia
2547 5030 2618 5070 ex
2651 5015 2828 5070 vestra
2857 5031 3017 5084 paena
3043 5015 3410 5086 colligendum
3441 5023 3523 5067 est
3571 5015 3835 5086 quomodo

2246 5081 2627 5156 feriai'quibus
2647 5081 2915 5150 irascitur,
2949 5086 2990 5138 si
3010 5088 3089 5140 sic
3107 5081 3202 5138 vos
3224 5081 3390 5154 afﬂigi
3423 5081 3623 5152 patitur
3648 5088 3702 5140 in
3727 5087 3834 5154 qui-

2238 5158 2339 5212 bus
2370 5159 2606 5212 laitatur.
2641 5157 2807 5211 Multo
2837 5157 3010 5227 magis
3054 5156 3255 5226 quippe
3277 5223 3286 5227 Δ
3311 5169 3680 5227 percussurus
3734 5164 3831 5218 est,

2239 5228 2432 5298 quibus
2455 5229 2662 5297 justum
2689 5223 2958 5296 judicium
2983 5223 3223 5298 exhibet,
3248 5223 3291 5277 si
3318 5226 3481 5277 etiam
3509 5243 3610 5282 vos
3632 5228 3710 5282 sic
3725 5243 3836 5281 cru-

2239 5297 2346 5354 ciat
2367 5314 2502 5368 quos
2528 5299 2615 5368 pie
2649 5299 2982 5368 redarguens
3014 5297 3182 5352 fovet.
3280 5351 3284 5354 .

2239 5366 2574 5440 ciant-l-
2602 5389 2657 5440 In
2701 5366 2879 5450 templo
2929 5389 3022 5437 Dei
3069 5389 3277 5442 sedebit.
3319 5366 3586 5440 ostendens
3628 5403 3684 5439 se
3740 5395 3836 5438 ias-

2590 5469 2742 5517 quam
2765 5457 2835 5504 sil
2860 5457 2996 5505 Deus
3026 5452 3095 5512 (11
3123 5455 3296 5504 Thess.
3321 5457 3475 5517 εινό).

2315 5539 2397 5605 (In
2426 5538 2654 5607 exposit.
2687 5538 2743 5591 Β.
2774 5537 2897 5602 Job,
2932 5537 3026 5590 lib.
3052 5552 3235 5602 xxxw,
3261 5554 3413 5603 num,
3436 5542 3504 5600 7;
3551 5537 3652 5591 lib.
3689 5552 3837 5598 xm,

2243 5624 2397 5662 num.
2420 5612 2483 5661 18
2509 5626 2521 5668 ;
2549 5607 2644 5662 lib.
2666 5623 2844 5672 χχχιι,
2867 5625 3009 5660 num.
3033 5610 3148 5674 Q5.)
3178 5607 3422 5661 Terribili
3453 5609 3647 5662 ordine
3669 5609 3839 5676 dispo-

2241 5679 2449 5734 sitionis
2478 5685 2724 5743 occultae,
2760 5680 3076 5750 priusquam
3108 5679 3274 5750 hostis
3326 5679 3581 5748 antiquus
3640 5678 3693 5731 in
3751 5678 3836 5731 illo

2232 5750 2496 5804 damnato
2529 5751 2766 5810 homine.
2799 5749 3055 5803 videlicet
3084 5749 3432 5815 Antichristo,
3467 5764 3631 5819 quem
3678 5764 3833 5803 assu-

2229 5828 2359 5886 met,
2391 5829 2670 5890 appareat,
2703 5821 2964 5876 virtutum
2989 5819 3146 5889 signa
3169 5832 3201 5870 a
3231 5829 3422 5874 sancta
3447 5821 3832 5875 subtrahentur
