4110 6176
410 321 553 373 1369

926 318 1174 378 ALULFI
1217 316 1590 399 EXPOSITIO
1623 318 1792 377 NOVI
1812 322 2016 378 TEST.
2056 352 2125 364 κ-
2182 323 2330 381 SUP.
2362 324 2473 381 ΕΡ.
2513 325 2559 380 Il
2591 325 2804 383 PAULI
2834 327 2927 382 AD
2957 325 3194 380 THESS.

3589 333 3727 387 1370

408 440 860 522 Ecc_lesia.nNam
915 441 1225 522 prophetia.
1254 439 1638 522 abscondetur,
1674 444 2006 522 curationum
2037 444 2094 506 Α
2124 443 2265 522 sicut
2286 445 2556 522 scriptum
2593 457 2705 505 est:
2742 452 2913 521 Quem
2933 452 3200 507 Dominus
3232 450 3390 507 Iesus
3424 450 3735 522 interﬁciet

409 514 588 585 gratia
617 512 1258 585 aufereuir,7prolixioris
1279 512 1622 567 abstinentiae
1646 513 1810 569 virtus
1832 516 2010 569 immi-

408 592 623 652 nuetur,
666 585 929 641 doctrina:
988 585 1352 641 conticescent
1407 587 1574 637 verba
1630 586 2013 641 miraculorum

408 656 665 725 tollentur
698 657 969 724 prodigia.
992 655 1128 724 Quae
1160 654 1381 725 quidem
1414 668 1757 724 nequaquam
1781 672 2015 723 superna

407 724 749 797 dispensatio
778 726 1021 781 funditus
1053 724 1423 789 subtraheret,
1456 725 1697 797 sedunon
1732 728 1850 780 haec
1878 728 2016 782 sicut

405 794 699 868 prioribus,
739 798 1073 868 temporibus
1129 805 1312 868 aperte
1341 810 1407 849 ac
1434 794 1797 865 multipliciter
1826 808 2013 853 osten-

406 866 519 922 det.
547 867 707 939 Quod
739 866 921 923 tamen
980 872 1117 923 mira
1144 866 1582 939 dispensatione
1612 876 1824 939 agetur,
1858 877 1915 922 ut
1943 885 2013 923 ex

404 953 515 1009 una
543 954 601 993 re
645 938 831 1009 divina
882 939 1043 993 simul
1100 937 1274 1008 pietas
1325 943 1379 991 et
1416 936 1627 1009 ju‘stitia
1652 936 2008 1009 compleatur.

401 1006 546 1062 Dum
604 1008 749 1062 enim
796 1010 1084 1066 subtractis
1100 1006 1400 1080 'sigiiorum
1431 1007 1736 1080 virtutibus,
1770 1006 2013 1064 Ecclesia

404 1086 593 1134 sancta
621 1080 770 1134 velut
798 1080 1074 1151 abjectior
1101 1077 1344 1149 apparet,
1366 1077 1696 1151 etbonorum
1722 1080 2010 1150 praemium

404 1151 623 1218 crescit,
655 1152 745 1222 qui
776 1148 927 1206 illam
970 1165 1071 1222 pro
1130 1148 1229 1220 spe
1286 1148 1605 1222 caelestium,
1656 1148 1763 1205 non
1794 1159 2013 1221 propter

408 1218 707 1300 praesentia
737 1222 895 1294 signa
912 1218 1251 1300 venerantur,
1271 1229 1327 1274 et
1351 1218 1617 1299 malorum
1649 1218 1811 1300 meus
1824 1218 2015 1300 contra

406 1289 556 1362 illam
586 1291 745 1346 citius
773 1289 1095 1360 ostenditur,
1127 1289 1402 1362 quisequi
1432 1306 1555 1362 qua:
1575 1292 1839 1359 promittit
1868 1292 2011 1347 invi-

404 1360 588 1434 sibilia
618 1362 929 1434 negligant,
944 1359 1268 1434 dum’signis
1285 1359 1587 1434 vi’sibilibus
1602 1377 1713 1434 non
1739 1368 2006 1418 tenentur.

405 1432 546 1505 Dum
578 1431 1047 1505 igiturbumilitas
1094 1431 1726 1505 ﬁdeliiim_multi_tudina_
1748 1441 1801 1505 et
1831 1434 2011 1505 mani-

407 1501 695 1577 festatione
722 1503 1004 1577 signorum
1038 1504 1196 1577 quasi
1228 1501 1549 1577 destituitur,
1585 1503 1815 1577 terribili
1840 1504 2015 1577 occul-

409 1581 479 1629 tae
531 1573 907 1645 dispositionis
961 1573 1218 1630 examine
1268 1573 1397 1627 inde
1424 1573 1586 1628 bonis
1641 1575 2011 1630 misericordia

405 1644 633 1717 largitur
660 1648 801 1701 unde
832 1646 989 1717 malis
1013 1645 1093 1699 ira
1116 1644 1264 1714 justa
1290 1644 1621 1717 cumulatur.
1660 1650 1796 1701 Ante
1842 1646 2012 1717 igitur

402 1713 698 1787 exinagna
734 1725 883 1786 parte
911 1716 1069 1787 signa
1100 1713 1354 1787 virtutum
1383 1722 1435 1787 et
1463 1713 1846 1771 miraculorum
1866 1713 1909 1772 'a
1941 1717 2009 1770 li-

405 1785 617 1840 delibus
646 1787 701 1840 in
730 1785 913 1842 Sancta

405 1863 490 1928 tra
519 1872 613 1913 eos
641 1857 895 1928 antiquus
924 1858 1097 1913 hostis
1127 1856 1181 1910 in
1214 1854 1307 1910 illo
1339 1854 1595 1928 damnato
1626 1858 1867 1922 homine,
1900 1859 2012 1913 sci-

404 1925 907 1999 licetrlnticbristo,
939 1943 1037 1999 per
1095 1934 1279 1996 aperta
1324 1926 1577 1999 prodigia
1607 1929 1933 1999 conspicuus
1962 1938 2016 1984 et

405 1997 728 2054 manifestus
755 1997 1085 2063 ostendetur,
1109 2005 1168 2051 ut
1195 2011 1303 2068 quo
1333 1997 1452 2068 ipse
1473 2012 1572 2066 per
1600 1997 1757 2068 signa
1788 1999 2013 2054 extolli-

408 2075 513 2135 tur,
547 2083 614 2149 eo
642 2085 672 2123 a
703 2068 953 2150 ﬁdelibus
981 2071 1100 2150 sine
1129 2067 1303 2150 signis
1323 2067 1614 2150 "robustius
1654 2067 2013 2150 laudabilius-

411 2153 518 2208 que
549 2140 814 2195 vincatur.
844 2139 1108 2209 Quamvis
1129 2135 1297 2209 etiam
1321 2135 1573 2192 ﬁdelibus
1600 2138 1654 2192 in
1686 2141 1806 2209 ejus
1834 2149 2012 2196 certa-

408 2210 558 2264 mine
583 2210 743 2281 signa
771 2208 879 2265 non
907 2212 1183 2281 deerunt,
1203 2208 1304 2281 sed
1333 2215 1498 2281 tanta
1555 2208 1727 2281 erAunt
1765 2210 1912 2265 illius
1956 2220 2016 2266 ut

407 2278 725 2336 nostrorum
754 2297 930 2351 pauca
960 2289 1049 2336 aut
1076 2278 1227 2351 nulla
1240 2279 1562 2351 videantur.
1588 2278 1827 2348 Quorum
1856 2282 2016 2336 nimi-

411 2365 543 2423 rum
554 2353 736 2423 _virtus
754 2348 1015 2423 omnibus
1036 2350 1214 2421 signis
1230 2348 1289 2403 ﬁt
1301 2350 1504 2423 potior,
1536 2366 1660 2423 cum
1689 2366 1852 2407 omne
1869 2353 2016 2423 quod

408 2419 479 2475 ab
511 2420 607 2476 illo
637 2423 754 2477 ﬁeri
785 2419 1111 2478 terribiliter‘
1125 2420 1477 2489 conspicitur,
1508 2436 1605 2489 per
1632 2421 1856 2477 interna:
1885 2419 2017 2478 cou-

407 2495 618 2547 stantiae
674 2493 880 2549 calcem
930 2493 1141 2563 premit.
1189 2490 1294 2546 sed
1331 2491 1816 2563 malignushostis
1870 2501 2015 2549 tanto

405 2570 599 2617 contra
626 2578 722 2619 eos
763 2562 980 2619 acriore
1027 2563 1359 2633 immanitate
1398 2578 1455 2616 se
1486 2562 1783 2628 exhibebit,
1817 2572 2014 2633 quanto

406 2647 468 2703 se
496 2633 703 2703 despici
761 2635 925 2689 etiam
980 2631 1735 2703 clarescentibusrmiraculis
1774 2631 2005 2689 dolebit.

405 2702 609 2758 Totum
642 2704 808 2776 igitur
826 2720 897 2776 se
942 2703 1000 2776 in
1051 2718 1237 2758 eorum
1284 2702 1556 2776 uitet-itum
1606 2704 1847 2776 colliget,
1881 2722 2017 2760 cun-

400 2782 631 2846 ctosque
661 2771 923 2846 reprobos
952 2775 1006 2828 in
1054 2789 1244 2846 necein
1290 2771 1527 2846 ﬁdelium
1582 2771 1906 2846 unanimiter
1961 2783 2017 2830 et

400 2842 700 2900 crudeliter
723 2842 1011 2901 accendet.
1044 2842 1298 2913 Superba
1329 2844 1509 2912 itaque
1544 2845 1860 2899 Antichristi
1891 2846 2015 2901 cel-

401 2914 585 2970 situdo
616 2931 780 2985 super
809 2917 1065 2987 reprobas
1095 2922 1308 2987 mentes
1332 2914 1607 2968 hominum
1655 2918 1795 2969 l'astu
1826 2915 2016 2987 gloria

400 2988 678 3058 saecularis
728 2988 987 3058 erigetur,
1022 2986 1097 3058 ita
1128 2994 1194 3058 ut»
1213 2986 1376 3058 ling
1417 2992 1690 3053 peccator,
1731 2991 1785 3040 et
1837 2986 2015 3041 tamen

400 3056 569 3111 homo
595 3055 908 3126 despiciens
933 3056 1220 3123 mstimari,
1252 3055 1435 3126 Deum
1458 3071 1516 3108 se
1548 3070 1713 3123 super
1751 3057 2015 3126 homines

989 1787 1189 1841 cclesia
1211 1784 1620 1855 subtrahuntur,
1643 1793 1695 1841 et
1725 1796 1850 1841 tunc
1878 1802 2012 1843 con-
2041 1794 2096 1855 Β

2124 516 2335 584 spiritu
2355 522 2439 572 ori
2454 522 2566 582 sui,
2582 527 2638 576 et
2657 516 2912 579 destruet
2933 525 3321 577 illustrations
3343 516 3623 582 aduentus
3638 527 3730 584 sui

2127 584 2210 665 ςΙΙ
2237 586 2415 665 Thess.
2436 603 2494 651 ii,
2519 595 2597 665 β).
2631 592 2711 646 De
2760 595 2861 648 hoc
2890 594 3109 663 perdito
3143 594 3359 647 homine
3401 610 3496 663 per
3524 596 3734 652 Danie-

2131 656 2235 738 lem
2256 656 2479 738 dicitur:
2505 660 2714 718 Contra
2733 656 3047 738 principem
3063 665 3391 735 principum
3401 656 3732 738 consurget,

2128 734 2184 782 et
2212 730 2339 809 sine
2370 744 2547 809 manu
2576 730 3099 809 contereturtpan.
3134 730 3367 809 viii,‘25).
3394 734 3554 803 Quod
3585 730 3730 809 ergo

2125 810 2225 867 per
2246 796 2523 853 Danielem
2556 802 2755 878 dictum
2788 812 2867 857 est
2891 796 3146 878 :_Contra
3167 796 3482 878 principem
3508 796 3735 878 princi-

2124 883 2261 938 pum
2291 876 2612 943 consurget,
2647 873 2750 926 hoc
2782 889 2876 943 per
2905 875 3129 929 Paulum
3168 873 3377 929 dicitur
3410 891 3421 928 :
3457 873 3541 931 Ita
3574 883 3640 933 ut
3670 882 3730 934 in

2127 940 2335 1016 templo
2354 941 2455 1016 Dei
2470 942 2685 1016 sedeat,
2708 940 3007 1016 ostendens
3023 962 3078 999 se
3098 951 3371 1016 tanquam
3390 948 3465 1001 sit
3483 949 3648 1003 Deus.
3668 950 3735 1003 Et

2125 1010 2270 1077 quod
2298 1025 2394 1085 per
2424 1012 3106 1085 Danielemsubjungitur:
3147 1010 3290 1070 Sine
3320 1032 3499 1072 manu
3532 1023 3735 1074 conte-

2124 1084 2307 1152 retur,
2339 1081 2439 1134 hoc
2458 1097 2560 1150 per
2591 1081 3203 1152 Paulum'exprimitur:
3252 1084 3431 1150 Quem
3462 1090 3736 1144 Dominus

2124 1151 2285 1206 Iesus
2314 1152 2625 1225 interﬁciet
2651 1156 2860 1225 spiritu
2889 1151 3003 1210 oris
3033 1156 3143 1217 sui,
3190 1160 3245 1210 et
3287 1158 3545 1213 destruet
3574 1160 3739 1214 illus-

2125 1224 2380 1275 tration:
2410 1224 2689 1279 adventus
2723 1229 2833 1280 sui.
2883 1225 3012 1280 Sine
3042 1241 3206 1279 manu
3236 1227 3445 1283 scilicet
3479 1239 3737 1285 contere-

2125 1291 2389 1366 tur,_quia
2426 1308 2534 1366 non
2564 1296 2884 1366 angelorum
2918 1296 3086 1363 bello,
3119 1311 3225 1350 non
3257 1307 3575 1354 sanctorum
3607 1316 3737 1355 cer-

2125 1361 2343 1429 tamine,
2376 1363 2474 1417 sed
2524 1380 2622 1441 per
2640 1361 2958 1441 fadventum
2999 1367 3206 1422 Iudicis
3251 1367 3370 1423 solo
3403 1370 3516 1425 oris
3546 1371 3738 1441 spiritu

2123 1440 2329 1487 interna
2361 1442 2534 1490 morte
2564 1435 2817 1492 ferietur.

2122 1583 2241 1653 (in.
2270 1582 2361 1660 ΙῩ.
2386 1609 2449 1619 -
2473 1586 2536 1636 Ut
2557 1588 2807 1660 reveletur
2832 1590 2886 1660 in
2908 1602 3000 1660 suo
3026 1594 3245 1660 tempore
3263 1605 3282 1640 :
3306 1605 3426 1660 nam
3445 1596 3738 1654 mysterium

2307 1655 2409 1715 iam
2430 1658 2671 1714 operatur
2693 1655 2989 1717 iniquitatis
3008 1656 3077 1714 (ll
3101 1657 3269 1707 Thess.
3300 1671 3358 1719 ti,
3386 1659 3441 1719 6,
3470 1660 3538 1720 7).

2194 1785 2279 1912 sin
2308 1790 2542 1858 exposit.
2582 1791 2641 1845 B.
2672 1790 2806 1856 Job,
2841 1790 2879 1845 l.
2905 1806 3057 1861 XXIX,
3090 1808 3148 1845 n.
3178 1790 3261 1855 15,
3299 1792 3413 1863 16.)
3443 1791 3585 1849 Sunt
3604 1809 3739 1849 non-

2194 1878 2198 1911 ι
2226 1858 2261 1911 li
2289 1860 2381 1912 aiii
2412 1868 2618 1912 aeterna
2649 1878 2768 1912 ante
2798 1862 3023 1912 audiunt
3056 1863 3318 1912 veraciter
3359 1864 3608 1912 credunt-
3642 1866 3738 1912 sed

2126 1858 2261 1912 nulli
2289 1860 2381 1933 qui
2412 1868 2773 1933 aeternaque:
2798 1862 3023 1933 audiunt
3044 1858 3318 1917 veraciter
3359 1858 3609 1933 credunt,
3642 1866 3739 1919 sed

2125 1935 2305 2006 tumen
2328 1929 2489 2006 juxta
2502 1929 2940 2006 praedicationem
2974 1932 3098 1988 fidei
3125 1934 3307 1988 vivere
3338 1929 3644 2006 negligant,
3676 1942 3733 1990 et

2126 1998 2305 2072 eidem
2340 1998 2518 2072 Aﬁdei,‘
2545 2018 2707 2072 quam
2756 2003 2937 2072 specie
2982 2012 3141 2059 tenus
3170 1998 3729 2071 venerantes'tenent,

2127 2069 2271 2125 male
2300 2070 2537 2146 vivendo
2566 2069 2986 2146 'contradicunt.
3015 2145 3020 2146 γ
3053 2074 3158 2142 Qui
3204 2075 3333 2129 dum
3367 2075 3487 2146 plus
3517 2069 3734 2130 teri-cna

2128 2156 2292 2265 quam
2324 2144 2584 2210 ccclestia,
2617 2144 2738 2212 plus
2780 2160 2905 2213 quae
2936 2145 3122 2199 vident
3161 2161 3324 2215 quam
3355 2144 3479 2216 qum
3508 2146 3736 2201 audiunt

2169 2212 2381 2265 ilitmnt.
2402 2214 2650 2265 nulsante
2694 2216 3087 2265 persecutionis
3102 2215 3349 2265 articulo.
3364 2216 3510 2265 (ιιιοά
3528 2225 3734 2265 rectum

2169 2212 2381 2282 iligunt,
2402 2214 2650 2286 pulsante
2694 2212 3087 2286 persecutionis
3102 2212 3350 2279 articulo,
3364 2212 3510 2286 quod
3528 2225 3734 2271 rectum

2128 2287 2348 2337 credere
2370 2283 2693 2338 videbantur
2718 2286 2988 2339 amittunt.
3018 2284 3177 2353 Quod
3207 2286 3300 2340 illo
3330 2283 3567 2341 maxime
3587 2294 3732 2341 tem-

2126 2366 2261 2421 pore
2317 2354 2670 2428 multiplicius
2713 2356 2908 2427 agitur,
2942 2357 3161 2425 quando
3190 2364 3450 2428 surgente
3476 2356 3596 2426 ipso
3620 2358 3734 2428 ini-

2129 2438 2365 2496 quorum
2395 2426 2591 2496 capite,
2626 2430 2677 2478 in
2706 2426 2906 2480 sancta:
2930 2428 3191 2481 EccleSiaa
3220 2426 3596 2496 persecutione
3610 2427 3732 2482 ulti-

2128 2508 2239 2568 me,
2274 2494 2599 2568 liberissuis
2635 2496 2860 2568 _viribus
2917 2498 3035 2568 ejus
3077 2494 3335 2552 fortitudo
3365 2497 3725 2568 grassabitur.

2125 2563 2208 2638 ibi
2241 2572 2363 2638 tunc
2395 2565 2824 2638 uniuscujusque
2853 2563 2962 2621 cor'
2986 2568 3329 2635 ostendetur,
3361 2563 3434 2621 ibi
3466 2568 3732 2638 quidquid

2127 2634 2183 2687 in
2211 2635 2440 2708 occultis
2473 2636 2675 2691 latebat
2704 2634 2994 2708 aperietur.
3053 2639 3123 2693 Et
3165 2640 3259 2707 qui
3309 2654 3450 2693 nunc
3482 2634 3580 2694 ore
3608 2634 3733 2692 sunt

2125 2704 2280 2779 pun,
2298 2715 2348 2759 et
2378 2707 2540 2761 corde
2557 2715 2680 2760 sunt
2708 2704 2881 2778 impii,
2915 2704 3198 2779 publicata
3221 2709 3425 2762 malitia
3444 2716 3728 2772 comient;

2127 2773 2183 2848 et
2211 2773 2578 2848 ﬁ‘dem,quam
2604 2773 2961 2847 specie-tentis
2992 2787 3297 2847 tenuerant,
3316 2779 3569 2848 perdent.
3596 2779 3733 2833 Hinc

2129 2842 2328 2921 Paulus
2341 2842 2449 2901 ait}
2478 2849 2541 2904 Ut
2563 2842 2918 2904 reueleturin
2948 2865 3048 2905 suo
3072 2842 3341 2921 tempore,
3358 2866 3505 2921 nam
3530 2855 3731 2921 myste-

2126 2916 2425 2992 riumjam
2454 2923 2724 2992 aperatur
2747 2922 3093 2992 iniquitatis.
3127 2916 3213 2974 Ac
3232 2922 3277 2973 si
3312 2919 3555 2992 diceret:
3581 2916 3733 2992 Τυηο

2125 2986 2497 3041 Ληῐίοὴνιειυέ
2520 2986 3166 3054 manifectus'videbitur,
3203 3004 3328 3043 nam
3385 2988 3440 3042 in
3469 2990 3731 3043 cordibus

2126 3056 2457 3125 iniquorum,
2491 3058 2542 3110 id
2584 3067 2663 3113 est
2700 3062 3070 3114 membrorum
3099 3076 3348 3124 suorum,
3381 3068 3593 3113 secreta
3632 3075 3732 3114 sua

401 3125 752 3199 mentiatur?
801 3126 956 3199 Unde
1002 3127 1210 3199 Paulus
1229 3125 1510 3195 apostolus
1540 3126 1667 3179 dicit
1696 3143 1707 3179 :
1736 3125 1819 3181 Ita
1855 3132 1919 3199 ut
1952 3128 2016 3181 in
2046 3136 2098 3199 ο
2121 3125 2237 3199 jam
2268 3143 2411 3199 nunc
2431 3128 2673 3182 occultus
2702 3140 2981 3199 operatur.
3016 3131 3084 3186 Ut
3109 3129 3251 3184 enim
3274 3129 3342 3183 de
3372 3126 3732 3199 apertioribus

404 3199 620 3269 templo
643 3197 745 3253 Dei
770 3197 987 3263 sedeat,
1014 3197 1315 3269 ostendens
1343 3210 1399 3269 se
1441 3199 1713 3269 tanquam
1736 3197 2009 3269 sitDeus.

404 3265 575 3336 Cujus
590 3276 647 3323 ut
667 3276 913 3322 timorem
937 3267 1149 3338 plenius
1169 3267 1495 3329 ostenderet,
1511 3266 1787 3338 prmmisit:
1807 3268 1912 3334 Qui
1924 3268 2016 3323 ad-

401 3345 749 3407 versalur,et
761 3337 1067 3394 extollitur
1079 3353 1247 3409 super
1262 3352 1428 3409 omne
1442 3337 1583 3409 quod
1606 3338 1823 3409 dicitur
1846 3339 2010 3403 Deus,

401 3414 505 3464 aut
535 3411 678 3480 quod
696 3411 924 3465 colitur.
946 3410 1090 3463 Deus
1108 3407 1257 3480 enim
1279 3407 1573 3480 aliquando
1612 3407 1718 3480 dici
1758 3416 1815 3462 et
1849 3409 2013 3463 homo

413 3477 615 3550 potest,
636 3480 794 3550 juxta
817 3480 963 3550 quod
985 3485 1039 3533 et
1055 3479 1125 3550 ad
1146 3478 1372 3550 Moysen
1390 3477 1628 3550 dicitur_:
1656 3477 1794 3534 Ecce
1809 3481 2014 3535 consti-

402 3548 493 3604 tui
512 3553 567 3605 te
598 3548 773 3606 Deum
805 3548 1120 3605 Pharaonis
1142 3548 1341 3618 (Egeod.
1365 3565 1457 3614 vu,
1484 3551 1559 3617 1).
1579 3548 1725 3602 Deus
1749 3564 1881 3604 vero
1903 3550 2014 3604 coli

404 3634 575 3690 purus
609 3622 775 3675 homo
805 3635 913 3674 non
940 3616 1161 3689 potest
1195 3616 1336 3686 Quia
1386 3616 1521 3672 vero
1548 3618 1906 3690 Antichrisius
1960 3624 2018 3673 et

401 3688 571 3759 Super
598 3700 785 3762 sentos
823 3688 1078 3762 quosque
1107 3690 1374 3762 homines,
1408 3697 1464 3740 et
1520 3703 1687 3756 super
1712 3688 1881 3762 ipsius
1904 3704 2013 3758 po-

401 3758 633 3815 tentiam
666 3758 964 3815 divinitatis
991 3758 1302 3825 extollitur,
1362 3772 1462 3827 per
1492 3768 1747 3811 exactum
1779 3758 1880 3811 sibi
1910 3774 2014 3812 no-

401 3846 530 3902 men
559 3832 771 3902 gloriae,
802 3839 857 3885 et
900 3830 1004 3902 hoc
1052 3828 1196 3899 quod
1224 3827 1618 3902 Deus__dicitu_i-,
1651 3835 1705 3881 et
1735 3829 1836 3882 hoc
1866 3828 2014 3902 quod

401 3898 787 3969 Deuscolitur,
822 3900 1055 3955 transire
1070 3898 1671 3969 iconatur.7Notandum
1702 3912 1831 3952 vero
1862 3899 2014 3952 estin

402 3980 664 4043 quantam
686 3968 958 4042 superbiae
988 3971 1207 4026 foveam
1237 3968 1591 4043 cecidit,_qui
1610 3970 1677 4043 in
1699 3984 2013 4043 mensuram

402 4037 576 4097 ruinae
600 4059 707 4112 qur
737 4037 917 4112 lapsus
946 4049 1027 4096 est
1064 4055 1172 4094 non
1202 4037 1529 4112 permansitr
1560 4037 1824 4112 Diabolus
1853 4038 2009 4109 quip-

401 4126 473 4183 pe
501 4128 561 4167 er
588 4108 754 4168 homo
785 4108 856 4166 ab
884 4120 1028 4166 statu
1058 4110 1292 4183 propria
1321 4109 1649 4183 conditionis
1670 4108 1812 4163 elata
1833 4108 2015 4183 mente

402 4180 740 4247 corruerunt,
764 4192 822 4236 ut
842 4182 927 4237 vel
950 4182 1044 4235 ille
1072 4180 1273 4236 diceret
1296 4197 1311 4233 :
1358 4180 1667 4250 escendam
1697 4195 1867 4250 super
1883 4181 2013 4235 alti-

404 4253 665 4309 tudinem
684 4253 943 4317 nubium,
963 4252 1171 4306 similis
1185 4266 1280 4307 ero
1296 4253 1331 4304 Α
1343 4250 1585 4305 ltissimo
1602 4249 1740 4320 (Isa.
1758 4249 1867 4316 iuv,
1889 4252 1977 4319 13)
1994 4268 2008 4311 ;

400 4325 486 4378 vel
510 4323 610 4379 iste
631 4324 856 4378 audiens
878 4324 1121 4377 crederet
1144 4339 1156 4374 :
1185 4322 1539 4392 Aperientur
1567 4321 1717 4375 oculi
1740 4324 1931 4387 vestri,
1956 4326 2013 4376 et

399 4396 563 4449 eritis
579 4395 727 4450 sicut
758 4393 839 4450 dii
864 4393 1021 4462 (Gen.
1044 4408 1127 4458 iii,
1151 4390 1471 4457 5).'Idcirco
1502 4406 1638 4462 ergo
1661 4399 1892 4461 uterque
1912 4406 2009 4446 ce-

2124 3196 2446 3267 criminibus
2479 3205 2704 3267 taceam,
2735 3196 2869 3255 ecce
2899 3200 3039 3254 alius
3070 3201 3216 3254 fratri
3247 3199 3303 3253 in
3332 3196 3500 3255 corde
3524 3215 3623 3254 suo
3653 3208 3735 3254 ta-

2122 3265 2259 3340 citus
2288 3267 2515 3335 invidet,
2549 3275 2603 3322 et
2647 3265 2697 3323 si
2737 3271 3078 3325 occasionem
3128 3271 3381 3338 reperiat,
3433 3285 3556 3324 eum
3588 3285 3733 3340 sup-

2122 3336 2372 3410 plantare
2399 3340 2691 3395 contendit.
2734 3341 2901 3410 Cujus
2932 3341 3153 3395 alterius
3182 3336 3487 3394 membrum
3518 3348 3597 3395 est
3624 3336 3732 3396 nisi

2124 3406 2245 3476 ejus
2266 3408 2335 3462 de
2353 3425 2462 3478 quo
2479 3410 2737 3478 scriptum
2760 3406 2843 3465 est
2861 3428 2875 3465 :
2900 3412 3117 3467 Invidia
3132 3411 3346 3466 diaboli
3362 3426 3512 3466 mors
3527 3413 3733 3466 introi-

2122 3479 2207 3553 vit
2224 3478 2285 3533 in
2303 3478 2488 3534 orbem
2511 3490 2792 3553 terrarum
2811 3481 2978 3553 (Sap.
3002 3498 3062 3549 ii,
3080 3482 3212 3550 24)?
3234 3481 3391 3553 Alius
3414 3481 3732 3553 magnima-

2122 3548 2209 3602 riti
2236 3564 2293 3620 se
2315 3565 2439 3605 esse
2464 3552 2762 3615 aestimans,
2798 3548 2896 3620 per
2922 3548 3189 3605 tumerem
3221 3551 3405 3605 cordis
3435 3548 3643 3605 cunctis
3670 3567 3732 3605 se

2120 3618 2439 3689 praeferens,
2472 3635 2659 3675 omnes
2689 3618 2980 3684 semetipso
3013 3623 3297 3676 inferiores
3324 3619 3518 3676 credit.
3559 3621 3729 3689 Cujus

2123 3688 2345 3762 ulterius
2376 3691 2681 3762 membrum
2713 3703 2790 3746 est
2824 3692 2925 3746 nisi
2952 3693 3069 3761 ejus
3099 3691 3166 3745 de
3197 3707 3304 3762 quo
3330 3690 3588 3761 scriptum
3606 3688 3726 3762 est:

2126 3757 2558 3833 Omnesublime
2578 3762 2746 3827 videt,
2761 3766 2817 3816 et
2834 3764 2952 3833 ipse
2965 3757 3049 3817 est
3068 3778 3174 3817 rex
3189 3757 3359 3833 super
3374 3757 3567 3817 omnes
3582 3761 3731 3833 ﬁlios

2121 3828 2395 3902 superbia:
2412 3831 2554 3893 (Job.
2574 3845 2689 3902 xm,
2706 3833 2797 3902 25)
2813 3828 3019 3902 ‘I'Alius
3048 3832 3343 3901 potentiam
3356 3832 3520 3902 hujus
3541 3831 3731 3902 mundi

2123 3897 2478 3973 quaeritknon
2511 3914 2617 3973 quo
2646 3900 2769 3973 aliis
2787 3900 2974 3973 prosit,
3002 3897 3099 3955 sed
3120 3918 3226 3973 quo
3248 3918 3359 3973 non
3390 3897 3458 3973 sit
3481 3901 3728 3973 subditus

2122 3968 2296 4023 alteri.
2331 3968 2495 4037 Cujus
2523 3968 3212 4042 alteriusmembrumest,
3244 3972 3349 4025 nisi
3376 3972 3492 4041 ejus
3521 3972 3591 4026 de
3620 3986 3728 4042 quo

2121 4041 2386 4106 scriptum
2410 4047 2510 4103 est,
2544 4039 2634 4108 qui
2656 4040 2795 4093 dixit
2820 4057 2831 4092 :
2862 4040 3065 4096 Sedebo
3082 4041 3144 4095 in
3160 4046 3350 4096 monte
3375 4039 3727 4108 testamenti,

2120 4109 2184 4163 in
2208 4108 2481 4181 lateribus
2499 4109 2829 4178 Aquilonis;
2846 4111 3146 4181 ascendam
3169 4126 3339 4181 super
3355 4112 3731 4166 altitudinem

2089 4178 2380 4252 nubium,
2424 4181 2631 4252 similis
2688 4196 2781 4252 ero
2812 4178 3120 4252 AAItissimo
3160 4178 3460 4252 (Isa.,_x1v,
3486 4181 3732 4252 13,14)?

2122 4247 2282 4321 Solus
2362 4250 2566 4319 quippe
2621 4250 2948 4321 Altissimus
3034 4250 3113 4304 ita
3198 4250 3507 4321 dominatur
3562 4247 3733 4321 super

2121 4319 2333 4390 omnia,
2370 4328 2426 4373 ut
2481 4319 2632 4374 alteri
2682 4321 2907 4375 subesse
2965 4336 3073 4374 non
3132 4320 3318 4390 possit.
3377 4319 3548 4388 Quem
3586 4319 3731 4390 dia-

2121 4389 2279 4444 bolus
2323 4389 2529 4444 imitari
2577 4406 2839 4455 perverse
2884 4391 3072 4455 voluit,
3106 4389 3228 4445 cum
3261 4407 3417 4444 suum
3446 4389 3730 4445 dominum

399 4464 554 4529 cidit,
579 4464 707 4545 quia
736 4465 851 4519 Deo
876 4461 1231 4545 simi-Iishesse
1254 4477 1361 4515 non
1389 4476 1488 4530 per
1498 4461 1760 4541 justitiam
1791 4462 1883 4545 sed
1906 4477 2006 4531 per
2037 4475 2091 4537 ι)
2121 4475 2385 4545 querens,
2420 4461 2473 4541 ei
2500 4461 2728 4545 subesse
2760 4461 3051 4545 recusavit.
3086 4462 3335 4515 Imitatur
3364 4461 3725 4545 ergodiabo-

401 4532 701 4605 potentiam
732 4534 1063 4605 covicupivit.
1083 4532 1192 4587 Sed
1221 4534 1384 4587 homo
1412 4548 1508 4605 per
1535 4532 1767 4603 gratiam
1799 4532 2002 4605 libera-

397 4602 506 4676 tus,
538 4606 629 4676 qui
648 4606 746 4660 Dei
769 4602 1191 4676 similitudinem
1228 4602 1557 4676 appetendg’
1578 4617 1825 4676 perverse
1855 4603 2004 4657 ceci-

395 4673 572 4741 derat,
599 4676 654 4730 in
683 4686 894 4731 reatum
923 4675 1010 4729 sui
1043 4673 1285 4729 criminis
1317 4673 1478 4743 longe
1511 4674 1624 4727 Deo
1653 4687 1711 4726 se
1741 4674 2004 4742 imparem

400 4761 519 4801 esse
564 4762 922 4817 cognoscens,
962 4747 1157 4817 clamat
1182 4759 1207 4817 ε)
1229 4743 1483 4817 Domine,
1510 4744 1634 4817 quis
1661 4743 1870 4817 similis
1901 4747 2006 4801 tibi

401 4818 581 4885 (Psal.
626 4814 976 4884 ixx1x,lO)?
1021 4815 1279 4870 Diabolus
1312 4829 1435 4868 vero
1465 4814 1531 4866 in
1572 4815 1751 4883 lapsus
1780 4815 1861 4867 sui
1892 4818 2007 4870 cri-

400 4887 550 4941 mine
573 4886 721 4957 juste
752 4888 1035 4953 dimissus,
1068 4886 1122 4939 in
1155 4900 1463 4939 mensuram
1493 4885 1663 4938 ruina
1693 4899 1807 4957 sum
1840 4886 2008 4940 mini-

400 4972 492 5011 me
534 4959 854 5027 permansit,
882 4958 980 5011 sed
1022 4964 1283 5026 quantum
1315 4957 1383 5009 ab
1413 4956 1806 5027 omnipotentis
1835 4958 2009 5024 gratia

400 5027 499 5081 diu
530 5026 724 5095 defuit,
742 5037 796 5083 et
818 5036 965 5083 tanto
984 5029 1161 5098 magis
1182 5033 1389 5079 reatum
1409 5026 1652 5098 criminis
1689 5027 2005 5098 cumulavit.

397 5098 542 5169 Nam
572 5099 663 5169 qui
694 5099 817 5154 ideo
838 5098 1035 5152 cecidit
1064 5096 1193 5168 quia
1223 5111 1480 5169 perverso
1511 5096 1699 5149 ordine
1716 5097 1825 5169 Deo
1857 5098 2010 5151 simi-

401 5168 471 5222 lis
523 5165 643 5223 esse
679 5169 861 5235 voluit,
921 5165 1162 5238 eousque
1207 5165 1498 5238 peiductus
1528 5173 1611 5238 est
1663 5173 1719 5238 ut
1775 5165 1828 5219 in
1859 5169 2013 5222 Anti-

394 5239 654 5294 christum
713 5240 933 5294 veniens
968 5235 1141 5293 videri
1190 5238 1301 5291 Deo
1330 5235 1521 5290 similis
1577 5236 1923 5307 dedignatur,
1956 5247 2010 5293 et

396 5308 523 5380 eum
554 5326 713 5380 quem
757 5311 962 5365 habere
990 5325 1118 5380 _non
1175 5307 1362 5380 potuit_
1405 5307 1667 5375 superbus
1699 5309 2004 5380 mqualem,
2036 5368 2037 5371 η

395 5376 686 5435 damnatus
716 5389 867 5450 putat
923 5376 1252 5450 inferiorem.
1313 5378 1473 5450 Nam_
1510 5393 1633 5450 cum
1681 5376 1749 5430 de
1781 5378 1874 5433 illo
1906 5381 2041 5434 hoc"

395 5450 542 5521 quod
566 5452 681 5521 jam
715 5447 1100 5521 praemisimus,
1140 5449 1335 5504 dicitur
1362 5467 1374 5501 :
1418 5447 1727 5521 Extollens
1751 5463 1810 5521 se
1834 5465 2008 5521 super

394 5518 738 5594 omne—quod
772 5522 987 5577 dicitur
1007 5523 1172 5587 Deus,
1196 5519 1462 5594 autquod
1492 5518 1796 5594 colitur_(ll
1821 5520 2005 5594 Thess.

392 5607 454 5656 ii,
487 5595 563 5662 4),
596 5588 779 5661 aperte
806 5600 1134 5645 monstratur
1164 5588 1421 5662 quoniam
1452 5588 1760 5662 appetendo
1801 5590 2007 5645 dudum

389 5663 491 5717 Dei
522 5659 961 5719 similitudinem.
996 5663 1145 5730 quasi
1164 5659 1329 5729 juxta
1365 5660 1533 5730 Deum
1564 5659 1778 5730 erigere
1816 5677 1873 5715 se
1907 5677 2007 5716 vo-

394 5732 514 5795 luit,
550 5733 647 5787 sed
677 5734 732 5785 in
763 5729 1034 5799 superbiae
1065 5732 1225 5799 culpa
1255 5729 1576 5793 crescendo,
1607 5729 1721 5799 jam
1753 5746 1809 5782 se
1841 5747 2006 5786 supra

398 5819 565 5860 omne
593 5802 739 5872 quod
768 5798 915 5856 Deus
944 5798 1227 5872 dicituret
1256 5801 1473 5872 colitur,
1498 5798 1724 5872 extollit.
1749 5800 1871 5872 _Sed
1888 5802 2007 5857 haec

400 5873 517 5941 ejus
548 5868 812 5943 superbia
837 5871 1063 5927 districti
1092 5870 1298 5925 Judicis
1326 5871 1432 5924 erit
1469 5871 1709 5927 adventu
1737 5868 2004 5941 ferienda,

2118 4531 2232 4585 lum
2264 4530 2505 4600 qiiisiuis
2535 4532 2738 4586 idcirco
2793 4540 3114 4601 potestatem
3157 4548 3306 4586 suam
3354 4530 3561 4601 appetit
3590 4547 3731 4601 quo-

2113 4601 2263 4673 niam
2293 4602 2340 4656 ei
2375 4602 2594 4673 quisihi
2626 4603 2957 4673 praepositus
2986 4606 3071 4656 est
3114 4601 3458 4657 ordinatione
3488 4617 3732 4673 superna

2114 4672 2340 4746 subesse
2371 4672 2592 4746 fastidit.
2619 4672 2755 4727 Sunt
2786 4689 3018 4746 namque
3038 4682 3312 4746 praeterea
3333 4673 3569 4746 plurimi}
3598 4690 3722 4746 quae

2115 4744 2380 4813 quosdam
2412 4742 2466 4795 in
2514 4743 2634 4811 ipsa.
2668 4758 2798 4813 pace
2844 4742 3101 4798 Ecclesiae
3132 4746 3449 4799 constitutos
3477 4742 3729 4800 inﬁdéles

2114 4828 2235 4868 esse
2264 4813 2586 4886 renuntient.
2622 4814 2790 4886 Video
2822 4829 3056 4886 namque
3088 4815 3376 4886 nonnullos
3422 4815 3496 4868 ita
3528 4830 3726 4886 perso-

2114 4899 2258 4954 nam
2277 4884 2507 4951 potentis
2553 4884 2828 4954 accipere,
2877 4893 2935 4939 ut
2965 4884 3212 4939 videlicet
3256 4886 3327 4938 ab
3356 4899 3423 4938 eo
3458 4884 3726 4954 requisiti,

2114 4969 2213 5024 pro
2238 4953 2424 5007 favore
2454 4955 2572 5024 ejus
2601 4972 2707 5010 non
2740 4956 2988 5010 dubitent
3018 4955 3073 5007 in
3109 4970 3274 5008 causa
3304 4954 3543 5022 proximi
3577 4953 3723 5024 veri-

2116 5023 2280 5078 tatem
2312 5041 2530 5094 negare.
2566 5025 2631 5079 Et
2660 5027 2778 5095 quis
2809 5035 2892 5080 est
2923 5026 3130 5079 Veritas
3160 5024 3260 5077 nisi
3306 5024 3394 5077 ille
3425 5024 3515 5095 qui
3547 5023 3723 5095 dixit:

2118 5095 2227 5162 Ego
2247 5093 2516 5160 sumi/ia,
2549 5093 2759 5151 Veritas
2794 5101 2847 5150 et
2890 5097 3011 5149 Vita
3034 5096 3215 5157 (Ioan.
3255 5108 3370 5164 xiv,
3396 5093 3496 5164 6)?
3539 5093 3730 5164 Neque

2117 5164 2261 5218 enim
2292 5164 2531 5219 Joannes
2562 5166 2803 5234 Baptista
2832 5165 2899 5218 de
2924 5164 3272 5234 confessione
3292 5163 3507 5234 Christi,
3528 5164 3628 5234 sed
3647 5163 3721 5218 de

2112 5235 2337 5305 justitiae
2360 5236 2580 5289 veritate
2612 5236 2895 5357 requisitas
2925 5233 3177 5288 occubuit
3208 5250 3220 5285 :
3277 5233 3375 5287 sed
3407 5233 3532 5302 quia
3561 5233 3725 5287 Chri-

2116 5314 2229 5357 stus
2254 5314 2335 5357 est
2366 5306 2598 5357 Veritas.
2632 5321 2663 5357 a
2732 5313 2962 5357 mortem
2996 5320 3166 5357 usque
3196 5304 3397 5357 idcirco
3438 5319 3534 5357 oro
3562 5303 3725 5357 Chri-

2116 5303 2229 5360 Stus
2254 5314 2335 5359 est
2366 5306 2598 5367 Veritas,
2632 5303 2700 5358 ad
2732 5313 2962 5358 mortem
2996 5320 3166 5372 usque
3196 5304 3397 5358 idcirco
3438 5319 3534 5373 pro
3562 5303 3725 5359 Chri-

2119 5384 2223 5438 sto,
2256 5378 2383 5445 quia
2414 5391 2512 5444 pro
2557 5377 2774 5428 veritate
2836 5374 3085 5428 videlicet
3144 5374 3411 5442 pervenit.
3462 5375 3730 5429 Ponamus

2118 5455 2244 5501 ante
2272 5448 2460 5501 oculos
2484 5446 2630 5516 quod
2660 5446 2855 5513 aliquis
2877 5448 3255 5516 percunctatus
3282 5458 3576 5509 personam
3619 5460 3730 5515 po-

2119 5520 2278 5571 tentis
2307 5514 2533 5584 accepit,
2566 5522 2618 5569 et
2648 5531 2714 5568 ne
2743 5515 2893 5584 verbi
2925 5515 3114 5568 saltem
3165 5514 3421 5581 injuriam
3450 5514 3727 5583 pateretur

2119 5587 2403 5643 veritatem
2452 5588 2689 5655 negavit.
2750 5583 2892 5653 Quid
2931 5601 3064 5655 ergo
3090 5585 3191 5637 iste
3221 5585 3420 5655 faceret
3451 5586 3503 5638 in
3534 5586 3725 5640 dolore

2118 5671 2403 5728 pmnaruﬂm
2435 5654 2827 5728 qui'Christuin
2858 5654 3072 5708 erubuit
3111 5655 3253 5728 inter
3280 5654 3498 5728 ﬂagella
3530 5656 3732 5728 verbo-

2122 5725 2242 5781 rum
2267 5726 2295 5777 ἵ)
2330 5725 2467 5778 Ecce
2490 5734 2542 5778 et
2575 5733 2695 5794 post
2729 5726 2842 5779 hinc
2873 5733 2996 5779 ante
3028 5725 3213 5779 oculos
3243 5726 3525 5779 hominum
3556 5726 3733 5781 adhuc

2119 5796 2460 5852 Christianus
2490 5804 2593 5862 est,
2625 5803 2678 5849 et
2729 5801 2910 5850 tamen
2958 5796 3003 5849 si
3047 5796 3304 5849 Dominus
3333 5810 3457 5849 eum
3489 5795 3731 5861 districta

2116 5867 2381 5938 disposuit
2403 5865 2687 5936 judicare,
2694 5866 2811 5937 jam
2842 5881 2951 5921 non
2980 5874 3082 5922 est.
3112 5866 3284 5921 Video
3307 5873 3490 5920 autem
3514 5872 3568 5921 et
3594 5865 3736 5922 alios
