4110 6176
435 178 572 232 1375

425 299 696 356 sitiemus.
724 297 1044 354 Videbimus
1071 309 1203 368 ergo
1234 295 1408 350 Deum
1437 293 1632 368 ipsum,
1653 292 1744 368 qui
1763 291 1864 368 erit
1891 306 2028 360 prte-
2053 292 2112 354 Α

427 373 596 426 mium
623 369 826 424 laboris
855 369 1041 433 nostri,
1075 364 1276 436 ut'post
1313 364 1654 418 mortalitatis
1675 364 1845 433 hujus
1875 371 2026 436 tene-

428 442 564 496 bras
591 457 810 495 accessa
832 441 947 506 ejus
978 441 1096 492 luce
1139 435 1522 508 gaudeamus.
1563 436 1669 489 Sed
1728 450 1855 508 cum,
1908 435 2026 502 ejus

422 513 600 568 lucem
631 513 856 565 dicimus
885 506 1177 574 accessam,
1209 507 1621 560 obsistitanimo
1652 510 1794 574 quod
1831 506 2024 558 Paulus

426 582 584 637 dicit:
640 581 1179 648 Quilucemhabt’trit
1226 578 1654 637 inacessibilem,
1690 592 1853 646 quem
1888 576 2024 628 vidit

425 655 625 708 nullus
646 654 957 716 hominum,
978 654 1074 705 sed
1095 667 1193 704 nec
1210 649 1605 717 i'iderepotest.
1657 648 1793 699 Ecce
1816 661 2025 698 rursum

427 723 590 778 audio
609 724 754 792 quod
780 723 1063 775 Psalmista
1081 721 1191 773 ait:
1216 721 1478 792 Accedite
1495 719 1564 792 ad
1611 734 1759 780 eum,
1798 724 1851 770 et
1869 718 2025 792 illu-

426 787 737 849 minamini
756 794 1125 858 (Psal.xxxtti,
1148 788 1518 859 6).Quomodo
1537 789 1698 859 igitur
1716 787 2026 841 accedendo

424 857 817 930 illuminamur,
850 865 900 916 si
933 864 1105 931 ipsam
1136 863 1315 913 lucem
1346 875 1452 931 qua
1489 857 1782 912 illuminari
1833 873 2028 927 possu-

429 951 548 989 mus
578 950 686 988 non
709 929 1002 988 videmus"?
1022 933 1076 986 Si
1111 946 1236 985 vero
1257 929 1572 983 accedendo
1596 931 1662 982 ad
1685 944 1829 992 eum,
1855 932 2026 997 ipsam

425 1001 1438 1086 quanilluminamnnlucem‘videmus,
1471 1000 1746 1068 quomodo
1777 1000 2026 1086 ijnacces-r

427 1069 602 1130 sibilis
633 1091 752 1130 esse
784 1073 1152 1144 perhibetur?
1184 1072 1306 1137 Qua
1348 1072 1404 1122 in
1448 1086 1506 1124 re
1561 1069 1898 1144 pensandum
1946 1077 2030 1144 est

427 1146 572 1218 quod
611 1140 1037 1218 inaccessibiletn
1078 1143 1250 1218 Adixit,
1308 1156 1416 1218 non
1471 1142 1619 1194 omni
1670 1140 1876 1195 homini
1932 1140 2028 1194 sed

426 1212 666 1272 humana
689 1217 941 1284 sapienti.
975 1213 1249 1280 Scriptura
1279 1212 1480 1282 quippe
1508 1227 1662 1284 sacra
1692 1226 1881 1265 omnes
1909 1226 2028 1284 car-

425 1288 631 1344 nalium
662 1282 957 1341 sectatores
988 1284 1338 1338 humanitatis
1376 1282 1596 1336 nomine
1652 1292 1840 1335 notare
1871 1282 2025 1336 solet.

427 1357 744 1415 Undeidem
761 1355 1035 1425 apostolus
1047 1355 1364 1422 quibusdam
1397 1353 1837 1406 discordantibus
1859 1351 1989 1406 dicit
2012 1366 2024 1405 :

431 1429 571 1484 Cum
588 1428 742 1482 enim
773 1429 925 1480 inter
955 1441 1044 1479 vos
1065 1428 1140 1478 sit
1188 1426 1343 1478 zelus
1394 1427 1450 1476 et
1482 1425 1792 1489 contentio,
1839 1437 2030 1476 nonne

427 1499 690 1555 carnales
717 1499 869 1560 estis,
897 1500 952 1551 et
999 1497 1310 1550 secundum
1390 1493 1677 1547 hominem
1721 1492 2031 1547 ambulatis

459 1569 504 1623 ll
519 1570 638 1624 Cor.
665 1584 740 1633 ιιι,
770 1571 822 1634 3)
855 1567 881 1617 ‘?
912 1567 980 1619 Et
1010 1566 1156 1618 unde
1178 1565 1305 1618 alibi
1348 1568 1714 1617 testimonium
1763 1563 1984 1632 protulit
2011 1581 2031 1618 :

431 1568 586 1706 διιοά
606 1640 803 1692 oculus
827 1653 942 1690 non
961 1637 1120 1699 vidit,
1145 1650 1246 1688 nec
1278 1636 1434 1689 auris
1466 1634 1706 1706 audivit,
1730 1649 1833 1688 nec
1854 1636 2031 1706 in‘cor

477 1639 586 1711 τιοᾴ
606 1640 803 1711 oculus
827 1653 942 1711 non
961 1637 1120 1699 vidit,
1145 1650 1246 1688 nec
1278 1636 1447 1711 auris-
1466 1634 1833 1711 audivit,_n_ec
1854 1636 2033 1711 in_eor
2057 1653 2112 1711 Β

435 1703 682 1765 hominis
705 1709 959 1762 ascendit
989 1723 1111 1778 qua:
1135 1706 1477 1778 praeparavit
1496 1705 1640 1778 Deus
1663 1703 2034 1778 diligentibus

435 1779 561 1847 seu
581 1781 701 1834 Cor.
720 1794 776 1836 ii.
810 1782 884 1844 9).
923 1777 1120 1831 Etcum
1149 1778 1254 1829 hoc
1275 1777 1534 1829 Dominus
1558 1777 2039 1847 dixissetabscon-

434 1845 630 1916 ditum,
657 1864 782 1902 mox
813 1847 1087 1900 subdidit:
1118 1847 1283 1916 Nobis
1323 1851 1514 1900 autem
1563 1845 1835 1901 reuelauit
1894 1845 2040 1899 Deus

432 1935 538 1991 per
556 1921 827 1991 spiritum
844 1934 1009 1972 suum
1028 1917 1188 1991 (Ibid.
1195 1933 1236 1983 ),
1273 1915 1450 1985 ipsum
1482 1933 1538 1969 se
1556 1917 1638 1991 ab
1670 1916 1908 1991 hominis
1939 1931 2042 1991 vo-

435 1986 650 2045 catione
682 1990 1000 2043 discernens
1030 1990 1118 2056 qui
1148 1995 1332 2056 raptus
1359 2001 1524 2054 supra
1555 1987 1827 2040 hominem
1857 1986 2043 2039 divina

431 2061 550 2131 jam
581 2068 815 2127 saperet.
849 2060 1102 2131 Ilaenim
1135 2062 1238 2111 hoc
1269 2058 1388 2131 loco
1419 2072 1538 2110 cum
1573 2057 1748 2131 lucem
1772 2056 2042 2131 Deiinac-

436 2127 745 2186 cessibilem
779 2129 1048 2198 perhibet,
1079 2137 1134 2180 ut
1161 2128 1474 2181 ostenderet
1497 2127 1714 2196 quibus,
1747 2127 1992 2180 subdidit
2026 2143 2038 2179 :

443 2201 614 2268 Quem
637 2200 782 2255 vidit
812 2202 1010 2254 nullus
1042 2199 1358 2264 hominum,
1380 2198 1475 2252 sed
1504 2213 1611 2252 nec
1643 2199 1826 2252 videre
1853 2200 2044 2268 potest

437 2286 591 2326 more
620 2287 720 2325 suo
750 2273 1000 2324 homines
1030 2284 1230 2322 vocans
1283 2285 1471 2322 omnes
1527 2269 1765 2322 humana
1820 2268 2042 2336 sapien-

441 2350 540 2407 tes,
571 2343 698 2412 quia
727 2341 819 2412 qui
850 2342 1039 2412 divina
1071 2341 1284 2407 sapiunt
1341 2337 1601 2393 videlicet
1645 2354 1812 2407 supra
1862 2339 2044 2412 homi—

439 2428 540 2466 nes
567 2409 706 2466 sunt.
741 2409 913 2466 Deum
962 2411 1129 2481 igitur
1186 2425 1283 2479 per
1331 2413 1605 2463 caelestem
1664 2409 2043 2464 conversatio-

441 2498 566 2536 nem
598 2483 925 2547 videbimus,
959 2498 1002 2534 SI
1035 2496 1197 2548 supra
1231 2481 1476 2533 homines
1529 2495 1645 2532 esse
1703 2495 2035 2534 mereamur.

444 2553 581 2620 Qum
605 2554 859 2605 nimirum
896 2553 1036 2606 visio
1068 2565 1207 2604 nunc
1250 2549 1356 2604 ﬁde
1410 2551 1709 2616 inchoatur,
1769 2551 1862 2604 sed
1920 2559 2045 2604 tunc

441 2621 500 2677 in
527 2623 706 2692 specie
737 2621 1030 2690 perficitur,
1055 2621 1273 2691 quando
1305 2631 1624 2675 comternam
1675 2622 1790 2674 Deo
1821 2636 2044 2690 sapien-

448 2693 596 2760 tiam,
629 2709 791 2764 quam
818 2693 980 2746 modo
1013 2707 1108 2761 per
1137 2707 1234 2764 ora
1264 2693 1672 2764 pt-mdicantium
1731 2695 1893 2764 quasi
1953 2707 2049 2764 per

445 2761 788 2889 gecurtentia
808 2764 1031 2816 flumina
1061 2762 1347 2830 sumimus,
1381 2763 1433 2814 in
1463 2763 1580 2831 ipso
1607 2779 1703 2816 suo
1762 2762 1908 2816 fonte
1955 2761 2044 2814 bi-

487 2849 658 2889 emus.

487 2849 658 2889 emus.

1303 164 1666 222 APPENDIX
1705 164 1799 220 AD
1839 165 1896 218 S.
1939 161 2286 220 GREGORII
2325 165 2558 220 OPERA
2598 163 2854 219 OMNIA.

3603 167 3730 222 1376

2236 291 2360 344 CAP.
2382 293 2487 344 XII.
2508 317 2568 327 --
2592 290 3206 425 υίυίῧὸῗὺηριρτῗξρῗῧῗη
3227 290 3447 356 superbe
3468 303 3642 354 sapere

2205 459 2420 528 (Regul.
2456 463 2659 530 pastor.
2686 464 2829 528 part.
2864 477 2938 521 iit,
2974 475 3096 527 cap.
3130 462 3219 528 2.)
3253 459 3518 526 Superbis
3548 462 3739 516 diviti-

2133 530 2236 584 bus
2258 531 2461 584 inferre
2495 546 2697 584 metum
2729 540 2917 585 contra
2949 533 3247 585 elationem
3279 533 3570 596 debemus,
3607 535 3742 587 sicut

2133 601 2332 654 Paulus
2353 601 2481 654 dicit
2512 602 2774 670 discipulo
2805 603 2872 655 de
2895 602 3195 656 divitibus:
3244 602 3526 656 Divitibus
3575 603 3744 672 hujus

2133 675 2326 744 stecuti
2355 675 2598 742 praecipe
2628 688 2741 725 non
2771 673 3008 743 superbe
3038 689 3262 744 sapere,
3299 687 3481 743 neque
3513 689 3744 744 sperare

2136 741 2198 796 in
2229 741 2446 798 incerto
2471 744 2808 797 divitiarum
2835 741 3232 798 suarum—Ubi
3252 741 3557 796 notandum
3593 744 3748 797 valde

2135 820 2218 866 est
2239 813 2380 883 quod
2408 813 2724 883 humilitatis
2747 815 2940 867 doctor
2955 815 3273 868 memoriam
3294 813 3523 866 divitum
3544 815 3750 868 faciens

2134 899 2244 938 non
2263 882 2335 956 ait
2367 901 2379 936 :
2414 882 2594 956 Roga,
2630 884 2724 956 sed
2755 885 3019 956 praecipe,
3051 885 3183 956 quia
3211 885 3313 938 etsi
3371 884 3749 956 impendenda

2135 965 2219 1009 est
2275 954 2446 1024 pietas
2504 953 2819 1020 inﬁrmitati,
2881 953 3294 1010 honor—tamen
3351 969 3461 1009 non
3519 954 3752 1010 debetur

2136 1024 2380 1096 elationi.
2414 1025 2640 1078 Talibus
2670 1040 2802 1096 ergo
2852 1033 3061 1079 rectum
3117 1025 3263 1096 quod
3313 1025 3538 1096 dicitur,
3605 1035 3751 1080 tanto

2136 1095 2336 1149 rectius
2346 1095 2587 1164 jubetur,
2621 1095 2824 1165 quanto
2841 1100 2895 1150 et
2918 1099 3080 1150 rebus
3117 1095 3443 1150 transitoriis
3464 1095 3750 1150 altitudine

2137 1165 2488 1236 cogitationis
2518 1167 2902 1229 intumescunt,
2938 1168 3018 1222 De
3049 1167 3133 1220 his
3174 1185 3226 1221 in
3285 1167 3590 1237 Evangelio
3620 1169 3751 1222 dieit

2138 1237 2434 1292 Dominus:
2475 1238 2557 1292 Vae
2578 1238 2725 1292 vobis
2743 1238 3009 1293 divitibus
3031 1239 3126 1307 qui
3149 1237 3365 1293 habetis
3404 1238 3751 1292 consolatio-

2140 1323 2271 1362 nem
2302 1314 2547 1362 vestram
2568 1307 2721 1368 (Luc.
2740 1308 3077 1376 Vi,2t).Quia
3098 1308 3243 1362 enim
3264 1323 3387 1377 quae
3406 1316 3536 1361 sunt
3551 1318 3756 1362 aeterna

2139 1378 2337 1447 gaudia
2367 1381 2634 1443 nesciunt,
2671 1394 2738 1431 ex
2758 1379 3048 1448 praesentis
3079 1380 3203 1433 vitae
3254 1379 3589 1432 abundantia
3619 1395 3757 1433 con-

2139 1448 2407 1520 solantur.
2442 1448 2763 1503 Oﬂ'erendus
2791 1454 2874 1503 est
2903 1464 3036 1520 ergo
3066 1448 3558 1518 aprmdicatoribus
3589 1451 3755 1504 timor

2142 1519 2424 1591 divitibus,
2456 1535 2592 1590 quos
2619 1520 2921 1574 consolatio
2948 1519 3143 1591 gloriae
3194 1520 3518 1589 temporalis
3571 1521 3754 1573 extol-

2141 1588 2222 1652 lit,
2272 1598 2329 1643 ut
2385 1588 2725 1660 cognoscant
2792 1591 2917 1659 quia
2955 1588 3196 1644 'divitias
3228 1588 3365 1658 quas
3417 1591 3754 1660 conspiciunt

2147 1667 2330 1714 tenere
2357 1675 2704 1732 nequaquam
2735 1667 2996 1730 possunt.

2279 1769 2400 1818 CAP.
2438 1769 2576 1819 XIII.
2609 1794 2670 1803 —
2698 1768 2740 1819 0
2772 1770 3070 1830 Thimothee,
3102 1769 3394 1830 depositum
3423 1769 3629 1819 custodi

2736 1834 2788 1899 (ι
2815 1836 2933 1885 Tim.
2962 1850 3030 1896 Vl,
3054 1837 3163 1894 20;.

2225 1945 2306 2011 (In
2334 1945 2566 2014 exposit.
2598 1945 2656 2001 Β.
2690 1943 2812 2011 Job,
2844 1945 2940 1998 lib.
2974 1962 3128 2013 xvm,
3160 1962 3311 2000 num.
3345 1945 3474 2014 39.)
3503 1943 3756 2014 Quicun-

2153 2030 2258 2086 que
2286 2018 2357 2068 ad
2380 2030 2521 2070 verae
2535 2016 2942 2085 praedicationis
2962 2017 3130 2070 verba
3150 2034 3207 2070 se
3226 2025 3520 2087 praparat,
3538 2032 3758 2071 necesse

2153 2098 2234 2140 est
2266 2093 2321 2139 ut
2350 2087 2912 2158 causaruniorigines
2942 2102 2973 2140 a
3002 2087 3169 2141 sacris
3199 2088 3413 2158 paginis
3469 2095 3666 2145 sumat,
3699 2097 3755 2141 ut

2153 2170 2314 2226 omne
2344 2156 2491 2226 quod
2523 2156 2837 2226 loquitur‘in
2866 2173 2929 2212 eo
2959 2173 3072 2211 suae
3121 2156 3408 2212 locuti—onis
3465 2159 3758 2212 aedilicium

2152 2224 2539 2297 firmethaape
2569 2224 2710 2282 enim
2733 2227 3000 2297 haeretici,
3035 2229 3166 2281 dum
3197 2245 3291 2282 sua
3325 2244 3589 2297 perversa
3639 2239 3759 2282 stu-

2153 2296 2582 2368 dent_astruere,
2615 2296 2896 2367 proferunt
2925 2313 2990 2352 ea
3012 2314 3129 2367 quia
3161 2296 3403 2368 prot'eéto
3450 2299 3504 2350 in
3561 2313 3758 2352 sacro-

2153 2383 2272 2440 rum
2298 2364 2555 2422 librorum
2587 2364 2802 2440 paginis
2831 2384 2940 2422 non
2972 2364 3237 2422 tenentur.
3271 2370 3425 2424 Unde
3481 2376 3537 2440 et
3587 2369 3757 2440 disci-

2156 2439 2342 2508 pulum
2376 2455 2533 2492 suum
2563 2439 2890 2508 praedicator
2917 2440 3191 2501 admonet,
3226 2440 3451 2494 dicens:
3485 2439 3526 2493 0
3581 2439 3758 2493 Timo-

2159 2507 2302 2574 thee,
2337 2507 2650 2580 depositum
2673 2510 2914 2574 custodi,
2956 2511 3213 2564 devitans
3232 2513 3506 2580 profanas
3561 2525 3759 2564 vocum

2155 2581 2455 2634 novitates.
2485 2581 2623 2634 Dum
2647 2581 2786 2634 enim
2811 2581 3012 2633 laudari
3042 2581 3276 2634 haeretici
3308 2589 3563 2650 tanquam
3584 2580 3653 2632 de
3675 2595 3758 2633 ex-

2155 2650 2367 2704 cellenti
2399 2652 2620 2722 ingenio
2650 2651 3074 2722 cupiunt,quasi
3108 2666 3247 2704 nova
3287 2652 3539 2722 quaedam
3571 2650 3758 2717 profe-

2155 2730 2294 2786 runt,
2328 2721 2538 2789 quae’in
2562 2723 2774 2791 Patrum
2807 2721 3143 2791 antiquorum
3177 2721 3329 2774 libris
3358 2721 3630 2791 veteribus
3653 2735 3758 2774 non

2155 2797 2422 2844 tenentur.
2459 2791 2662 2862 Sicque
2681 2790 2738 2845 ﬁt
2752 2796 2809 2844 ut
2824 2790 2950 2844 dum
2965 2792 3137 2862 videri
3157 2792 3424 2860 sapientes
3447 2790 3758 2844 desiderant

2157 2863 2375 2915 miseris
2405 2861 2744 2916 auditoribus
2769 2862 2880 2915 suis
2907 2861 3142 2915 stultitia:
3171 2865 3383 2916 semina
3407 2869 3686 2931 spargant.

872 3147 1250 3203 EXPOSITIO
1279 3146 1504 3202 SUPER
1537 3143 1946 3200 EPISTOLAM
1985 3146 2033 3199 II
2064 3145 2124 3200 B.
2158 3145 2358 3202 PAULI
2386 3143 2734 3200 APOSTOLI
2761 3146 2855 3198 AD
2893 3143 3330 3202 TIMOTHEUM.

446 3300 619 3352 Cum
643 3301 879 3352 Ριιιιιιιιι.
905 3324 969 3337 -
988 3300 1149 3351 Nemo
1196 3298 1416 3348 militans
1458 3298 1582 3354 Deo,
1631 3298 1857 3358 implicat
1881 3309 1936 3346 se
1958 3311 2051 3348 ne-
2081 3293 2131 3356 C
2160 3296 2290 3350 Cn.
2317 3297 2402 3348 III.
2453 3324 2517 3336 —
2547 3299 2741 3358 Argue.
2772 3297 2990 3361 obsecra,
3039 3299 3245 3364 increpa
3269 3299 3323 3348 in
3357 3298 3496 3349 omni
3511 3300 3764 3361 patientia

769 3369 928 3428 gotii’s
962 3367 1289 3416 secutoribus
1309 3367 1387 3428 tu
1414 3365 1538 3413 Tim.
1569 3376 1628 3422 ll,
1655 3367 1724 3421 4).

523 3449 604 3516 (ιιι
636 3450 866 3517 exposit.
903 3451 958 3500 Β.
981 3448 1104 3512 Job,
1135 3449 1230 3500 lib.
1263 3462 1314 3504 v.
1351 3461 1505 3498 num.
1545 3449 1658 3514 55.)
1707 3445 1887 3499 Sancti
1945 3446 2046 3500 viri

450 3517 521 3572 ab
560 3519 721 3586 hujus
752 3519 936 3570 mundi
970 3517 1210 3587 inquieta
1241 3517 1678 3585 concupiscentia
1721 3532 1780 3570 se
1836 3519 2050 3586 penitus

450 3589 794 3655 subtrahunt,
829 3604 891 3640 ac
923 3598 1251 3642 terrenarum
1275 3589 1551 3640 actionum
1585 3589 1864 3654 strepitum
1899 3589 2051 3642 dese-

451 3667 596 3723 runt,
621 3669 669 3714 et
704 3674 796 3728 per
825 3659 1019 3727 quietis
1051 3657 1287 3711 studium
1318 3660 1386 3710 ab
1409 3661 1772 3711 exterioribus
1794 3659 2050 3727 operibus

450 3737 744 3794 cessantes,
776 3731 980 3784 interna
1008 3737 1293 3798 penetrare
1321 3736 1599 3798 satagunt.
1661 3729 1848 3797 Neque
1905 3730 2051 3782 enim

450 3801 522 3854 ad
552 3801 765 3854 interna
797 3800 1210 3869 contemplanda
1261 3802 1642 3866 perdueiintur,
1702 3799 1800 3852 nisi
1851 3801 1919 3852 ab
1969 3801 2052 3853 his

452 3886 573 3940 quae
605 3871 841 3924 exterius
868 3870 1150 3938 implicant
1179 3869 1424 3923 studiose
1481 3871 1880 3923 subtrahantur.
1919 3871 2053 3924 Hinc

451 3939 531 3995 est
567 3941 708 3994 enim
742 3941 887 4010 quod
921 3959 1015 4004 per
1046 3943 1386 4005 semetipsum
1420 3941 1630 3993 Veritas
1661 3939 1802 3993 dicat
1839 3957 1849 3992 :
1884 3941 2052 3995 Nemo

490 4015 635 4066 otest
653 4012 861 4066 duobus
893 4013 1136 4066 dominis
1169 4011 1379 4064 servire
1412 4010 1629 4070 (Matth.
1664 4026 1738 4074 v1,
1766 4010 1883 4077 24).
1916 4011 2052 4064 Hinc

447 4027 635 4135 gates:
653 4027 861 4066 auoous
893 4027 1136 4066 aomtms
1169 4027 1379 4064 servire
1412 4027 1629 4070 uitrum.
1664 4027 1738 4074 v1,
1766 4027 1883 4077 κει).
1919 4027 2052 4064 uinc

495 4082 649 4135 aulus
669 4083 775 4134 ait:
807 4085 976 4136 Nemo
1010 4083 1268 4135 militans
1298 4083 1418 4147 Deo,
1454 4081 1713 4146 implicat
1733 4097 1789 4134 se
1809 4083 2052 4151 negotiis

450 4152 840 4212 saecularibus,
868 4159 928 4206 ut
950 4152 1003 4205 ei
1029 4154 1249 4222 placeat
1277 4154 1371 4204 cui
1391 4166 1448 4204 se
1469 4151 1921 4222 probavitlliinc
1950 4167 2053 4220 per

452 4223 776 4292 Proplietam
808 4220 1070 4275 Dominus
1100 4222 1376 4280 admonet.
1435 4223 1659 4274 dicens:
1734 4220 1940 4276 Vacate
1995 4225 2052 4275 et

450 4293 654 4359 videte,
706 4293 972 4363 quoniam
999 4308 1091 4362 ego
1149 4308 1274 4345 sum
1323 4293 1464 4363 Deus
1509 4293 1704 4363 (Psal.
1742 4308 1896 4363 XLV,
1930 4296 2042 4363 ll).

450 4362 804 4432 Nequaquam
836 4364 980 4416 enim
1013 4372 1222 4416 interna
1251 4362 1440 4414 notitia
1471 4362 1816 4430 conspicitur,
1851 4362 1952 4416 nisi
1984 4362 2052 4415 ab

452 4444 674 4487 externa
703 4434 1065 4502 implicatione
1095 4441 1359 4497 cessetur,
1390 4439 1442 4485 et
1473 4448 1624 4485 mens
1659 4441 1849 4485 nostra
1904 4433 2052 4486 nullo

451 4504 615 4557 modo
646 4504 714 4556 ad
746 4505 855 4556 vim
905 4503 1107 4557 intima:
1154 4502 1626 4569 contemplationis
1680 4503 1905 4570 rapitur,
1948 4503 2050 4556 nisi

452 4573 695 4629 studiose
721 4574 871 4642 prius
903 4590 934 4626 a
983 4582 1314 4627 terrenorum
1365 4573 1773 4627 desideriorum
1824 4575 2050 4627 tumultu

450 4642 712 4712 sopiatur.

451 4731 572 4784 CAP.
606 4732 671 4783 II.
719 4760 767 4770 —
820 4735 1057 4785 Prtrdi'ea
1094 4733 1315 4788 verbum,
1348 4734 1508 4783 instat
1532 4739 1831 4800 opportune,
1860 4732 2052 4792 impor-

979 4811 1099 4851 tune
1122 4801 1186 4860 lII
1214 4801 1333 4850 Tim.
1365 4813 1431 4861 tv,
1461 4803 1526 4853 1).

524 4884 745 4955 (Regul.
780 4896 984 4954 pastor.
1019 4893 1164 4954 part.
1202 4899 1261 4948 ii,
1293 4899 1343 4936 ο.
1373 4886 1447 4951 4).
1513 4881 1913 4955 Providendum
1945 4889 2055 4955 gest

450 4952 746 5009 intentione
776 4952 1032 5010 sollicita
1046 4955 1367 5019 rectoribus,
1400 4962 1457 5006 ut
1484 4953 1552 5006 ab
1583 4953 1660 5006 eis
1715 4969 1821 5005 nan
1877 4952 2050 5006 solum

449 5039 621 5095 prava
642 5026 788 5080 nullo
821 5027 983 5080 modo
1014 5025 1104 5079 sed
1136 5041 1201 5079 ne
1233 5036 1378 5078 recta
1399 5023 1617 5094 quidem
1655 5023 1819 5095 nimie
1849 5031 1901 5076 et
1957 5038 2050 5095 or-

449 5093 634 5149 dinate
663 5097 1030 5166 proferantur,
1065 5096 1189 5165 quia
1217 5111 1360 5164 saipe
1384 5095 1646 5166 dictorum
1679 5093 1846 5166 virtus
1874 5094 2053 5166 perdi-

449 5172 554 5229 tur,
581 5163 704 5220 cum
736 5168 878 5235 apud
913 5163 1244 5221 audientium
1268 5163 1432 5220 cOrda
1464 5165 1693 5218 incautae
1711 5163 2052 5231 loquacitatis

448 5236 852 5306 importunitate
882 5238 1172 5306 levigatur.
1211 5237 1364 5292 Unde
1397 5236 1604 5295 Paulus,
1637 5249 1758 5287 cum
1805 5235 2052 5306 discipu-

450 5303 561 5376 lum
585 5307 652 5360 de
685 5308 939 5360 instantia
965 5303 1363 5376 pradicationis
1393 5307 1730 5376 admoneret,
1785 5303 2003 5376 dicebat
2035 5321 2046 5356 :

455 5375 748 5445 Testiﬁcor
766 5374 1084 5433 coram—Deo
1099 5382 1151 5432 et
1173 5379 1397 5433 Christo
1409 5377 1556 5439 Iesu,
1581 5376 1676 5444 qui
1677 5374 2053 5445 judicaturus

446 5450 707 5518 estvivos
728 5456 780 5502 et
812 5454 1084 5509 mortuos,
1109 5464 1211 5518 per
1231 5449 1539 5501 adventum
1559 5448 1699 5515 ejus,
1725 5449 1779 5498 et
1816 5461 2052 5514 regnum

441 5516 620 5641 issius
640 5533 657 5564 :
674 5519 924 5574 Prredica
945 5516 2045 5594 verbu'm,inslaopportune,importune.

504 5595 705 5640 icturus
736 5591 1078 5641 importune.
1113 5589 1373 5641 praemisit
1401 5595 1731 5641 oovortune.
1765 5600 1890 5641 ama
1939 5601 2045 5637 SCI-

504 5589 705 5640 icturus
736 5591 1078 5658 importune,
1113 5589 1373 5658 praemisit
1401 5595 1731 5657 opportune,
1765 5589 1890 5658 quia
1939 5589 2050 5637 sci-

454 5658 585 5714 licet
612 5660 755 5724 apud
787 5657 1049 5712 auditoris
1079 5657 1350 5718 mentem;
1400 5660 1514 5726 ipsa
1571 5673 1670 5709 sua
1716 5657 1944 5709 utilitate
1991 5671 2050 5710 se

446 5728 678 5781 destruit
698 5727 741 5780 si
757 5728 952 5781 habere
972 5730 1347 5798 importunitas
1363 5728 1822 5798 Opportunitatem
1853 5726 2047 5781 nescit.

2593 3372 2644 3411 et
2663 3366 2891 3414 doctrina
2922 3366 2988 3423 tII
3009 3367 3134 3416 Tim.
3161 3378 3233 3429 tv,
3262 3365 3330 3423 2).

2229 3472 2446 3544 (Regul.
2470 3480 2677 3542 pastor.
2713 3481 2856 3542 part.
2895 3488 2974 3536 in,
3009 3489 3056 3527 c.
3084 3477 3150 3528 16
3184 3488 3198 3542 ;
3229 3473 3324 3527 lib.
3357 3491 3396 3538 ι,
3425 3472 3480 3526 in
3540 3473 3759 3532 Ezech..

2158 3545 2306 3599 hom.
2344 3547 2430 3610 11,
2463 3559 2515 3596 ιι.
2556 3545 2667 3608 15.)
2699 3544 2961 3598 Mansueti
2991 3544 3196 3613 praelati
3230 3544 3430 3599 debent
3458 3545 3681 3598 studere
3712 3552 3765 3597 ut

2159 3617 2320 3670 etiam
2352 3613 2753 3668 aemulationem
2781 3615 3005 3682 justitim
3039 3614 3294 3682 habeant,
3339 3614 3584 3668 iracundi
3636 3629 3763 3669 vero

2159 3696 2217 3739 ut
2246 3685 2577 3740 mmulationi
2609 3700 2771 3753 quam
2804 3700 2862 3738 se
2893 3685 3090 3739 habere
3106 3687 3378 3739 testimant
3403 3686 3766 3738 mansuetudi-

2160 3771 2284 3810 nem
2317 3756 2661 3824 subjungant.
2695 3757 2901 3809 Idcirco
2927 3771 3162 3824 namque
3192 3755 3423 3824 Spiritus
3461 3764 3685 3809 sanctus
3714 3758 3765 3808 in

2160 3825 2415 3881 columba
2445 3825 2603 3879 nobis
2635 3835 2687 3880 et
2717 3826 2843 3896 igne
2867 3835 3191 3880 monstratus
3221 3835 3317 3884 est.
3360 3826 3487 3894 quia
3517 3825 3767 3879 videlicet

2161 3911 2354 3952 omnes
2376 3912 2513 3965 quos
2533 3897 2740 3966 implet,
2764 3905 2818 3949 et
2846 3896 3118 3951 columbae
3146 3905 3199 3950 et
3229 3897 3576 3964 simplicitate
3609 3911 3760 3949 man-

2162 3975 2363 4033 suetos,
2383 3975 2435 4020 et
2465 3967 2592 4037 igne
2623 3968 2720 4020 zeli
2742 3967 2996 4020 ardentes
3026 3968 3267 4021 exhibet.
3296 3967 3657 4036 Nequaquam
3684 3981 3757 4021 er-

2161 4053 2236 4109 go
2257 4037 2674 4109 Spiritusancto
2706 4037 2898 4106 plenus
2920 4046 3004 4091 est
3031 4037 3136 4109 qui
3171 4045 3262 4090 aut
3290 4040 3342 4090 in
3394 4037 3757 4106 tranquilitate

2161 4107 2602 4162 mansuetudinis
2622 4107 2886 4162 fervorem
2906 4108 3267 4162 aemulationis
3288 4109 3507 4176 deserit,
3534 4117 3626 4160 aut
3643 4124 3756 4160 rurv

2163 4193 2279 4232 sum
2311 4179 2363 4230 in
2390 4177 2751 4231 aemulationis
2779 4179 2970 4232 ardore
3018 4179 3264 4232 virtutem
3323 4179 3757 4232 mansuetudinis

2160 4250 2373 4302 amittit.
2407 4247 2566 4315 Quod
2585 4247 2816 4302 fortasse
2847 4250 3043 4302 melius
3074 4249 3422 4313 ostendimus,
3457 4249 3504 4301 si
3537 4250 3591 4302 in
3652 4264 3754 4302 me-

2162 4319 2309 4372 dium
2370 4318 2518 4371 Pauli
2565 4319 2920 4372 ministerium
2980 4319 3340 4388 proferamus,
3401 4321 3493 4387 qui
3549 4319 3761 4373 duobus

2163 4389 2472 4460 discipulis,
2505 4397 2558 4442 et
2587 4404 2692 4460 non
2709 4389 2923 4443 diversa
2953 4390 3214 4444 charitate
3248 4390 3511 4460 praeditis,
3551 4391 3760 4444 diversa

2161 4468 2340 4514 tamen
2372 4459 2634 4526 adjutoria
2659 4460 3060 4530 praedicationis
3108 4459 3390 4528 impendit.
3419 4460 3760 4514 Timotheum

2160 4531 2304 4585 enim
2334 4531 2652 4593 admonens,
2698 4533 2816 4583 ait:
2853 4533 3052 4598 Argue,
3114 4533 3356 4592 obsecra,
3413 4532 3652 4598 increpa
3698 4533 3757 4584 in

2162 4604 2317 4655 omni
2344 4603 2626 4671 patientia
2651 4603 2704 4655 et
2725 4599 3202 4656 doctrinaTitum
3235 4616 3450 4670 quoque
3481 4601 3761 4662 admonet,

2077 4649 2128 4708 Ι)
2157 4649 3304 4737 ἆίεέῆετῗὶὶὶέὶ’ὧᾶἱιῶῖέξὲὶῖῴιὶόὶ-ὢίῗ
3315 4649 3415 4726 ’ἒῖ
3425 4649 3759 4740 mea;

2161 4743 2320 4796 omni
2351 4742 2589 4811 imperio
2615 4742 2750 4808 (Tit.
2778 4757 2835 4808 ti,
2872 4745 2977 4811 15').
3002 4741 3140 4808 Quid
3175 4751 3253 4796 est
3282 4741 3427 4811 quod
3458 4742 3760 4794 doctrinam

2160 4827 2316 4865 suam
2347 4823 2461 4864 arte
2496 4819 2641 4864 tanta
2670 4812 2968 4882 dispensat,
3001 4822 3057 4865 iit
3084 4814 3134 4864 in
3167 4813 3474 4867 exhibenda
3520 4812 3643 4875 hac,
3677 4813 3759 4866 al—

2161 4883 2260 4936 teri
2289 4883 2602 4950 imperium,
2635 4889 2689 4936 et
2739 4882 2892 4936 alteri
2949 4883 3260 4951 patientiam
3319 4891 3610 4951 proponat,
3663 4883 3758 4936 nisi

2160 4952 2312 5020 quod
2362 4952 2743 5022 mansuetioris
2797 4953 3012 5022 spiritus
3061 4953 3265 5014 Titum,
3311 4960 3363 5005 et
3421 4953 3760 5006 ferventioris

2159 5022 2297 5092 vidit
2317 5037 2432 5076 esse
2461 5021 2803 5076 Timotheum
2834 5023 2861 5074 ‘l
2894 5021 3050 5076 Illum
3083 5027 3262 5092 itaque
3284 5038 3377 5091 per
3399 5023 3760 5077 aemulationis

2157 5091 2394 5146 studium
2427 5092 2741 5163 inflammat,
2790 5094 2932 5146 hunc
2988 5109 3084 5163 per
3137 5091 3418 5147 lenitatem
3485 5093 3759 5162 patientur

2160 5170 2445 5231 temperat.
2473 5161 2555 5216 Illi
2585 5164 2729 5230 quod
2761 5163 2910 5217 deest
2927 5161 3124 5232 jungit,
3163 5164 3285 5218 huic
3315 5163 3461 5232 quod
3487 5161 3760 5232 superest

2156 5233 2422 5287 subtrahit
2455 5247 2468 5300 ;
2500 5233 2651 5286 illum
2682 5233 2898 5288 stimulo
2919 5233 3150 5303 implere
3172 5235 3375 5298 nititur,
3437 5235 3580 5288 hunc
3612 5236 3759 5287 freno

2159 5305 2489 5374 moderatur.
2534 5304 2664 5357 Leni
2710 5305 2908 5372 quippe
2966 5320 3063 5374 per
3118 5305 3486 5358 auctoritatem
3539 5306 3757 5374 imperii

2159 5373 2497 5444 injungenda
2522 5383 2637 5428 erat
2686 5373 2972 5428 severitas
3010 5375 3180 5436 verbi,
3249 5375 3292 5427 is
3335 5383 3514 5428 autem
3547 5373 3640 5444 qui
3669 5390 3764 5444 per

2159 5443 2412 5512 spiritum
2444 5444 2710 5502 fervebat.
2741 5461 2840 5512 per
2871 5445 3180 5513 patientiam
3233 5443 3622 5514 temperandus
3653 5443 3760 5497 fne-

2157 5521 2259 5577 rat,
2293 5531 2360 5567 ne
2383 5515 2425 5567 si
2449 5515 2739 5584 plusjusto
2799 5517 3138 5578 tervesceret,
3190 5531 3298 5568 non
3347 5516 3418 5568 ad
3456 5516 3756 5568 sanandum

2159 5585 2385 5638 vulnera
2417 5586 2782 5652 subiectorum
2807 5586 3106 5648 reduceret,
3139 5586 3233 5640 sed
3267 5602 3398 5639 sana
3427 5586 3754 5638 vulneraret.

2156 5655 2294 5707 Nam
2319 5671 2464 5723 saepe
2495 5656 2661 5710 verba
2691 5671 2812 5725 quae
2842 5658 2986 5711 hunc
3015 5657 3085 5711 ad
3114 5656 3418 5710 sanandum
3476 5665 3751 5718 revocant,

2155 5725 2324 5778 alium
2349 5725 2650 5780 vulnerant.
