4110 6176
552 338 683 400 1391

1439 330 1802 388 APPENDIX
1833 330 1924 385 AD
1956 329 2019 385 S.
2079 326 2424 385 GREGORII
2457 322 2691 383 OPERA
2721 318 2969 383 OMNIA.

3726 320 3866 383 1392

1232 536 1616 596 EXPOSITIO
1650 535 1879 590 SUPER
1911 533 2303 589 EPISTOLAM
2338 535 2357 588 Ι
2385 536 2442 588 Β.
2489 534 2779 590 JOANNIS
2809 533 3180 588 APOSTOLI.

559 661 733 714 Carus
757 664 986 713 Ριιιιιιιι.
1047 670 1110 697 -'-
1156 656 1213 707 Si
1258 656 1553 711 dixerimus,
1589 653 1709 714 quia
1748 658 2013 713 peccatum
2057 664 2159 701 non
2184 650 2239 709 Α
2335 651 2462 703 Car.
2493 652 2653 701 νι.-
2676 650 2842 701 Nolite
2863 649 3082 711 diligere
3102 651 3340 701 mundum
3365 650 3414 711 (I
3431 648 3578 700 locis.
3605 661 3667 705 ιι,
3695 648 3801 709 15).

968 726 1221 781 habemus,
1251 730 1353 773 etc.
1375 720 1427 781 (1
1445 720 1587 772 Joan
1624 733 1660 777 ι,
1678 716 1756 783 8).

639 812 722 877 (In
753 810 983 881 exposit.
1009 809 1075 863 Β.
1098 807 1244 881 ιω),
1267 805 1369 881 _lib.
1399 818 1553 867 xvnt,
1578 801 1859 881 numfilz)
1902 798 2162 881 llomines

563 870 702 954 justi
734 870 982 953 quamvis
1010 883 1068 933 in
1098 880 1199 932 hac
1227 870 1337 930 vita
1367 891 1431 929 ex
1457 872 1889 954 maguajustitite
1909 870 2158 954 claritate

568 940 945 1022 repleu'deant,
977 962 1316 1022 nequaquam
1344 954 1524 999 tamen
1553 940 1625 1022 an
1655 940 1848 1022 purum
1896 940 2162 1022 sordibus

571 1012 1156 1095 peccatorum'carent,
1173 1012 1377 1095 Ioanne
1396 1016 1639 1095 apostolo
1660 1020 1960 1095 attestante,
1980 1012 2159 1095 quidi:

573 1083 648 1148 cit
672 1112 686 1148 :
711 1094 780 1147 Si
810 1093 1128 1147 dixerimus
1147 1090 1277 1162 quia
1291 1083 1584 1162 peccatan
1605 1100 1718 1137 non
1742 1084 2028 1162 habemus,
2052 1083 2161 1162 ipsi

572 1180 675 1219 nos
691 1162 1031 1224 seducimus,
1051 1164 1105 1215 et
1128 1150 1335 1215 veritds
1358 1160 1418 1211 in
1438 1155 1592 1210 nobis
1605 1171 1710 1209 non
1730 1150 2089 1208 cst.Afﬁrmat
2104 1152 2157 1206 id

612 1250 787 1300 noque
806 1231 1042 1287 Jacobus
1063 1230 1154 1300 qui
1175 1226 1575 1300 astruit,dicens
1594 1241 1607 1277 :
1625 1224 1687 1300 In
1699 1224 1899 1300 multis
1914 1225 2068 1300 enim
2085 1225 2163 1292 of-

612 1252 680 1288 llO
721 1252 787 1287 ue
806 1252 1042 1287 JBCODUS
1063 1252 1154 1300 qlll
1175 1252 1575 1290 nurumuwcns
1595 1252 1607 1277 ι
1625 1252 1687 1278 tu
1699 1252 1751 1277 1"
1762 1252 1897 1278 ιιιιω
1914 1252 2068 1277 cuius
2085 1252 2161 1292 UI"

572 1252 865 1375 ﬁngimus
882 1318 1074 1375 omnes
1092 1298 1294 1367 (Iacob.
1315 1314 1391 1375 in,
1517 1295 1783 1375 Propheta
1800 1294 1946 1347 enim
1971 1294 2161 1375 depre-

573 1366 752 1439 catur,
776 1373 959 1427 dicens
980 1366 1125 1426 :Non
1147 1375 1328 1424 intres
1344 1368 1406 1421 in
1427 1366 1701 1436 iudicium
1720 1381 1848 1420 cum
1869 1379 2026 1439 servo
2040 1370 2157 1427 tuo,

573 1445 707 1516 quia
719 1435 837 1516 non
842 1442 1254 1516 justiﬁcabitur
1265 1440 1327 1492 in
1344 1440 1756 1516 conspectutuo
1778 1435 1961 1516 omnis
1976 1435 2163 1516 uiuens

574 1506 749 1575 (Psal.
780 1506 924 1577 σιὼ,
958 1516 1039 1579 2).
1077 1509 1337 1563 Homines
1365 1506 1507 1562 enim
1536 1507 1669 1579 justi
1699 1506 1943 1579 quandiu
1974 1506 2030 1557 in
2061 1508 2162 1560 hac

569 1599 729 1640 carne
750 1576 1083 1652 corruptibili
1109 1580 1410 1652 mortaliter
1432 1579 1640 1652 vivunt,
1651 1577 1780 1645 justi
1805 1576 2027 1645 quidem
2045 1591 2162 1631 esse

566 1662 810 1724 possunt,
841 1648 931 1707 sed
955 1650 1209 1721 contagio
1237 1651 1409 1724 culpae
1438 1648 1659 1724 omnino
1689 1663 1873 1701 carere
1896 1661 2003 1724 non
2026 1662 2160 1724 pos-

564 1719 686 1778 Sunt
704 1738 717 1778 :
738 1725 879 1791 Quia
900 1739 1099 1793 corpus
1115 1719 1262 1791 quod
1286 1722 1706 1793 corrumpitur,
1730 1720 1998 1787 aggravat
2026 1719 2159 1793 ani-

567 1812 719 1850 mam
739 1789 829 1849 :‘et
852 1789 1134 1866 deprimit
1152 1796 1379 1866 terrena
1400 1789 1741 1844 inhabitatio
1757 1804 1985 1843 sensum
2003 1790 2159 1858 cogi-

571 1870 790 1921 tantem
814 1864 985 1935 (δίῳ.
1015 1880 1090 1931 1x,
1126 1864 1235 1929 15).

657 1952 781 2004 Car.
809 1953 873 2003 ll.
903 1977 953 1988 —
985 1953 1294 2002 Advocatum
1314 1949 1555 2000 habemus
1577 1945 1718 2013 apud
1742 1949 1956 2008 Patrem,
1983 1948 2069 2001 Je-

776 2034 882 2072 sum
902 2019 1154 2070 Christum
1167 2018 1379 2079 justum,
1405 2020 1502 2067 etc.
1534 2015 1582 2080 (Ι
1610 2014 1764 2066 Joan.
1794 2028 1846 2075 ιι,
1880 2018 1950 2077 t).

636 2104 775 2175 (Lib.
808 2122 846 2157 ι.
880 2103 933 2156 in
968 2100 1468 2175 Ezech.,_homil.7,
1501 2114 1649 2152 num.
1675 2099 2052 2175 2i.)Nccesse
2072 2104 2157 2154 est

550 2183 622 2232 ut
646 2168 753 2230 nos
774 2175 868 2244 qui
900 2172 1112 2242 parvuli
1142 2171 1321 2226 adhuc
1351 2185 1562 2231 sumus,
1603 2168 1974 2244 perfectorum
2002 2186 2153 2244 sem-

566 2262 668 2317 per
694 2253 747 2300 et
779 2241 997 2317 virtutes
1026 2252 1080 2297 et
1107 2243 1508 2317 lacrymasante
1534 2248 1734 2317 nostra;
1756 2242 1954 2293 mentis
1969 2241 2155 2317 oculos

566 2310 854 2387 ponamus.
889 2316 1165 2387 Imitemur
1189 2310 1314 2383 quae
1342 2311 1396 2364 in
1426 2310 1536 2363 illis
1566 2310 1882 2387 aspicimus,
1940 2312 2153 2387 ut_d_um

565 2380 895 2456 emperimus
925 2400 1022 2456 per
1050 2380 1388 2456 incrementa
1416 2395 1676 2456 crescere,
1694 2380 2154 2456 possimusabilio

566 2450 812 2511 districto
834 2450 1084 2509 examine
1117 2453 1259 2506 mala
1290 2467 1410 2521 qua:
1442 2450 1667 2506 fecimus
1696 2450 1896 2505 velare.
1923 2451 1984 2504 In
2010 2450 2151 2506 assi-

566 2527 691 2582 duis
718 2528 859 2581 enim
891 2525 1132 2589 ﬂetibus,
1165 2524 1219 2576 in
1245 2521 1560 2591 quotidiana
1603 2528 1785 2576 nostra
1835 2522 2154 2589 paenitentia

567 2597 834 2651 habemus
852 2595 1203 2650 Sacerdotem
1234 2593 1288 2645 in
1308 2591 1480 2658 caelis,
1502 2591 1593 2660 qui
1617 2592 1919 2661 interpellat
1938 2608 2037 2661 pro
2060 2608 2155 2647 no-

562 2667 670 2733 bis,
700 2665 768 2720 de
789 2681 895 2736 quo
922 2666 1087 2719 etiam
1118 2679 1222 2736 per»
1236 2664 1498 2736 Joannem
1530 2661 1724 2736 dicitur
1746 2678 1758 2717 :
1778 2662 1837 2717 Si
1865 2670 1987 2736 quis
2018 2678 2151 2733 pec-

562 2732 1169 2801 caueritfadvocatum
1205 2732 1471 2804 habemus
1500 2732 1649 2804 apud
1685 2735 1912 2787 Patrem
1961 2732 2151 2804 Jesum

564 2808 858 2864 Christum
877 2827 896 2859 :
908 2812 965 2861 et
989 2806 1105 2875 ipse
1122 2808 1205 2859 est
1228 2802 1556 2875 propitiatio
1570 2802 1668 2871 pro
1678 2804 1925 2875 peccatis
1941 2802 2153 2875 nostris

562 2877 634 2946 (Il
658 2878 937 2943 Joan.u).
981 2872 1122 2931 Ecce
1166 2872 1399 2946 exsultat
1442 2872 1690 2946 animus;
1718 2888 1845 2946 cum
1899 2873 2151 2929 advocati

558 2942 726 3003 nostri
758 2942 1046 3017 potentiam
1063 2945 1339 3017 audimus,
1361 2942 1459 3017 sed
1476 2942 1892 3017 exsultationem
1911 2950 2152 3017 nostram

559 3014 771 3073 iterum'
779 3018 1057 3093 remordet
1087 3016 1264 3093 timor,
1295 3014 1425 3093 quia
1445 3014 1560 3093 ipse
1590 3014 1680 3093 qui
1713 3014 1873 3068 nobis
1905 3016 2150 3093 advoca-

559 3098 646 3144 tus
664 3098 746 3143 est
760 3088 957 3143 dicitur
971 3089 1164 3154 justus.
1191 3087 1304 3140 Nos
1327 3086 1473 3139 enim
1488 3084 1717 3154 justitiaa
1757 3099 1952 3140 causas
1975 3086 2149 3141 habe-

557 3174 701 3225 mus,
716 3160 897 3230 justus
919 3158 1362 3230 verogadealus
1378 3155 1606 3230 ipjllswrs
1622 3169 1813 3209 (⁵³⁸⁸⁸⁵
1836 3156 2151 3230 Πυμθηῖοᾴίῗ

559 3225 814 3301 suscipit,
833 3246 931 3301 nec
950 3228 1117 3301 verba
1127 3228 1259 3301 dare
1281 3242 1381 3301 pro
1397 3225 1674 3301 injustit1a_
1687 3227 1972 3301 contentu.
2010 3226 2151 3295 Quid

560 3295 733 3373 igitur
754 3300 996 3373 agimus,
1025 3295 1333 3373 charissimi
1355 3296 1548 3373 fratres
1573 3295 1678 3349 mei
1708 3296 1750 3373 ?_
1768 3296 1874 3373 sed
1897 3312 2028 3351 ecce
2049 3314 2149 3373 o_c-

558 3364 726 3426 currit
756 3364 936 3424 animo
966 3367 1096 3439 quid
1127 3382 1393 3439 agamus:
1418 3366 1562 3419 mala
1581 3380 1701 3432 qum
1722 3364 1971 3439 fecimus,
1994 3383 2025 3421 e

558 3442 803 3505 ﬂeamus,
820 3447 873 3492 et
884 3435 1223 3492 accusemus.
1253 3435 1521 3508 Scriptum
1542 3443 1621 3488 est
1647 3440 1883 3508 :_Jus_tus
1915 3438 1976 3508 in
1995 3440 2153 3508 prin-

560 3511 707 3581 cipiu
727 3504 1027 3564 accusator
1046 3508 1230 3562 estsui
1246 3507 1593 3581 (Rrovgtvin,
1627 3505 1734 3571 17).
1762 3504 2007 3581 Quilibet;
2033 3516 2153 3563 ete-

562 3574 675 3634 ni'm
708 3588 956 3649 peccator
984 3591 1275 3649 conversus
1304 3576 1358 3629 in
1407 3574 1756 3649 ﬂetibusjam
1813 3591 1930 3649 esse
1977 3578 2156 3647 justus

559 3646 783 3705 inchoat
809 3665 929 3704 cum
960 3647 1190 3716 cmperit
1216 3661 1474 3702 accusare
1503 3646 1648 3715 quod
1683 3646 1831 3716 fecit.
1872 3646 1989 3702 Cur
2008 3650 2156 3703 enim

569 3722 736 3789 justus
761 3734 868 3774 non
897 3720 965 3773 sit
995 3715 1084 3787 qui
1115 3724 1301 3789 contra
1330 3733 1480 3789 suam
1514 3715 1846 3789 injustitiam
1898 3719 2011 3785 jam
2061 3736 2158 3789 per

589 3739 736 3775 usms
761 3739 868 3774 non
897 3739 965 3773 διι
995 3739 1084 3787 QUI
1115 3739 1301 3773 contra
1330 3739 1480 3771 suam
1529 3739 1846 3787 ιιῃυδιιιιιιιῐι
1898 3739 2011 3785 jam
2061 3739 2154 3789 per

559 3739 840 3861 iacrymas
862 3789 1017 3861 saevit
1034 3790 1063 3841 εἴ
1080 3789 1260 3861 Justus
1275 3787 1440 3861 igitur
1459 3788 1761 3861 advocatus
1779 3796 1960 3843 noster
1973 3789 2154 3857 justos

566 3858 956 3941 npn'det'endet
985 3860 1039 3913 in
1067 3858 1846 3941 judicio,’quia_nosmetipsos
1866 3869 1912 3913 et
1923 3875 2157 3941 cognoso

561 3933 740 4009 cimus
758 3940 812 3986 et
839 3946 1154 4009 accusamus
1186 3930 1436 4009 injustas.
1463 3929 1586 4009 Non
1625 3944 1760 4009 ergo
1808 3930 1861 3982 in
1898 3929 2153 4009 .ﬂeiibus,

565 4017 676 4058 non
697 4003 750 4056 in
780 4002 977 4074 nostris
1005 4000 1236 4065 actibus,
1266 3999 1363 4055 sed
1391 4000 1445 4053 in
1473 3999 1721 4054 advocati
1744 3999 1912 4054 nostri
1941 4002 2155 4074 allega-

566 4074 711 4129 tione
733 4070 1091 4128 conﬁdamus.

742 4126 809 4213 ill.
839 4187 905 4199 —
929 4161 1026 4223 Qui
1048 4161 1183 4211 dicit
1197 4126 1251 4211 se
1273 4171 1417 4210 nosse
1451 4160 1630 4218 Deum,
1682 4166 1733 4211 st
1752 4163 1994 4213 mandata
2014 4162 2125 4223 dus

797 4243 898 4280 non
924 4228 1163 4292 custodit,
1187 4227 1399 4278 mendas
1423 4231 1501 4277 est
1519 4226 1568 4290 (I
1596 4226 1738 4277 Joan.
1766 4241 1825 4292 ιι,
1844 4227 1921 4291 6).

632 4320 864 4398 (_Homil.
895 4323 984 4398 ξε),
1016 4319 1071 4398 in
1096 4319 1336 4398 _Evang.,
1367 4334 1428 4371 ιι.
1592 4318 1727 4372 Vera
1758 4317 1893 4373 ﬁdes
1916 4328 2156 4398 estquae

563 4392 620 4449 in
641 4388 755 4447 'hoc
783 4391 929 4462 quod
962 4389 1139 4462 verbis
1183 4388 1310 4462 dicit
1341 4388 1595 4462 moribus
1638 4403 1745 4462 non
1802 4388 2146 4462 contradicit.

563 4464 702 4518 Hinc
729 4458 814 4517 est
846 4460 991 4531 quod
1022 4459 1344 4532 quibusdam
1364 4458 1513 4512 falsis
1531 4458 1781 4513 ﬁdelibus
1823 4460 2014 4515 Paulus
2031 4463 2104 4515 ait
2138 4479 2152 4516 :

566 4533 674 4600 Qui
693 4531 1113 4600 conﬁtenturse
1133 4545 1295 4585 nosse
1312 4531 1509 4601 Deum,
1534 4531 1705 4601 factis
1728 4538 1919 4585 autem
1942 4537 2155 4601 negant

562 4598 756 4729 gitJ,
790 4598 865 4667 6).
899 4602 1032 4654 Hinc
1081 4601 1317 4655 Joannes
1363 4600 1480 4653 ait:
1544 4598 1647 4666 Qui
1703 4601 1842 4655 dicit
1886 4618 1945 4655 se
1992 4598 2156 4659 nosse

610 4689 760 4729 eum.
779 4677 834 4727 et
850 4669 1259 4729 mandataeius
1303 4685 1417 4725 non
1436 4669 1700 4729 custodit.
1743 4672 1993 4726 mendae:
2028 4679 2137 4728 est.

610 4689 760 4740 eum,
779 4677 834 4727 et
850 4669 1122 4725 mandata
1137 4672 1259 4737 eius
1303 4685 1417 4725 non
1436 4669 1700 4738 custodit,
1743 4672 1993 4726 mendae:
2028 4679 2137 4728 est.

557 4742 717 4814 Quod
746 4758 867 4798 cum
899 4740 1077 4814 ita‘sit,
1108 4740 1234 4814 fidei
1266 4748 1462 4795 nostra:
1491 4740 1774 4814 veritatem
1806 4742 1857 4794 in
1883 4742 2003 4814 vitae
2034 4759 2149 4799 nos-

558 4810 655 4869 tiae
666 4811 1095 4870 consideratione
1122 4810 1383 4865 debemus
1403 4813 1875 4881 agnoscere.Tunc
1890 4813 2033 4867 enim
2066 4830 2151 4869 ve-

559 4885 755 4941 raciter
782 4883 969 4937 ﬁdeles
1019 4897 1223 4950 sumus,
1256 4883 1305 4935 si
1352 4881 1495 4951 quod
1553 4882 1735 4935 verbis
1791 4883 2159 4951 promittimus

559 4956 819 5027 operibus
838 4952 1213 5027 complem_us._
1258 4952 1319 5027 I_n
1372 4950 1466 5027 die
1526 4952 1726 5027 quippe
1790 4950 2152 5027 baptismatis,

560 5021 815 5083 omnibus
856 5021 981 5079 nos"
1012 5022 1216 5093 antiqui
1272 5021 1444 5093 hostis
1490 5021 1751 5092 operibus
1800 5021 1876 5077 et’
1903 5021 2156 5080 omnibus

557 5096 775 5168 pompis
790 5092 1170 5168 abrenuntiare
1189 5092 1554 5168 promisimus.
1580 5093 2153 5168 Itaqueunusquisque

556 5163 798 5223 vestrum
830 5166 900 5220 ad
923 5164 1423 5221 considerationem
1447 5177 1598 5216 suam
1622 5163 1817 5217 mentis
1846 5163 2035 5219 oculos
2058 5163 2150 5221 re-

556 5240 738 5306 ducat,
771 5238 892 5293 etsi
922 5242 1101 5315 servat
1129 5242 1254 5305 post
1281 5232 1611 5315 baptismum
1641 5234 1787 5356 quod
1815 5242 1939 5288 ante
1967 5235 2150 5306 bapti-

556 5322 733 5356 smum
800 5306 1114 5356 spopondit.
1141 5312 1440 5356 certuslam
1459 5301 1639 5356 autaﬁ
1683 5303 1781 5356 elts
1797 5306 2146 5356 estaandeat-

555 5301 734 5365 smum
800 5306 1114 5377 spopondit.
1130 5301 1318 5377 certus
1328 5301 1589 5377 jamquia
1604 5301 1781 5357 ﬁdelis
1797 5312 1877 5377 est
1890 5301 2146 5376 gaudeat.

557 5381 666 5437 Sed
696 5373 996 5449 ecce—quod
1027 5375 1274 5446 promisit
1323 5373 1547 5449 minime
1602 5373 1861 5449 servavit,
1898 5373 2021 5431 ‘sed
2078 5379 2149 5433 ad

555 5443 1059 5518 exercenda'prava
1086 5460 1274 5518 opera,
1301 5445 1392 5518 _ad
1440 5443 1903 5518 concupiscendas
1928 5516 1937 5518 _
1958 5449 2147 5503 mundi

549 5537 783 5593 pompas
796 5515 1039 5593 dilapsus
1066 5515 1148 5593 est
1180 5534 1193 5570 :
1226 5515 1516 5593 videamus
1545 5515 1590 5569 si
1617 5515 1730 5585 jam
1760 5516 1862 5571 scit
1884 5516 2148 5593 plangere

552 5586 696 5663 quod
708 5586 937 5663 erravit.
979 5586 1584 5663 Apudmisericordem
1616 5601 1847 5663 namque
1874 5586 2142 5663 iudicem,

552 5656 658 5720 nec
686 5661 775 5716 ille
809 5661 974 5714 fallax
1004 5656 1292 5713 habebitur
1320 5656 1409 5726 qni
1440 5657 1511 5727 ad
1531 5656 1811 5710 veritatem
1841 5660 2140 5727 revertitur,

550 5735 714 5790 etiam
732 5732 1041 5798 lpostquam
1098 5728 1371 5792 mentitur,
1422 5726 1563 5798 quia
1596 5729 1944 5796 omnipotens
1995 5726 2142 5785 Deus

551 5801 685 5872 dum
715 5796 950 5872 libenter
988 5807 1230 5872 nostram
1288 5796 1661 5872 paenitentiam
1718 5798 1960 5872 suscipit,
2018 5802 2143 5872 ipse

550 5884 647 5922 suo
669 5870 880 5936 judicio
907 5869 1015 5924 hoc
1044 5867 1189 5937 quod
1218 5866 1522 5922 erravimus
1549 5866 1852 5923 abscondit.

2187 1997 2239 2055 B
2269 1997 2409 2058 {imae
2438 2004 2811 2059 delectationis
2846 1997 3060 2058 necant.

2338 732 2425 803 «ιη
2456 734 2692 803 exposit.
2732 733 2790 787 Β.
2818 732 2939 796 Job,
2975 732 3073 787 lib.
3093 750 3244 797 XVIII,
3278 748 3432 787 num.
3475 733 3578 797 46;
3610 733 3710 787 lib.
3742 748 3784 786 ιι
3812 731 3869 786 in

2267 804 2489 871 Ezech.,
2526 803 2720 858 homil.
2761 807 2813 871 7,
2864 819 2918 856 ιι.
2971 804 3087 873 17.)
3143 805 3279 859 Esse
3334 803 3450 858 sine
3507 803 3867 858 delectatione

2268 877 2502 929 animam
2536 890 2813 940 nunquam
2846 882 3038 942 potest,
3071 890 3193 928 nam
3217 873 3864 939 autinﬂmisdeleetatur,

2269 955 2359 1000 aut
2390 946 2632 999 summis.
2667 946 2734 999 Et
2763 952 2959 1014 quanto
2989 945 3165 999 altiori
3225 945 3405 1000 studio
3464 956 3756 1000 exercetur
3798 945 3869 999 ad

2269 1032 2498 1079 summa,
2544 1025 2688 1069 tanto
2746 1016 2933 1083 majori
2985 1015 3164 1070 studio
3222 1014 3477 1085 torpescit
3533 1016 3606 1069 ad
3661 1014 3864 1079 inﬁma,

2271 1096 2581 1156 quantoque
2609 1085 2805 1141 acriori
2836 1103 2964 1141 cura
2993 1086 3285 1140 inardescit
3330 1087 3401 1140 ad
3447 1085 3661 1151 inﬁma,
3722 1094 3869 1140 tanto

2271 1166 2486 1228 torpore
2518 1156 2805 1228 damnabili
2839 1157 3083 1228 frigescit
3112 1157 3389 1210 asummis
3422 1175 3435 1210 :
3461 1165 3691 1228 utraque
3724 1158 3869 1210 enim

2270 1227 2428 1281 simul
2458 1234 2510 1281 et
2541 1227 2822 1298 aequaliter
2849 1226 3020 1282 amari
3045 1243 3155 1281 non
3174 1236 3424 1296 possunt.
3456 1226 3614 1282 Unde
3631 1229 3871 1282 Joannes

2268 1300 2545 1367 apostolus
2574 1296 2757 1353 sciens
2796 1296 2934 1352 inter
2989 1298 3174 1366 spinas
3221 1312 3464 1352 amorum
3520 1298 3867 1352 smeularium

2271 1385 2525 1448 supernae
2556 1368 2837 1448 charitatis
2865 1384 3093 1448 messem
3138 1369 3450 1448 germinare
3502 1384 3618 1448 non
3675 1383 3866 1448 passo.

2310 1437 2586 1509 riusquam
2617 1439 2803 1493 aeterni
2827 1439 3028 1493 amoris
3057 1437 3264 1493 semina
3280 1438 3542 1508 proferat,
3583 1438 3657 1492 de
3677 1437 3865 1492 cordi-

2270 1456 2373 1563 Rus
2404 1510 2719 1563 audientum
2760 1518 2944 1563 sancta
2974 1508 3125 1563 verbi
3155 1525 3320 1562 mann
3350 1508 3693 1563 saecularium
3714 1523 3865 1563 amo-

2310 1526 2373 1563 us
2404 1508 2719 1563 audientum
2760 1518 2944 1563 sancta
2974 1508 3125 1563 verbi
3155 1525 3320 1562 mann
3350 1508 3693 1563 saecularium
3714 1523 3867 1563 amo—

2270 1596 2391 1633 rum
2419 1581 2603 1649 spinas
2621 1580 2882 1645 eradicat,
2901 1580 3116 1634 dicens:
3137 1580 3323 1635 Nolite
3340 1580 3570 1650 diligere
3585 1580 3867 1635 mundum

2270 1667 2448 1722 neque
2479 1667 2545 1706 ea
2574 1668 2697 1721 qua:
2712 1654 2775 1705 in
2796 1650 3006 1706 mundo
3019 1658 3175 1705 sunt.
3197 1650 3301 1718 Qui
3320 1649 3733 1704 moxrationem
3750 1649 3872 1703 sub-

2272 1721 2429 1785 didit,
2454 1738 2620 1791 quare
2641 1722 2669 1774 ε)
2690 1722 2830 1788 Quia
2847 1723 2894 1775 si
2912 1724 3035 1791 quis
3056 1721 3243 1790 diligit
3280 1722 3580 1786 mundum,
3636 1736 3752 1777 non
3782 1723 3867 1776 est

2270 1793 2529 1847 Charitas
2550 1794 2739 1847 Patris
2752 1793 2815 1845 in
2844 1806 2932 1846 eo.
2969 1795 3045 1846 Ac
3075 1792 3118 1846 si
3136 1791 3478 1861 apertedicat
3500 1791 3757 1862 :Utrique
3798 1807 3855 1844 se

2270 1877 2481 1917 amores
2512 1865 2691 1943 inuno
2722 1863 2882 1942 corde
2913 1878 3020 1943 non
3049 1863 3290 1943 capiunt,
3322 1877 3426 1943 nec
3463 1862 3520 1915 in
3574 1878 3648 1943 eo
3699 1876 3859 1942 seges

2269 1948 2516 2003 supernae
2544 1933 2823 1987 cbaritatis
2854 1932 3097 2001 pullulat,
3124 1932 3182 2003 in
3230 1948 3340 2003 quo
3371 1932 3524 1986 illum
3565 1934 3742 2003 spinas
3771 1932 3856 1986 in-

3131 2002 3232 2072 Qui
3252 2002 3263 2003 7
3282 2003 3533 2058 eamdem
3590 2002 3856 2059 rationem

2268 2075 2509 2143 protinus
2536 2074 2736 2140 subdit,
2770 2083 2823 2128 et
2851 2074 3000 2144 ipsas
3030 2091 3098 2130 ex
3127 2076 3229 2129 hac
3257 2072 3438 2128 inﬁma
3494 2074 3858 2130 delectatione

2263 2153 2545 2200 nascentes
2567 2153 2849 2200 enumerat
2880 2145 3221 2214 punctiones,
3253 2145 3476 2200 dicens:
3511 2146 3659 2213 Quia
3688 2160 3852 2201 omne

2261 2217 2405 2288 quod
2417 2217 2478 2271 in
2496 2217 2705 2272 mundo
2723 2220 2827 2278 est,
2850 2217 3307 2288 concupiscentia
3327 2219 3521 2272 carnis
3535 2220 3703 2288 es_t.at
3716 2232 3855 2273 con-

2261 2286 2612 2358 cupiscentia
2640 2288 3031 2358 oculorum,“
3050 2287 3311 2358 superbia
3331 2287 3465 2358 vitta,
3490 2289 3539 2349 (Ι
3565 2286 3738 2343 Joan.
3795 2301 3853 2352 ιι,

2263 2356 2511 2423 16⁷).1(1ειο
2528 2357 2671 2412 enim
2687 2358 2886 2411 habere
2903 2356 3107 2428 aliquid
3122 2356 3332 2422 omnes,
3346 2366 3399 2412 et
3419 2357 3560 2411 ultra
3580 2374 3749 2423 quam
3767 2372 3857 2411 ne-

2262 2443 2418 2483 cesse
2448 2437 2530 2482 est
2560 2428 2967 2496 concupiscunt,
3002 2436 3059 2483 ut
3105 2427 3357 2483 habendo
3402 2429 3739 2497 superbiant,
3804 2433 3857 2481 et

2261 2498 2384 2570 quia
2417 2500 2529 2570 hoc
2547 2498 2693 2553 alius
2722 2514 2829 2553 non
2861 2500 3048 2565 habet,
3084 2514 3145 2553 se
3192 2499 3245 2551 in
3276 2498 3702 2570 cogitationibus
3733 2513 3856 2570 Vex-

2262 2569 2473 2641 tollant.
2498 2567 2601 2641 Qui
2631 2570 2795 2641 igitur
2824 2577 3157 2641 terrenarum
3176 2567 3567 2641 rerum'amore
3600 2569 3855 2632 vincitur,

2258 2639 2316 2711 in
2351 2640 2459 2711 Deo
2492 2639 2795 2695 nullatenus
2848 2640 3187 2695 delectatur:
3235 2639 3419 2697 Nemo
3462 2642 3618 2696 enim
3674 2644 3858 2711 potest

2260 2710 2473 2781 duobus
2490 2711 2734 2767 dominis
2750 2711 3272 2775 serviretlllatth.v1,
3298 2712 3406 2780 2i),
3428 2711 3554 2781 quia
3587 2709 3701 2766 non
3714 2709 3861 2765 valet

2259 2780 2420 2834 simul
2453 2783 2765 2837 transitoria
2783 2789 3057 2837 etasterna
3077 2782 3329 2851 diligere.
3360 2782 3425 2836 Si
3452 2780 3602 2836 enim
3632 2780 3854 2836 eterni-

2259 2857 2426 2924 tautem
2455 2853 2768 2924 diligemus,
2792 2861 2985 2907 cuncta
3015 2853 3336 2923 temporalia
3363 2853 3419 2907 in
3457 2868 3581 2919 usu,
3640 2868 3754 2909 non
3800 2852 3858 2906 in

2260 2919 2454 2978 eﬂ'ectu
2484 2919 2848 2992 possidemus.

2259 3027 2391 3080 Car.
2412 3032 2470 3080 V.
2501 3057 2563 3068 —
2585 3030 2732 3080 Nunc
2752 3029 3235 3162 Antichristisiyulti

2970 3111 3029 3158 ιι,
3142 3131 3154 3143 .

2970 3111 3154 3158 ιι,ιδ).

2330 3195 2413 3265 (In
2434 3195 2664 3265 exposit.
2700 3194 2770 3251 B.
2794 3196 2918 3261 Job,
2950 3195 3045 3252 lib.
3078 3213 3228 3262 xxix,
3265 3212 3414 3251 num.
3450 3196 3562 3261 15.)
3591 3196 3671 3251 Su

2256 3266 2601 3332 Antichristo,
2632 3267 2941 3336 iniquorum
2971 3267 3169 3337 capite,
3227 3267 3283 3321 in
3338 3275 3546 3322 sancta

3281 3031 3413 3097 facti
3464 3034 3584 3083 sunt
3611 3030 3671 3099 (1
3712 3031 3860 3083 leas.

2031 3337 2153 3423 ,3;
2179 3349 2229 3412 ο
2261 3337 2650 3423 persecutione,
2676 3338 2940 3423 multi‘qui
2970 3354 3113 3423 nunc
3140 3353 3234 3394 ore
3282 3346 3407 3423 sunt
3454 3338 3546 3423 pii
3571 3346 3645 3423 ‘et
3699 3337 3861 3423 corde

2261 3406 2590 3479 suntiimpii,
2612 3406 2891 3477 publicata
2904 3408 3128 3475 malitia,
3144 3412 3416 3471 corruent,
3442 3406 3494 3463 et
3514 3406 3683 3463 ﬁdem
3706 3422 3861 3479 quam

2262 3477 2606 3549 specietenus
2636 3480 3183 3549 teuuerantperdent.
3222 3479 3397 3534 Nemo
3427 3487 3610 3534 autem
3660 3477 3859 3549 idcirco

2263 3563 2323 3602 se
2344 3563 2377 3601 a
2406 3547 2497 3620 tali
2536 3563 2742 3620 occasu
2790 3547 3108 3620 extraneum
3156 3549 3365 3614 credat,
3422 3550 3554 3620 quia
3606 3548 3679 3604 ad
3720 3548 3859 3620 illius

2262 3619 2578 3690 tentatianis
2610 3619 2903 3688 procellam
2922 3636 2981 3676 se
3013 3620 3294 3690 pervenire
3323 3617 3765 3675 non—existimat.
3813 3617 3858 3676 Ο

2265 3687 2451 3759 quanti
2472 3687 2780 3745 tenta’tionis
2826 3690 2973 3746 illius
3014 3687 3279 3758 tempora
3326 3705 3431 3745 non
3480 3690 3760 3752 viderunt,
3809 3697 3861 3745 et

2263 3766 2443 3814 tamen
2475 3759 2530 3813 in
2559 3761 2677 3830 ejus
2699 3761 3010 3816 teutationis
3045 3760 3284 3831 procella
3341 3769 3626 3815 versantur
3654 3762 3669 3815 ι
3731 3761 3859 3816 Cain

2267 3837 2478 3898 tempus
2505 3831 2819 3886 Antichristi
2849 3847 2958 3887 non
3002 3832 3154 3900 vidit,
3211 3840 3264 3887 et
3310 3838 3492 3887 tamen
3549 3831 3859 3886 membrum

2263 3900 2573 3955 Antichristi
2608 3917 2704 3970 per
2735 3903 2984 3957 meritum
3021 3902 3138 3957 fuit.
3171 3901 3337 3957 ludas
3364 3901 3636 3957 saevitiam
3669 3917 3857 3968 perse-

2265 3970 2493 4042 cutionis
2522 3971 2665 4026 illius
2683 3971 3037 4042 ignoravit,et
3066 3981 3247 4028 tamen
3285 3973 3491 4027 viribus
3524 3971 3860 4028 crudelitatis

2264 4040 2402 4111 ejus,
2434 4042 2662 4097 avaritia
2690 4040 2972 4107 suadente,
3028 4043 3339 4099 succubuit.
3403 4042 3596 4098 Simon
3654 4042 3861 4097 divisus

2267 4111 2433 4184 longe
2461 4112 2528 4167 ab
2556 4113 2865 4168 Antichristi
2922 4113 3260 4184 temporibus
3312 4113 3538 4179 exstitit,
3578 4122 3631 4168 et
3682 4123 3861 4169 tamen

2266 4183 2383 4249 ejus
2412 4199 2469 4237 se
2492 4183 2761 4256 superbiae
2815 4183 3199 4256 miraculorum
3254 4185 3552 4256 potentiam
3611 4197 3863 4256 perverse

2265 4254 2576 4326 appetendo
2600 4254 2904 4326 conjunxit.
2946 4255 3037 4310 Sic
3064 4254 3304 4326 iniquum
3323 4270 3521 4326 corpus
3550 4270 3653 4310 suo
3677 4255 3862 4325 capiti.

2266 4324 2352 4378 sic
2375 4326 2632 4379 membris
2654 4325 2897 4397 membra
2912 4324 3249 4396 junguntur;
3275 4334 3463 4380 etcum
3483 4325 3537 4379 in
3554 4324 3865 4397 cognitione

2266 4409 2325 4476 se
2348 4396 2614 4476 nesciunt,
2647 4396 2695 4450 ei
2714 4405 2893 4476 tamen
2915 4411 3084 4476 prava
3099 4397 3312 4476 actione
3330 4396 3682 4466 copulantur.
3713 4396 3863 4476 Unda

2269 4464 2333 4537 fit
2361 4468 2489 4537 utin
2520 4467 2629 4520 suis
2655 4464 3033 4536 operatoribus
3060 4466 3178 4536 ipse
3207 4464 3516 4537 iniquorum
3547 4475 3744 4522 auctor
3762 4469 3864 4523 An-

2267 4534 2533 4590 tirhristus
2547 4536 2660 4604 jam
2692 4534 2972 4607 appareat.
2989 4534 3326 4607 qui—necdum
3350 4538 3525 4591 venit.
3550 4536 3694 4592 Hinc
3706 4538 3864 4593 Joan-

2266 4622 2362 4660 nes
2382 4606 2456 4661 ait
2479 4624 2490 4659 :
2515 4608 2719 4672 Filioli,
2738 4606 3058 4663 novissima
3080 4607 3334 4669 horaest,
3361 4610 3419 4662 et
3435 4610 3588 4663 sicut
3612 4608 3863 4664 audistis

2300 4680 2402 4731 uia
2434 4677 2820 4733 Antichristus
2848 4681 3007 4733 venit
3027 4699 3044 4731 :
3072 4693 3227 4733 nunc
3279 4678 3638 4734 Antichristi
3688 4679 3860 4734 multi

2300 4693 2402 4731 uta
2434 4692 2820 4733 Anttcnrzstus
2848 4692 3007 4733 venit
3027 4699 3044 4731 :
3072 4693 3227 4733 nunc
3279 4692 3638 4734 antichristi
3688 4692 3860 4734 mutu

2258 4692 2577 4816 factisunt,
2610 4749 2760 4803 unde
2775 4749 2983 4804 scimus
3002 4750 3450 4819 quianouissima
3501 4747 3641 4819 hora
3672 4754 3761 4804 est
3816 4747 3871 4818 (Ι

2255 4820 2419 4873 Ιοαη.
2437 4833 2500 4885 ιι,
2525 4823 2634 4877 18).
2666 4820 2825 4874 Nunc
2853 4818 3053 4890 quippe
3082 4818 3397 4890 Antichristi
3424 4820 3579 4873 multi
3600 4818 3864 4875 factisunt

2264 4889 2517 4962 quoniam
2548 4905 2739 4945 omnes
2768 4889 2936 4962 iniqui
2950 4889 3069 4959 jam
3097 4889 3216 4958 ejus
3258 4889 3525 4962 membra
3562 4898 3713 4962 sunt,
3745 4903 3862 4962 qua

2264 4959 2470 5014 scilicet
2489 4976 2743 5028 perverse
2771 4958 3153 5029 edita,’caput
3206 4975 3363 5014 suum
3420 4958 3567 5015 male
3626 4958 3862 5015 vivendo

2263 5040 2663 5102 praevenerunt.
2695 5033 2840 5085 Inter
2868 5033 2987 5086 haec
3014 5045 3239 5085 necesse
3267 5038 3351 5102 est
3390 5038 3451 5085 ut
3494 5031 3862 5102 unusquisque

2262 5108 2500 5153 nostrum
2523 5101 2591 5155 ad
2621 5102 2802 5156 cordis
2827 5101 2909 5155 sui
2940 5109 3208 5156 secretum
3263 5100 3470 5162 redeat,
3522 5109 3578 5156 et
3634 5100 3860 5157 actionis

2259 5186 2370 5243 sua:
2391 5170 2587 5227 damna
2616 5172 2982 5243 pertimescat,
3010 5186 3077 5243 ne
3106 5170 3312 5243 meritis
3354 5169 3714 5243 exigentibus
3767 5185 3861 5243 per

2261 5240 2553 5297 districtam
2578 5240 2841 5311 justitiam
2860 5242 3189 5313 judiciorum
3220 5242 3320 5297 Dei
3348 5242 3405 5296 in
3458 5240 3667 5297 talium
3692 5240 3861 5298 boini-

2258 5327 2384 5365 num
2408 5329 2687 5367 numerum
2718 5322 2921 5369 currat.

2256 5420 2391 5470 Car.
2414 5422 2504 5470 VI.
2526 5448 2588 5458 —
2620 5419 2797 5472 Unctio
2819 5419 2932 5488 ejus
2955 5421 3209 5548 vos
3244 5421 3306 5472 ds
3350 5419 3580 5473 omnibus
3618 5419 3669 5486 (ι
3707 5420 3851 5472 Jun.

2959 5500 3017 5548 ιι,
3134 5522 3149 5538 .

2959 5500 3017 5551 ιι,
3039 5500 3149 5548 ιη).

2323 5593 2553 5677 (Homii.
2587 5593 2753 5677 3.0.,‘in
2775 5595 3015 5677 Evangq
3035 5611 3104 5677 ιι.
3126 5599 3180 5664 3,
3206 5595 3284 5663 8.)
3303 5595 3426 5677 Nisi
3455 5595 3843 5677 Spiritnssan-

2252 5671 2371 5719 ctus
2386 5665 2535 5719 cordi
2558 5663 2698 5719 adsit
2718 5663 3008 5728 audientis.
3028 5667 3241 5722 otiosus
3259 5676 3344 5722 est
3363 5663 3545 5722 seruio
3579 5666 3838 5723 doctoris.

2249 5732 2424 5810 Nemo
2452 5750 2594 5810 ergo
2606 5735 3047 5810 docentihomini
3063 5737 3279 5810 tribuat
3305 5736 3457 5810 quod
3480 5754 3548 5792 ex
3594 5752 3698 5810 ore
3746 5736 3841 5790 do-

2249 5805 2420 5858 centis
2442 5804 2722 5886 intelligit,
2755 5807 2882 5886 quia
2902 5808 3004 5862 nisi
3031 5807 3100 5862 sit
3129 5807 3274 5862 intus
3303 5804 3397 5878 qui
3427 5807 3643 5870 doceat,

2249 5872 2484 5931 doctoris
2502 5883 2746 5932 exterius
2774 5893 2831 5932 ιιι
2860 5892 3059 5932 vanum
3087 5876 3319 5932 laborat.
3368 5877 3515 5932 Ecca
3540 5890 3708 5932 unam

2248 5872 2484 5931 doctoris
2502 5872 2746 5933 exterius
2774 5872 2831 5932 in
2860 5892 3059 5935 vanum
3087 5872 3338 5935 laborati
3368 5877 3515 5935 Ecca
3540 5890 3708 5935 unam
