  <div class='ocr_page' id='page_1' title='image "/cluster/home/n/w/nwhite01/storage/ocr_20150623/79/hvd.32044054758834/706.png"; bbox 0 0 4110 6176; ppageno 0'>
   <div class='ocr_carea' id='block_1_1' title="bbox 361 241 502 303">
    <p class='ocr_par' dir='ltr' id='par_1_1' title="bbox 361 241 502 303">
     <span class='ocr_line' id='line_1_1' title="bbox 361 241 502 303; baseline 0.007 -1"><span class='ocrx_word' id='word_1_1' title='bbox 361 241 502 303; x_wconf 68' lang='lat'><strong>140‘!</strong></span> 
     </span>
    </p>
   </div>
   <div class='ocr_carea' id='block_1_2' title="bbox 1035 228 2969 339">
    <p class='ocr_par' dir='ltr' id='par_1_2' title="bbox 1035 228 2969 339">
     <span class='ocr_line' id='line_1_2' title="bbox 1035 228 2969 339; baseline 0.006 -41"><span class='ocrx_word' id='word_1_2' title='bbox 1035 242 1282 339; x_wconf 65' lang='lat' dir='ltr'><strong>ALUtrt</strong></span> <span class='ocrx_word' id='word_1_3' title='bbox 1309 241 1687 303; x_wconf 74' lang='lat' dir='ltr'><strong>sxrosmo</strong></span> <span class='ocrx_word' id='word_1_4' title='bbox 1714 244 1895 302; x_wconf 77' lang='lat' dir='ltr'><strong>NOV!</strong></span> <span class='ocrx_word' id='word_1_5' title='bbox 1921 241 2115 303; x_wconf 82' lang='lat' dir='ltr'><strong>TES‘I‘.</strong></span> <span class='ocrx_word' id='word_1_6' title='bbox 2146 276 2219 289; x_wconf 92' lang='grc'><strong><em>-</em></strong></span> <span class='ocrx_word' id='word_1_7' title='bbox 2242 247 2403 305; x_wconf 80' lang='lat' dir='ltr'><strong>sur.</strong></span> <span class='ocrx_word' id='word_1_8' title='bbox 2426 248 2969 310; x_wconf 58' lang='lat' dir='ltr'><strong>apocanvrsm.</strong></span> 
     </span>
    </p>
   </div>
   <div class='ocr_carea' id='block_1_3' title="bbox 3540 252 3682 313">
    <p class='ocr_par' dir='ltr' id='par_1_3' title="bbox 3540 252 3682 313">
     <span class='ocr_line' id='line_1_3' title="bbox 3540 252 3682 313; baseline 0.014 -2"><span class='ocrx_word' id='word_1_9' title='bbox 3540 252 3682 313; x_wconf 58' lang='grc' dir='ltr'><strong>μοι</strong></span> 
     </span>
    </p>
   </div>
   <div class='ocr_carea' id='block_1_4' title="bbox 370 366 3673 449">
    <p class='ocr_par' dir='ltr' id='par_1_4' title="bbox 370 366 3673 449">
     <span class='ocr_line' id='line_1_4' title="bbox 370 366 3673 449; baseline 0.004 -27"><span class='ocrx_word' id='word_1_10' title='bbox 370 366 695 449; x_wconf 47' lang='lat' dir='ltr'><strong>ﬂetuum</strong></span> <span class='ocrx_word' id='word_1_11' title='bbox 715 366 1101 449; x_wconf 67' lang='lat' dir='ltr'><strong>desiderabilis</strong></span> <span class='ocrx_word' id='word_1_12' title='bbox 1137 369 1441 440; x_wconf 71' lang='lat' dir='ltr'><strong>requiescit</strong></span> <span class='ocrx_word' id='word_1_13' title='bbox 1468 369 1666 449; x_wconf 72' lang='lat' dir='ltr'><strong>inore</strong></span> <span class='ocrx_word' id='word_1_14' title='bbox 1684 369 1962 449; x_wconf 70' lang='lat' dir='ltr'><strong>sapientis</strong></span> <span class='ocrx_word' id='word_1_15' title='bbox 1990 369 2047 428; x_wconf 85' lang='lat' dir='ltr'><strong>A</strong></span> <span class='ocrx_word' id='word_1_16' title='bbox 2075 369 2242 425; x_wconf 88' lang='lat' dir='ltr'><strong>sionis</strong></span> <span class='ocrx_word' id='word_1_17' title='bbox 2268 373 2582 449; x_wconf 78' lang='lat' dir='ltr'><strong>certamina,</strong></span> <span class='ocrx_word' id='word_1_18' title='bbox 2594 383 2725 449; x_wconf 84' lang='lat' dir='ltr'><strong>post</strong></span> <span class='ocrx_word' id='word_1_19' title='bbox 2742 378 3152 434; x_wconf 71' lang='lat' dir='ltr'><strong>resurrectionis</strong></span> <span class='ocrx_word' id='word_1_20' title='bbox 3178 377 3439 449; x_wconf 87' lang='lat' dir='ltr'><strong>palmam,</strong></span> <span class='ocrx_word' id='word_1_21' title='bbox 3472 378 3673 435; x_wconf 82' lang='lat' dir='ltr'><strong>clarius</strong></span> 
     </span>
    </p>
   </div>
   <div class='ocr_carea' id='block_1_5' title="bbox 369 439 1962 509">
    <p class='ocr_par' dir='ltr' id='par_1_5' title="bbox 369 439 1962 509">
     <span class='ocr_line' id='line_1_5' title="bbox 369 439 1962 509; baseline 0.001 -17"><span class='ocrx_word' id='word_1_22' title='bbox 369 439 560 503; x_wconf 82' lang='lat' dir='ltr'><strong>(Prov.</strong></span> <span class='ocrx_word' id='word_1_23' title='bbox 627 454 740 500; x_wconf 72' lang='lat' dir='ltr'><strong>ut,</strong></span> <span class='ocrx_word' id='word_1_24' title='bbox 788 441 903 507; x_wconf 68' lang='grc' dir='ltr'><strong>(ιο).</strong></span> <span class='ocrx_word' id='word_1_25' title='bbox 951 441 1153 494; x_wconf 79' lang='lat' dir='ltr'><strong>Aurum</strong></span> <span class='ocrx_word' id='word_1_26' title='bbox 1192 439 1390 509; x_wconf 84' lang='lat' dir='ltr'><strong>nempe</strong></span> <span class='ocrx_word' id='word_1_27' title='bbox 1436 439 1761 509; x_wconf 78' lang='lat' dir='ltr'><strong>sapientiam</strong></span> <span class='ocrx_word' id='word_1_28' title='bbox 1809 440 1962 507; x_wconf 88' lang='lat' dir='ltr'><strong>vidit,</strong></span> 
     </span>
    </p>
   </div>
   <div class='ocr_carea' id='block_1_6' title="bbox 368 508 1967 581">
    <p class='ocr_par' dir='ltr' id='par_1_6' title="bbox 368 508 1967 581">
     <span class='ocr_line' id='line_1_6' title="bbox 368 508 1967 581; baseline 0.001 -18"><span class='ocrx_word' id='word_1_29' title='bbox 368 521 534 578; x_wconf 77' lang='lat' dir='ltr'><strong>quam</strong></span> <span class='ocrx_word' id='word_1_30' title='bbox 572 509 893 581; x_wconf 85' lang='lat' dir='ltr'><strong>_thesaurnm</strong></span> <span class='ocrx_word' id='word_1_31' title='bbox 918 511 1172 581; x_wconf 83' lang='lat' dir='ltr'><strong>vocavit.</strong></span> <span class='ocrx_word' id='word_1_32' title='bbox 1214 508 1349 576; x_wconf 70' lang='lat' dir='ltr'><strong>Quae</strong></span> <span class='ocrx_word' id='word_1_33' title='bbox 1379 508 1527 564; x_wconf 83' lang='lat' dir='ltr'><strong>recte</strong></span> <span class='ocrx_word' id='word_1_34' title='bbox 1570 510 1685 564; x_wconf 86' lang='lat' dir='ltr'><strong>auri</strong></span> <span class='ocrx_word' id='word_1_35' title='bbox 1715 511 1967 581; x_wconf 87' lang='lat' dir='ltr'><strong>appella-</strong></span> 
     </span>
    </p>
   </div>
   <div class='ocr_carea' id='block_1_7' title="bbox 368 577 1963 650">
    <p class='ocr_par' dir='ltr' id='par_1_7' title="bbox 368 577 1963 650">
     <span class='ocr_line' id='line_1_7' title="bbox 368 577 1963 650; baseline 0.001 -17"><span class='ocrx_word' id='word_1_36' title='bbox 368 577 516 634; x_wconf 89' lang='lat' dir='ltr'><strong>tione</strong></span> <span class='ocrx_word' id='word_1_37' title='bbox 542 577 806 650; x_wconf 79' lang='lat' dir='ltr'><strong>signatur,</strong></span> <span class='ocrx_word' id='word_1_38' title='bbox 838 580 964 650; x_wconf 87' lang='lat' dir='ltr'><strong>quia</strong></span> <span class='ocrx_word' id='word_1_39' title='bbox 992 580 1132 635; x_wconf 88' lang='lat' dir='ltr'><strong>sicut</strong></span> <span class='ocrx_word' id='word_1_40' title='bbox 1179 594 1314 635; x_wconf 88' lang='lat' dir='ltr'><strong>auro</strong></span> <span class='ocrx_word' id='word_1_41' title='bbox 1345 581 1681 650; x_wconf 80' lang='lat' dir='ltr'><strong>temporalia,</strong></span> <span class='ocrx_word' id='word_1_42' title='bbox 1741 577 1814 635; x_wconf 76' lang='lat' dir='ltr'><strong>ita</strong></span> <span class='ocrx_word' id='word_1_43' title='bbox 1869 597 1963 635; x_wconf 83' lang='lat' dir='ltr'><strong>sa-</strong></span> 
     </span>
    </p>
   </div>
   <div class='ocr_carea' id='block_1_8' title="bbox 361 649 1967 722">
    <p class='ocr_par' dir='ltr' id='par_1_8' title="bbox 361 649 1967 722">
     <span class='ocr_line' id='line_1_8' title="bbox 361 649 1967 722; baseline 0.002 -19"><span class='ocrx_word' id='word_1_44' title='bbox 361 650 573 720; x_wconf 77' lang='lat' dir='ltr'><strong>pientis</strong></span> <span class='ocrx_word' id='word_1_45' title='bbox 599 649 747 705; x_wconf 86' lang='lat' dir='ltr'><strong>bona</strong></span> <span class='ocrx_word' id='word_1_46' title='bbox 768 649 969 722; x_wconf 68' lang='lat' dir='ltr'><strong>aeterna</strong></span> <span class='ocrx_word' id='word_1_47' title='bbox 987 654 1318 722; x_wconf 75' lang='lat' dir='ltr'><strong>mercantur.</strong></span> <span class='ocrx_word' id='word_1_48' title='bbox 1340 649 1476 720; x_wconf 86' lang='lat' dir='ltr'><strong>Quia</strong></span> <span class='ocrx_word' id='word_1_49' title='bbox 1495 652 1659 722; x_wconf 87' lang='lat' dir='ltr'><strong>igitur</strong></span> <span class='ocrx_word' id='word_1_50' title='bbox 1673 651 1967 722; x_wconf 88' lang='lat' dir='ltr'><strong>aliquando</strong></span> 
     </span>
    </p>
   </div>
   <div class='ocr_carea' id='block_1_9' title="bbox 361 720 1963 791">
    <p class='ocr_par' dir='ltr' id='par_1_9' title="bbox 361 720 1963 791">
     <span class='ocr_line' id='line_1_9' title="bbox 361 720 1963 791; baseline 0.001 -17"><span class='ocrx_word' id='word_1_51' title='bbox 361 734 463 791; x_wconf 89' lang='lat' dir='ltr'><strong>per</strong></span> <span class='ocrx_word' id='word_1_52' title='bbox 489 735 679 775; x_wconf 90' lang='lat' dir='ltr'><strong>aurum</strong></span> <span class='ocrx_word' id='word_1_53' title='bbox 696 720 965 791; x_wconf 75' lang='lat' dir='ltr'><strong>sapientia</strong></span> <span class='ocrx_word' id='word_1_54' title='bbox 992 720 1708 791; x_wconf 15' lang='lat' dir='ltr'><strong>intelligitur,iprtedicatori</strong></span> <span class='ocrx_word' id='word_1_55' title='bbox 1752 720 1963 777; x_wconf 81' lang='lat' dir='ltr'><strong>Laodi-</strong></span> 
     </span>
    </p>
   </div>
   <div class='ocr_carea' id='block_1_10' title="bbox 361 790 1966 863">
    <p class='ocr_par' dir='ltr' id='par_1_10' title="bbox 361 790 1966 863">
     <span class='ocr_line' id='line_1_10' title="bbox 361 790 1966 863; baseline 0.003 -19"><span class='ocrx_word' id='word_1_56' title='bbox 361 790 477 863; x_wconf 70' lang='lat' dir='ltr'><strong>ceae</strong></span> <span class='ocrx_word' id='word_1_57' title='bbox 492 792 564 845; x_wconf 88' lang='lat' dir='ltr'><strong>ab</strong></span> <span class='ocrx_word' id='word_1_58' title='bbox 578 790 774 863; x_wconf 79' lang='lat' dir='ltr'><strong>angelo</strong></span> <span class='ocrx_word' id='word_1_59' title='bbox 794 793 992 848; x_wconf 88' lang='lat' dir='ltr'><strong>dicitur</strong></span> <span class='ocrx_word' id='word_1_60' title='bbox 1009 804 1028 840; x_wconf 87' lang='lat'><strong><em>:</em></strong></span> <span class='ocrx_word' id='word_1_61' title='bbox 1053 791 1270 847; x_wconf 87' lang='lat' dir='ltr'><strong>Suadeo</strong></span> <span class='ocrx_word' id='word_1_62' title='bbox 1282 790 1392 847; x_wconf 82' lang='lat' dir='ltr'><strong>tibi</strong></span> <span class='ocrx_word' id='word_1_63' title='bbox 1409 808 1592 848; x_wconf 87' lang='lat' dir='ltr'><strong>emere</strong></span> <span class='ocrx_word' id='word_1_64' title='bbox 1605 808 1642 847; x_wconf 87' lang='lat' dir='ltr'><strong>a</strong></span> <span class='ocrx_word' id='word_1_65' title='bbox 1654 808 1741 848; x_wconf 84' lang='lat' dir='ltr'><strong>me</strong></span> <span class='ocrx_word' id='word_1_66' title='bbox 1755 809 1966 849; x_wconf 86' lang='lat' dir='ltr'><strong>aurum</strong></span> 
     </span>
    </p>
   </div>
   <div class='ocr_carea' id='block_1_11' title="bbox 358 861 1964 934">
    <p class='ocr_par' dir='ltr' id='par_1_11' title="bbox 358 861 1964 934">
     <span class='ocr_line' id='line_1_11' title="bbox 358 861 1964 934; baseline 0.001 -17"><span class='ocrx_word' id='word_1_67' title='bbox 358 861 630 934; x_wconf 72' lang='lat' dir='ltr'><strong>ignitum.</strong></span> <span class='ocrx_word' id='word_1_68' title='bbox 654 861 885 917; x_wconf 60' lang='lat' dir='ltr'><strong>&#39;Aurnm</strong></span> <span class='ocrx_word' id='word_1_69' title='bbox 908 863 1123 934; x_wconf 81' lang='lat' dir='ltr'><strong>quippe</strong></span> <span class='ocrx_word' id='word_1_70' title='bbox 1142 863 1375 934; x_wconf 74' lang='lat' dir='ltr'><strong>enimus,</strong></span> <span class='ocrx_word' id='word_1_71' title='bbox 1405 878 1529 934; x_wconf 79' lang='lat' dir='ltr'><strong>cum</strong></span> <span class='ocrx_word' id='word_1_72' title='bbox 1560 865 1837 933; x_wconf 85' lang='lat' dir='ltr'><strong>accepturi</strong></span> <span class='ocrx_word' id='word_1_73' title='bbox 1865 880 1964 918; x_wconf 91' lang='lat' dir='ltr'><strong>sa-</strong></span> 
     </span>
    </p>
   </div>
   <div class='ocr_carea' id='block_1_12' title="bbox 359 931 1963 1003">
    <p class='ocr_par' dir='ltr' id='par_1_12' title="bbox 359 931 1963 1003">
     <span class='ocr_line' id='line_1_12' title="bbox 359 931 1963 1003; baseline 0.002 -18"><span class='ocrx_word' id='word_1_74' title='bbox 359 931 622 1003; x_wconf 81' lang='lat' dir='ltr'><strong>pientiam</strong></span> <span class='ocrx_word' id='word_1_75' title='bbox 667 933 817 1002; x_wconf 85' lang='lat' dir='ltr'><strong>prius</strong></span> <span class='ocrx_word' id='word_1_76' title='bbox 872 931 1243 988; x_wconf 81' lang='lat' dir='ltr'><strong>obedientiam</strong></span> <span class='ocrx_word' id='word_1_77' title='bbox 1295 932 1606 1003; x_wconf 66' lang='lat' dir='ltr'><strong>praebemus</strong></span> <span class='ocrx_word' id='word_1_78' title='bbox 1640 952 1653 987; x_wconf 88' lang='lat'><strong>:</strong></span> <span class='ocrx_word' id='word_1_79' title='bbox 1683 931 1753 988; x_wconf 81' lang='lat' dir='ltr'><strong>ad</strong></span> <span class='ocrx_word' id='word_1_80' title='bbox 1800 950 1963 1003; x_wconf 89' lang='lat' dir='ltr'><strong>quem</strong></span> 
     </span>
    </p>
   </div>
   <div class='ocr_carea' id='block_1_13' title="bbox 278 1002 1960 1074">
    <p class='ocr_par' dir='ltr' id='par_1_13' title="bbox 278 1002 1960 1074">
     <span class='ocr_line' id='line_1_13' title="bbox 278 1002 1960 1074; baseline 0.001 -17"><span class='ocrx_word' id='word_1_81' title='bbox 278 1054 281 1057; x_wconf 77' lang='lat'><strong>.</strong></span> <span class='ocrx_word' id='word_1_82' title='bbox 360 1002 618 1074; x_wconf 74' lang='lat' dir='ltr'><strong>videlicet</strong></span> <span class='ocrx_word' id='word_1_83' title='bbox 663 1012 997 1059; x_wconf 87' lang='lat' dir='ltr'><strong>contractum</strong></span> <span class='ocrx_word' id='word_1_84' title='bbox 1046 1017 1149 1057; x_wconf 89' lang='lat' dir='ltr'><strong>nos</strong></span> <span class='ocrx_word' id='word_1_85' title='bbox 1186 1002 1410 1074; x_wconf 83' lang='lat' dir='ltr'><strong>quidam</strong></span> <span class='ocrx_word' id='word_1_86' title='bbox 1468 1005 1697 1071; x_wconf 84' lang='lat' dir='ltr'><strong>Sapiens</strong></span> <span class='ocrx_word' id='word_1_87' title='bbox 1744 1002 1960 1070; x_wconf 81' lang='lat' dir='ltr'><strong>excitat,</strong></span> 
     </span>
    </p>
   </div>
   <div class='ocr_carea' id='block_1_14' title="bbox 360 1071 1965 1146">
    <p class='ocr_par' dir='ltr' id='par_1_14' title="bbox 360 1071 1965 1146">
     <span class='ocr_line' id='line_1_14' title="bbox 360 1071 1965 1146; baseline 0.004 -21"><span class='ocrx_word' id='word_1_88' title='bbox 360 1071 552 1146; x_wconf 65' lang='lat' dir='ltr'><strong>dicens</strong></span> <span class='ocrx_word' id='word_1_89' title='bbox 594 1090 607 1126; x_wconf 90' lang='lat'><strong><em>:</em></strong></span> <span class='ocrx_word' id='word_1_90' title='bbox 650 1075 977 1146; x_wconf 84' lang='lat' dir='ltr'><strong>Concupisti</strong></span> <span class='ocrx_word' id='word_1_91' title='bbox 1005 1071 1369 1145; x_wconf 80' lang='lat' dir='ltr'><strong>sapientiam,</strong></span> <span class='ocrx_word' id='word_1_92' title='bbox 1393 1090 1552 1130; x_wconf 73' lang='lat' dir='ltr'><strong>serva</strong></span> <span class='ocrx_word' id='word_1_93' title='bbox 1581 1075 1876 1141; x_wconf 85' lang='lat' dir='ltr'><strong>mandata,</strong></span> <span class='ocrx_word' id='word_1_94' title='bbox 1907 1076 1965 1131; x_wconf 82' lang='lat' dir='ltr'><strong>et</strong></span> 
     </span>
    </p>
   </div>
   <div class='ocr_carea' id='block_1_15' title="bbox 361 1142 1702 1217">
    <p class='ocr_par' dir='ltr' id='par_1_15' title="bbox 361 1142 1702 1217">
     <span class='ocr_line' id='line_1_15' title="bbox 361 1142 1702 1217; baseline 0.001 -20"><span class='ocrx_word' id='word_1_95' title='bbox 361 1142 644 1200; x_wconf 82' lang='lat' dir='ltr'><strong>Dominus</strong></span> <span class='ocrx_word' id='word_1_96' title='bbox 672 1142 940 1217; x_wconf 72' lang='lat' dir='ltr'><strong>praebebit</strong></span> <span class='ocrx_word' id='word_1_97' title='bbox 960 1142 1126 1200; x_wconf 81' lang='lat' dir='ltr'><strong>illam</strong></span> <span class='ocrx_word' id='word_1_98' title='bbox 1159 1146 1259 1200; x_wconf 84' lang='lat' dir='ltr'><strong>tibi</strong></span> <span class='ocrx_word' id='word_1_99' title='bbox 1289 1146 1485 1215; x_wconf 67' lang='lat' dir='ltr'><strong>(Ec-cli.</strong></span> <span class='ocrx_word' id='word_1_100' title='bbox 1512 1162 1549 1210; x_wconf 57' lang='grc' dir='ltr'><strong>ι,</strong></span> <span class='ocrx_word' id='word_1_101' title='bbox 1583 1148 1702 1215; x_wconf 81' lang='lat'><strong>33).</strong></span> 
     </span>
    </p>
   </div>
   <div class='ocr_carea' id='block_1_16' title="bbox 366 1252 1873 1376">
    <p class='ocr_par' dir='ltr' id='par_1_16' title="bbox 366 1252 1873 1376">
     <span class='ocr_line' id='line_1_16' title="bbox 366 1252 1873 1376; baseline -0.001 -73"><span class='ocrx_word' id='word_1_102' title='bbox 366 1312 371 1317; x_wconf 89' lang='lat'>_</span> <span class='ocrx_word' id='word_1_103' title='bbox 435 1252 558 1303; x_wconf 62' lang='lat' dir='ltr'><strong>Car.</strong></span> <span class='ocrx_word' id='word_1_104' title='bbox 589 1253 694 1305; x_wconf 79' lang='lat' dir='ltr'><strong>XII.</strong></span> <span class='ocrx_word' id='word_1_105' title='bbox 722 1278 784 1287; x_wconf 98' lang='lat'><strong>—</strong></span> <span class='ocrx_word' id='word_1_106' title='bbox 803 1253 1037 1376; x_wconf 57' lang='lat' dir='ltr'><strong>Caliga‘o</strong></span> <span class='ocrx_word' id='word_1_107' title='bbox 1061 1254 1251 1312; x_wconf 78' lang='lat' dir='ltr'><strong>inunge</strong></span> <span class='ocrx_word' id='word_1_108' title='bbox 1272 1254 1436 1376; x_wconf 53' lang='lat' dir='ltr'><strong>eget”</strong></span> <span class='ocrx_word' id='word_1_109' title='bbox 1460 1258 1588 1315; x_wconf 71' lang='lat' dir='ltr'><strong>tuos,</strong></span> <span class='ocrx_word' id='word_1_110' title='bbox 1616 1261 1673 1304; x_wconf 80' lang='lat' dir='ltr'><strong>ut</strong></span> <span class='ocrx_word' id='word_1_111' title='bbox 1700 1255 1873 1305; x_wconf 76' lang='lat' dir='ltr'><strong>video:</strong></span> 
     </span>
     <span class='ocr_line' id='line_1_17' title="bbox 366 1332 1380 1376; baseline -0.008 0"><span class='ocrx_word' id='word_1_112' title='bbox 366 1349 378 1376; x_wconf 72' lang='grc' dir='ltr'><strong>ι</strong></span> <span class='ocrx_word' id='word_1_113' title='bbox 1009 1333 1129 1376; x_wconf 81' lang='lat' dir='ltr'><strong>poc.</strong></span> <span class='ocrx_word' id='word_1_114' title='bbox 1172 1332 1246 1376; x_wconf 86' lang='grc' dir='ltr'><strong>ιιι,</strong></span> <span class='ocrx_word' id='word_1_115' title='bbox 1368 1354 1380 1369; x_wconf 90' lang='grc'><strong>.</strong></span> 
     </span>
    </p>
   </div>
   <div class='ocr_carea' id='block_1_17' title="bbox 361 1322 1380 1380">
    <p class='ocr_par' dir='ltr' id='par_1_17' title="bbox 361 1322 1380 1380">
     <span class='ocr_line' id='line_1_18' title="bbox 361 1322 1380 1380; baseline 0.001 -12"><span class='ocrx_word' id='word_1_116' title='bbox 361 1349 378 1380; x_wconf 58' lang='grc' dir='ltr'><strong>ι</strong></span> <span class='ocrx_word' id='word_1_117' title='bbox 939 1322 1129 1380; x_wconf 76' lang='lat' dir='ltr'><strong>(Apoc.</strong></span> <span class='ocrx_word' id='word_1_118' title='bbox 1172 1332 1246 1380; x_wconf 86' lang='grc' dir='ltr'><strong>ιιι,</strong></span> <span class='ocrx_word' id='word_1_119' title='bbox 1274 1322 1380 1376; x_wconf 78' lang='lat' dir='ltr'><strong>t8).</strong></span> 
     </span>
    </p>
   </div>
   <div class='ocr_carea' id='block_1_18' title="bbox 434 1322 1957 1458">
    <p class='ocr_par' dir='ltr' id='par_1_18' title="bbox 434 1322 1957 1458">
     <span class='ocr_line' id='line_1_19' title="bbox 939 1322 1885 1397; baseline 0 -29"><span class='ocrx_word' id='word_1_120' title='bbox 939 1322 1129 1384; x_wconf 76' lang='lat' dir='ltr'><strong>(Apoc.</strong></span> <span class='ocrx_word' id='word_1_121' title='bbox 1172 1332 1246 1380; x_wconf 86' lang='grc' dir='ltr'><strong>ιιι,</strong></span> <span class='ocrx_word' id='word_1_122' title='bbox 1274 1322 1380 1376; x_wconf 78' lang='lat' dir='ltr'><strong>t8).</strong></span> <span class='ocrx_word' id='word_1_123' title='bbox 1467 1385 1476 1395; x_wconf 39' lang='lat'>&#39;</span> <span class='ocrx_word' id='word_1_124' title='bbox 1874 1387 1885 1397; x_wconf 35' lang='grc' dir='ltr'>θ</span> 
     </span>
     <span class='ocr_line' id='line_1_20' title="bbox 434 1385 1957 1458; baseline -0.001 -17"><span class='ocrx_word' id='word_1_125' title='bbox 434 1386 658 1458; x_wconf 82' lang='lat' dir='ltr'><strong>(Regnl.</strong></span> <span class='ocrx_word' id='word_1_126' title='bbox 696 1388 1087 1458; x_wconf 81' lang='lat' dir='ltr'><strong>Pastor._part.</strong></span> <span class='ocrx_word' id='word_1_127' title='bbox 1120 1402 1155 1447; x_wconf 85' lang='grc' dir='ltr'><strong>ι,</strong></span> <span class='ocrx_word' id='word_1_128' title='bbox 1182 1400 1231 1441; x_wconf 92' lang='lat' dir='ltr'><strong>c.</strong></span> <span class='ocrx_word' id='word_1_129' title='bbox 1256 1388 1323 1458; x_wconf 65' lang='lat' dir='ltr'><strong>tt</strong></span> <span class='ocrx_word' id='word_1_130' title='bbox 1345 1385 1394 1458; x_wconf 53' lang='grc' dir='ltr'><strong>τ)</strong></span> <span class='ocrx_word' id='word_1_131' title='bbox 1421 1385 1627 1458; x_wconf 80' lang='lat' dir='ltr'><strong>Lippus</strong></span> <span class='ocrx_word' id='word_1_132' title='bbox 1673 1393 1755 1458; x_wconf 85' lang='lat' dir='ltr'><strong>est</strong></span> <span class='ocrx_word' id='word_1_133' title='bbox 1800 1402 1957 1456; x_wconf 80' lang='lat' dir='ltr'><strong>cujus</strong></span> 
     </span>
    </p>
   </div>
   <div class='ocr_carea' id='block_1_19' title="bbox 366 1455 1958 1536">
    <p class='ocr_par' dir='ltr' id='par_1_19' title="bbox 366 1455 1958 1536">
     <span class='ocr_line' id='line_1_21' title="bbox 366 1455 1958 1536; baseline -0.001 -24"><span class='ocrx_word' id='word_1_134' title='bbox 366 1455 645 1536; x_wconf 61' lang='lat' dir='ltr'><strong>ingenium</strong></span> <span class='ocrx_word' id='word_1_135' title='bbox 677 1458 743 1511; x_wconf 85' lang='lat' dir='ltr'><strong>ad</strong></span> <span class='ocrx_word' id='word_1_136' title='bbox 769 1455 1393 1536; x_wconf 65' lang='lat' dir='ltr'><strong>cognitionemveritatis</strong></span> <span class='ocrx_word' id='word_1_137' title='bbox 1411 1457 1627 1536; x_wconf 79' lang='lat' dir='ltr'><strong>emicat,</strong></span> <span class='ocrx_word' id='word_1_138' title='bbox 1649 1457 1759 1536; x_wconf 90' lang='lat' dir='ltr'><strong>sed</strong></span> <span class='ocrx_word' id='word_1_139' title='bbox 1775 1455 1958 1511; x_wconf 89' lang='lat' dir='ltr'><strong>tamen</strong></span> 
     </span>
    </p>
   </div>
   <div class='ocr_carea' id='block_1_20' title="bbox 354 1526 1956 1595">
    <p class='ocr_par' dir='ltr' id='par_1_20' title="bbox 354 1526 1956 1595">
     <span class='ocr_line' id='line_1_22' title="bbox 354 1526 1956 1595; baseline 0 -13"><span class='ocrx_word' id='word_1_140' title='bbox 354 1526 460 1582; x_wconf 75' lang='lat' dir='ltr'><strong>hoc</strong></span> <span class='ocrx_word' id='word_1_141' title='bbox 506 1529 632 1583; x_wconf 67' lang='lat' dir='ltr'><strong>vitae</strong></span> <span class='ocrx_word' id='word_1_142' title='bbox 664 1526 898 1582; x_wconf 83' lang='lat' dir='ltr'><strong>carnalis</strong></span> <span class='ocrx_word' id='word_1_143' title='bbox 947 1526 1192 1595; x_wconf 80' lang='lat' dir='ltr'><strong>operatio</strong></span> <span class='ocrx_word' id='word_1_144' title='bbox 1212 1541 1384 1595; x_wconf 88' lang='lat' dir='ltr'><strong>prava</strong></span> <span class='ocrx_word' id='word_1_145' title='bbox 1409 1526 1662 1581; x_wconf 88' lang='lat' dir='ltr'><strong>obscurat</strong></span> <span class='ocrx_word' id='word_1_146' title='bbox 1692 1543 1705 1581; x_wconf 90' lang='lat'>:</span> <span class='ocrx_word' id='word_1_147' title='bbox 1738 1543 1956 1582; x_wconf 87' lang='lat' dir='ltr'><strong>sensum</strong></span> 
     </span>
    </p>
   </div>
   <div class='ocr_carea' id='block_1_21' title="bbox 352 1596 1954 1666">
    <p class='ocr_par' dir='ltr' id='par_1_21' title="bbox 352 1596 1954 1666">
     <span class='ocr_line' id='line_1_23' title="bbox 352 1596 1954 1666; baseline 0.001 -15"><span class='ocrx_word' id='word_1_148' title='bbox 352 1605 550 1653; x_wconf 87' lang='lat' dir='ltr'><strong>natura</strong></span> <span class='ocrx_word' id='word_1_149' title='bbox 581 1596 919 1659; x_wconf 82' lang='lat' dir='ltr'><strong>exacuit,sed</strong></span> <span class='ocrx_word' id='word_1_150' title='bbox 942 1597 1364 1651; x_wconf 84' lang='lat' dir='ltr'><strong>conversationis</strong></span> <span class='ocrx_word' id='word_1_151' title='bbox 1393 1598 1635 1666; x_wconf 82' lang='lat' dir='ltr'><strong>pravitas</strong></span> <span class='ocrx_word' id='word_1_152' title='bbox 1650 1598 1954 1654; x_wconf 87' lang='lat' dir='ltr'><strong>confundit.</strong></span> 
     </span>
    </p>
   </div>
   <div class='ocr_carea' id='block_1_22' title="bbox 356 1667 1952 1740">
    <p class='ocr_par' dir='ltr' id='par_1_22' title="bbox 356 1667 1952 1740">
     <span class='ocr_line' id='line_1_24' title="bbox 356 1667 1952 1740; baseline 0.001 -18"><span class='ocrx_word' id='word_1_153' title='bbox 356 1667 454 1722; x_wconf 89' lang='lat' dir='ltr'><strong>Cui</strong></span> <span class='ocrx_word' id='word_1_154' title='bbox 484 1669 623 1723; x_wconf 84' lang='lat' dir='ltr'><strong>bene</strong></span> <span class='ocrx_word' id='word_1_155' title='bbox 639 1684 734 1735; x_wconf 87' lang='lat' dir='ltr'><strong>per</strong></span> <span class='ocrx_word' id='word_1_156' title='bbox 761 1667 1013 1740; x_wconf 83' lang='lat' dir='ltr'><strong>angelum</strong></span> <span class='ocrx_word' id='word_1_157' title='bbox 1033 1668 1256 1740; x_wconf 84' lang='lat' dir='ltr'><strong>dicitur:</strong></span> <span class='ocrx_word' id='word_1_158' title='bbox 1287 1668 1752 1740; x_wconf 80' lang='lat' dir='ltr'><strong>Collyrioinunge</strong></span> <span class='ocrx_word' id='word_1_159' title='bbox 1764 1670 1952 1740; x_wconf 82' lang='lat' dir='ltr'><strong>oculos</strong></span> 
     </span>
    </p>
   </div>
   <div class='ocr_carea' id='block_1_23' title="bbox 2076 442 3672 520">
    <p class='ocr_par' dir='ltr' id='par_1_23' title="bbox 2076 442 3672 520">
     <span class='ocr_line' id='line_1_25' title="bbox 2076 442 3672 520; baseline 0.008 -26"><span class='ocrx_word' id='word_1_160' title='bbox 2076 455 2136 495; x_wconf 86' lang='lat' dir='ltr'><strong>se</strong></span> <span class='ocrx_word' id='word_1_161' title='bbox 2163 442 2415 520; x_wconf 80' lang='lat' dir='ltr'><strong>emnibus</strong></span> <span class='ocrx_word' id='word_1_162' title='bbox 2467 442 2613 515; x_wconf 77' lang='lat' dir='ltr'><strong>quad</strong></span> <span class='ocrx_word' id='word_1_163' title='bbox 2641 450 2895 520; x_wconf 78' lang='lat' dir='ltr'><strong>potestati</strong></span> <span class='ocrx_word' id='word_1_164' title='bbox 2918 450 3092 504; x_wconf 88' lang='lat' dir='ltr'><strong>Patris</strong></span> <span class='ocrx_word' id='word_1_165' title='bbox 3114 442 3253 504; x_wconf 74' lang='lat' dir='ltr'><strong>esset</strong></span> <span class='ocrx_word' id='word_1_166' title='bbox 3272 442 3495 520; x_wconf 65' lang='lat' dir='ltr'><strong>aequalis</strong></span> <span class='ocrx_word' id='word_1_167' title='bbox 3523 449 3672 505; x_wconf 92' lang='lat' dir='ltr'><strong>indi-</strong></span> 
     </span>
    </p>
   </div>
   <div class='ocr_carea' id='block_1_24' title="bbox 2075 519 3673 639">
    <p class='ocr_par' dir='ltr' id='par_1_24' title="bbox 2075 519 3673 639">
     <span class='ocr_line' id='line_1_26' title="bbox 2075 519 3673 639; baseline 0.007 -73"><span class='ocrx_word' id='word_1_168' title='bbox 2075 519 2237 591; x_wconf 73' lang='lat' dir='ltr'><strong>cavit,</strong></span> <span class='ocrx_word' id='word_1_169' title='bbox 2264 528 2444 639; x_wconf 49' lang='lat' dir='ltr'><strong>euge</strong></span> <span class='ocrx_word' id='word_1_170' title='bbox 2498 531 2557 570; x_wconf 90' lang='lat' dir='ltr'><strong>se</strong></span> <span class='ocrx_word' id='word_1_171' title='bbox 2588 533 2693 571; x_wconf 88' lang='lat' dir='ltr'><strong>non</strong></span> <span class='ocrx_word' id='word_1_172' title='bbox 2718 519 2994 590; x_wconf 86' lang='lat' dir='ltr'><strong>disparem</strong></span> <span class='ocrx_word' id='word_1_173' title='bbox 3032 520 3241 575; x_wconf 89' lang='lat' dir='ltr'><strong>calcato</strong></span> <span class='ocrx_word' id='word_1_174' title='bbox 3262 519 3451 574; x_wconf 82' lang='lat' dir='ltr'><strong>murtis</strong></span> <span class='ocrx_word' id='word_1_175' title='bbox 3479 522 3673 577; x_wconf 84' lang='lat' dir='ltr'><strong>aculeo</strong></span> 
     </span>
     <span class='ocr_line' id='line_1_27' title="bbox 2075 585 3673 639; baseline 0.003 -4"><span class='ocrx_word' id='word_1_176' title='bbox 2075 591 2321 637; x_wconf 81' lang='lat' dir='ltr'><strong>innotuit.</strong></span> <span class='ocrx_word' id='word_1_177' title='bbox 2412 585 2513 639; x_wconf 90' lang='lat' dir='ltr'><strong>nde</strong></span> <span class='ocrx_word' id='word_1_178' title='bbox 2528 593 2585 639; x_wconf 87' lang='lat' dir='ltr'><strong>et</strong></span> <span class='ocrx_word' id='word_1_179' title='bbox 2602 589 2779 639; x_wconf 62' lang='lat' dir='ltr'><strong>Marias</strong></span> <span class='ocrx_word' id='word_1_180' title='bbox 2812 592 3053 639; x_wconf 82' lang='lat' dir='ltr'><strong>nendum</strong></span> <span class='ocrx_word' id='word_1_181' title='bbox 3070 606 3128 639; x_wconf 80' lang='lat' dir='ltr'><strong>se</strong></span> <span class='ocrx_word' id='word_1_182' title='bbox 3143 591 3385 639; x_wconf 80' lang='lat' dir='ltr'><strong>credenti</strong></span> <span class='ocrx_word' id='word_1_183' title='bbox 3407 605 3467 639; x_wconf 81' lang='lat' dir='ltr'><strong>se</strong></span> <span class='ocrx_word' id='word_1_184' title='bbox 3497 590 3673 639; x_wconf 80' lang='lat' dir='ltr'><strong>Patris</strong></span> 
     </span>
    </p>
   </div>
   <div class='ocr_carea' id='block_1_25' title="bbox 2075 583 3674 664">
    <p class='ocr_par' dir='ltr' id='par_1_25' title="bbox 2075 583 3674 664">
     <span class='ocr_line' id='line_1_28' title="bbox 2075 583 3674 664; baseline 0.006 -29"><span class='ocrx_word' id='word_1_185' title='bbox 2075 583 2321 664; x_wconf 73' lang='lat' dir='ltr'><strong>innotuit.</strong></span> <span class='ocrx_word' id='word_1_186' title='bbox 2343 583 2585 664; x_wconf 46' lang='lat' dir='ltr'><strong>‘Undeet</strong></span> <span class='ocrx_word' id='word_1_187' title='bbox 2602 589 2779 664; x_wconf 57' lang='lat' dir='ltr'><strong>Marias</strong></span> <span class='ocrx_word' id='word_1_188' title='bbox 2806 583 3053 645; x_wconf 73' lang='lat' dir='ltr'><strong>neodum</strong></span> <span class='ocrx_word' id='word_1_189' title='bbox 3070 606 3128 645; x_wconf 87' lang='lat' dir='ltr'><strong>se</strong></span> <span class='ocrx_word' id='word_1_190' title='bbox 3143 591 3390 664; x_wconf 82' lang='lat' dir='ltr'><strong>credenti</strong></span> <span class='ocrx_word' id='word_1_191' title='bbox 3407 605 3467 644; x_wconf 85' lang='lat' dir='ltr'><strong>se</strong></span> <span class='ocrx_word' id='word_1_192' title='bbox 3497 590 3674 645; x_wconf 84' lang='lat' dir='ltr'><strong>Patris</strong></span> 
     </span>
    </p>
   </div>
   <div class='ocr_carea' id='block_1_26' title="bbox 2074 653 3669 735">
    <p class='ocr_par' dir='ltr' id='par_1_26' title="bbox 2074 653 3669 735">
     <span class='ocr_line' id='line_1_29' title="bbox 2074 653 3669 735; baseline 0.008 -30"><span class='ocrx_word' id='word_1_193' title='bbox 2074 653 2306 735; x_wconf 76' lang='lat' dir='ltr'><strong>similem</strong></span> <span class='ocrx_word' id='word_1_194' title='bbox 2329 654 2488 735; x_wconf 80' lang='lat' dir='ltr'><strong>dicit:</strong></span> <span class='ocrx_word' id='word_1_195' title='bbox 2512 656 2634 711; x_wconf 84' lang='lat' dir='ltr'><strong>Noli</strong></span> <span class='ocrx_word' id='word_1_196' title='bbox 2650 676 2739 735; x_wconf 78' lang='lat' dir='ltr'><strong>me</strong></span> <span class='ocrx_word' id='word_1_197' title='bbox 2753 665 3004 735; x_wconf 82' lang='lat' dir='ltr'><strong>tangere,</strong></span> <span class='ocrx_word' id='word_1_198' title='bbox 3026 662 3445 735; x_wconf 72' lang='lat' dir='ltr'><strong>nondumenim</strong></span> <span class='ocrx_word' id='word_1_199' title='bbox 3464 677 3669 735; x_wconf 67' lang='lat' dir='ltr'><strong>ascen-</strong></span> 
     </span>
    </p>
   </div>
   <div class='ocr_carea' id='block_1_27' title="bbox 2073 723 3673 804">
    <p class='ocr_par' dir='ltr' id='par_1_27' title="bbox 2073 723 3673 804">
     <span class='ocr_line' id='line_1_30' title="bbox 2073 723 3673 804; baseline 0.006 -27"><span class='ocrx_word' id='word_1_200' title='bbox 2073 723 2235 804; x_wconf 50' lang='lat' dir='ltr'><strong>diudd</strong></span> <span class='ocrx_word' id='word_1_201' title='bbox 2251 727 2480 804; x_wconf 79' lang='lat' dir='ltr'><strong>Patrem</strong></span> <span class='ocrx_word' id='word_1_202' title='bbox 2507 743 2697 804; x_wconf 80' lang='lat' dir='ltr'><strong>meum</strong></span> <span class='ocrx_word' id='word_1_203' title='bbox 2714 723 2898 804; x_wconf 60' lang='lat' dir='ltr'><strong>(Junii.</strong></span> <span class='ocrx_word' id='word_1_204' title='bbox 2915 723 3029 804; x_wconf 43' lang='lat' dir='ltr'><strong>ita,</strong></span> <span class='ocrx_word' id='word_1_205' title='bbox 3060 732 3165 801; x_wconf 85' lang='lat' dir='ltr'><strong>t7).</strong></span> <span class='ocrx_word' id='word_1_206' title='bbox 3196 730 3370 786; x_wconf 88' lang='lat' dir='ltr'><strong>Nobis</strong></span> <span class='ocrx_word' id='word_1_207' title='bbox 3395 731 3449 804; x_wconf 81' lang='lat' dir='ltr'><strong>in</strong></span> <span class='ocrx_word' id='word_1_208' title='bbox 3479 733 3673 804; x_wconf 79' lang='lat' dir='ltr'><strong>throno</strong></span> 
     </span>
    </p>
   </div>
   <div class='ocr_carea' id='block_1_28' title="bbox 2076 794 3668 876">
    <p class='ocr_par' dir='ltr' id='par_1_28' title="bbox 2076 794 3668 876">
     <span class='ocr_line' id='line_1_31' title="bbox 2076 794 3668 876; baseline 0.006 -29"><span class='ocrx_word' id='word_1_209' title='bbox 2076 794 2198 876; x_wconf 60' lang='grc' dir='ltr'><strong>Ξιιιί</strong></span> <span class='ocrx_word' id='word_1_210' title='bbox 2251 796 2442 876; x_wconf 79' lang='lat' dir='ltr'><strong>sedere</strong></span> <span class='ocrx_word' id='word_1_211' title='bbox 2486 804 2593 876; x_wconf 63' lang='lat' dir='ltr'><strong>est</strong></span> <span class='ocrx_word' id='word_1_212' title='bbox 2625 794 2869 876; x_wconf 78' lang='lat' dir='ltr'><strong>ejusdem</strong></span> <span class='ocrx_word' id='word_1_213' title='bbox 2914 794 3033 855; x_wconf 87' lang='lat' dir='ltr'><strong>Filii</strong></span> <span class='ocrx_word' id='word_1_214' title='bbox 3090 794 3353 876; x_wconf 75' lang='lat' dir='ltr'><strong>potestate</strong></span> <span class='ocrx_word' id='word_1_215' title='bbox 3397 802 3668 876; x_wconf 82' lang='lat' dir='ltr'><strong>judicare.</strong></span> 
     </span>
    </p>
   </div>
   <div class='ocr_carea' id='block_1_29' title="bbox 2072 863 3673 946">
    <p class='ocr_par' dir='ltr' id='par_1_29' title="bbox 2072 863 3673 946">
     <span class='ocr_line' id='line_1_32' title="bbox 2072 863 3673 946; baseline 0.006 -27"><span class='ocrx_word' id='word_1_216' title='bbox 2072 863 2212 945; x_wconf 79' lang='lat' dir='ltr'><strong>Quia</strong></span> <span class='ocrx_word' id='word_1_217' title='bbox 2240 865 2385 946; x_wconf 87' lang='lat' dir='ltr'><strong>enim</strong></span> <span class='ocrx_word' id='word_1_218' title='bbox 2400 865 2595 946; x_wconf 81' lang='lat' dir='ltr'><strong>judicii</strong></span> <span class='ocrx_word' id='word_1_219' title='bbox 2625 863 2982 946; x_wconf 76' lang='lat' dir='ltr'><strong>principatum</strong></span> <span class='ocrx_word' id='word_1_220' title='bbox 3000 863 3235 946; x_wconf 54' lang='lat' dir='ltr'><strong>ex&#39;ejns</strong></span> <span class='ocrx_word' id='word_1_221' title='bbox 3259 863 3673 946; x_wconf 57' lang='lat' dir='ltr'><strong>virtu&#39;teperci-</strong></span> 
     </span>
    </p>
   </div>
   <div class='ocr_carea' id='block_1_30' title="bbox 2073 941 3659 1017">
    <p class='ocr_par' dir='ltr' id='par_1_30' title="bbox 2073 941 3659 1017">
     <span class='ocr_line' id='line_1_33' title="bbox 2073 941 3659 1017; baseline 0.005 -27"><span class='ocrx_word' id='word_1_222' title='bbox 2073 941 2271 1005; x_wconf 86' lang='lat' dir='ltr'><strong>pimus,</strong></span> <span class='ocrx_word' id='word_1_223' title='bbox 2290 941 2434 991; x_wconf 91' lang='lat' dir='ltr'><strong>velut</strong></span> <span class='ocrx_word' id='word_1_224' title='bbox 2454 941 2515 1017; x_wconf 83' lang='lat' dir='ltr'><strong>in</strong></span> <span class='ocrx_word' id='word_1_225' title='bbox 2540 941 2661 1017; x_wconf 77' lang='lat' dir='ltr'><strong>ejus</strong></span> <span class='ocrx_word' id='word_1_226' title='bbox 2689 941 2882 1017; x_wconf 77' lang='lat' dir='ltr'><strong>throne</strong></span> <span class='ocrx_word' id='word_1_227' title='bbox 2904 941 3224 1017; x_wconf 79' lang='lat' dir='ltr'><strong>residemus.</strong></span> <span class='ocrx_word' id='word_1_228' title='bbox 3257 944 3372 998; x_wconf 90' lang='lat' dir='ltr'><strong>Nec</strong></span> <span class='ocrx_word' id='word_1_229' title='bbox 3401 941 3659 999; x_wconf 81' lang='lat' dir='ltr'><strong>abhorret</strong></span> 
     </span>
    </p>
   </div>
   <div class='ocr_carea' id='block_1_31' title="bbox 2071 1007 3671 1079">
    <p class='ocr_par' dir='ltr' id='par_1_31' title="bbox 2071 1007 3671 1079">
     <span class='ocr_line' id='line_1_34' title="bbox 2071 1007 3671 1079; baseline 0.005 -19"><span class='ocrx_word' id='word_1_230' title='bbox 2071 1021 2104 1060; x_wconf 88' lang='lat' dir='ltr'><strong>a</strong></span> <span class='ocrx_word' id='word_1_231' title='bbox 2144 1021 2271 1061; x_wconf 90' lang='lat' dir='ltr'><strong>vero</strong></span> <span class='ocrx_word' id='word_1_232' title='bbox 2328 1007 2472 1075; x_wconf 90' lang='lat' dir='ltr'><strong>quod</strong></span> <span class='ocrx_word' id='word_1_233' title='bbox 2502 1008 2631 1061; x_wconf 82' lang='lat' dir='ltr'><strong>alibi</strong></span> <span class='ocrx_word' id='word_1_234' title='bbox 2656 1026 2816 1079; x_wconf 89' lang='lat' dir='ltr'><strong>super</strong></span> <span class='ocrx_word' id='word_1_235' title='bbox 2841 1011 3129 1067; x_wconf 89' lang='lat' dir='ltr'><strong>duodecim</strong></span> <span class='ocrx_word' id='word_1_236' title='bbox 3162 1014 3380 1068; x_wconf 90' lang='lat' dir='ltr'><strong>thronos</strong></span> <span class='ocrx_word' id='word_1_237' title='bbox 3412 1028 3671 1068; x_wconf 85' lang='lat' dir='ltr'><strong>sessuros</strong></span> 
     </span>
    </p>
   </div>
   <div class='ocr_carea' id='block_1_32' title="bbox 2071 1079 3670 1157">
    <p class='ocr_par' dir='ltr' id='par_1_32' title="bbox 2071 1079 3670 1157">
     <span class='ocr_line' id='line_1_35' title="bbox 2071 1079 3670 1157; baseline 0.004 -25"><span class='ocrx_word' id='word_1_238' title='bbox 2071 1080 2311 1157; x_wconf 67' lang='lat' dir='ltr'><strong>testatur</strong></span> <span class='ocrx_word' id='word_1_239' title='bbox 2352 1094 2472 1133; x_wconf 89' lang='lat' dir='ltr'><strong>esse</strong></span> <span class='ocrx_word' id='word_1_240' title='bbox 2529 1079 2823 1157; x_wconf 72' lang='lat' dir='ltr'><strong>discipulos</strong></span> <span class='ocrx_word' id='word_1_241' title='bbox 2856 1099 2867 1134; x_wconf 93' lang='lat'>:</span> <span class='ocrx_word' id='word_1_242' title='bbox 2904 1082 2992 1157; x_wconf 77' lang='lat' dir='ltr'><strong>hic</strong></span> <span class='ocrx_word' id='word_1_243' title='bbox 3034 1092 3217 1157; x_wconf 5' lang='lat' dir='ltr'><strong>autem,</strong></span> <span class='ocrx_word' id='word_1_244' title='bbox 3239 1084 3291 1137; x_wconf 90' lang='lat' dir='ltr'><strong>in</strong></span> <span class='ocrx_word' id='word_1_245' title='bbox 3326 1085 3519 1157; x_wconf 81' lang='lat' dir='ltr'><strong>throno</strong></span> <span class='ocrx_word' id='word_1_246' title='bbox 3570 1100 3670 1157; x_wconf 85' lang='lat' dir='ltr'><strong>suo</strong></span> 
     </span>
    </p>
   </div>
   <div class='ocr_carea' id='block_1_33' title="bbox 2070 1148 3667 1228">
    <p class='ocr_par' dir='ltr' id='par_1_33' title="bbox 2070 1148 3667 1228">
     <span class='ocr_line' id='line_1_36' title="bbox 2070 1148 3667 1228; baseline 0.005 -27"><span class='ocrx_word' id='word_1_247' title='bbox 2070 1148 2467 1228; x_wconf 43' lang='lat' dir='ltr'><strong>perhibet‘esse</strong></span> <span class='ocrx_word' id='word_1_248' title='bbox 2484 1164 2749 1228; x_wconf 76' lang='lat' dir='ltr'><strong>sessuros.</strong></span> <span class='ocrx_word' id='word_1_249' title='bbox 2771 1152 2869 1205; x_wconf 90' lang='lat' dir='ltr'><strong>Per</strong></span> <span class='ocrx_word' id='word_1_250' title='bbox 2888 1155 3115 1228; x_wconf 77' lang='lat' dir='ltr'><strong>thronos</strong></span> <span class='ocrx_word' id='word_1_251' title='bbox 3133 1154 3640 1228; x_wconf 80' lang='lat' dir='ltr'><strong>quippe_d_uodecim</strong></span> <span class='ocrx_word' id='word_1_252' title='bbox 3652 1197 3667 1221; x_wconf 92' lang='lat'><strong>,</strong></span> 
     </span>
    </p>
   </div>
   <div class='ocr_carea' id='block_1_34' title="bbox 2069 1218 3667 1292">
    <p class='ocr_par' dir='ltr' id='par_1_34' title="bbox 2069 1218 3667 1292">
     <span class='ocr_line' id='line_1_37' title="bbox 2069 1218 3667 1292; baseline 0.006 -21"><span class='ocrx_word' id='word_1_253' title='bbox 2069 1218 2376 1292; x_wconf 75' lang='lat' dir='ltr'><strong>universale</strong></span> <span class='ocrx_word' id='word_1_254' title='bbox 2399 1219 2670 1287; x_wconf 89' lang='lat' dir='ltr'><strong>judicium</strong></span> <span class='ocrx_word' id='word_1_255' title='bbox 2700 1238 2837 1290; x_wconf 86' lang='lat' dir='ltr'><strong>;per</strong></span> <span class='ocrx_word' id='word_1_256' title='bbox 2876 1224 3126 1277; x_wconf 85' lang='lat' dir='ltr'><strong>thronum</strong></span> <span class='ocrx_word' id='word_1_257' title='bbox 3151 1218 3291 1280; x_wconf 68' lang='lat' dir='ltr'><strong>vero</strong></span> <span class='ocrx_word' id='word_1_258' title='bbox 3321 1223 3440 1292; x_wconf 85' lang='lat' dir='ltr'><strong>ﬁlii,</strong></span> <span class='ocrx_word' id='word_1_259' title='bbox 3471 1218 3667 1292; x_wconf 74' lang='lat' dir='ltr'><strong>singu-</strong></span> 
     </span>
    </p>
   </div>
   <div class='ocr_carea' id='block_1_35' title="bbox 2068 1242 3670 1362">
    <p class='ocr_par' dir='ltr' id='par_1_35' title="bbox 2068 1242 3670 1362">
     <span class='ocr_line' id='line_1_38' title="bbox 2073 1242 3667 1292; baseline 0.006 -21"><span class='ocrx_word' id='word_1_260' title='bbox 2073 1242 2376 1273; x_wconf 73' lang='lat' dir='ltr'><strong>universale</strong></span> <span class='ocrx_word' id='word_1_261' title='bbox 2399 1242 2670 1287; x_wconf 77' lang='lat' dir='ltr'><strong>juuwlum</strong></span> <span class='ocrx_word' id='word_1_262' title='bbox 2700 1242 2714 1283; x_wconf 86' lang='lat'><strong>;</strong></span> <span class='ocrx_word' id='word_1_263' title='bbox 2739 1242 2837 1290; x_wconf 84' lang='lat' dir='ltr'><strong>per</strong></span> <span class='ocrx_word' id='word_1_264' title='bbox 2876 1242 3126 1277; x_wconf 81' lang='lat' dir='ltr'><strong>tumnum</strong></span> <span class='ocrx_word' id='word_1_265' title='bbox 3158 1242 3291 1280; x_wconf 89' lang='lat' dir='ltr'><strong>vero</strong></span> <span class='ocrx_word' id='word_1_266' title='bbox 3321 1242 3440 1292; x_wconf 86' lang='lat' dir='ltr'><strong>nm,</strong></span> <span class='ocrx_word' id='word_1_267' title='bbox 3471 1242 3551 1280; x_wconf 84' lang='lat' dir='ltr'><strong>sm</strong></span> <span class='ocrx_word' id='word_1_268' title='bbox 3654 1256 3667 1267; x_wconf 76' lang='grc' dir='ltr'><strong>ο</strong></span> 
     </span>
     <span class='ocr_line' id='line_1_39' title="bbox 2068 1242 3670 1362; baseline 0.006 -20"><span class='ocrx_word' id='word_1_269' title='bbox 2068 1288 2183 1343; x_wconf 89' lang='lat' dir='ltr'><strong>lare</strong></span> <span class='ocrx_word' id='word_1_270' title='bbox 2231 1290 2456 1362; x_wconf 6' lang='lat' dir='ltr'><strong>culmen,</strong></span> <span class='ocrx_word' id='word_1_271' title='bbox 2504 1292 2803 1360; x_wconf 71' lang='lat' dir='ltr'><strong>jndiciariae</strong></span> <span class='ocrx_word' id='word_1_272' title='bbox 2859 1295 3134 1362; x_wconf 90' lang='lat' dir='ltr'><strong>potestatis</strong></span> <span class='ocrx_word' id='word_1_273' title='bbox 3174 1296 3492 1350; x_wconf 87' lang='lat' dir='ltr'><strong>ostenditur.</strong></span> <span class='ocrx_word' id='word_1_274' title='bbox 3552 1242 3670 1351; x_wconf 55' lang='lat' dir='ltr'><strong>ﬁgo</strong></span> 
     </span>
    </p>
   </div>
   <div class='ocr_carea' id='block_1_36' title="bbox 2068 1360 3667 1438">
    <p class='ocr_par' dir='ltr' id='par_1_36' title="bbox 2068 1360 3667 1438">
     <span class='ocr_line' id='line_1_40' title="bbox 2068 1360 3667 1438; baseline 0.002 -24"><span class='ocrx_word' id='word_1_275' title='bbox 2068 1374 2199 1432; x_wconf 80' lang='lat' dir='ltr'><strong>ergo</strong></span> <span class='ocrx_word' id='word_1_276' title='bbox 2231 1360 2517 1438; x_wconf 75' lang='lat' dir='ltr'><strong>duodecim</strong></span> <span class='ocrx_word' id='word_1_277' title='bbox 2541 1362 2746 1438; x_wconf 85' lang='lat' dir='ltr'><strong>thronis</strong></span> <span class='ocrx_word' id='word_1_278' title='bbox 2771 1360 2913 1438; x_wconf 84' lang='lat' dir='ltr'><strong>quod</strong></span> <span class='ocrx_word' id='word_1_279' title='bbox 2939 1367 3256 1438; x_wconf 83' lang='lat' dir='ltr'><strong>unothrono</strong></span> <span class='ocrx_word' id='word_1_280' title='bbox 3271 1362 3365 1419; x_wconf 86' lang='lat' dir='ltr'><strong>ﬁlii</strong></span> <span class='ocrx_word' id='word_1_281' title='bbox 3396 1366 3667 1438; x_wconf 54' lang='lat' dir='ltr'><strong>designat-</strong></span> 
     </span>
    </p>
   </div>
   <div class='ocr_carea' id='block_1_37' title="bbox 2070 1431 3666 1511">
    <p class='ocr_par' dir='ltr' id='par_1_37' title="bbox 2070 1431 3666 1511">
     <span class='ocr_line' id='line_1_41' title="bbox 2070 1431 3666 1511; baseline 0.003 -26"><span class='ocrx_word' id='word_1_282' title='bbox 2070 1431 2171 1511; x_wconf 72' lang='lat' dir='ltr'><strong>tur,</strong></span> <span class='ocrx_word' id='word_1_283' title='bbox 2202 1432 2331 1511; x_wconf 72' lang='lat' dir='ltr'><strong>quia</strong></span> <span class='ocrx_word' id='word_1_284' title='bbox 2355 1431 2608 1511; x_wconf 83' lang='lat' dir='ltr'><strong>videlicet</strong></span> <span class='ocrx_word' id='word_1_285' title='bbox 2637 1431 2944 1511; x_wconf 80' lang='lat' dir='ltr'><strong>universale</strong></span> <span class='ocrx_word' id='word_1_286' title='bbox 2959 1434 3223 1503; x_wconf 87' lang='lat' dir='ltr'><strong>judicium</strong></span> <span class='ocrx_word' id='word_1_287' title='bbox 3244 1451 3317 1491; x_wconf 80' lang='lat' dir='ltr'><strong>ex</strong></span> <span class='ocrx_word' id='word_1_288' title='bbox 3348 1431 3666 1491; x_wconf 63' lang='lat' dir='ltr'><strong>nostri&#39;Me-</strong></span> 
     </span>
    </p>
   </div>
   <div class='ocr_carea' id='block_1_38' title="bbox 2064 1501 3059 1575">
    <p class='ocr_par' dir='ltr' id='par_1_38' title="bbox 2064 1501 3059 1575">
     <span class='ocr_line' id='line_1_42' title="bbox 2064 1501 3059 1575; baseline 0.005 -20"><span class='ocrx_word' id='word_1_289' title='bbox 2064 1501 2291 1556; x_wconf 87' lang='lat' dir='ltr'><strong>diatoris</strong></span> <span class='ocrx_word' id='word_1_290' title='bbox 2320 1503 2709 1558; x_wconf 78' lang='lat' dir='ltr'><strong>interventione</strong></span> <span class='ocrx_word' id='word_1_291' title='bbox 2738 1501 3059 1575; x_wconf 81' lang='lat' dir='ltr'><strong>percipitur.</strong></span> 
     </span>
    </p>
   </div>
   <div class='ocr_carea' id='block_1_39' title="bbox 2062 1610 3668 1678">
    <p class='ocr_par' dir='ltr' id='par_1_39' title="bbox 2062 1610 3668 1678">
     <span class='ocr_line' id='line_1_43' title="bbox 2062 1610 3668 1678; baseline 0.004 -19"><span class='ocrx_word' id='word_1_292' title='bbox 2062 1610 2191 1662; x_wconf 72' lang='lat' dir='ltr'><strong>Cn.</strong></span> <span class='ocrx_word' id='word_1_293' title='bbox 2206 1612 2328 1678; x_wconf 63' lang='lat' dir='ltr'><strong>XV.</strong></span> <span class='ocrx_word' id='word_1_294' title='bbox 2359 1633 2423 1648; x_wconf 93' lang='lat'><strong>—</strong></span> <span class='ocrx_word' id='word_1_295' title='bbox 2451 1613 2521 1661; x_wconf 79' lang='lat' dir='ltr'><strong>Et</strong></span> <span class='ocrx_word' id='word_1_296' title='bbox 2539 1624 2650 1662; x_wconf 80' lang='lat' dir='ltr'><strong>ecce</strong></span> <span class='ocrx_word' id='word_1_297' title='bbox 2670 1613 2817 1663; x_wconf 74' lang='lat' dir='ltr'><strong>sedes</strong></span> <span class='ocrx_word' id='word_1_298' title='bbox 2839 1614 3010 1674; x_wconf 76' lang='lat' dir='ltr'><strong>posita</strong></span> <span class='ocrx_word' id='word_1_299' title='bbox 3034 1619 3150 1664; x_wconf 82' lang='lat' dir='ltr'><strong>erat</strong></span> <span class='ocrx_word' id='word_1_300' title='bbox 3172 1613 3229 1665; x_wconf 85' lang='lat' dir='ltr'><strong>in</strong></span> <span class='ocrx_word' id='word_1_301' title='bbox 3250 1615 3369 1665; x_wconf 75' lang='lat' dir='ltr'><strong>calo</strong></span> <span class='ocrx_word' id='word_1_302' title='bbox 3394 1628 3411 1659; x_wconf 87' lang='lat'><strong><em>:</em></strong></span> <span class='ocrx_word' id='word_1_303' title='bbox 3436 1620 3488 1666; x_wconf 78' lang='lat' dir='ltr'><strong>et</strong></span> <span class='ocrx_word' id='word_1_304' title='bbox 3510 1628 3668 1678; x_wconf 78' lang='lat' dir='ltr'><strong>supra</strong></span> 
     </span>
    </p>
   </div>
   <div class='ocr_carea' id='block_1_40' title="bbox 2128 1677 3665 1741">
    <p class='ocr_par' dir='ltr' id='par_1_40' title="bbox 2128 1677 3665 1741">
     <span class='ocr_line' id='line_1_44' title="bbox 2128 1677 3665 1741; baseline 0.001 -12"><span class='ocrx_word' id='word_1_305' title='bbox 2128 1677 2297 1729; x_wconf 73' lang='lat' dir='ltr'><strong>sedem</strong></span> <span class='ocrx_word' id='word_1_306' title='bbox 2365 1678 2539 1728; x_wconf 76' lang='lat' dir='ltr'><strong>sedem</strong></span> <span class='ocrx_word' id='word_1_307' title='bbox 2620 1680 2680 1729; x_wconf 75' lang='lat' dir='ltr'><strong>Et</strong></span> <span class='ocrx_word' id='word_1_308' title='bbox 2747 1680 2801 1729; x_wconf 85' lang='lat' dir='ltr'><strong>in</strong></span> <span class='ocrx_word' id='word_1_309' title='bbox 2845 1681 3005 1731; x_wconf 74' lang='lat' dir='ltr'><strong>medio</strong></span> <span class='ocrx_word' id='word_1_310' title='bbox 3049 1681 3204 1741; x_wconf 71' lang='lat' dir='ltr'><strong>sedis,</strong></span> <span class='ocrx_word' id='word_1_311' title='bbox 3254 1686 3303 1732; x_wconf 86' lang='lat' dir='ltr'><strong>et</strong></span> <span class='ocrx_word' id='word_1_312' title='bbox 3346 1682 3397 1730; x_wconf 84' lang='lat' dir='ltr'><strong>in</strong></span> <span class='ocrx_word' id='word_1_313' title='bbox 3440 1677 3665 1732; x_wconf 77' lang='lat' dir='ltr'><strong>circuitu</strong></span> 
     </span>
    </p>
   </div>
   <div class='ocr_carea' id='block_1_41' title="bbox 356 1717 3665 1813">
    <p class='ocr_par' dir='ltr' id='par_1_41' title="bbox 356 1717 3665 1813">
     <span class='ocr_line' id='line_1_45' title="bbox 356 1717 3665 1813; baseline 0.001 -19"><span class='ocrx_word' id='word_1_314' title='bbox 356 1717 622 1813; x_wconf 63' lang='grc' dir='ltr'><strong>ῑᾱδεῖῖίλξ</strong></span> <span class='ocrx_word' id='word_1_315' title='bbox 639 1717 865 1795; x_wconf 59' lang='lat' dir='ltr'><strong>mea}?</strong></span> <span class='ocrx_word' id='word_1_316' title='bbox 878 1717 1347 1813; x_wconf 48' lang='grc' dir='ltr'><strong>ῶιάοιῖίεῑιῑίίρρῖέ</strong></span> <span class='ocrx_word' id='word_1_317' title='bbox 1362 1717 1432 1794; x_wconf 54' lang='grc' dir='ltr'><strong>εἰ</strong></span> <span class='ocrx_word' id='word_1_318' title='bbox 1446 1717 1745 1813; x_wconf 43' lang='lat' dir='ltr'><strong>infans;</strong></span> <span class='ocrx_word' id='word_1_319' title='bbox 1762 1717 1951 1813; x_wconf 51' lang='lat' dir='ltr'><strong>satis;</strong></span> <span class='ocrx_word' id='word_1_320' title='bbox 1978 1717 2037 1780; x_wconf 80' lang='grc' dir='ltr'>Β</span> <span class='ocrx_word' id='word_1_321' title='bbox 2128 1717 2537 1813; x_wconf 59' lang='grc' dir='ltr'><em>ἓὲἇῖῗᾳυῖᾧῖἷ</em></span> <span class='ocrx_word' id='word_1_322' title='bbox 2571 1717 2832 1796; x_wconf 52' lang='lat' dir='ltr'><strong>meinati.</strong></span> <span class='ocrx_word' id='word_1_323' title='bbox 2846 1717 3029 1813; x_wconf 51' lang='lat' dir='ltr'><strong>&quot;at;</strong></span> <span class='ocrx_word' id='word_1_324' title='bbox 3049 1717 3228 1798; x_wconf 66' lang='grc' dir='ltr'><strong>ἱζέιὶἱὴ</strong></span> <span class='ocrx_word' id='word_1_325' title='bbox 3522 1717 3665 1798; x_wconf 64' lang='grc' dir='ltr'><strong>ἶν’ἓὶΐᾶ</strong></span> 
     </span>
    </p>
   </div>
   <div class='ocr_carea' id='block_1_42' title="bbox 357 1808 1950 1879">
    <p class='ocr_par' dir='ltr' id='par_1_42' title="bbox 357 1808 1950 1879">
     <span class='ocr_line' id='line_1_46' title="bbox 357 1808 1950 1879; baseline -0.001 -15"><span class='ocrx_word' id='word_1_326' title='bbox 357 1809 693 1879; x_wconf 77' lang='lat' dir='ltr'><strong>innngimus,</strong></span> <span class='ocrx_word' id='word_1_327' title='bbox 718 1826 845 1865; x_wconf 79' lang='lat' dir='ltr'><strong>cum</strong></span> <span class='ocrx_word' id='word_1_328' title='bbox 878 1808 947 1863; x_wconf 89' lang='lat' dir='ltr'><strong>ad</strong></span> <span class='ocrx_word' id='word_1_329' title='bbox 977 1808 1409 1879; x_wconf 83' lang='lat' dir='ltr'><strong>cognoscendam</strong></span> <span class='ocrx_word' id='word_1_330' title='bbox 1440 1810 1556 1865; x_wconf 88' lang='lat' dir='ltr'><strong>veri</strong></span> <span class='ocrx_word' id='word_1_331' title='bbox 1588 1810 1805 1863; x_wconf 87' lang='lat' dir='ltr'><strong>luminis</strong></span> <span class='ocrx_word' id='word_1_332' title='bbox 1832 1810 1950 1864; x_wconf 88' lang='lat' dir='ltr'><strong>cla-</strong></span> 
     </span>
    </p>
   </div>
   <div class='ocr_carea' id='block_1_43' title="bbox 356 1879 1952 1936">
    <p class='ocr_par' dir='ltr' id='par_1_43' title="bbox 356 1879 1952 1936">
     <span class='ocr_line' id='line_1_47' title="bbox 356 1879 1952 1936; baseline 0.001 -2"><span class='ocrx_word' id='word_1_333' title='bbox 356 1881 568 1936; x_wconf 90' lang='lat' dir='ltr'><strong>ritatem</strong></span> <span class='ocrx_word' id='word_1_334' title='bbox 602 1881 908 1936; x_wconf 86' lang='lat' dir='ltr'><strong>intellectus</strong></span> <span class='ocrx_word' id='word_1_335' title='bbox 927 1879 1096 1934; x_wconf 86' lang='lat' dir='ltr'><strong>nostri</strong></span> <span class='ocrx_word' id='word_1_336' title='bbox 1152 1880 1325 1935; x_wconf 88' lang='lat' dir='ltr'><strong>aciem</strong></span> <span class='ocrx_word' id='word_1_337' title='bbox 1382 1880 1744 1936; x_wconf 88' lang='lat' dir='ltr'><strong>medicamine</strong></span> <span class='ocrx_word' id='word_1_338' title='bbox 1794 1879 1952 1936; x_wconf 67' lang='lat' dir='ltr'><strong>bona:</strong></span> 
     </span>
    </p>
   </div>
   <div class='ocr_carea' id='block_1_44' title="bbox 355 1952 1049 2022">
    <p class='ocr_par' dir='ltr' id='par_1_44' title="bbox 355 1952 1049 2022">
     <span class='ocr_line' id='line_1_48' title="bbox 355 1952 1049 2022; baseline 0 -17"><span class='ocrx_word' id='word_1_339' title='bbox 355 1952 692 2021; x_wconf 77' lang='lat' dir='ltr'><strong>Operationis</strong></span> <span class='ocrx_word' id='word_1_340' title='bbox 709 1952 1049 2022; x_wconf 89' lang='lat' dir='ltr'><strong>adjuvamus.</strong></span> 
     </span>
    </p>
   </div>
   <div class='ocr_carea' id='block_1_45' title="bbox 522 2056 1771 2122">
    <p class='ocr_par' dir='ltr' id='par_1_45' title="bbox 522 2056 1771 2122">
     <span class='ocr_line' id='line_1_49' title="bbox 522 2056 1771 2122; baseline 0.005 -18"><span class='ocrx_word' id='word_1_341' title='bbox 522 2056 651 2109; x_wconf 71' lang='lat' dir='ltr'><strong>Cn.</strong></span> <span class='ocrx_word' id='word_1_342' title='bbox 672 2057 809 2110; x_wconf 71' lang='grc' dir='ltr'><strong>χιιι.</strong></span> <span class='ocrx_word' id='word_1_343' title='bbox 840 2083 906 2096; x_wconf 89' lang='grc'><strong><em>-</em></strong></span> <span class='ocrx_word' id='word_1_344' title='bbox 927 2060 1039 2119; x_wconf 74' lang='lat' dir='ltr'><strong>Ego</strong></span> <span class='ocrx_word' id='word_1_345' title='bbox 1071 2070 1195 2122; x_wconf 73' lang='lat' dir='ltr'><strong>quos</strong></span> <span class='ocrx_word' id='word_1_346' title='bbox 1215 2070 1322 2110; x_wconf 76' lang='lat' dir='ltr'><strong>amo</strong></span> <span class='ocrx_word' id='word_1_347' title='bbox 1336 2073 1494 2121; x_wconf 81' lang='lat' dir='ltr'><strong>arguo</strong></span> <span class='ocrx_word' id='word_1_348' title='bbox 1514 2065 1562 2110; x_wconf 86' lang='lat' dir='ltr'><strong>ct</strong></span> <span class='ocrx_word' id='word_1_349' title='bbox 1579 2061 1771 2120; x_wconf 77' lang='lat' dir='ltr'><strong>castigo</strong></span> 
     </span>
    </p>
   </div>
   <div class='ocr_carea' id='block_1_46' title="bbox 937 2124 1346 2188">
    <p class='ocr_par' dir='ltr' id='par_1_46' title="bbox 937 2124 1346 2188">
     <span class='ocr_line' id='line_1_50' title="bbox 937 2124 1346 2188; baseline -0.005 -11"><span class='ocrx_word' id='word_1_350' title='bbox 937 2126 1113 2188; x_wconf 76' lang='lat' dir='ltr'><strong>(Apoc.</strong></span> <span class='ocrx_word' id='word_1_351' title='bbox 1136 2138 1216 2187; x_wconf 83' lang='lat' dir='ltr'><strong>ut,</strong></span> <span class='ocrx_word' id='word_1_352' title='bbox 1244 2124 1346 2188; x_wconf 81' lang='grc'><strong>19).</strong></span> 
     </span>
    </p>
   </div>
   <div class='ocr_carea' id='block_1_47' title="bbox 358 2213 1947 2285">
    <p class='ocr_par' dir='ltr' id='par_1_47' title="bbox 358 2213 1947 2285">
     <span class='ocr_line' id='line_1_51' title="bbox 358 2213 1947 2285; baseline 0.001 -15"><span class='ocrx_word' id='word_1_353' title='bbox 358 2236 363 2241; x_wconf 50' lang='grc' dir='ltr'>λ</span> <span class='ocrx_word' id='word_1_354' title='bbox 418 2217 501 2285; x_wconf 91' lang='lat' dir='ltr'><strong>(In</strong></span> <span class='ocrx_word' id='word_1_355' title='bbox 557 2216 786 2285; x_wconf 81' lang='lat' dir='ltr'><strong>exposit.</strong></span> <span class='ocrx_word' id='word_1_356' title='bbox 827 2215 888 2270; x_wconf 88' lang='grc' dir='ltr'><strong>Β.</strong></span> <span class='ocrx_word' id='word_1_357' title='bbox 918 2216 1042 2283; x_wconf 87' lang='lat' dir='ltr'><strong>Job,</strong></span> <span class='ocrx_word' id='word_1_358' title='bbox 1075 2216 1178 2270; x_wconf 89' lang='lat' dir='ltr'><strong>lib.</strong></span> <span class='ocrx_word' id='word_1_359' title='bbox 1220 2230 1371 2277; x_wconf 84' lang='lat' dir='ltr'><strong>xvtu,</strong></span> <span class='ocrx_word' id='word_1_360' title='bbox 1421 2232 1569 2269; x_wconf 91' lang='lat' dir='ltr'><strong>num.</strong></span> <span class='ocrx_word' id='word_1_361' title='bbox 1604 2215 1718 2283; x_wconf 81' lang='lat'><strong>35.)</strong></span> <span class='ocrx_word' id='word_1_362' title='bbox 1748 2213 1947 2271; x_wconf 85' lang='lat' dir='ltr'><strong>Omnis</strong></span> 
     </span>
    </p>
   </div>
   <div class='ocr_carea' id='block_1_48' title="bbox 345 2286 1944 2358">
    <p class='ocr_par' dir='ltr' id='par_1_48' title="bbox 345 2286 1944 2358">
     <span class='ocr_line' id='line_1_52' title="bbox 345 2286 1944 2358; baseline 0 -17"><span class='ocrx_word' id='word_1_363' title='bbox 345 2287 534 2342; x_wconf 84' lang='lat' dir='ltr'><strong>divina</strong></span> <span class='ocrx_word' id='word_1_364' title='bbox 554 2286 846 2358; x_wconf 87' lang='lat' dir='ltr'><strong>percussio,</strong></span> <span class='ocrx_word' id='word_1_365' title='bbox 878 2296 970 2341; x_wconf 89' lang='lat' dir='ltr'><strong>aut</strong></span> <span class='ocrx_word' id='word_1_366' title='bbox 988 2286 1240 2358; x_wconf 80' lang='lat' dir='ltr'><strong>purgatio</strong></span> <span class='ocrx_word' id='word_1_367' title='bbox 1269 2287 1325 2339; x_wconf 91' lang='lat' dir='ltr'><strong>in</strong></span> <span class='ocrx_word' id='word_1_368' title='bbox 1356 2286 1515 2341; x_wconf 90' lang='lat' dir='ltr'><strong>nobis</strong></span> <span class='ocrx_word' id='word_1_369' title='bbox 1544 2294 1626 2358; x_wconf 84' lang='lat' dir='ltr'><strong>est</strong></span> <span class='ocrx_word' id='word_1_370' title='bbox 1656 2286 1779 2358; x_wconf 69' lang='lat' dir='ltr'><strong>vitae</strong></span> <span class='ocrx_word' id='word_1_371' title='bbox 1797 2302 1944 2358; x_wconf 64' lang='lat' dir='ltr'><strong>prae—</strong></span> 
     </span>
    </p>
   </div>
   <div class='ocr_carea' id='block_1_49' title="bbox 348 2356 1946 2428">
    <p class='ocr_par' dir='ltr' id='par_1_49' title="bbox 348 2356 1946 2428">
     <span class='ocr_line' id='line_1_53' title="bbox 348 2356 1946 2428; baseline 0 -16"><span class='ocrx_word' id='word_1_372' title='bbox 348 2356 567 2428; x_wconf 52' lang='lat' dir='ltr'><strong>sentisf</strong></span> <span class='ocrx_word' id='word_1_373' title='bbox 595 2366 685 2411; x_wconf 87' lang='lat' dir='ltr'><strong>aut</strong></span> <span class='ocrx_word' id='word_1_374' title='bbox 716 2358 949 2428; x_wconf 72' lang='lat' dir='ltr'><strong>initium</strong></span> <span class='ocrx_word' id='word_1_375' title='bbox 1008 2356 1184 2428; x_wconf 65' lang='lat' dir='ltr'><strong>ptent!)</strong></span> <span class='ocrx_word' id='word_1_376' title='bbox 1211 2358 1504 2426; x_wconf 88' lang='lat' dir='ltr'><strong>sequentis.</strong></span> <span class='ocrx_word' id='word_1_377' title='bbox 1538 2356 1735 2428; x_wconf 77' lang='lat' dir='ltr'><strong>Dehis</strong></span> <span class='ocrx_word' id='word_1_378' title='bbox 1757 2357 1844 2428; x_wconf 89' lang='lat' dir='ltr'><strong>qui</strong></span> <span class='ocrx_word' id='word_1_379' title='bbox 1876 2374 1946 2412; x_wconf 82' lang='lat' dir='ltr'><strong>cx</strong></span> 
     </span>
    </p>
   </div>
   <div class='ocr_carea' id='block_1_50' title="bbox 349 2426 1944 2497">
    <p class='ocr_par' dir='ltr' id='par_1_50' title="bbox 349 2426 1944 2497">
     <span class='ocr_line' id='line_1_54' title="bbox 349 2426 1944 2497; baseline 0.001 -16"><span class='ocrx_word' id='word_1_380' title='bbox 349 2427 573 2497; x_wconf 79' lang='lat' dir='ltr'><strong>ﬂagello</strong></span> <span class='ocrx_word' id='word_1_381' title='bbox 600 2427 885 2497; x_wconf 87' lang='lat' dir='ltr'><strong>proﬁciunt</strong></span> <span class='ocrx_word' id='word_1_382' title='bbox 905 2426 1167 2483; x_wconf 85' lang='lat' dir='ltr'><strong>Dominus</strong></span> <span class='ocrx_word' id='word_1_383' title='bbox 1185 2429 1301 2497; x_wconf 88' lang='lat' dir='ltr'><strong>ipse</strong></span> <span class='ocrx_word' id='word_1_384' title='bbox 1320 2442 1449 2482; x_wconf 85' lang='lat' dir='ltr'><strong>voce</strong></span> <span class='ocrx_word' id='word_1_385' title='bbox 1479 2426 1662 2497; x_wconf 80' lang='lat' dir='ltr'><strong>angeli</strong></span> <span class='ocrx_word' id='word_1_386' title='bbox 1682 2428 1752 2481; x_wconf 89' lang='lat' dir='ltr'><strong>ad</strong></span> <span class='ocrx_word' id='word_1_387' title='bbox 1767 2427 1944 2482; x_wconf 84' lang='lat' dir='ltr'><strong>Joan-</strong></span> 
     </span>
    </p>
   </div>
   <div class='ocr_carea' id='block_1_51' title="bbox 350 2498 1945 2571">
    <p class='ocr_par' dir='ltr' id='par_1_51' title="bbox 350 2498 1945 2571">
     <span class='ocr_line' id='line_1_55' title="bbox 350 2498 1945 2571; baseline 0 -18"><span class='ocrx_word' id='word_1_388' title='bbox 350 2514 479 2571; x_wconf 77' lang='lat' dir='ltr'><strong>nem</strong></span> <span class='ocrx_word' id='word_1_389' title='bbox 522 2498 615 2571; x_wconf 10' lang='lat' dir='ltr'><strong>eiti</strong></span> <span class='ocrx_word' id='word_1_390' title='bbox 644 2514 657 2552; x_wconf 91' lang='lat'><strong>:</strong></span> <span class='ocrx_word' id='word_1_391' title='bbox 706 2500 817 2571; x_wconf 80' lang='lat' dir='ltr'><strong>Ego</strong></span> <span class='ocrx_word' id='word_1_392' title='bbox 846 2516 978 2571; x_wconf 74' lang='lat' dir='ltr'><strong>quo:</strong></span> <span class='ocrx_word' id='word_1_393' title='bbox 994 2514 1135 2571; x_wconf 12' lang='lat' dir='ltr'><strong>amo,</strong></span> <span class='ocrx_word' id='word_1_394' title='bbox 1153 2500 1429 2568; x_wconf 80' lang='lat' dir='ltr'><strong>redarguo</strong></span> <span class='ocrx_word' id='word_1_395' title='bbox 1457 2499 1767 2571; x_wconf 76' lang='lat' dir='ltr'><strong>etcastigo,</strong></span> <span class='ocrx_word' id='word_1_396' title='bbox 1800 2498 1945 2553; x_wconf 88' lang='lat' dir='ltr'><strong>sicut</strong></span> 
     </span>
    </p>
   </div>
   <div class='ocr_carea' id='block_1_52' title="bbox 352 2567 1942 2639">
    <p class='ocr_par' dir='ltr' id='par_1_52' title="bbox 352 2567 1942 2639">
     <span class='ocr_line' id='line_1_56' title="bbox 352 2567 1942 2639; baseline -0.001 -16"><span class='ocrx_word' id='word_1_397' title='bbox 352 2568 483 2624; x_wconf 89' lang='lat' dir='ltr'><strong>alibi</strong></span> <span class='ocrx_word' id='word_1_398' title='bbox 512 2568 710 2623; x_wconf 83' lang='lat' dir='ltr'><strong>dicitur</strong></span> <span class='ocrx_word' id='word_1_399' title='bbox 731 2567 947 2635; x_wconf 63' lang='lat' dir='ltr'><strong>{Quem</strong></span> <span class='ocrx_word' id='word_1_400' title='bbox 976 2569 1162 2639; x_wconf 86' lang='lat' dir='ltr'><strong>diligit</strong></span> <span class='ocrx_word' id='word_1_401' title='bbox 1194 2571 1354 2629; x_wconf 74' lang='lat' dir='ltr'><strong>Deus,</strong></span> <span class='ocrx_word' id='word_1_402' title='bbox 1385 2567 1664 2639; x_wconf 72' lang='lat' dir='ltr'><strong>castigat:</strong></span> <span class='ocrx_word' id='word_1_403' title='bbox 1681 2567 1942 2638; x_wconf 79' lang='lat' dir='ltr'><strong>ﬂagellat</strong></span> 
     </span>
    </p>
   </div>
   <div class='ocr_carea' id='block_1_53' title="bbox 350 2638 1944 2711">
    <p class='ocr_par' dir='ltr' id='par_1_53' title="bbox 350 2638 1944 2711">
     <span class='ocr_line' id='line_1_57' title="bbox 350 2638 1944 2711; baseline -0.003 -15"><span class='ocrx_word' id='word_1_404' title='bbox 350 2645 545 2705; x_wconf 64' lang='lat' dir='ltr'><strong>autem</strong></span> <span class='ocrx_word' id='word_1_405' title='bbox 563 2638 1172 2711; x_wconf 73' lang='lat' dir='ltr'><strong>omnemﬁliumquem</strong></span> <span class='ocrx_word' id='word_1_406' title='bbox 1199 2639 1399 2709; x_wconf 81' lang='lat' dir='ltr'><strong>recipit</strong></span> <span class='ocrx_word' id='word_1_407' title='bbox 1445 2638 1627 2711; x_wconf 83' lang='lat' dir='ltr'><strong>(Hebr.</strong></span> <span class='ocrx_word' id='word_1_408' title='bbox 1654 2654 1749 2711; x_wconf 81' lang='grc' dir='ltr'><strong>χιι,</strong></span> <span class='ocrx_word' id='word_1_409' title='bbox 1778 2639 1861 2706; x_wconf 87' lang='grc'><strong>6).</strong></span> <span class='ocrx_word' id='word_1_410' title='bbox 1904 2641 1944 2693; x_wconf 84' lang='grc' dir='ltr'><strong>Ε</strong></span> 
     </span>
    </p>
   </div>
   <div class='ocr_carea' id='block_1_54' title="bbox 351 2709 1946 2781">
    <p class='ocr_par' dir='ltr' id='par_1_54' title="bbox 351 2709 1946 2781">
     <span class='ocr_line' id='line_1_58' title="bbox 351 2709 1946 2781; baseline -0.001 -16"><span class='ocrx_word' id='word_1_411' title='bbox 351 2713 540 2781; x_wconf 80' lang='lat' dir='ltr'><strong>contra</strong></span> <span class='ocrx_word' id='word_1_412' title='bbox 570 2709 638 2765; x_wconf 89' lang='lat' dir='ltr'><strong>de</strong></span> <span class='ocrx_word' id='word_1_413' title='bbox 652 2709 870 2781; x_wconf 85' lang='lat' dir='ltr'><strong>tlagello</strong></span> <span class='ocrx_word' id='word_1_414' title='bbox 886 2709 1250 2781; x_wconf 87' lang='lat' dir='ltr'><strong>damnationis</strong></span> <span class='ocrx_word' id='word_1_415' title='bbox 1267 2710 1663 2779; x_wconf 84' lang='lat' dir='ltr'><strong>perJeremiam</strong></span> <span class='ocrx_word' id='word_1_416' title='bbox 1683 2710 1946 2781; x_wconf 88' lang='lat' dir='ltr'><strong>Dominus</strong></span> 
     </span>
    </p>
   </div>
   <div class='ocr_carea' id='block_1_55' title="bbox 352 2780 1941 2853">
    <p class='ocr_par' dir='ltr' id='par_1_55' title="bbox 352 2780 1941 2853">
     <span class='ocr_line' id='line_1_59' title="bbox 352 2780 1941 2853; baseline -0.001 -18"><span class='ocrx_word' id='word_1_417' title='bbox 352 2780 640 2845; x_wconf 88' lang='lat' dir='ltr'><strong>dicit,dum</strong></span> <span class='ocrx_word' id='word_1_418' title='bbox 658 2780 1102 2853; x_wconf 77' lang='lat' dir='ltr'><strong>incorrigihiiiter</strong></span> <span class='ocrx_word' id='word_1_419' title='bbox 1130 2780 1504 2853; x_wconf 76' lang='lat' dir='ltr'><strong>delinquentes</strong></span> <span class='ocrx_word' id='word_1_420' title='bbox 1533 2780 1941 2853; x_wconf 80' lang='lat' dir='ltr'><strong>populosvidet,</strong></span> 
     </span>
    </p>
   </div>
   <div class='ocr_carea' id='block_1_56' title="bbox 351 2796 1944 2922">
    <p class='ocr_par' dir='ltr' id='par_1_56' title="bbox 351 2796 1944 2922">
     <span class='ocr_line' id='line_1_60' title="bbox 352 2796 1941 2904; baseline -0.001 -69"><span class='ocrx_word' id='word_1_421' title='bbox 352 2796 640 2845; x_wconf 75' lang='lat' dir='ltr'><strong>uncu,uum</strong></span> <span class='ocrx_word' id='word_1_422' title='bbox 658 2796 1102 2853; x_wconf 79' lang='lat' dir='ltr'><strong>incorrtgtntuter</strong></span> <span class='ocrx_word' id='word_1_423' title='bbox 1130 2796 1941 2904; x_wconf 55' lang='lat' dir='ltr'><strong>delinquentescpoputosvmet,</strong></span> 
     </span>
     <span class='ocr_line' id='line_1_61' title="bbox 351 2849 1944 2922; baseline -0.001 -17"><span class='ocrx_word' id='word_1_424' title='bbox 351 2866 489 2921; x_wconf 89' lang='lat' dir='ltr'><strong>quos</strong></span> <span class='ocrx_word' id='word_1_425' title='bbox 534 2867 639 2922; x_wconf 91' lang='lat' dir='ltr'><strong>non</strong></span> <span class='ocrx_word' id='word_1_426' title='bbox 664 2851 782 2920; x_wconf 89' lang='lat' dir='ltr'><strong>jam</strong></span> <span class='ocrx_word' id='word_1_427' title='bbox 825 2851 928 2906; x_wconf 88' lang='lat' dir='ltr'><strong>sub</strong></span> <span class='ocrx_word' id='word_1_428' title='bbox 957 2851 1241 2922; x_wconf 89' lang='lat' dir='ltr'><strong>disciplina</strong></span> <span class='ocrx_word' id='word_1_429' title='bbox 1260 2850 1291 2903; x_wconf 84' lang='lat' dir='ltr'><strong>fi</strong></span> <span class='ocrx_word' id='word_1_430' title='bbox 1319 2852 1422 2918; x_wconf 90' lang='lat' dir='ltr'><strong>ius,</strong></span> <span class='ocrx_word' id='word_1_431' title='bbox 1455 2866 1512 2904; x_wconf 89' lang='lat' dir='ltr'><strong>se</strong></span> <span class='ocrx_word' id='word_1_432' title='bbox 1576 2849 1676 2903; x_wconf 90' lang='lat' dir='ltr'><strong>sub</strong></span> <span class='ocrx_word' id='word_1_433' title='bbox 1703 2850 1944 2905; x_wconf 85' lang='lat' dir='ltr'><strong>districta</strong></span> 
     </span>
    </p>
   </div>
   <div class='ocr_carea' id='block_1_57' title="bbox 347 2921 1946 2992">
    <p class='ocr_par' dir='ltr' id='par_1_57' title="bbox 347 2921 1946 2992">
     <span class='ocr_line' id='line_1_62' title="bbox 347 2921 1946 2992; baseline 0.001 -18"><span class='ocrx_word' id='word_1_434' title='bbox 347 2921 702 2992; x_wconf 80' lang='lat' dir='ltr'><strong>percussione</strong></span> <span class='ocrx_word' id='word_1_435' title='bbox 732 2923 918 2978; x_wconf 83' lang='lat' dir='ltr'><strong>hostes</strong></span> <span class='ocrx_word' id='word_1_436' title='bbox 935 2922 1169 2977; x_wconf 88' lang='lat' dir='ltr'><strong>intuetur</strong></span> <span class='ocrx_word' id='word_1_437' title='bbox 1191 2940 1203 2975; x_wconf 93' lang='lat'><strong>:</strong></span> <span class='ocrx_word' id='word_1_438' title='bbox 1227 2922 1403 2991; x_wconf 83' lang='lat' dir='ltr'><strong>Plaga</strong></span> <span class='ocrx_word' id='word_1_439' title='bbox 1448 2922 1670 2975; x_wconf 85' lang='lat' dir='ltr'><strong>inimici</strong></span> <span class='ocrx_word' id='word_1_440' title='bbox 1687 2923 1946 2992; x_wconf 77' lang='lat' dir='ltr'><strong>percussi</strong></span> 
     </span>
    </p>
   </div>
   <div class='ocr_carea' id='block_1_58' title="bbox 352 2937 1940 3062">
    <p class='ocr_par' dir='ltr' id='par_1_58' title="bbox 352 2937 1940 3062">
     <span class='ocr_line' id='line_1_63' title="bbox 352 2937 1940 3044; baseline 0.001 -69"><span class='ocrx_word' id='word_1_441' title='bbox 352 2937 702 2992; x_wconf 78' lang='lat' dir='ltr'><strong>percussione</strong></span> <span class='ocrx_word' id='word_1_442' title='bbox 732 2937 918 2978; x_wconf 81' lang='lat' dir='ltr'><strong>hostes</strong></span> <span class='ocrx_word' id='word_1_443' title='bbox 935 2937 1169 2977; x_wconf 83' lang='lat' dir='ltr'><strong>intuetur</strong></span> <span class='ocrx_word' id='word_1_444' title='bbox 1191 2940 1203 2975; x_wconf 94' lang='lat'>:</span> <span class='ocrx_word' id='word_1_445' title='bbox 1227 2937 1403 2991; x_wconf 73' lang='lat' dir='ltr'><strong>maga</strong></span> <span class='ocrx_word' id='word_1_446' title='bbox 1448 2937 1940 3044; x_wconf 51' lang='lat' dir='ltr'><strong>tntmwtlfercussz</strong></span> 
     </span>
     <span class='ocr_line' id='line_1_64' title="bbox 352 2992 1940 3062; baseline -0.002 -14"><span class='ocrx_word' id='word_1_447' title='bbox 352 2996 428 3062; x_wconf 82' lang='lat' dir='ltr'><strong>te,</strong></span> <span class='ocrx_word' id='word_1_448' title='bbox 452 2992 830 3062; x_wconf 73' lang='lat' dir='ltr'><strong>castigatione</strong></span> <span class='ocrx_word' id='word_1_449' title='bbox 847 2993 1064 3048; x_wconf 79' lang='lat' dir='ltr'><strong>crudeli</strong></span> <span class='ocrx_word' id='word_1_450' title='bbox 1085 2994 1313 3061; x_wconf 85' lang='lat' dir='ltr'><strong>(Jerem.</strong></span> <span class='ocrx_word' id='word_1_451' title='bbox 1346 3008 1477 3056; x_wconf 80' lang='lat' dir='ltr'><strong>xxx,</strong></span> <span class='ocrx_word' id='word_1_452' title='bbox 1513 2994 1629 3062; x_wconf 66' lang='lat' dir='ltr'><strong>ti).</strong></span> <span class='ocrx_word' id='word_1_453' title='bbox 1718 2992 1940 3045; x_wconf 91' lang='lat' dir='ltr'><strong>osenim</strong></span> 
     </span>
    </p>
   </div>
   <div class='ocr_carea' id='block_1_59' title="bbox 349 3061 2025 3144">
    <p class='ocr_par' dir='ltr' id='par_1_59' title="bbox 349 3061 2025 3144">
     <span class='ocr_line' id='line_1_65' title="bbox 349 3061 2025 3144; baseline -0.001 -28"><span class='ocrx_word' id='word_1_454' title='bbox 349 3061 897 3144; x_wconf 60' lang='lat' dir='ltr'><strong>damnentﬂagella,</strong></span> <span class='ocrx_word' id='word_1_455' title='bbox 930 3071 1125 3144; x_wconf 76' lang='lat' dir='ltr'><strong>etnon</strong></span> <span class='ocrx_word' id='word_1_456' title='bbox 1159 3062 1388 3144; x_wconf 84' lang='lat' dir='ltr'><strong>liberant</strong></span> <span class='ocrx_word' id='word_1_457' title='bbox 1416 3080 1429 3116; x_wconf 91' lang='lat'>:</span> <span class='ocrx_word' id='word_1_458' title='bbox 1464 3062 1548 3115; x_wconf 91' lang='lat' dir='ltr'><strong>his</strong></span> <span class='ocrx_word' id='word_1_459' title='bbox 1575 3061 1812 3144; x_wconf 66' lang='lat' dir='ltr'><strong>tiagella,</strong></span> <span class='ocrx_word' id='word_1_460' title='bbox 1853 3062 1944 3144; x_wconf 80' lang='lat' dir='ltr'><strong>_ab</strong></span> <span class='ocrx_word' id='word_1_461' title='bbox 1975 3067 2025 3130; x_wconf 77' lang='grc' dir='ltr'><strong>Ο</strong></span> 
     </span>
    </p>
   </div>
   <div class='ocr_carea' id='block_1_60' title="bbox 352 3132 1943 3201">
    <p class='ocr_par' dir='ltr' id='par_1_60' title="bbox 352 3132 1943 3201">
     <span class='ocr_line' id='line_1_66' title="bbox 352 3132 1943 3201; baseline -0.001 -13"><span class='ocrx_word' id='word_1_462' title='bbox 352 3132 464 3190; x_wconf 84' lang='lat' dir='ltr'><strong>hac</strong></span> <span class='ocrx_word' id='word_1_463' title='bbox 492 3134 608 3189; x_wconf 90' lang='lat' dir='ltr'><strong>vita</strong></span> <span class='ocrx_word' id='word_1_464' title='bbox 637 3133 915 3195; x_wconf 87' lang='lat' dir='ltr'><strong>inchoant,</strong></span> <span class='ocrx_word' id='word_1_465' title='bbox 948 3140 1001 3188; x_wconf 89' lang='lat' dir='ltr'><strong>et</strong></span> <span class='ocrx_word' id='word_1_466' title='bbox 1029 3135 1084 3188; x_wconf 92' lang='lat' dir='ltr'><strong>in</strong></span> <span class='ocrx_word' id='word_1_467' title='bbox 1114 3141 1318 3189; x_wconf 69' lang='lat' dir='ltr'><strong>aeterna</strong></span> <span class='ocrx_word' id='word_1_468' title='bbox 1367 3132 1705 3201; x_wconf 85' lang='lat' dir='ltr'><strong>percussione</strong></span> <span class='ocrx_word' id='word_1_469' title='bbox 1733 3133 1943 3201; x_wconf 88' lang='lat' dir='ltr'><strong>perdu-</strong></span> 
     </span>
    </p>
   </div>
   <div class='ocr_carea' id='block_1_61' title="bbox 352 3202 1946 3275">
    <p class='ocr_par' dir='ltr' id='par_1_61' title="bbox 352 3202 1946 3275">
     <span class='ocr_line' id='line_1_67' title="bbox 352 3202 1946 3275; baseline 0.001 -18"><span class='ocrx_word' id='word_1_470' title='bbox 352 3211 500 3275; x_wconf 87' lang='lat' dir='ltr'><strong>rant.</strong></span> <span class='ocrx_word' id='word_1_471' title='bbox 538 3203 693 3259; x_wconf 87' lang='lat' dir='ltr'><strong>Unde</strong></span> <span class='ocrx_word' id='word_1_472' title='bbox 738 3219 839 3273; x_wconf 87' lang='lat' dir='ltr'><strong>per</strong></span> <span class='ocrx_word' id='word_1_473' title='bbox 879 3206 1098 3275; x_wconf 79' lang='lat' dir='ltr'><strong>Moysen</strong></span> <span class='ocrx_word' id='word_1_474' title='bbox 1142 3204 1570 3258; x_wconf 87' lang='lat' dir='ltr'><strong>Dominusdicit:</strong></span> <span class='ocrx_word' id='word_1_475' title='bbox 1606 3202 1753 3274; x_wconf 78' lang='lat' dir='ltr'><strong>Ignis</strong></span> <span class='ocrx_word' id='word_1_476' title='bbox 1775 3218 1946 3258; x_wconf 73' lang='lat' dir='ltr'><strong>exar-</strong></span> 
     </span>
    </p>
   </div>
   <div class='ocr_carea' id='block_1_62' title="bbox 352 3274 1945 3345">
    <p class='ocr_par' dir='ltr' id='par_1_62' title="bbox 352 3274 1945 3345">
     <span class='ocr_line' id='line_1_68' title="bbox 352 3274 1945 3345; baseline -0.001 -14"><span class='ocrx_word' id='word_1_477' title='bbox 352 3274 438 3331; x_wconf 85' lang='lat' dir='ltr'><strong>cit</strong></span> <span class='ocrx_word' id='word_1_478' title='bbox 465 3275 532 3340; x_wconf 80' lang='lat' dir='ltr'><strong>ab</strong></span> <span class='ocrx_word' id='word_1_479' title='bbox 558 3275 649 3330; x_wconf 85' lang='lat' dir='ltr'><strong>ira</strong></span> <span class='ocrx_word' id='word_1_480' title='bbox 669 3290 816 3339; x_wconf 87' lang='lat' dir='ltr'><strong>mea,</strong></span> <span class='ocrx_word' id='word_1_481' title='bbox 849 3279 905 3329; x_wconf 92' lang='lat' dir='ltr'><strong>et</strong></span> <span class='ocrx_word' id='word_1_482' title='bbox 934 3274 1152 3345; x_wconf 69' lang='lat' dir='ltr'><strong>ardebit</strong></span> <span class='ocrx_word' id='word_1_483' title='bbox 1179 3290 1352 3345; x_wconf 75' lang='lat' dir='ltr'><strong>usque</strong></span> <span class='ocrx_word' id='word_1_484' title='bbox 1372 3275 1443 3330; x_wconf 90' lang='lat' dir='ltr'><strong>ad</strong></span> <span class='ocrx_word' id='word_1_485' title='bbox 1454 3275 1669 3344; x_wconf 75' lang='lat' dir='ltr'><strong>infero:</strong></span> <span class='ocrx_word' id='word_1_486' title='bbox 1682 3275 1945 3329; x_wconf 79' lang='lat' dir='ltr'><strong>deorsum</strong></span> 
     </span>
    </p>
   </div>
   <div class='ocr_carea' id='block_1_63' title="bbox 352 3343 1943 3416">
    <p class='ocr_par' dir='ltr' id='par_1_63' title="bbox 352 3343 1943 3416">
     <span class='ocr_line' id='line_1_69' title="bbox 352 3343 1943 3416; baseline -0.001 -17"><span class='ocrx_word' id='word_1_487' title='bbox 352 3345 544 3416; x_wconf 82' lang='lat' dir='ltr'><strong>(Deut.</strong></span> <span class='ocrx_word' id='word_1_488' title='bbox 588 3361 761 3416; x_wconf 63' lang='grc' dir='ltr'><strong>χχιιι,</strong></span> <span class='ocrx_word' id='word_1_489' title='bbox 805 3346 925 3411; x_wconf 74' lang='lat'><strong>22).</strong></span> <span class='ocrx_word' id='word_1_490' title='bbox 954 3343 1225 3413; x_wconf 88' lang='lat' dir='ltr'><strong>Quantum</strong></span> <span class='ocrx_word' id='word_1_491' title='bbox 1262 3343 1333 3399; x_wconf 86' lang='lat' dir='ltr'><strong>ad</strong></span> <span class='ocrx_word' id='word_1_492' title='bbox 1365 3343 1686 3413; x_wconf 76' lang='lat' dir='ltr'><strong>przesentem</strong></span> <span class='ocrx_word' id='word_1_493' title='bbox 1741 3345 1943 3398; x_wconf 90' lang='lat' dir='ltr'><strong>etenim</strong></span> 
     </span>
    </p>
   </div>
   <div class='ocr_carea' id='block_1_64' title="bbox 351 3415 1949 3486">
    <p class='ocr_par' dir='ltr' id='par_1_64' title="bbox 351 3415 1949 3486">
     <span class='ocr_line' id='line_1_70' title="bbox 351 3415 1949 3486; baseline -0.001 -15"><span class='ocrx_word' id='word_1_494' title='bbox 351 3415 761 3486; x_wconf 83' lang='lat' dir='ltr'><strong>percussionem</strong></span> <span class='ocrx_word' id='word_1_495' title='bbox 811 3424 1041 3486; x_wconf 85' lang='lat' dir='ltr'><strong>spectat,</strong></span> <span class='ocrx_word' id='word_1_496' title='bbox 1101 3426 1250 3469; x_wconf 88' lang='lat' dir='ltr'><strong>recte</strong></span> <span class='ocrx_word' id='word_1_497' title='bbox 1280 3416 1476 3469; x_wconf 90' lang='lat' dir='ltr'><strong>dicitur</strong></span> <span class='ocrx_word' id='word_1_498' title='bbox 1506 3416 1702 3486; x_wconf 54' lang='lat' dir='ltr'><strong>tigni:</strong></span> <span class='ocrx_word' id='word_1_499' title='bbox 1730 3418 1949 3470; x_wconf 73' lang='lat' dir='ltr'><strong>exarsit</strong></span> 
     </span>
    </p>
   </div>
   <div class='ocr_carea' id='block_1_65' title="bbox 349 3485 1942 3556">
    <p class='ocr_par' dir='ltr' id='par_1_65' title="bbox 349 3485 1942 3556">
     <span class='ocr_line' id='line_1_71' title="bbox 349 3485 1942 3556; baseline -0.001 -15"><span class='ocrx_word' id='word_1_500' title='bbox 349 3485 421 3541; x_wconf 76' lang='lat' dir='ltr'><strong>ab</strong></span> <span class='ocrx_word' id='word_1_501' title='bbox 476 3488 565 3541; x_wconf 87' lang='lat' dir='ltr'><strong>ira</strong></span> <span class='ocrx_word' id='word_1_502' title='bbox 619 3502 743 3542; x_wconf 87' lang='lat' dir='ltr'><strong>mea</strong></span> <span class='ocrx_word' id='word_1_503' title='bbox 771 3504 797 3543; x_wconf 75' lang='grc' dir='ltr'><strong><em>,ο</em></strong></span> <span class='ocrx_word' id='word_1_504' title='bbox 820 3485 1074 3556; x_wconf 82' lang='lat' dir='ltr'><strong>quantum</strong></span> <span class='ocrx_word' id='word_1_505' title='bbox 1105 3487 1177 3539; x_wconf 87' lang='lat' dir='ltr'><strong>ad</strong></span> <span class='ocrx_word' id='word_1_506' title='bbox 1225 3493 1480 3540; x_wconf 61' lang='lat' dir='ltr'><strong>aeternam</strong></span> <span class='ocrx_word' id='word_1_507' title='bbox 1511 3485 1942 3551; x_wconf 83' lang='lat' dir='ltr'><strong>damnationem,</strong></span> 
     </span>
    </p>
   </div>
   <div class='ocr_carea' id='block_1_66' title="bbox 347 3556 1942 3627">
    <p class='ocr_par' dir='ltr' id='par_1_66' title="bbox 347 3556 1942 3627">
     <span class='ocr_line' id='line_1_72' title="bbox 347 3556 1942 3627; baseline -0.001 -16"><span class='ocrx_word' id='word_1_508' title='bbox 347 3560 479 3627; x_wconf 88' lang='lat' dir='ltr'><strong>apte</strong></span> <span class='ocrx_word' id='word_1_509' title='bbox 506 3571 637 3611; x_wconf 82' lang='lat' dir='ltr'><strong>mox</strong></span> <span class='ocrx_word' id='word_1_510' title='bbox 665 3557 915 3611; x_wconf 90' lang='lat' dir='ltr'><strong>subditur</strong></span> <span class='ocrx_word' id='word_1_511' title='bbox 932 3575 944 3611; x_wconf 94' lang='lat'>:</span> <span class='ocrx_word' id='word_1_512' title='bbox 962 3558 1031 3611; x_wconf 84' lang='lat' dir='ltr'><strong>Et</strong></span> <span class='ocrx_word' id='word_1_513' title='bbox 1048 3556 1538 3627; x_wconf 72' lang='lat' dir='ltr'><strong>ardebitusquead</strong></span> <span class='ocrx_word' id='word_1_514' title='bbox 1554 3558 1707 3627; x_wconf 81' lang='lat' dir='ltr'><strong>infer</strong></span> <span class='ocrx_word' id='word_1_515' title='bbox 1727 3571 1766 3627; x_wconf 45' lang='lat' dir='ltr'><strong>is</strong></span> <span class='ocrx_word' id='word_1_516' title='bbox 1780 3556 1942 3627; x_wconf 86' lang='lat' dir='ltr'><strong>deor-</strong></span> 
     </span>
    </p>
   </div>
   <div class='ocr_carea' id='block_1_67' title="bbox 347 3625 1945 3696">
    <p class='ocr_par' dir='ltr' id='par_1_67' title="bbox 347 3625 1945 3696">
     <span class='ocr_line' id='line_1_73' title="bbox 347 3625 1945 3696; baseline -0.001 -15"><span class='ocrx_word' id='word_1_517' title='bbox 347 3625 667 3693; x_wconf 74' lang='lat' dir='ltr'><strong>sum;licet</strong></span> <span class='ocrx_word' id='word_1_518' title='bbox 694 3643 727 3682; x_wconf 91' lang='lat' dir='ltr'><strong>a</strong></span> <span class='ocrx_word' id='word_1_519' title='bbox 774 3626 1098 3696; x_wconf 90' lang='lat' dir='ltr'><strong>quibusdam</strong></span> <span class='ocrx_word' id='word_1_520' title='bbox 1141 3626 1247 3681; x_wconf 90' lang='lat' dir='ltr'><strong>dici</strong></span> <span class='ocrx_word' id='word_1_521' title='bbox 1265 3627 1435 3681; x_wconf 91' lang='lat' dir='ltr'><strong>soleat</strong></span> <span class='ocrx_word' id='word_1_522' title='bbox 1451 3625 1583 3679; x_wconf 88' lang='lat' dir='ltr'><strong>illud</strong></span> <span class='ocrx_word' id='word_1_523' title='bbox 1605 3625 1779 3696; x_wconf 81' lang='lat' dir='ltr'><strong>quod,</strong></span> <span class='ocrx_word' id='word_1_524' title='bbox 1787 3626 1945 3694; x_wconf 85' lang='lat' dir='ltr'><strong>juxta</strong></span> 
     </span>
    </p>
   </div>
   <div class='ocr_carea' id='block_1_68' title="bbox 344 3695 1943 3770">
    <p class='ocr_par' dir='ltr' id='par_1_68' title="bbox 344 3695 1943 3770">
     <span class='ocr_line' id='line_1_74' title="bbox 344 3695 1943 3770; baseline -0.002 -19"><span class='ocrx_word' id='word_1_525' title='bbox 344 3697 693 3770; x_wconf 78' lang='lat' dir='ltr'><strong>septuaginta</strong></span> <span class='ocrx_word' id='word_1_526' title='bbox 733 3695 1078 3770; x_wconf 71' lang='lat' dir='ltr'><strong>interpretes,</strong></span> <span class='ocrx_word' id='word_1_527' title='bbox 1098 3696 1149 3770; x_wconf 83' lang='lat' dir='ltr'><strong>in</strong></span> <span class='ocrx_word' id='word_1_528' title='bbox 1171 3697 1346 3770; x_wconf 76' lang='lat' dir='ltr'><strong>Naum</strong></span> <span class='ocrx_word' id='word_1_529' title='bbox 1369 3695 1638 3770; x_wconf 74' lang='lat' dir='ltr'><strong>propheta</strong></span> <span class='ocrx_word' id='word_1_530' title='bbox 1680 3695 1943 3770; x_wconf 83' lang='lat' dir='ltr'><strong>soriptum</strong></span> 
     </span>
    </p>
   </div>
   <div class='ocr_carea' id='block_1_69' title="bbox 347 3767 1938 3838">
    <p class='ocr_par' dir='ltr' id='par_1_69' title="bbox 347 3767 1938 3838">
     <span class='ocr_line' id='line_1_75' title="bbox 347 3767 1938 3838; baseline -0.002 -17"><span class='ocrx_word' id='word_1_531' title='bbox 347 3767 460 3838; x_wconf 83' lang='lat' dir='ltr'><strong>est:</strong></span> <span class='ocrx_word' id='word_1_532' title='bbox 478 3767 597 3824; x_wconf 75' lang='lat' dir='ltr'><strong>Non</strong></span> <span class='ocrx_word' id='word_1_533' title='bbox 617 3767 927 3823; x_wconf 81' lang='lat' dir='ltr'><strong>vindicabit</strong></span> <span class='ocrx_word' id='word_1_534' title='bbox 942 3768 1086 3823; x_wconf 78' lang='lat' dir='ltr'><strong>Deus</strong></span> <span class='ocrx_word' id='word_1_535' title='bbox 1109 3767 1191 3822; x_wconf 77' lang='lat' dir='ltr'><strong>bis</strong></span> <span class='ocrx_word' id='word_1_536' title='bbox 1203 3767 1264 3821; x_wconf 88' lang='lat' dir='ltr'><strong>in</strong></span> <span class='ocrx_word' id='word_1_537' title='bbox 1282 3768 1533 3838; x_wconf 81' lang='lat' dir='ltr'><strong>idipsum</strong></span> <span class='ocrx_word' id='word_1_538' title='bbox 1549 3767 1773 3838; x_wconf 85' lang='lat' dir='ltr'><strong>(Naum.</strong></span> <span class='ocrx_word' id='word_1_539' title='bbox 1792 3781 1830 3832; x_wconf 89' lang='grc' dir='ltr'><strong>ι,</strong></span> <span class='ocrx_word' id='word_1_540' title='bbox 1861 3769 1938 3838; x_wconf 87' lang='lat'><strong>9).</strong></span> 
     </span>
    </p>
   </div>
   <div class='ocr_carea' id='block_1_70' title="bbox 345 3835 1943 3908">
    <p class='ocr_par' dir='ltr' id='par_1_70' title="bbox 345 3835 1943 3908">
     <span class='ocr_line' id='line_1_76' title="bbox 345 3835 1943 3908; baseline -0.002 -15"><span class='ocrx_word' id='word_1_541' title='bbox 345 3837 455 3906; x_wconf 85' lang='lat' dir='ltr'><strong>Qui</strong></span> <span class='ocrx_word' id='word_1_542' title='bbox 483 3846 667 3893; x_wconf 89' lang='lat' dir='ltr'><strong>tamen</strong></span> <span class='ocrx_word' id='word_1_543' title='bbox 725 3841 826 3893; x_wconf 91' lang='lat' dir='ltr'><strong>hoc</strong></span> <span class='ocrx_word' id='word_1_544' title='bbox 851 3839 997 3908; x_wconf 90' lang='lat' dir='ltr'><strong>quod</strong></span> <span class='ocrx_word' id='word_1_545' title='bbox 1028 3853 1127 3908; x_wconf 89' lang='lat' dir='ltr'><strong>per</strong></span> <span class='ocrx_word' id='word_1_546' title='bbox 1154 3835 1448 3893; x_wconf 82' lang='lat' dir='ltr'><strong>Jeremiam</strong></span> <span class='ocrx_word' id='word_1_547' title='bbox 1497 3837 1828 3908; x_wconf 10' lang='lat' dir='ltr'><strong>prophetam,</strong></span> <span class='ocrx_word' id='word_1_548' title='bbox 1873 3835 1943 3890; x_wconf 90' lang='lat' dir='ltr'><strong>de</strong></span> 
     </span>
    </p>
   </div>
   <div class='ocr_carea' id='block_1_71' title="bbox 346 3907 1940 3980">
    <p class='ocr_par' dir='ltr' id='par_1_71' title="bbox 346 3907 1940 3980">
     <span class='ocr_line' id='line_1_77' title="bbox 346 3907 1940 3980; baseline 0 -18"><span class='ocrx_word' id='word_1_549' title='bbox 346 3908 552 3980; x_wconf 86' lang='lat' dir='ltr'><strong>iniquis</strong></span> <span class='ocrx_word' id='word_1_550' title='bbox 578 3909 777 3980; x_wconf 82' lang='lat' dir='ltr'><strong>dicitur</strong></span> <span class='ocrx_word' id='word_1_551' title='bbox 803 3907 911 3964; x_wconf 83' lang='lat' dir='ltr'><strong>non</strong></span> <span class='ocrx_word' id='word_1_552' title='bbox 937 3907 1218 3963; x_wconf 89' lang='lat' dir='ltr'><strong>attendunt</strong></span> <span class='ocrx_word' id='word_1_553' title='bbox 1243 3926 1253 3961; x_wconf 92' lang='lat'>:</span> <span class='ocrx_word' id='word_1_554' title='bbox 1276 3908 1347 3980; x_wconf 81' lang='lat' dir='ltr'><strong>Et</strong></span> <span class='ocrx_word' id='word_1_555' title='bbox 1360 3907 1940 3980; x_wconf 75' lang='lat' dir='ltr'><strong>duplicicontritionc</strong></span> 
     </span>
    </p>
   </div>
   <div class='ocr_carea' id='block_1_72' title="bbox 342 3977 1939 4048">
    <p class='ocr_par' dir='ltr' id='par_1_72' title="bbox 342 3977 1939 4048">
     <span class='ocr_line' id='line_1_78' title="bbox 342 3977 1939 4048; baseline -0.004 -11"><span class='ocrx_word' id='word_1_556' title='bbox 342 3977 575 4048; x_wconf 32' lang='lat' dir='ltr'><strong>con—tere</strong></span> <span class='ocrx_word' id='word_1_557' title='bbox 590 3995 682 4036; x_wconf 83' lang='lat' dir='ltr'><strong>eos</strong></span> <span class='ocrx_word' id='word_1_558' title='bbox 693 3978 924 4048; x_wconf 72' lang='lat' dir='ltr'><strong>(Jerem.</strong></span> <span class='ocrx_word' id='word_1_559' title='bbox 944 3995 1073 4045; x_wconf 82' lang='lat' dir='ltr'><strong>xvu,</strong></span> <span class='ocrx_word' id='word_1_560' title='bbox 1094 3981 1205 4047; x_wconf 85' lang='grc'><strong>18),</strong></span> <span class='ocrx_word' id='word_1_561' title='bbox 1225 3986 1278 4048; x_wconf 90' lang='lat' dir='ltr'><strong>et</strong></span> <span class='ocrx_word' id='word_1_562' title='bbox 1298 3977 1353 4031; x_wconf 90' lang='lat' dir='ltr'><strong>id</strong></span> <span class='ocrx_word' id='word_1_563' title='bbox 1368 3977 1519 4048; x_wconf 89' lang='lat' dir='ltr'><strong>quod</strong></span> <span class='ocrx_word' id='word_1_564' title='bbox 1534 3977 1662 4031; x_wconf 90' lang='lat' dir='ltr'><strong>alibi</strong></span> <span class='ocrx_word' id='word_1_565' title='bbox 1681 3977 1939 4046; x_wconf 89' lang='lat' dir='ltr'><strong>scriptum</strong></span> 
     </span>
    </p>
   </div>
   <div class='ocr_carea' id='block_1_73' title="bbox 344 4047 1942 4121">
    <p class='ocr_par' dir='ltr' id='par_1_73' title="bbox 344 4047 1942 4121">
     <span class='ocr_line' id='line_1_79' title="bbox 344 4047 1942 4121; baseline -0.001 -18"><span class='ocrx_word' id='word_1_566' title='bbox 344 4057 429 4121; x_wconf 85' lang='lat' dir='ltr'><strong>est</strong></span> <span class='ocrx_word' id='word_1_567' title='bbox 450 4068 464 4104; x_wconf 92' lang='lat'><strong>:</strong></span> <span class='ocrx_word' id='word_1_568' title='bbox 488 4047 934 4121; x_wconf 72' lang='lat' dir='ltr'><strong>Jecurpbpulum</strong></span> <span class='ocrx_word' id='word_1_569' title='bbox 948 4051 1015 4106; x_wconf 89' lang='lat' dir='ltr'><strong>de</strong></span> <span class='ocrx_word' id='word_1_570' title='bbox 1039 4055 1193 4104; x_wconf 89' lang='lat' dir='ltr'><strong>terra</strong></span> <span class='ocrx_word' id='word_1_571' title='bbox 1213 4047 1456 4121; x_wconf 52' lang='lat' dir='ltr'><strong>(Eggpti</strong></span> <span class='ocrx_word' id='word_1_572' title='bbox 1470 4049 1727 4121; x_wconf 78' lang='lat' dir='ltr'><strong>salvam.-</strong></span> <span class='ocrx_word' id='word_1_573' title='bbox 1736 4063 1942 4121; x_wconf 47' lang='lat' dir='ltr'><strong>fecun-</strong></span> 
     </span>
    </p>
   </div>
   <div class='ocr_carea' id='block_1_74' title="bbox 338 4116 1939 4194">
    <p class='ocr_par' dir='ltr' id='par_1_74' title="bbox 338 4116 1939 4194">
     <span class='ocr_line' id='line_1_80' title="bbox 338 4116 1939 4194; baseline -0.004 -16"><span class='ocrx_word' id='word_1_574' title='bbox 338 4116 412 4178; x_wconf 73' lang='lat' dir='ltr'><strong>do</strong></span> <span class='ocrx_word' id='word_1_575' title='bbox 432 4136 523 4176; x_wconf 75' lang='lat' dir='ltr'><strong>eos</strong></span> <span class='ocrx_word' id='word_1_576' title='bbox 533 4123 633 4194; x_wconf 80' lang='lat' dir='ltr'><strong>qui</strong></span> <span class='ocrx_word' id='word_1_577' title='bbox 646 4116 759 4177; x_wconf 79' lang='lat' dir='ltr'><strong>non</strong></span> <span class='ocrx_word' id='word_1_578' title='bbox 772 4121 1133 4194; x_wconf 82' lang='lat' dir='ltr'><strong>crediderunt</strong></span> <span class='ocrx_word' id='word_1_579' title='bbox 1146 4116 1390 4190; x_wconf 74' lang='lat' dir='ltr'><strong>perdidit</strong></span> <span class='ocrx_word' id='word_1_580' title='bbox 1403 4119 1604 4194; x_wconf 78' lang='lat' dir='ltr'><strong>(Judw,</strong></span> <span class='ocrx_word' id='word_1_581' title='bbox 1622 4128 1678 4185; x_wconf 74' lang='grc' dir='ltr'><strong>ν)</strong></span> <span class='ocrx_word' id='word_1_582' title='bbox 1688 4159 1707 4194; x_wconf 87' lang='lat'><strong>._</strong></span> <span class='ocrx_word' id='word_1_583' title='bbox 1724 4117 1939 4194; x_wconf 78' lang='lat' dir='ltr'><strong>Quibus</strong></span> 
     </span>
    </p>
   </div>
   <div class='ocr_carea' id='block_1_75' title="bbox 343 4188 1941 4261">
    <p class='ocr_par' dir='ltr' id='par_1_75' title="bbox 343 4188 1941 4261">
     <span class='ocr_line' id='line_1_81' title="bbox 343 4188 1941 4261; baseline -0.001 -17"><span class='ocrx_word' id='word_1_584' title='bbox 343 4198 527 4261; x_wconf 79' lang='lat' dir='ltr'><strong>tamen</strong></span> <span class='ocrx_word' id='word_1_585' title='bbox 542 4188 590 4245; x_wconf 64' lang='lat' dir='ltr'><strong>&#39;si</strong></span> <span class='ocrx_word' id='word_1_586' title='bbox 610 4205 941 4248; x_wconf 83' lang='lat' dir='ltr'><strong>consensum</strong></span> <span class='ocrx_word' id='word_1_587' title='bbox 961 4188 1292 4261; x_wconf 41' lang='lat' dir='ltr'><strong>prabe&#39;mus,</strong></span> <span class='ocrx_word' id='word_1_588' title='bbox 1312 4190 1612 4261; x_wconf 86' lang='lat' dir='ltr'><strong>quamlibet</strong></span> <span class='ocrx_word' id='word_1_589' title='bbox 1626 4188 1842 4261; x_wconf 88' lang='lat' dir='ltr'><strong>culpam</strong></span> <span class='ocrx_word' id='word_1_590' title='bbox 1860 4190 1941 4242; x_wconf 89' lang='lat' dir='ltr'><strong>bis</strong></span> 
     </span>
    </p>
   </div>
   <div class='ocr_carea' id='block_1_76' title="bbox 339 4259 1939 4332">
    <p class='ocr_par' dir='ltr' id='par_1_76' title="bbox 339 4259 1939 4332">
     <span class='ocr_line' id='line_1_82' title="bbox 339 4259 1939 4332; baseline -0.001 -17"><span class='ocrx_word' id='word_1_591' title='bbox 339 4259 492 4316; x_wconf 82' lang='lat' dir='ltr'><strong>feriri</strong></span> <span class='ocrx_word' id='word_1_592' title='bbox 507 4276 614 4317; x_wconf 89' lang='lat' dir='ltr'><strong>non</strong></span> <span class='ocrx_word' id='word_1_593' title='bbox 634 4263 930 4332; x_wconf 87' lang='lat' dir='ltr'><strong>posse,hoc</strong></span> <span class='ocrx_word' id='word_1_594' title='bbox 959 4259 1030 4316; x_wconf 77' lang='lat' dir='ltr'><strong>ex</strong></span> <span class='ocrx_word' id='word_1_595' title='bbox 1050 4269 1270 4332; x_wconf 89' lang='lat' dir='ltr'><strong>peccato</strong></span> <span class='ocrx_word' id='word_1_596' title='bbox 1295 4259 1559 4332; x_wconf 81' lang='lat' dir='ltr'><strong>percussis</strong></span> <span class='ocrx_word' id='word_1_597' title='bbox 1576 4267 1629 4332; x_wconf 86' lang='lat' dir='ltr'><strong>et</strong></span> <span class='ocrx_word' id='word_1_598' title='bbox 1645 4260 1699 4313; x_wconf 92' lang='lat' dir='ltr'><strong>in</strong></span> <span class='ocrx_word' id='word_1_599' title='bbox 1713 4268 1939 4329; x_wconf 88' lang='lat' dir='ltr'><strong>peccato</strong></span> 
     </span>
    </p>
   </div>
   <div class='ocr_carea' id='block_1_77' title="bbox 343 4330 1940 4403">
    <p class='ocr_par' dir='ltr' id='par_1_77' title="bbox 343 4330 1940 4403">
     <span class='ocr_line' id='line_1_83' title="bbox 343 4330 1940 4403; baseline -0.002 -15"><span class='ocrx_word' id='word_1_600' title='bbox 343 4346 445 4388; x_wconf 78' lang='lat' dir='ltr'><strong>suo</strong></span> <span class='ocrx_word' id='word_1_601' title='bbox 502 4330 852 4403; x_wconf 82' lang='lat' dir='ltr'><strong>morientibus</strong></span> <span class='ocrx_word' id='word_1_602' title='bbox 902 4330 1415 4403; x_wconf 20' lang='lat' dir='ltr'><strong>debetwasstimari:</strong></span> <span class='ocrx_word' id='word_1_603' title='bbox 1450 4330 1705 4403; x_wconf 83' lang='lat' dir='ltr'><strong>quoniam</strong></span> <span class='ocrx_word' id='word_1_604' title='bbox 1746 4346 1940 4385; x_wconf 89' lang='lat' dir='ltr'><strong>eorum</strong></span> 
     </span>
    </p>
   </div>
   <div class='ocr_carea' id='block_1_78' title="bbox 341 4402 976 4473">
    <p class='ocr_par' dir='ltr' id='par_1_78' title="bbox 341 4402 976 4473">
     <span class='ocr_line' id='line_1_84' title="bbox 341 4402 976 4473; baseline -0.002 -14"><span class='ocrx_word' id='word_1_605' title='bbox 341 4402 627 4473; x_wconf 79' lang='lat' dir='ltr'><strong>percussio</strong></span> <span class='ocrx_word' id='word_1_606' title='bbox 682 4403 770 4458; x_wconf 89' lang='lat' dir='ltr'><strong>hic</strong></span> <span class='ocrx_word' id='word_1_607' title='bbox 798 4412 976 4472; x_wconf 68' lang='lat' dir='ltr'><strong>empta</strong></span> 
     </span>
    </p>
   </div>
   <div class='ocr_carea' id='block_1_79' title="bbox 333 4472 1933 4545">
    <p class='ocr_par' dir='ltr' id='par_1_79' title="bbox 333 4472 1933 4545">
     <span class='ocr_line' id='line_1_85' title="bbox 333 4472 1933 4545; baseline -0.001 -17"><span class='ocrx_word' id='word_1_608' title='bbox 333 4472 504 4528; x_wconf 84' lang='lat' dir='ltr'><strong>unum</strong></span> <span class='ocrx_word' id='word_1_609' title='bbox 525 4473 801 4545; x_wconf 83' lang='lat' dir='ltr'><strong>ﬂagellum</strong></span> <span class='ocrx_word' id='word_1_610' title='bbox 832 4474 900 4528; x_wconf 87' lang='lat' dir='ltr'><strong>sit</strong></span> <span class='ocrx_word' id='word_1_611' title='bbox 929 4472 1072 4543; x_wconf 91' lang='lat' dir='ltr'><strong>quod</strong></span> <span class='ocrx_word' id='word_1_612' title='bbox 1109 4472 1483 4542; x_wconf 87' lang='lat' dir='ltr'><strong>temporaliter</strong></span> <span class='ocrx_word' id='word_1_613' title='bbox 1511 4472 1720 4541; x_wconf 90' lang='lat' dir='ltr'><strong>incipit,</strong></span> <span class='ocrx_word' id='word_1_614' title='bbox 1744 4474 1837 4545; x_wconf 85' lang='lat' dir='ltr'><strong>sed</strong></span> <span class='ocrx_word' id='word_1_615' title='bbox 1878 4473 1933 4545; x_wconf 85' lang='lat' dir='ltr'><strong>in</strong></span> 
     </span>
    </p>
   </div>
   <div class='ocr_carea' id='block_1_80' title="bbox 334 4543 1932 4613">
    <p class='ocr_par' dir='ltr' id='par_1_80' title="bbox 334 4543 1932 4613">
     <span class='ocr_line' id='line_1_86' title="bbox 334 4543 1932 4613; baseline -0.001 -15"><span class='ocrx_word' id='word_1_616' title='bbox 334 4545 556 4599; x_wconf 61' lang='grc' dir='ltr'><strong>εδει-οἰδ</strong></span> <span class='ocrx_word' id='word_1_617' title='bbox 584 4543 866 4613; x_wconf 74' lang='lat' dir='ltr'><strong>suppliciis</strong></span> <span class='ocrx_word' id='word_1_618' title='bbox 902 4552 1329 4609; x_wconf 86' lang='lat' dir='ltr'><strong>consummatur,</strong></span> <span class='ocrx_word' id='word_1_619' title='bbox 1390 4551 1656 4613; x_wconf 89' lang='lat' dir='ltr'><strong>quatenus</strong></span> <span class='ocrx_word' id='word_1_620' title='bbox 1712 4543 1790 4597; x_wconf 90' lang='lat' dir='ltr'><strong>eis</strong></span> <span class='ocrx_word' id='word_1_621' title='bbox 1841 4543 1932 4612; x_wconf 89' lang='lat' dir='ltr'><strong>qui</strong></span> 
     </span>
    </p>
   </div>
   <div class='ocr_carea' id='block_1_81' title="bbox 334 4612 1933 4686">
    <p class='ocr_par' dir='ltr' id='par_1_81' title="bbox 334 4612 1933 4686">
     <span class='ocr_line' id='line_1_87' title="bbox 334 4612 1933 4686; baseline -0.002 -17"><span class='ocrx_word' id='word_1_622' title='bbox 334 4615 561 4670; x_wconf 91' lang='lat' dir='ltr'><strong>omnino</strong></span> <span class='ocrx_word' id='word_1_623' title='bbox 576 4684 584 4686; x_wconf 21' lang='grc' dir='ltr'><em>Α</em></span> <span class='ocrx_word' id='word_1_624' title='bbox 598 4612 795 4686; x_wconf 78' lang='lat' dir='ltr'><strong>cerrigi</strong></span> <span class='ocrx_word' id='word_1_625' title='bbox 828 4622 1061 4686; x_wconf 86' lang='lat' dir='ltr'><strong>renuunt</strong></span> <span class='ocrx_word' id='word_1_626' title='bbox 1079 4614 1197 4683; x_wconf 90' lang='lat' dir='ltr'><strong>jam</strong></span> <span class='ocrx_word' id='word_1_627' title='bbox 1215 4612 1576 4686; x_wconf 68' lang='lat' dir='ltr'><strong>praesentium</strong></span> <span class='ocrx_word' id='word_1_628' title='bbox 1595 4612 1933 4686; x_wconf 80' lang='lat' dir='ltr'><strong>ﬂagellorum</strong></span> 
     </span>
    </p>
   </div>
   <div class='ocr_carea' id='block_1_82' title="bbox 376 4684 1937 4755">
    <p class='ocr_par' dir='ltr' id='par_1_82' title="bbox 376 4684 1937 4755">
     <span class='ocr_line' id='line_1_88' title="bbox 376 4684 1937 4755; baseline -0.001 -15"><span class='ocrx_word' id='word_1_629' title='bbox 376 4684 625 4740; x_wconf 86' lang='lat' dir='ltr'><strong>ercnssio</strong></span> <span class='ocrx_word' id='word_1_630' title='bbox 653 4684 994 4755; x_wconf 79' lang='lat' dir='ltr'><strong>sequentium</strong></span> <span class='ocrx_word' id='word_1_631' title='bbox 1024 4685 1091 4740; x_wconf 91' lang='lat' dir='ltr'><strong>sit</strong></span> <span class='ocrx_word' id='word_1_632' title='bbox 1112 4684 1321 4739; x_wconf 90' lang='lat' dir='ltr'><strong>initium</strong></span> <span class='ocrx_word' id='word_1_633' title='bbox 1354 4684 1761 4739; x_wconf 88' lang='lat' dir='ltr'><strong>tormentorum.</strong></span> <span class='ocrx_word' id='word_1_634' title='bbox 1783 4684 1937 4740; x_wconf 88' lang='lat' dir='ltr'><strong>Unde</strong></span> 
     </span>
    </p>
   </div>
   <div class='ocr_carea' id='block_1_83' title="bbox 333 4699 1936 4826">
    <p class='ocr_par' dir='ltr' id='par_1_83' title="bbox 333 4699 1936 4826">
     <span class='ocr_line' id='line_1_89' title="bbox 333 4699 1936 4810; baseline -0.001 -70"><span class='ocrx_word' id='word_1_635' title='bbox 333 4699 625 4810; x_wconf 54' lang='lat' dir='ltr'><strong>percussio</strong></span> <span class='ocrx_word' id='word_1_636' title='bbox 653 4699 994 4755; x_wconf 83' lang='lat' dir='ltr'><strong>sequentium</strong></span> <span class='ocrx_word' id='word_1_637' title='bbox 1024 4699 1091 4740; x_wconf 79' lang='lat' dir='ltr'><strong>Sll</strong></span> <span class='ocrx_word' id='word_1_638' title='bbox 1112 4699 1321 4739; x_wconf 80' lang='lat' dir='ltr'><strong>lnlllum</strong></span> <span class='ocrx_word' id='word_1_639' title='bbox 1354 4699 1761 4739; x_wconf 81' lang='lat' dir='ltr'><strong>tormentorum.</strong></span> <span class='ocrx_word' id='word_1_640' title='bbox 1786 4699 1936 4740; x_wconf 87' lang='lat' dir='ltr'><strong>unae</strong></span> 
     </span>
     <span class='ocr_line' id='line_1_90' title="bbox 356 4755 1936 4826; baseline -0.001 -17"><span class='ocrx_word' id='word_1_641' title='bbox 356 4758 440 4826; x_wconf 80' lang='lat' dir='ltr'><strong>&#39;oc</strong></span> <span class='ocrx_word' id='word_1_642' title='bbox 486 4770 704 4826; x_wconf 87' lang='lat' dir='ltr'><strong>semper</strong></span> <span class='ocrx_word' id='word_1_643' title='bbox 745 4755 902 4811; x_wconf 88' lang='lat' dir='ltr'><strong>electi</strong></span> <span class='ocrx_word' id='word_1_644' title='bbox 946 4755 1265 4825; x_wconf 66' lang='lat' dir='ltr'><strong>praevident,</strong></span> <span class='ocrx_word' id='word_1_645' title='bbox 1302 4763 1356 4826; x_wconf 86' lang='lat' dir='ltr'><strong>ut</strong></span> <span class='ocrx_word' id='word_1_646' title='bbox 1388 4762 1513 4809; x_wconf 89' lang='lat' dir='ltr'><strong>ante</strong></span> <span class='ocrx_word' id='word_1_647' title='bbox 1543 4755 1611 4808; x_wconf 83' lang='lat' dir='ltr'><strong>ad</strong></span> <span class='ocrx_word' id='word_1_648' title='bbox 1662 4755 1936 4826; x_wconf 84' lang='lat' dir='ltr'><strong>justitiam</strong></span> 
     </span>
    </p>
   </div>
   <div class='ocr_carea' id='block_1_84' title="bbox 335 4825 1940 4896">
    <p class='ocr_par' dir='ltr' id='par_1_84' title="bbox 335 4825 1940 4896">
     <span class='ocr_line' id='line_1_91' title="bbox 335 4825 1940 4896; baseline 0 -17"><span class='ocrx_word' id='word_1_649' title='bbox 335 4825 612 4896; x_wconf 76' lang='lat' dir='ltr'><strong>redeant,</strong></span> <span class='ocrx_word' id='word_1_650' title='bbox 669 4841 831 4896; x_wconf 88' lang='lat' dir='ltr'><strong>quam</strong></span> <span class='ocrx_word' id='word_1_651' title='bbox 882 4842 1000 4881; x_wconf 87' lang='lat' dir='ltr'><strong>sese</strong></span> <span class='ocrx_word' id='word_1_652' title='bbox 1054 4826 1141 4880; x_wconf 87' lang='lat' dir='ltr'><strong>ira</strong></span> <span class='ocrx_word' id='word_1_653' title='bbox 1190 4825 1397 4881; x_wconf 79' lang='lat' dir='ltr'><strong>Judicis</strong></span> <span class='ocrx_word' id='word_1_654' title='bbox 1430 4825 1940 4896; x_wconf 82' lang='lat' dir='ltr'><strong>inexstinguibiliter</strong></span> 
     </span>
    </p>
   </div>
   <div class='ocr_carea' id='block_1_85' title="bbox 335 4895 1939 4963">
    <p class='ocr_par' dir='ltr' id='par_1_85' title="bbox 335 4895 1939 4963">
     <span class='ocr_line' id='line_1_92' title="bbox 335 4895 1939 4963; baseline -0.001 -14"><span class='ocrx_word' id='word_1_655' title='bbox 335 4895 598 4951; x_wconf 87' lang='lat' dir='ltr'><strong>accendat</strong></span> <span class='ocrx_word' id='word_1_656' title='bbox 627 4914 640 4957; x_wconf 88' lang='lat'><strong>;</strong></span> <span class='ocrx_word' id='word_1_657' title='bbox 675 4895 744 4951; x_wconf 85' lang='lat' dir='ltr'><strong>ne</strong></span> <span class='ocrx_word' id='word_1_658' title='bbox 773 4897 964 4952; x_wconf 90' lang='lat' dir='ltr'><strong>ultimo</strong></span> <span class='ocrx_word' id='word_1_659' title='bbox 1019 4895 1237 4963; x_wconf 78' lang='lat' dir='ltr'><strong>ﬂagello</strong></span> <span class='ocrx_word' id='word_1_660' title='bbox 1264 4896 1610 4963; x_wconf 86' lang='lat' dir='ltr'><strong>deprehensi,</strong></span> <span class='ocrx_word' id='word_1_661' title='bbox 1668 4895 1828 4949; x_wconf 83' lang='lat' dir='ltr'><strong>simul</strong></span> <span class='ocrx_word' id='word_1_662' title='bbox 1855 4896 1939 4949; x_wconf 88' lang='lat' dir='ltr'><strong>eis</strong></span> 
     </span>
    </p>
   </div>
   <div class='ocr_carea' id='block_1_86' title="bbox 334 4914 1938 5039">
    <p class='ocr_par' dir='ltr' id='par_1_86' title="bbox 334 4914 1938 5039">
     <span class='ocr_line' id='line_1_93' title="bbox 335 4914 1938 4963; baseline -0.001 -14"><span class='ocrx_word' id='word_1_663' title='bbox 335 4914 598 4951; x_wconf 80' lang='lat' dir='ltr'><strong>accendat</strong></span> <span class='ocrx_word' id='word_1_664' title='bbox 627 4914 640 4957; x_wconf 88' lang='lat'><strong>;</strong></span> <span class='ocrx_word' id='word_1_665' title='bbox 675 4914 744 4951; x_wconf 91' lang='lat' dir='ltr'><strong>ne</strong></span> <span class='ocrx_word' id='word_1_666' title='bbox 773 4914 964 4952; x_wconf 83' lang='lat' dir='ltr'><strong>ultimo</strong></span> <span class='ocrx_word' id='word_1_667' title='bbox 1019 4914 1088 4951; x_wconf 91' lang='lat' dir='ltr'><strong>ua</strong></span> <span class='ocrx_word' id='word_1_668' title='bbox 1132 4914 1237 4953; x_wconf 87' lang='lat' dir='ltr'><strong>euo</strong></span> <span class='ocrx_word' id='word_1_669' title='bbox 1264 4914 1610 4963; x_wconf 80' lang='lat' dir='ltr'><strong>oeprenenst,</strong></span> <span class='ocrx_word' id='word_1_670' title='bbox 1668 4914 1828 4949; x_wconf 77' lang='lat' dir='ltr'><strong>81mm</strong></span> <span class='ocrx_word' id='word_1_671' title='bbox 1855 4914 1938 4949; x_wconf 82' lang='lat' dir='ltr'><strong>eis</strong></span> 
     </span>
     <span class='ocr_line' id='line_1_94' title="bbox 334 4914 1938 5039; baseline -0.001 -19"><span class='ocrx_word' id='word_1_672' title='bbox 334 4964 563 5039; x_wconf 60' lang='lat' dir='ltr'><strong>ﬁniatur</strong></span> <span class='ocrx_word' id='word_1_673' title='bbox 578 4968 689 5021; x_wconf 89' lang='lat' dir='ltr'><strong>vita</strong></span> <span class='ocrx_word' id='word_1_674' title='bbox 720 4984 842 5023; x_wconf 89' lang='lat' dir='ltr'><strong>cum</strong></span> <span class='ocrx_word' id='word_1_675' title='bbox 873 4969 1053 5036; x_wconf 89' lang='lat' dir='ltr'><strong>culpa.</strong></span> <span class='ocrx_word' id='word_1_676' title='bbox 1090 4914 1391 5039; x_wconf 54' lang='lat' dir='ltr'><strong>glagellum</strong></span> <span class='ocrx_word' id='word_1_677' title='bbox 1426 4981 1662 5039; x_wconf 80' lang='lat' dir='ltr'><strong>namque</strong></span> <span class='ocrx_word' id='word_1_678' title='bbox 1694 4975 1819 5019; x_wconf 91' lang='lat' dir='ltr'><strong>tunc</strong></span> <span class='ocrx_word' id='word_1_679' title='bbox 1848 4965 1938 5019; x_wconf 90' lang='lat' dir='ltr'><strong>di-</strong></span> 
     </span>
    </p>
   </div>
   <div class='ocr_carea' id='block_1_87' title="bbox 335 5035 1941 5108">
    <p class='ocr_par' dir='ltr' id='par_1_87' title="bbox 335 5035 1941 5108">
     <span class='ocr_line' id='line_1_95' title="bbox 335 5035 1941 5108; baseline 0 -18"><span class='ocrx_word' id='word_1_680' title='bbox 335 5035 449 5097; x_wconf 83' lang='lat' dir='ltr'><strong>luet</strong></span> <span class='ocrx_word' id='word_1_681' title='bbox 479 5037 719 5108; x_wconf 87' lang='lat' dir='ltr'><strong>culpam.</strong></span> <span class='ocrx_word' id='word_1_682' title='bbox 741 5054 865 5093; x_wconf 91' lang='lat' dir='ltr'><strong>cum</strong></span> <span class='ocrx_word' id='word_1_683' title='bbox 889 5035 1172 5093; x_wconf 84' lang='lat' dir='ltr'><strong>mutaverit</strong></span> <span class='ocrx_word' id='word_1_684' title='bbox 1191 5035 1354 5093; x_wconf 71' lang='lat' dir='ltr'><strong>vitam</strong></span> <span class='ocrx_word' id='word_1_685' title='bbox 1388 5052 1401 5105; x_wconf 90' lang='lat'>;</span> <span class='ocrx_word' id='word_1_686' title='bbox 1434 5052 1557 5092; x_wconf 87' lang='lat' dir='ltr'><strong>nam</strong></span> <span class='ocrx_word' id='word_1_687' title='bbox 1575 5035 1731 5106; x_wconf 77' lang='lat' dir='ltr'><strong>cujus</strong></span> <span class='ocrx_word' id='word_1_688' title='bbox 1761 5052 1941 5091; x_wconf 88' lang='lat' dir='ltr'><strong>mores</strong></span> 
     </span>
    </p>
   </div>
   <div class='ocr_carea' id='block_1_88' title="bbox 337 5109 1326 5177">
    <p class='ocr_par' dir='ltr' id='par_1_88' title="bbox 337 5109 1326 5177">
     <span class='ocr_line' id='line_1_96' title="bbox 337 5109 1326 5177; baseline 0.001 -14"><span class='ocrx_word' id='word_1_689' title='bbox 337 5121 451 5164; x_wconf 83' lang='lat' dir='ltr'><strong>non</strong></span> <span class='ocrx_word' id='word_1_690' title='bbox 474 5116 666 5172; x_wconf 86' lang='lat' dir='ltr'><strong>mutat,</strong></span> <span class='ocrx_word' id='word_1_691' title='bbox 698 5124 808 5163; x_wconf 91' lang='lat' dir='ltr'><strong>non</strong></span> <span class='ocrx_word' id='word_1_692' title='bbox 838 5110 1027 5177; x_wconf 86' lang='lat' dir='ltr'><strong>expiat</strong></span> <span class='ocrx_word' id='word_1_693' title='bbox 1057 5109 1326 5165; x_wconf 86' lang='lat' dir='ltr'><strong>actiones.</strong></span> 
     </span>
    </p>
   </div>
   <div class='ocr_carea' id='block_1_89' title="bbox 436 5209 1840 5277">
    <p class='ocr_par' dir='ltr' id='par_1_89' title="bbox 436 5209 1840 5277">
     <span class='ocr_line' id='line_1_97' title="bbox 436 5209 1840 5277; baseline 0 -16"><span class='ocrx_word' id='word_1_694' title='bbox 436 5211 566 5261; x_wconf 65' lang='lat' dir='ltr'><strong>Car.</strong></span> <span class='ocrx_word' id='word_1_695' title='bbox 591 5209 727 5263; x_wconf 79' lang='lat' dir='ltr'><strong>XIV.</strong></span> <span class='ocrx_word' id='word_1_696' title='bbox 750 5236 813 5250; x_wconf 90' lang='lat'><strong><em>—</em></strong></span> <span class='ocrx_word' id='word_1_697' title='bbox 840 5211 943 5277; x_wconf 70' lang='grc' dir='ltr'><strong>ραι</strong></span> <span class='ocrx_word' id='word_1_698' title='bbox 970 5214 1173 5271; x_wconf 75' lang='lat' dir='ltr'><strong>vicerit,</strong></span> <span class='ocrx_word' id='word_1_699' title='bbox 1214 5213 1344 5263; x_wconf 88' lang='lat' dir='ltr'><strong>dabo</strong></span> <span class='ocrx_word' id='word_1_700' title='bbox 1364 5211 1415 5263; x_wconf 86' lang='lat' dir='ltr'><strong>ei</strong></span> <span class='ocrx_word' id='word_1_701' title='bbox 1443 5210 1623 5262; x_wconf 74' lang='lat' dir='ltr'><strong>sedere</strong></span> <span class='ocrx_word' id='word_1_702' title='bbox 1641 5224 1840 5263; x_wconf 84' lang='lat' dir='ltr'><strong>mecum</strong></span> 
     </span>
    </p>
   </div>
   <div class='ocr_carea' id='block_1_90' title="bbox 933 5280 1357 5343">
    <p class='ocr_par' dir='ltr' id='par_1_90' title="bbox 933 5280 1357 5343">
     <span class='ocr_line' id='line_1_98' title="bbox 933 5280 1357 5343; baseline -0.007 -12"><span class='ocrx_word' id='word_1_703' title='bbox 933 5280 1107 5341; x_wconf 78' lang='lat' dir='ltr'><strong>(Apoc.</strong></span> <span class='ocrx_word' id='word_1_704' title='bbox 1134 5291 1214 5338; x_wconf 87' lang='grc' dir='ltr'><strong>ιιι,</strong></span> <span class='ocrx_word' id='word_1_705' title='bbox 1242 5280 1357 5343; x_wconf 79' lang='lat' dir='ltr'><strong>2t).</strong></span> 
     </span>
    </p>
   </div>
   <div class='ocr_carea' id='block_1_91' title="bbox 405 5385 1939 5459">
    <p class='ocr_par' dir='ltr' id='par_1_91' title="bbox 405 5385 1939 5459">
     <span class='ocr_line' id='line_1_99' title="bbox 405 5385 1939 5459; baseline 0.001 -19"><span class='ocrx_word' id='word_1_706' title='bbox 405 5386 489 5459; x_wconf 82' lang='lat' dir='ltr'><strong>(In</strong></span> <span class='ocrx_word' id='word_1_707' title='bbox 520 5387 757 5459; x_wconf 83' lang='lat' dir='ltr'><strong>exposit.</strong></span> <span class='ocrx_word' id='word_1_708' title='bbox 813 5388 891 5459; x_wconf 15' lang='lat' dir='ltr'><strong>AB.</strong></span> <span class='ocrx_word' id='word_1_709' title='bbox 928 5387 1061 5459; x_wconf 71' lang='lat' dir='ltr'><strong>Job,</strong></span> <span class='ocrx_word' id='word_1_710' title='bbox 1106 5387 1202 5441; x_wconf 88' lang='lat' dir='ltr'><strong>lib.</strong></span> <span class='ocrx_word' id='word_1_711' title='bbox 1240 5403 1568 5459; x_wconf 66' lang='lat' dir='ltr'><strong>xxv1,_nnm.</strong></span> <span class='ocrx_word' id='word_1_712' title='bbox 1591 5385 1718 5459; x_wconf 78' lang='lat'><strong>53.)</strong></span> <span class='ocrx_word' id='word_1_713' title='bbox 1752 5385 1939 5459; x_wconf 86' lang='lat' dir='ltr'><strong>Sancti</strong></span> 
     </span>
    </p>
   </div>
   <div class='ocr_carea' id='block_1_92' title="bbox 329 5454 1939 5540">
    <p class='ocr_par' dir='ltr' id='par_1_92' title="bbox 329 5454 1939 5540">
     <span class='ocr_line' id='line_1_100' title="bbox 329 5454 1939 5540; baseline 0 -29"><span class='ocrx_word' id='word_1_714' title='bbox 329 5454 433 5540; x_wconf 58' lang='lat' dir='ltr'><strong>ziri</strong></span> <span class='ocrx_word' id='word_1_715' title='bbox 464 5457 558 5540; x_wconf 81' lang='lat' dir='ltr'><strong>qui</strong></span> <span class='ocrx_word' id='word_1_716' title='bbox 593 5454 754 5540; x_wconf 57' lang='grc' dir='ltr'><strong>ιιιιιιο</strong></span> <span class='ocrx_word' id='word_1_717' title='bbox 788 5457 944 5540; x_wconf 53' lang='grc' dir='ltr'><strong>Ᾱιιεῑρ</strong></span> <span class='ocrx_word' id='word_1_718' title='bbox 969 5465 1020 5511; x_wconf 90' lang='lat' dir='ltr'><strong>et</strong></span> <span class='ocrx_word' id='word_1_719' title='bbox 1050 5457 1602 5539; x_wconf 80' lang='lat' dir='ltr'><strong>irreprehensibiliter</strong></span> <span class='ocrx_word' id='word_1_720' title='bbox 1620 5454 1827 5540; x_wconf 54' lang='lat' dir='ltr'><strong>vivunt;</strong></span> <span class='ocrx_word' id='word_1_721' title='bbox 1883 5458 1939 5511; x_wconf 92' lang='lat' dir='ltr'><strong>in</strong></span> 
     </span>
    </p>
   </div>
   <div class='ocr_carea' id='block_1_93' title="bbox 328 5525 1939 5599">
    <p class='ocr_par' dir='ltr' id='par_1_93' title="bbox 328 5525 1939 5599">
     <span class='ocr_line' id='line_1_101' title="bbox 328 5525 1939 5599; baseline 0.001 -17"><span class='ocrx_word' id='word_1_722' title='bbox 328 5525 518 5599; x_wconf 64' lang='lat' dir='ltr'><strong>{uturo</strong></span> <span class='ocrx_word' id='word_1_723' title='bbox 545 5525 822 5599; x_wconf 85' lang='lat' dir='ltr'><strong>indicandi</strong></span> <span class='ocrx_word' id='word_1_724' title='bbox 875 5525 1173 5599; x_wconf 81' lang='lat' dir='ltr'><strong>potentiam</strong></span> <span class='ocrx_word' id='word_1_725' title='bbox 1210 5528 1608 5583; x_wconf 83' lang='lat' dir='ltr'><strong>nanciscnntur.</strong></span> <span class='ocrx_word' id='word_1_726' title='bbox 1640 5529 1776 5583; x_wconf 82' lang='lat' dir='ltr'><strong>Hinc</strong></span> <span class='ocrx_word' id='word_1_727' title='bbox 1806 5528 1939 5583; x_wconf 88' lang='lat' dir='ltr'><strong>Lao-</strong></span> 
     </span>
    </p>
   </div>
   <div class='ocr_carea' id='block_1_94' title="bbox 330 5595 1941 5668">
    <p class='ocr_par' dir='ltr' id='par_1_94' title="bbox 330 5595 1941 5668">
     <span class='ocr_line' id='line_1_102' title="bbox 330 5595 1941 5668; baseline 0.001 -17"><span class='ocrx_word' id='word_1_728' title='bbox 330 5595 551 5652; x_wconf 33' lang='lat' dir='ltr'><strong>dicensi&#39;</strong></span> <span class='ocrx_word' id='word_1_729' title='bbox 584 5598 847 5654; x_wconf 68' lang='lat' dir='ltr'><strong>Ecclesiae</strong></span> <span class='ocrx_word' id='word_1_730' title='bbox 877 5595 1150 5654; x_wconf 86' lang='lat' dir='ltr'><strong>Dominus</strong></span> <span class='ocrx_word' id='word_1_731' title='bbox 1191 5600 1347 5654; x_wconf 90' lang='lat' dir='ltr'><strong>dicit:</strong></span> <span class='ocrx_word' id='word_1_732' title='bbox 1370 5599 1473 5668; x_wconf 82' lang='lat' dir='ltr'><strong>Qui</strong></span> <span class='ocrx_word' id='word_1_733' title='bbox 1486 5600 1703 5661; x_wconf 86' lang='lat' dir='ltr'><strong>vicerit,</strong></span> <span class='ocrx_word' id='word_1_734' title='bbox 1721 5600 1860 5655; x_wconf 88' lang='lat' dir='ltr'><strong>dabo</strong></span> <span class='ocrx_word' id='word_1_735' title='bbox 1886 5601 1941 5653; x_wconf 86' lang='lat' dir='ltr'><strong>ei</strong></span> 
     </span>
    </p>
   </div>
   <div class='ocr_carea' id='block_1_95' title="bbox 331 5669 1940 5738">
    <p class='ocr_par' dir='ltr' id='par_1_95' title="bbox 331 5669 1940 5738">
     <span class='ocr_line' id='line_1_103' title="bbox 331 5669 1940 5738; baseline -0.001 -13"><span class='ocrx_word' id='word_1_736' title='bbox 331 5670 527 5725; x_wconf 72' lang='lat' dir='ltr'><strong>aedere</strong></span> <span class='ocrx_word' id='word_1_737' title='bbox 544 5686 767 5725; x_wconf 86' lang='lat' dir='ltr'><strong>mecum</strong></span> <span class='ocrx_word' id='word_1_738' title='bbox 786 5669 847 5725; x_wconf 84' lang='lat' dir='ltr'><strong>in</strong></span> <span class='ocrx_word' id='word_1_739' title='bbox 870 5669 1069 5725; x_wconf 81' lang='lat' dir='ltr'><strong>throno</strong></span> <span class='ocrx_word' id='word_1_740' title='bbox 1086 5686 1205 5728; x_wconf 90' lang='lat' dir='ltr'><strong>meo</strong></span> <span class='ocrx_word' id='word_1_741' title='bbox 1223 5694 1240 5729; x_wconf 88' lang='lat'><strong><em>:</em></strong></span> <span class='ocrx_word' id='word_1_742' title='bbox 1259 5673 1404 5726; x_wconf 75' lang='lat' dir='ltr'><strong>sicut</strong></span> <span class='ocrx_word' id='word_1_743' title='bbox 1426 5676 1481 5725; x_wconf 92' lang='lat' dir='ltr'><strong>et</strong></span> <span class='ocrx_word' id='word_1_744' title='bbox 1502 5684 1600 5738; x_wconf 89' lang='lat' dir='ltr'><strong>ego</strong></span> <span class='ocrx_word' id='word_1_745' title='bbox 1615 5672 1803 5735; x_wconf 83' lang='lat' dir='ltr'><strong>vici,et</strong></span> <span class='ocrx_word' id='word_1_746' title='bbox 1820 5669 1940 5726; x_wconf 77' lang='lat' dir='ltr'><strong>sedi</strong></span> 
     </span>
    </p>
   </div>
   <div class='ocr_carea' id='block_1_96' title="bbox 330 5739 1936 5809">
    <p class='ocr_par' dir='ltr' id='par_1_96' title="bbox 330 5739 1936 5809">
     <span class='ocr_line' id='line_1_104' title="bbox 330 5739 1936 5809; baseline -0.001 -13"><span class='ocrx_word' id='word_1_747' title='bbox 330 5754 464 5796; x_wconf 84' lang='lat' dir='ltr'><strong>cum</strong></span> <span class='ocrx_word' id='word_1_748' title='bbox 483 5742 656 5795; x_wconf 85' lang='lat' dir='ltr'><strong>Patre</strong></span> <span class='ocrx_word' id='word_1_749' title='bbox 676 5756 798 5795; x_wconf 74' lang='lat' dir='ltr'><strong>meo</strong></span> <span class='ocrx_word' id='word_1_750' title='bbox 814 5742 877 5795; x_wconf 89' lang='lat' dir='ltr'><strong>in</strong></span> <span class='ocrx_word' id='word_1_751' title='bbox 896 5742 1097 5796; x_wconf 84' lang='lat' dir='ltr'><strong>throno</strong></span> <span class='ocrx_word' id='word_1_752' title='bbox 1139 5742 1280 5809; x_wconf 75' lang='lat' dir='ltr'><strong>ejus.</strong></span> <span class='ocrx_word' id='word_1_753' title='bbox 1308 5742 1539 5796; x_wconf 81' lang='lat' dir='ltr'><strong>Vincens</strong></span> <span class='ocrx_word' id='word_1_754' title='bbox 1588 5741 1845 5795; x_wconf 87' lang='lat' dir='ltr'><strong>Dominus</strong></span> <span class='ocrx_word' id='word_1_755' title='bbox 1883 5739 1936 5794; x_wconf 92' lang='lat' dir='ltr'><strong>in</strong></span> 
     </span>
    </p>
   </div>
   <div class='ocr_carea' id='block_1_97' title="bbox 332 5809 1934 5883">
    <p class='ocr_par' dir='ltr' id='par_1_97' title="bbox 332 5809 1934 5883">
     <span class='ocr_line' id='line_1_105' title="bbox 332 5809 1934 5883; baseline 0.001 -20"><span class='ocrx_word' id='word_1_756' title='bbox 332 5809 530 5866; x_wconf 86' lang='lat' dir='ltr'><strong>throno</strong></span> <span class='ocrx_word' id='word_1_757' title='bbox 549 5825 673 5863; x_wconf 89' lang='lat' dir='ltr'><strong>cum</strong></span> <span class='ocrx_word' id='word_1_758' title='bbox 723 5811 873 5865; x_wconf 83' lang='lat' dir='ltr'><strong>Patre</strong></span> <span class='ocrx_word' id='word_1_759' title='bbox 904 5827 960 5865; x_wconf 90' lang='lat' dir='ltr'><strong>se</strong></span> <span class='ocrx_word' id='word_1_760' title='bbox 991 5811 1202 5865; x_wconf 86' lang='lat' dir='ltr'><strong>sedisse</strong></span> <span class='ocrx_word' id='word_1_761' title='bbox 1230 5813 1443 5873; x_wconf 88' lang='lat' dir='ltr'><strong>asserit,</strong></span> <span class='ocrx_word' id='word_1_762' title='bbox 1472 5810 1601 5883; x_wconf 90' lang='lat' dir='ltr'><strong>quia</strong></span> <span class='ocrx_word' id='word_1_763' title='bbox 1629 5819 1759 5881; x_wconf 88' lang='lat' dir='ltr'><strong>post</strong></span> <span class='ocrx_word' id='word_1_764' title='bbox 1803 5828 1934 5881; x_wconf 86' lang='lat' dir='ltr'><strong>pas-</strong></span> 
     </span>
    </p>
   </div>
   <div class='ocr_carea' id='block_1_98' title="bbox 981 4400 2016 4473">
    <p class='ocr_par' dir='ltr' id='par_1_98' title="bbox 981 4400 2016 4473">
     <span class='ocr_line' id='line_1_106' title="bbox 981 4400 2016 4473; baseline -0.001 -18"><span class='ocrx_word' id='word_1_765' title='bbox 981 4444 996 4467; x_wconf 92' lang='lat'><strong>,</strong></span> <span class='ocrx_word' id='word_1_766' title='bbox 1044 4402 1155 4473; x_wconf 77' lang='lat' dir='ltr'><strong>illic</strong></span> <span class='ocrx_word' id='word_1_767' title='bbox 1186 4400 1521 4473; x_wconf 10' lang='lat' dir='ltr'><strong>perﬁcitur},</strong></span> <span class='ocrx_word' id='word_1_768' title='bbox 1542 4400 1933 4473; x_wconf 83' lang='lat' dir='ltr'><strong>utincorrectis</strong></span> <span class='ocrx_word' id='word_1_769' title='bbox 1964 4403 2016 4463; x_wconf 91' lang='lat' dir='ltr'><strong>D</strong></span> 
     </span>
    </p>
   </div>
   <div class='ocr_carea' id='block_1_99' title="bbox 2129 1811 2643 1876">
    <p class='ocr_par' dir='ltr' id='par_1_99' title="bbox 2129 1811 2643 1876">
     <span class='ocr_line' id='line_1_107' title="bbox 2129 1811 2643 1876; baseline -0.002 -15"><span class='ocrx_word' id='word_1_770' title='bbox 2129 1815 2314 1875; x_wconf 75' lang='lat' dir='ltr'><strong>(Apoc.</strong></span> <span class='ocrx_word' id='word_1_771' title='bbox 2342 1823 2410 1871; x_wconf 81' lang='grc' dir='ltr'><strong>ιν,</strong></span> <span class='ocrx_word' id='word_1_772' title='bbox 2431 1811 2463 1862; x_wconf 79' lang='lat'><strong>2</strong></span> <span class='ocrx_word' id='word_1_773' title='bbox 2485 1817 2643 1876; x_wconf 81' lang='lat' dir='ltr'><strong>seq.).</strong></span> 
     </span>
    </p>
   </div>
   <div class='ocr_carea' id='block_1_100' title="bbox 2135 1893 3655 1966">
    <p class='ocr_par' dir='ltr' id='par_1_100' title="bbox 2135 1893 3655 1966">
     <span class='ocr_line' id='line_1_108' title="bbox 2135 1893 3655 1966; baseline 0.003 -19"><span class='ocrx_word' id='word_1_774' title='bbox 2135 1896 2217 1959; x_wconf 88' lang='lat' dir='ltr'><strong>(In</strong></span> <span class='ocrx_word' id='word_1_775' title='bbox 2247 1898 2487 1966; x_wconf 85' lang='lat' dir='ltr'><strong>exposit.</strong></span> <span class='ocrx_word' id='word_1_776' title='bbox 2528 1895 2585 1949; x_wconf 87' lang='grc' dir='ltr'><strong>Β.</strong></span> <span class='ocrx_word' id='word_1_777' title='bbox 2612 1893 3046 1966; x_wconf 37' lang='grc' dir='ltr'><strong>βοδνιίῢειχκι,</strong></span> <span class='ocrx_word' id='word_1_778' title='bbox 3079 1910 3228 1949; x_wconf 90' lang='lat' dir='ltr'><strong>num.</strong></span> <span class='ocrx_word' id='word_1_779' title='bbox 3261 1897 3373 1964; x_wconf 73' lang='grc'><strong>94.)</strong></span> <span class='ocrx_word' id='word_1_780' title='bbox 3410 1894 3655 1951; x_wconf 82' lang='lat' dir='ltr'><strong>Ezechiel</strong></span> 
     </span>
    </p>
   </div>
   <div class='ocr_carea' id='block_1_101' title="bbox 2060 1964 3652 2047">
    <p class='ocr_par' dir='ltr' id='par_1_101' title="bbox 2060 1964 3652 2047">
     <span class='ocr_line' id='line_1_109' title="bbox 2060 1964 3652 2047; baseline 0.001 -28"><span class='ocrx_word' id='word_1_781' title='bbox 2060 1964 2345 2047; x_wconf 75' lang='lat' dir='ltr'><strong>propheta,</strong></span> <span class='ocrx_word' id='word_1_782' title='bbox 2385 1964 2647 2047; x_wconf 60' lang='lat' dir='ltr'><strong>dntusub</strong></span> <span class='ocrx_word' id='word_1_783' title='bbox 2669 1964 2995 2047; x_wconf 68' lang='lat' dir='ltr'><strong>animelium</strong></span> <span class='ocrx_word' id='word_1_784' title='bbox 3025 1965 3205 2046; x_wconf 80' lang='lat' dir='ltr'><strong>specie</strong></span> <span class='ocrx_word' id='word_1_785' title='bbox 3236 1974 3469 2047; x_wconf 76' lang='lat' dir='ltr'><strong>quatuor</strong></span> <span class='ocrx_word' id='word_1_786' title='bbox 3484 1981 3652 2047; x_wconf 73' lang='lat' dir='ltr'><strong>evan-</strong></span> 
     </span>
    </p>
   </div>
   <div class='ocr_carea' id='block_1_102' title="bbox 2101 2035 3653 2097">
    <p class='ocr_par' dir='ltr' id='par_1_102' title="bbox 2101 2035 3653 2097">
     <span class='ocr_line' id='line_1_110' title="bbox 2101 2035 3653 2097; baseline 0.001 -7"><span class='ocrx_word' id='word_1_787' title='bbox 2101 2035 2285 2090; x_wconf 88' lang='lat' dir='ltr'><strong>elistas</strong></span> <span class='ocrx_word' id='word_1_788' title='bbox 2314 2050 2373 2090; x_wconf 88' lang='lat' dir='ltr'><strong>se</strong></span> <span class='ocrx_word' id='word_1_789' title='bbox 2422 2036 2625 2090; x_wconf 87' lang='lat' dir='ltr'><strong>vidisse</strong></span> <span class='ocrx_word' id='word_1_790' title='bbox 2652 2035 3008 2097; x_wconf 78' lang='lat' dir='ltr'><strong>describeret,</strong></span> <span class='ocrx_word' id='word_1_791' title='bbox 3058 2035 3113 2089; x_wconf 93' lang='lat' dir='ltr'><strong>in</strong></span> <span class='ocrx_word' id='word_1_792' title='bbox 3142 2037 3222 2090; x_wconf 89' lang='lat' dir='ltr'><strong>eis</strong></span> <span class='ocrx_word' id='word_1_793' title='bbox 3245 2036 3348 2089; x_wconf 88' lang='lat' dir='ltr'><strong>sibi</strong></span> <span class='ocrx_word' id='word_1_794' title='bbox 3400 2036 3653 2092; x_wconf 87' lang='lat' dir='ltr'><strong>hominis.</strong></span> 
     </span>
    </p>
   </div>
   <div class='ocr_carea' id='block_1_103' title="bbox 2080 2106 3652 2176">
    <p class='ocr_par' dir='ltr' id='par_1_103' title="bbox 2080 2106 3652 2176">
     <span class='ocr_line' id='line_1_111' title="bbox 2080 2106 3652 2176; baseline -0.001 -14"><span class='ocrx_word' id='word_1_795' title='bbox 2080 2106 2254 2174; x_wconf 83' lang='lat' dir='ltr'><strong>conis,</strong></span> <span class='ocrx_word' id='word_1_796' title='bbox 2285 2106 2443 2162; x_wconf 90' lang='lat' dir='ltr'><strong>bovis</strong></span> <span class='ocrx_word' id='word_1_797' title='bbox 2497 2112 2553 2161; x_wconf 87' lang='lat' dir='ltr'><strong>et</strong></span> <span class='ocrx_word' id='word_1_798' title='bbox 2605 2107 2800 2176; x_wconf 58' lang='lat' dir='ltr'><strong>aquila;</strong></span> <span class='ocrx_word' id='word_1_799' title='bbox 2841 2106 3032 2161; x_wconf 82' lang='lat' dir='ltr'><strong>faciem</strong></span> <span class='ocrx_word' id='word_1_800' title='bbox 3064 2108 3383 2175; x_wconf 89' lang='lat' dir='ltr'><strong>apparuisse</strong></span> <span class='ocrx_word' id='word_1_801' title='bbox 3411 2113 3652 2172; x_wconf 86' lang='lat' dir='ltr'><strong>testatur,</strong></span> 
     </span>
    </p>
   </div>
   <div class='ocr_carea' id='block_1_104' title="bbox 2059 2178 3655 2247">
    <p class='ocr_par' dir='ltr' id='par_1_104' title="bbox 2059 2178 3655 2247">
     <span class='ocr_line' id='line_1_112' title="bbox 2059 2178 3655 2247; baseline -0.001 -14"><span class='ocrx_word' id='word_1_802' title='bbox 2059 2178 2156 2233; x_wconf 90' lang='lat' dir='ltr'><strong>Cui</strong></span> <span class='ocrx_word' id='word_1_803' title='bbox 2208 2178 2460 2231; x_wconf 91' lang='lat' dir='ltr'><strong>nimirum</strong></span> <span class='ocrx_word' id='word_1_804' title='bbox 2517 2178 2853 2246; x_wconf 73' lang='lat' dir='ltr'><strong>prepheticte</strong></span> <span class='ocrx_word' id='word_1_805' title='bbox 2895 2178 3180 2232; x_wconf 83' lang='lat' dir='ltr'><strong>sententiae</strong></span> <span class='ocrx_word' id='word_1_806' title='bbox 3228 2178 3344 2247; x_wconf 88' lang='lat' dir='ltr'><strong>ipse</strong></span> <span class='ocrx_word' id='word_1_807' title='bbox 3417 2179 3655 2233; x_wconf 80' lang='lat' dir='ltr'><strong>Joannes</strong></span> 
     </span>
    </p>
   </div>
   <div class='ocr_carea' id='block_1_105' title="bbox 2058 2247 3653 2320">
    <p class='ocr_par' dir='ltr' id='par_1_105' title="bbox 2058 2247 3653 2320">
     <span class='ocr_line' id='line_1_113' title="bbox 2058 2247 3653 2320; baseline 0.001 -19"><span class='ocrx_word' id='word_1_808' title='bbox 2058 2248 2358 2320; x_wconf 89' lang='lat' dir='ltr'><strong>quoquein</strong></span> <span class='ocrx_word' id='word_1_809' title='bbox 2382 2250 2486 2301; x_wconf 89' lang='lat' dir='ltr'><strong>hac</strong></span> <span class='ocrx_word' id='word_1_810' title='bbox 2516 2248 2845 2320; x_wconf 88' lang='lat' dir='ltr'><strong>revelatione</strong></span> <span class='ocrx_word' id='word_1_811' title='bbox 2874 2263 2971 2320; x_wconf 84' lang='lat' dir='ltr'><strong>sua</strong></span> <span class='ocrx_word' id='word_1_812' title='bbox 3001 2264 3109 2302; x_wconf 90' lang='lat' dir='ltr'><strong>non</strong></span> <span class='ocrx_word' id='word_1_813' title='bbox 3139 2247 3403 2320; x_wconf 83' lang='lat' dir='ltr'><strong>dissonat,</strong></span> <span class='ocrx_word' id='word_1_814' title='bbox 3426 2247 3653 2320; x_wconf 79' lang='lat' dir='ltr'><strong>dicens:</strong></span> 
     </span>
    </p>
   </div>
   <div class='ocr_carea' id='block_1_106' title="bbox 2056 2318 3655 2389">
    <p class='ocr_par' dir='ltr' id='par_1_106' title="bbox 2056 2318 3655 2389">
     <span class='ocr_line' id='line_1_114' title="bbox 2056 2318 3655 2389; baseline -0.001 -17"><span class='ocrx_word' id='word_1_815' title='bbox 2056 2318 2299 2373; x_wconf 77' lang='lat' dir='ltr'><strong>Animal</strong></span> <span class='ocrx_word' id='word_1_816' title='bbox 2330 2320 2583 2389; x_wconf 83' lang='lat' dir='ltr'><strong>primum</strong></span> <span class='ocrx_word' id='word_1_817' title='bbox 2618 2320 2804 2373; x_wconf 80' lang='lat' dir='ltr'><strong>simile</strong></span> <span class='ocrx_word' id='word_1_818' title='bbox 2829 2319 3309 2384; x_wconf 75' lang='lat' dir='ltr'><strong>leoni,secundum</strong></span> <span class='ocrx_word' id='word_1_819' title='bbox 3326 2319 3546 2373; x_wconf 84' lang='lat' dir='ltr'><strong>animal</strong></span> <span class='ocrx_word' id='word_1_820' title='bbox 3572 2318 3655 2373; x_wconf 75' lang='lat' dir='ltr'><strong>si-</strong></span> 
     </span>
    </p>
   </div>
   <div class='ocr_carea' id='block_1_107' title="bbox 2054 2388 3655 2456">
    <p class='ocr_par' dir='ltr' id='par_1_107' title="bbox 2054 2388 3655 2456">
     <span class='ocr_line' id='line_1_115' title="bbox 2054 2388 3655 2456; baseline 0.001 -14"><span class='ocrx_word' id='word_1_821' title='bbox 2054 2390 2192 2444; x_wconf 86' lang='lat' dir='ltr'><strong>mile</strong></span> <span class='ocrx_word' id='word_1_822' title='bbox 2212 2388 2413 2451; x_wconf 86' lang='lat' dir='ltr'><strong>vitulo,</strong></span> <span class='ocrx_word' id='word_1_823' title='bbox 2438 2390 2675 2444; x_wconf 85' lang='lat' dir='ltr'><strong>tertium</strong></span> <span class='ocrx_word' id='word_1_824' title='bbox 2697 2388 3141 2443; x_wconf 75' lang='lat' dir='ltr'><strong>animal/tabem</strong></span> <span class='ocrx_word' id='word_1_825' title='bbox 3163 2389 3370 2455; x_wconf 79' lang='lat' dir='ltr'><strong>[aciem</strong></span> <span class='ocrx_word' id='word_1_826' title='bbox 3388 2389 3655 2456; x_wconf 79' lang='lat' dir='ltr'><strong>hominis,</strong></span> 
     </span>
    </p>
   </div>
   <div class='ocr_carea' id='block_1_108' title="bbox 2093 2459 3651 2529">
    <p class='ocr_par' dir='ltr' id='par_1_108' title="bbox 2093 2459 3651 2529">
     <span class='ocr_line' id='line_1_116' title="bbox 2093 2459 3651 2529; baseline -0.001 -14"><span class='ocrx_word' id='word_1_827' title='bbox 2093 2464 2325 2515; x_wconf 86' lang='lat' dir='ltr'><strong>uartum</strong></span> <span class='ocrx_word' id='word_1_828' title='bbox 2369 2460 2588 2514; x_wconf 85' lang='lat' dir='ltr'><strong>animal</strong></span> <span class='ocrx_word' id='word_1_829' title='bbox 2633 2460 2820 2514; x_wconf 77' lang='lat' dir='ltr'><strong>simile</strong></span> <span class='ocrx_word' id='word_1_830' title='bbox 2841 2460 3047 2529; x_wconf 71' lang='lat' dir='ltr'><strong>aquila</strong></span> <span class='ocrx_word' id='word_1_831' title='bbox 3064 2459 3280 2515; x_wconf 85' lang='lat' dir='ltr'><strong>volanti</strong></span> <span class='ocrx_word' id='word_1_832' title='bbox 3299 2460 3459 2522; x_wconf 86' lang='lat' dir='ltr'><strong>(Ibid.</strong></span> <span class='ocrx_word' id='word_1_833' title='bbox 3481 2476 3541 2513; x_wconf 91' lang='lat' dir='ltr'><strong>v.</strong></span> <span class='ocrx_word' id='word_1_834' title='bbox 3570 2462 3651 2521; x_wconf 82' lang='grc'><strong>7).</strong></span> 
     </span>
    </p>
   </div>
   <div class='ocr_carea' id='block_1_109' title="bbox 2054 2476 3657 2601">
    <p class='ocr_par' dir='ltr' id='par_1_109' title="bbox 2054 2476 3657 2601">
     <span class='ocr_line' id='line_1_117' title="bbox 2093 2476 3651 2529; baseline -0.001 -14"><span class='ocrx_word' id='word_1_835' title='bbox 2093 2476 2325 2515; x_wconf 70' lang='lat' dir='ltr'><strong>uarium</strong></span> <span class='ocrx_word' id='word_1_836' title='bbox 2369 2476 2586 2514; x_wconf 76' lang='lat' dir='ltr'><strong>animat</strong></span> <span class='ocrx_word' id='word_1_837' title='bbox 2633 2476 2820 2514; x_wconf 69' lang='lat' dir='ltr'><strong>simne</strong></span> <span class='ocrx_word' id='word_1_838' title='bbox 2841 2476 3047 2529; x_wconf 70' lang='lat' dir='ltr'><strong>aquilae</strong></span> <span class='ocrx_word' id='word_1_839' title='bbox 3064 2476 3280 2515; x_wconf 75' lang='lat' dir='ltr'><strong>volanti</strong></span> <span class='ocrx_word' id='word_1_840' title='bbox 3299 2476 3459 2522; x_wconf 72' lang='lat' dir='ltr'><strong>(tota.</strong></span> <span class='ocrx_word' id='word_1_841' title='bbox 3481 2476 3541 2513; x_wconf 91' lang='lat' dir='ltr'><strong>v.</strong></span> <span class='ocrx_word' id='word_1_842' title='bbox 3571 2476 3651 2521; x_wconf 86' lang='grc' dir='ltr'><strong>Ἠ.</strong></span> 
     </span>
     <span class='ocr_line' id='line_1_118' title="bbox 2054 2476 3657 2601; baseline -0.001 -17"><span class='ocrx_word' id='word_1_843' title='bbox 2054 2476 2183 2585; x_wconf 50' lang='lat' dir='ltr'><strong>illeo</strong></span> <span class='ocrx_word' id='word_1_844' title='bbox 2195 2530 2686 2599; x_wconf 89' lang='lat' dir='ltr'><strong>quatuoranimalia</strong></span> <span class='ocrx_word' id='word_1_845' title='bbox 2707 2531 2931 2601; x_wconf 82' lang='lat' dir='ltr'><strong>singula</strong></span> <span class='ocrx_word' id='word_1_846' title='bbox 2947 2529 3014 2583; x_wconf 90' lang='lat' dir='ltr'><strong>ad</strong></span> <span class='ocrx_word' id='word_1_847' title='bbox 3037 2544 3477 2601; x_wconf 85' lang='lat' dir='ltr'><strong>unumquemque</strong></span> <span class='ocrx_word' id='word_1_848' title='bbox 3493 2544 3657 2601; x_wconf 88' lang='lat' dir='ltr'><strong>evan-</strong></span> 
     </span>
    </p>
   </div>
   <div class='ocr_carea' id='block_1_110' title="bbox 2055 2600 3652 2667">
    <p class='ocr_par' dir='ltr' id='par_1_110' title="bbox 2055 2600 3652 2667">
     <span class='ocr_line' id='line_1_119' title="bbox 2055 2600 3652 2667; baseline -0.002 -12"><span class='ocrx_word' id='word_1_849' title='bbox 2055 2601 2305 2667; x_wconf 79' lang='lat' dir='ltr'><strong>gelistam</strong></span> <span class='ocrx_word' id='word_1_850' title='bbox 2340 2609 2484 2655; x_wconf 86' lang='lat' dir='ltr'><strong>recte</strong></span> <span class='ocrx_word' id='word_1_851' title='bbox 2524 2600 2871 2665; x_wconf 86' lang='lat' dir='ltr'><strong>conveniunt,</strong></span> <span class='ocrx_word' id='word_1_852' title='bbox 2906 2600 3032 2654; x_wconf 89' lang='lat' dir='ltr'><strong>dum</strong></span> <span class='ocrx_word' id='word_1_853' title='bbox 3065 2600 3202 2653; x_wconf 85' lang='lat' dir='ltr'><strong>alius</strong></span> <span class='ocrx_word' id='word_1_854' title='bbox 3231 2600 3480 2654; x_wconf 78' lang='lat' dir='ltr'><strong>humana:</strong></span> <span class='ocrx_word' id='word_1_855' title='bbox 3510 2600 3652 2654; x_wconf 87' lang='lat' dir='ltr'><strong>nati-</strong></span> 
     </span>
    </p>
   </div>
   <div class='ocr_carea' id='block_1_111' title="bbox 2056 2667 3653 2740">
    <p class='ocr_par' dir='ltr' id='par_1_111' title="bbox 2056 2667 3653 2740">
     <span class='ocr_line' id='line_1_120' title="bbox 2056 2667 3653 2740; baseline 0 -18"><span class='ocrx_word' id='word_1_856' title='bbox 2056 2670 2237 2725; x_wconf 84' lang='lat' dir='ltr'><strong>vitatis</strong></span> <span class='ocrx_word' id='word_1_857' title='bbox 2266 2670 2532 2735; x_wconf 87' lang='lat' dir='ltr'><strong>ordinem,</strong></span> <span class='ocrx_word' id='word_1_858' title='bbox 2563 2671 2699 2724; x_wconf 89' lang='lat' dir='ltr'><strong>alius</strong></span> <span class='ocrx_word' id='word_1_859' title='bbox 2742 2685 2840 2740; x_wconf 88' lang='lat' dir='ltr'><strong>per</strong></span> <span class='ocrx_word' id='word_1_860' title='bbox 2870 2669 3053 2722; x_wconf 89' lang='lat' dir='ltr'><strong>mundi</strong></span> <span class='ocrx_word' id='word_1_861' title='bbox 3082 2667 3334 2725; x_wconf 78' lang='lat' dir='ltr'><strong>sacriﬁcii</strong></span> <span class='ocrx_word' id='word_1_862' title='bbox 3366 2670 3653 2740; x_wconf 83' lang='lat' dir='ltr'><strong>mactatio-</strong></span> 
     </span>
    </p>
   </div>
   <div class='ocr_carea' id='block_1_112' title="bbox 2056 2738 3648 2810">
    <p class='ocr_par' dir='ltr' id='par_1_112' title="bbox 2056 2738 3648 2810">
     <span class='ocr_line' id='line_1_121' title="bbox 2056 2738 3648 2810; baseline -0.001 -16"><span class='ocrx_word' id='word_1_863' title='bbox 2056 2755 2200 2795; x_wconf 88' lang='lat' dir='ltr'><strong>nem.</strong></span> <span class='ocrx_word' id='word_1_864' title='bbox 2226 2739 2381 2810; x_wconf 89' lang='lat' dir='ltr'><strong>quasi</strong></span> <span class='ocrx_word' id='word_1_865' title='bbox 2416 2740 2567 2794; x_wconf 88' lang='lat' dir='ltr'><strong>vituli</strong></span> <span class='ocrx_word' id='word_1_866' title='bbox 2615 2738 2865 2802; x_wconf 82' lang='lat' dir='ltr'><strong>mortem,</strong></span> <span class='ocrx_word' id='word_1_867' title='bbox 2897 2740 3033 2794; x_wconf 88' lang='lat' dir='ltr'><strong>alius</strong></span> <span class='ocrx_word' id='word_1_868' title='bbox 3085 2740 3371 2809; x_wconf 88' lang='lat' dir='ltr'><strong>potestatis</strong></span> <span class='ocrx_word' id='word_1_869' title='bbox 3428 2738 3648 2793; x_wconf 85' lang='lat' dir='ltr'><strong>fortitu-</strong></span> 
     </span>
    </p>
   </div>
   <div class='ocr_carea' id='block_1_113' title="bbox 2054 2810 3647 2880">
    <p class='ocr_par' dir='ltr' id='par_1_113' title="bbox 2054 2810 3647 2880">
     <span class='ocr_line' id='line_1_122' title="bbox 2054 2810 3647 2880; baseline -0.001 -15"><span class='ocrx_word' id='word_1_870' title='bbox 2054 2812 2236 2865; x_wconf 90' lang='lat' dir='ltr'><strong>dinem</strong></span> <span class='ocrx_word' id='word_1_871' title='bbox 2267 2812 2419 2880; x_wconf 86' lang='lat' dir='ltr'><strong>quasi</strong></span> <span class='ocrx_word' id='word_1_872' title='bbox 2440 2811 2610 2865; x_wconf 89' lang='lat' dir='ltr'><strong>leonis</strong></span> <span class='ocrx_word' id='word_1_873' title='bbox 2626 2811 2924 2865; x_wconf 89' lang='lat' dir='ltr'><strong>clamorem</strong></span> <span class='ocrx_word' id='word_1_874' title='bbox 2955 2810 3204 2875; x_wconf 87' lang='lat' dir='ltr'><strong>insinuat,</strong></span> <span class='ocrx_word' id='word_1_875' title='bbox 3237 2811 3375 2864; x_wconf 90' lang='lat' dir='ltr'><strong>alius</strong></span> <span class='ocrx_word' id='word_1_876' title='bbox 3392 2810 3647 2864; x_wconf 87' lang='lat' dir='ltr'><strong>nativita-</strong></span> 
     </span>
    </p>
   </div>
   <div class='ocr_carea' id='block_1_114' title="bbox 2056 2880 3656 2950">
    <p class='ocr_par' dir='ltr' id='par_1_114' title="bbox 2056 2880 3656 2950">
     <span class='ocr_line' id='line_1_123' title="bbox 2056 2880 3656 2950; baseline -0.001 -15"><span class='ocrx_word' id='word_1_877' title='bbox 2056 2889 2162 2935; x_wconf 91' lang='lat' dir='ltr'><strong>tem</strong></span> <span class='ocrx_word' id='word_1_878' title='bbox 2195 2882 2352 2935; x_wconf 89' lang='lat' dir='ltr'><strong>verbi</strong></span> <span class='ocrx_word' id='word_1_879' title='bbox 2384 2881 2615 2947; x_wconf 91' lang='lat' dir='ltr'><strong>intuens,</strong></span> <span class='ocrx_word' id='word_1_880' title='bbox 2637 2881 2812 2950; x_wconf 89' lang='lat' dir='ltr'><strong>quasi,</strong></span> <span class='ocrx_word' id='word_1_881' title='bbox 2845 2881 3017 2935; x_wconf 90' lang='lat' dir='ltr'><strong>solem</strong></span> <span class='ocrx_word' id='word_1_882' title='bbox 3048 2888 3224 2934; x_wconf 90' lang='lat' dir='ltr'><strong>ortum</strong></span> <span class='ocrx_word' id='word_1_883' title='bbox 3248 2880 3429 2950; x_wconf 91' lang='lat' dir='ltr'><strong>aquila</strong></span> <span class='ocrx_word' id='word_1_884' title='bbox 3459 2895 3656 2949; x_wconf 89' lang='lat' dir='ltr'><strong>aspec-</strong></span> 
     </span>
    </p>
   </div>
   <div class='ocr_carea' id='block_1_115' title="bbox 2054 2950 3648 3030">
    <p class='ocr_par' dir='ltr' id='par_1_115' title="bbox 2054 2950 3648 3030">
     <span class='ocr_line' id='line_1_124' title="bbox 2054 2950 3648 3030; baseline -0.002 -24"><span class='ocrx_word' id='word_1_885' title='bbox 2054 2960 2149 3030; x_wconf 84' lang='lat' dir='ltr'><strong>tat_.</strong></span> <span class='ocrx_word' id='word_1_886' title='bbox 2183 2954 2249 3030; x_wconf 88' lang='lat' dir='ltr'><strong>In_</strong></span> <span class='ocrx_word' id='word_1_887' title='bbox 2276 2952 2552 3030; x_wconf 69' lang='lat' dir='ltr'><strong>Scriptura</strong></span> <span class='ocrx_word' id='word_1_888' title='bbox 2582 2966 2739 3006; x_wconf 89' lang='lat' dir='ltr'><strong>sacra</strong></span> <span class='ocrx_word' id='word_1_889' title='bbox 2775 2950 3412 3030; x_wconf 20' lang='lat' dir='ltr'><strong>eliquandolvocabulo“</strong></span> <span class='ocrx_word' id='word_1_890' title='bbox 3432 2950 3648 3030; x_wconf 75' lang='lat' dir='ltr'><strong>aquilte,</strong></span> 
     </span>
    </p>
   </div>
   <div class='ocr_carea' id='block_1_116' title="bbox 2055 3020 3658 3092">
    <p class='ocr_par' dir='ltr' id='par_1_116' title="bbox 2055 3020 3658 3092">
     <span class='ocr_line' id='line_1_125' title="bbox 2055 3020 3658 3092; baseline 0 -16"><span class='ocrx_word' id='word_1_891' title='bbox 2055 3021 2141 3077; x_wconf 86' lang='lat' dir='ltr'><strong>vel</strong></span> <span class='ocrx_word' id='word_1_892' title='bbox 2174 3022 2384 3076; x_wconf 91' lang='lat' dir='ltr'><strong>subtilis</strong></span> <span class='ocrx_word' id='word_1_893' title='bbox 2415 3036 2727 3077; x_wconf 76' lang='lat' dir='ltr'><strong>sanctorum</strong></span> <span class='ocrx_word' id='word_1_894' title='bbox 2786 3021 3161 3092; x_wconf 80' lang='lat' dir='ltr'><strong>intelligentia,</strong></span> <span class='ocrx_word' id='word_1_895' title='bbox 3193 3029 3245 3075; x_wconf 92' lang='lat' dir='ltr'><strong>et</strong></span> <span class='ocrx_word' id='word_1_896' title='bbox 3274 3020 3522 3092; x_wconf 86' lang='lat' dir='ltr'><strong>sublimis</strong></span> <span class='ocrx_word' id='word_1_897' title='bbox 3544 3035 3658 3092; x_wconf 14' lang='lat' dir='ltr'><strong>Aeo-</strong></span> 
     </span>
    </p>
   </div>
   <div class='ocr_carea' id='block_1_117' title="bbox 2055 3090 3658 3163">
    <p class='ocr_par' dir='ltr' id='par_1_117' title="bbox 2055 3090 3658 3163">
     <span class='ocr_line' id='line_1_126' title="bbox 2055 3090 3658 3163; baseline -0.001 -16"><span class='ocrx_word' id='word_1_898' title='bbox 2055 3108 2175 3147; x_wconf 87' lang='lat' dir='ltr'><strong>rum</strong></span> <span class='ocrx_word' id='word_1_899' title='bbox 2206 3093 2593 3163; x_wconf 88' lang='lat' dir='ltr'><strong>contemplatio</strong></span> <span class='ocrx_word' id='word_1_900' title='bbox 2626 3092 2902 3163; x_wconf 69' lang='lat' dir='ltr'><strong>ﬁguratur,</strong></span> <span class='ocrx_word' id='word_1_901' title='bbox 2937 3090 3020 3146; x_wconf 81' lang='lat' dir='ltr'><strong>vel</strong></span> <span class='ocrx_word' id='word_1_902' title='bbox 3055 3091 3372 3146; x_wconf 88' lang='lat' dir='ltr'><strong>incarnatus</strong></span> <span class='ocrx_word' id='word_1_903' title='bbox 3395 3090 3658 3145; x_wconf 89' lang='lat' dir='ltr'><strong>Dominus</strong></span> 
     </span>
    </p>
   </div>
   <div class='ocr_carea' id='block_1_118' title="bbox 2056 3163 3657 3230">
    <p class='ocr_par' dir='ltr' id='par_1_118' title="bbox 2056 3163 3657 3230">
     <span class='ocr_line' id='line_1_127' title="bbox 2056 3163 3657 3230; baseline -0.001 -13"><span class='ocrx_word' id='word_1_904' title='bbox 2056 3163 2168 3218; x_wconf 90' lang='lat' dir='ltr'><strong>ima</strong></span> <span class='ocrx_word' id='word_1_905' title='bbox 2196 3164 2445 3218; x_wconf 85' lang='lat' dir='ltr'><strong>celeriter</strong></span> <span class='ocrx_word' id='word_1_906' title='bbox 2486 3163 2844 3226; x_wconf 86' lang='lat' dir='ltr'><strong>transvolans,</strong></span> <span class='ocrx_word' id='word_1_907' title='bbox 2873 3170 2926 3215; x_wconf 91' lang='lat' dir='ltr'><strong>et</strong></span> <span class='ocrx_word' id='word_1_908' title='bbox 2956 3177 3084 3216; x_wconf 83' lang='lat' dir='ltr'><strong>mox</strong></span> <span class='ocrx_word' id='word_1_909' title='bbox 3139 3177 3350 3216; x_wconf 84' lang='lat' dir='ltr'><strong>summa</strong></span> <span class='ocrx_word' id='word_1_910' title='bbox 3405 3170 3657 3230; x_wconf 89' lang='lat' dir='ltr'><strong>repetens</strong></span> 
     </span>
    </p>
   </div>
   <div class='ocr_carea' id='block_1_119' title="bbox 2055 3232 3656 3307">
    <p class='ocr_par' dir='ltr' id='par_1_119' title="bbox 2055 3232 3656 3307">
     <span class='ocr_line' id='line_1_128' title="bbox 2055 3232 3656 3307; baseline -0.003 -18"><span class='ocrx_word' id='word_1_911' title='bbox 2055 3234 2370 3307; x_wconf 78' lang='lat' dir='ltr'><strong>designatur</strong></span> <span class='ocrx_word' id='word_1_912' title='bbox 2399 3253 2414 3300; x_wconf 91' lang='lat'><strong>;</strong></span> <span class='ocrx_word' id='word_1_913' title='bbox 2448 3250 2551 3304; x_wconf 87' lang='lat' dir='ltr'><strong>per</strong></span> <span class='ocrx_word' id='word_1_914' title='bbox 2579 3233 2829 3307; x_wconf 82' lang='lat' dir='ltr'><strong>quarium</strong></span> <span class='ocrx_word' id='word_1_915' title='bbox 2864 3233 3029 3307; x_wconf 84' lang='lat' dir='ltr'><strong>igitur</strong></span> <span class='ocrx_word' id='word_1_916' title='bbox 3058 3232 3281 3307; x_wconf 81' lang='lat' dir='ltr'><strong>animal,</strong></span> <span class='ocrx_word' id='word_1_917' title='bbox 3315 3232 3371 3285; x_wconf 90' lang='lat' dir='ltr'><strong>id</strong></span> <span class='ocrx_word' id='word_1_918' title='bbox 3395 3240 3475 3285; x_wconf 89' lang='lat' dir='ltr'><strong>est</strong></span> <span class='ocrx_word' id='word_1_919' title='bbox 3491 3232 3656 3307; x_wconf 88' lang='lat' dir='ltr'><strong>aqui-</strong></span> 
     </span>
    </p>
   </div>
   <div class='ocr_carea' id='block_1_120' title="bbox 2053 3302 3659 3386">
    <p class='ocr_par' dir='ltr' id='par_1_120' title="bbox 2053 3302 3659 3386">
     <span class='ocr_line' id='line_1_129' title="bbox 2053 3302 3659 3386; baseline -0.001 -28"><span class='ocrx_word' id='word_1_920' title='bbox 2053 3302 2322 3386; x_wconf 53' lang='lat' dir='ltr'><strong>laquuae</strong></span> <span class='ocrx_word' id='word_1_921' title='bbox 2352 3302 2673 3386; x_wconf 52' lang='lat' dir='ltr'><strong>(iunctarum</strong></span> <span class='ocrx_word' id='word_1_922' title='bbox 2705 3302 2884 3383; x_wconf 85' lang='lat' dir='ltr'><strong>avium</strong></span> <span class='ocrx_word' id='word_1_923' title='bbox 2918 3306 3089 3386; x_wconf 82' lang='lat' dir='ltr'><strong>visum</strong></span> <span class='ocrx_word' id='word_1_924' title='bbox 3139 3302 3277 3386; x_wconf 60' lang='lat' dir='ltr'><strong>acie”</strong></span> <span class='ocrx_word' id='word_1_925' title='bbox 3312 3302 3559 3386; x_wconf 76' lang='lat' dir='ltr'><strong>superat,</strong></span> <span class='ocrx_word' id='word_1_926' title='bbox 3583 3302 3659 3357; x_wconf 85' lang='lat' dir='ltr'><strong>ita</strong></span> 
     </span>
    </p>
   </div>
   <div class='ocr_carea' id='block_1_121' title="bbox 2054 3372 3657 3437">
    <p class='ocr_par' dir='ltr' id='par_1_121' title="bbox 2054 3372 3657 3437">
     <span class='ocr_line' id='line_1_130' title="bbox 2054 3372 3657 3437; baseline -0.001 -8"><span class='ocrx_word' id='word_1_927' title='bbox 2054 3382 2114 3429; x_wconf 91' lang='lat' dir='ltr'><strong>ut</strong></span> <span class='ocrx_word' id='word_1_928' title='bbox 2142 3372 2271 3430; x_wconf 83' lang='lat' dir='ltr'><strong>solis</strong></span> <span class='ocrx_word' id='word_1_929' title='bbox 2285 3375 2470 3429; x_wconf 90' lang='lat' dir='ltr'><strong>radius</strong></span> <span class='ocrx_word' id='word_1_930' title='bbox 2486 3372 2622 3429; x_wconf 87' lang='lat' dir='ltr'><strong>ﬁxos</strong></span> <span class='ocrx_word' id='word_1_931' title='bbox 2646 3376 2700 3426; x_wconf 89' lang='lat' dir='ltr'><strong>in</strong></span> <span class='ocrx_word' id='word_1_932' title='bbox 2717 3389 2776 3427; x_wconf 90' lang='lat' dir='ltr'><strong>se</strong></span> <span class='ocrx_word' id='word_1_933' title='bbox 2806 3376 2921 3437; x_wconf 83' lang='lat' dir='ltr'><strong>ejus</strong></span> <span class='ocrx_word' id='word_1_934' title='bbox 2950 3373 3138 3427; x_wconf 91' lang='lat' dir='ltr'><strong>oculos</strong></span> <span class='ocrx_word' id='word_1_935' title='bbox 3169 3372 3316 3427; x_wconf 90' lang='lat' dir='ltr'><strong>nulla</strong></span> <span class='ocrx_word' id='word_1_936' title='bbox 3372 3373 3509 3427; x_wconf 90' lang='lat' dir='ltr'><strong>lucis</strong></span> <span class='ocrx_word' id='word_1_937' title='bbox 3540 3387 3657 3428; x_wconf 66' lang='lat' dir='ltr'><strong>suae</strong></span> 
     </span>
    </p>
   </div>
   <div class='ocr_carea' id='block_1_122' title="bbox 2053 3442 3653 3514">
    <p class='ocr_par' dir='ltr' id='par_1_122' title="bbox 2053 3442 3653 3514">
     <span class='ocr_line' id='line_1_131' title="bbox 2053 3442 3653 3514; baseline -0.004 -13"><span class='ocrx_word' id='word_1_938' title='bbox 2053 3446 2428 3501; x_wconf 88' lang='lat' dir='ltr'><strong>coruscatione</strong></span> <span class='ocrx_word' id='word_1_939' title='bbox 2458 3444 2837 3510; x_wconf 87' lang='lat' dir='ltr'><strong>reverberans,</strong></span> <span class='ocrx_word' id='word_1_940' title='bbox 2871 3444 3109 3505; x_wconf 87' lang='lat' dir='ltr'><strong>claudat,</strong></span> <span class='ocrx_word' id='word_1_941' title='bbox 3159 3444 3397 3498; x_wconf 86' lang='lat' dir='ltr'><strong>Joannes</strong></span> <span class='ocrx_word' id='word_1_942' title='bbox 3431 3442 3653 3514; x_wconf 79' lang='lat' dir='ltr'><strong>signiﬁ-</strong></span> 
     </span>
    </p>
   </div>
   <div class='ocr_carea' id='block_1_123' title="bbox 2053 3514 3655 3585">
    <p class='ocr_par' dir='ltr' id='par_1_123' title="bbox 2053 3514 3655 3585">
     <span class='ocr_line' id='line_1_132' title="bbox 2053 3514 3655 3585; baseline -0.001 -15"><span class='ocrx_word' id='word_1_943' title='bbox 2053 3524 2227 3579; x_wconf 91' lang='lat' dir='ltr'><strong>catur,</strong></span> <span class='ocrx_word' id='word_1_944' title='bbox 2259 3516 2349 3585; x_wconf 91' lang='lat' dir='ltr'><strong>qni</strong></span> <span class='ocrx_word' id='word_1_945' title='bbox 2368 3515 2602 3569; x_wconf 88' lang='lat' dir='ltr'><strong>volando</strong></span> <span class='ocrx_word' id='word_1_946' title='bbox 2627 3522 2826 3569; x_wconf 89' lang='lat' dir='ltr'><strong>terram</strong></span> <span class='ocrx_word' id='word_1_947' title='bbox 2842 3514 3243 3585; x_wconf 86' lang='lat' dir='ltr'><strong>deseruit,quia</strong></span> <span class='ocrx_word' id='word_1_948' title='bbox 3276 3530 3378 3585; x_wconf 88' lang='lat' dir='ltr'><strong>per</strong></span> <span class='ocrx_word' id='word_1_949' title='bbox 3393 3514 3655 3569; x_wconf 86' lang='lat' dir='ltr'><strong>subtilem</strong></span> 
     </span>
    </p>
   </div>
   <div class='ocr_carea' id='block_1_124' title="bbox 2051 3584 3655 3666">
    <p class='ocr_par' dir='ltr' id='par_1_124' title="bbox 2051 3584 3655 3666">
     <span class='ocr_line' id='line_1_133' title="bbox 2051 3584 3655 3666; baseline -0.001 -27"><span class='ocrx_word' id='word_1_950' title='bbox 2051 3584 2462 3666; x_wconf 74' lang='lat' dir='ltr'><strong>intelligentiam</strong></span> <span class='ocrx_word' id='word_1_951' title='bbox 2496 3586 2704 3666; x_wconf 85' lang='lat' dir='ltr'><strong>interna</strong></span> <span class='ocrx_word' id='word_1_952' title='bbox 2735 3586 2989 3666; x_wconf 54' lang='lat' dir='ltr'><strong>mysteria</strong></span> <span class='ocrx_word' id='word_1_953' title='bbox 3010 3584 3169 3666; x_wconf 74' lang='lat' dir='ltr'><strong>verbi</strong></span> <span class='ocrx_word' id='word_1_954' title='bbox 3198 3584 3431 3666; x_wconf 75' lang='lat' dir='ltr'><strong>videndo</strong></span> <span class='ocrx_word' id='word_1_955' title='bbox 3479 3599 3655 3666; x_wconf 83' lang='lat' dir='ltr'><strong>pene-</strong></span> 
     </span>
    </p>
   </div>
   <div class='ocr_carea' id='block_1_125' title="bbox 2052 3654 3655 3725">
    <p class='ocr_par' dir='ltr' id='par_1_125' title="bbox 2052 3654 3655 3725">
     <span class='ocr_line' id='line_1_134' title="bbox 2052 3654 3655 3725; baseline -0.001 -16"><span class='ocrx_word' id='word_1_956' title='bbox 2052 3654 2251 3710; x_wconf 56' lang='lat' dir='ltr'><strong>travitf</strong></span> <span class='ocrx_word' id='word_1_957' title='bbox 2266 3657 2489 3710; x_wconf 88' lang='lat' dir='ltr'><strong>Possunt</strong></span> <span class='ocrx_word' id='word_1_958' title='bbox 2516 3654 2921 3724; x_wconf 68' lang='lat' dir='ltr'><strong>praetereahaac</strong></span> <span class='ocrx_word' id='word_1_959' title='bbox 2941 3664 3172 3725; x_wconf 88' lang='lat' dir='ltr'><strong>quatuor</strong></span> <span class='ocrx_word' id='word_1_960' title='bbox 3199 3654 3456 3709; x_wconf 89' lang='lat' dir='ltr'><strong>animalia</strong></span> <span class='ocrx_word' id='word_1_961' title='bbox 3478 3654 3655 3724; x_wconf 89' lang='lat' dir='ltr'><strong>ipsum</strong></span> 
     </span>
    </p>
   </div>
   <div class='ocr_carea' id='block_1_126' title="bbox 2051 3725 3653 3794">
    <p class='ocr_par' dir='ltr' id='par_1_126' title="bbox 2051 3725 3653 3794">
     <span class='ocr_line' id='line_1_135' title="bbox 2051 3725 3653 3794; baseline -0.001 -15"><span class='ocrx_word' id='word_1_962' title='bbox 2051 3741 2207 3780; x_wconf 90' lang='lat' dir='ltr'><strong>suum</strong></span> <span class='ocrx_word' id='word_1_963' title='bbox 2238 3733 2401 3793; x_wconf 89' lang='lat' dir='ltr'><strong>caput</strong></span> <span class='ocrx_word' id='word_1_964' title='bbox 2421 3725 2576 3794; x_wconf 89' lang='lat' dir='ltr'><strong>cujus</strong></span> <span class='ocrx_word' id='word_1_965' title='bbox 2607 3732 2733 3778; x_wconf 88' lang='lat' dir='ltr'><strong>sunt</strong></span> <span class='ocrx_word' id='word_1_966' title='bbox 2771 3725 3018 3779; x_wconf 85' lang='lat' dir='ltr'><strong>membra</strong></span> <span class='ocrx_word' id='word_1_967' title='bbox 3046 3726 3277 3793; x_wconf 81' lang='lat' dir='ltr'><strong>signare.</strong></span> <span class='ocrx_word' id='word_1_968' title='bbox 3322 3726 3443 3794; x_wconf 84' lang='lat' dir='ltr'><strong>Ipse</strong></span> <span class='ocrx_word' id='word_1_969' title='bbox 3490 3740 3653 3779; x_wconf 87' lang='lat' dir='ltr'><strong>nam-</strong></span> 
     </span>
    </p>
   </div>
   <div class='ocr_carea' id='block_1_127' title="bbox 2051 3795 3649 3866">
    <p class='ocr_par' dir='ltr' id='par_1_127' title="bbox 2051 3795 3649 3866">
     <span class='ocr_line' id='line_1_136' title="bbox 2051 3795 3649 3866; baseline 0.001 -17"><span class='ocrx_word' id='word_1_970' title='bbox 2051 3810 2155 3866; x_wconf 89' lang='lat' dir='ltr'><strong>que</strong></span> <span class='ocrx_word' id='word_1_971' title='bbox 2172 3803 2226 3850; x_wconf 89' lang='lat' dir='ltr'><strong>et</strong></span> <span class='ocrx_word' id='word_1_972' title='bbox 2257 3798 2419 3849; x_wconf 91' lang='lat' dir='ltr'><strong>homo</strong></span> <span class='ocrx_word' id='word_1_973' title='bbox 2438 3801 2539 3866; x_wconf 86' lang='lat' dir='ltr'><strong>est,</strong></span> <span class='ocrx_word' id='word_1_974' title='bbox 2564 3795 2691 3865; x_wconf 90' lang='lat' dir='ltr'><strong>quia</strong></span> <span class='ocrx_word' id='word_1_975' title='bbox 2704 3803 2949 3849; x_wconf 87' lang='lat' dir='ltr'><strong>naturam</strong></span> <span class='ocrx_word' id='word_1_976' title='bbox 2982 3805 3215 3850; x_wconf 88' lang='lat' dir='ltr'><strong>nostram</strong></span> <span class='ocrx_word' id='word_1_977' title='bbox 3240 3796 3505 3850; x_wconf 86' lang='lat' dir='ltr'><strong>veraciter</strong></span> <span class='ocrx_word' id='word_1_978' title='bbox 3525 3812 3649 3850; x_wconf 85' lang='lat' dir='ltr'><strong>sus-</strong></span> 
     </span>
    </p>
   </div>
   <div class='ocr_carea' id='block_1_128' title="bbox 2048 3865 3651 3937">
    <p class='ocr_par' dir='ltr' id='par_1_128' title="bbox 2048 3865 3651 3937">
     <span class='ocr_line' id='line_1_137' title="bbox 2048 3865 3651 3937; baseline -0.001 -15"><span class='ocrx_word' id='word_1_979' title='bbox 2048 3865 2190 3937; x_wconf 79' lang='lat' dir='ltr'><strong>cepit</strong></span> <span class='ocrx_word' id='word_1_980' title='bbox 2219 3883 2233 3928; x_wconf 90' lang='lat'><strong><em>;</em></strong></span> <span class='ocrx_word' id='word_1_981' title='bbox 2267 3874 2320 3921; x_wconf 88' lang='lat' dir='ltr'><strong>et</strong></span> <span class='ocrx_word' id='word_1_982' title='bbox 2336 3865 2552 3930; x_wconf 89' lang='lat' dir='ltr'><strong>vitulus,</strong></span> <span class='ocrx_word' id='word_1_983' title='bbox 2586 3867 2719 3937; x_wconf 81' lang='lat' dir='ltr'><strong>quia</strong></span> <span class='ocrx_word' id='word_1_984' title='bbox 2748 3881 2851 3937; x_wconf 82' lang='lat' dir='ltr'><strong>pro</strong></span> <span class='ocrx_word' id='word_1_985' title='bbox 2881 3866 3034 3937; x_wconf 82' lang='lat' dir='ltr'><strong>nobis</strong></span> <span class='ocrx_word' id='word_1_986' title='bbox 3056 3866 3322 3937; x_wconf 78' lang='lat' dir='ltr'><strong>patienter</strong></span> <span class='ocrx_word' id='word_1_987' title='bbox 3351 3866 3605 3921; x_wconf 85' lang='lat' dir='ltr'><strong>occubuit</strong></span> <span class='ocrx_word' id='word_1_988' title='bbox 3637 3882 3651 3928; x_wconf 89' lang='lat'><strong><em>;</em></strong></span> 
     </span>
    </p>
   </div>
   <div class='ocr_carea' id='block_1_129' title="bbox 2048 3934 3653 4007">
    <p class='ocr_par' dir='ltr' id='par_1_129' title="bbox 2048 3934 3653 4007">
     <span class='ocr_line' id='line_1_138' title="bbox 2048 3934 3653 4007; baseline 0 -16"><span class='ocrx_word' id='word_1_989' title='bbox 2048 3934 2125 3991; x_wconf 48' lang='lat' dir='ltr'><strong>et_</strong></span> <span class='ocrx_word' id='word_1_990' title='bbox 2150 3937 2254 4004; x_wconf 87' lang='lat' dir='ltr'><strong>leo,</strong></span> <span class='ocrx_word' id='word_1_991' title='bbox 2310 3936 2436 4007; x_wconf 90' lang='lat' dir='ltr'><strong>quia</strong></span> <span class='ocrx_word' id='word_1_992' title='bbox 2490 3950 2592 4005; x_wconf 89' lang='lat' dir='ltr'><strong>per</strong></span> <span class='ocrx_word' id='word_1_993' title='bbox 2644 3934 2941 4007; x_wconf 86' lang='lat' dir='ltr'><strong>divinitatis</strong></span> <span class='ocrx_word' id='word_1_994' title='bbox 2990 3934 3358 3992; x_wconf 82' lang='lat' dir='ltr'><strong>fortitudinem</strong></span> <span class='ocrx_word' id='word_1_995' title='bbox 3384 3946 3653 4006; x_wconf 68' lang='lat' dir='ltr'><strong>susceptas</strong></span> 
     </span>
    </p>
   </div>
   <div class='ocr_carea' id='block_1_130' title="bbox 2048 4006 3643 4077">
    <p class='ocr_par' dir='ltr' id='par_1_130' title="bbox 2048 4006 3643 4077">
     <span class='ocr_line' id='line_1_139' title="bbox 2048 4006 3643 4077; baseline 0 -16"><span class='ocrx_word' id='word_1_996' title='bbox 2048 4008 2237 4063; x_wconf 91' lang='lat' dir='ltr'><strong>mortis</strong></span> <span class='ocrx_word' id='word_1_997' title='bbox 2265 4006 2533 4060; x_wconf 90' lang='lat' dir='ltr'><strong>vinculum</strong></span> <span class='ocrx_word' id='word_1_998' title='bbox 2567 4007 2709 4077; x_wconf 89' lang='lat' dir='ltr'><strong>rupit</strong></span> <span class='ocrx_word' id='word_1_999' title='bbox 2742 4020 2755 4071; x_wconf 88' lang='lat'><strong>;</strong></span> <span class='ocrx_word' id='word_1_1000' title='bbox 2787 4014 2841 4059; x_wconf 90' lang='lat' dir='ltr'><strong>et</strong></span> <span class='ocrx_word' id='word_1_1001' title='bbox 2864 4006 2930 4059; x_wconf 88' lang='lat' dir='ltr'><strong>ad</strong></span> <span class='ocrx_word' id='word_1_1002' title='bbox 2961 4015 3259 4061; x_wconf 85' lang='lat' dir='ltr'><strong>extremum</strong></span> <span class='ocrx_word' id='word_1_1003' title='bbox 3292 4007 3643 4077; x_wconf 88' lang='lat' dir='ltr'><strong>aquila,quo-</strong></span> 
     </span>
    </p>
   </div>
   <div class='ocr_carea' id='block_1_131' title="bbox 2048 4076 3655 4150">
    <p class='ocr_par' dir='ltr' id='par_1_131' title="bbox 2048 4076 3655 4150">
     <span class='ocr_line' id='line_1_140' title="bbox 2048 4076 3655 4150; baseline 0.001 -18"><span class='ocrx_word' id='word_1_1004' title='bbox 2048 4080 2193 4132; x_wconf 84' lang='lat' dir='ltr'><strong>niam</strong></span> <span class='ocrx_word' id='word_1_1005' title='bbox 2223 4077 2292 4150; x_wconf 87' lang='lat' dir='ltr'><strong>ad</strong></span> <span class='ocrx_word' id='word_1_1006' title='bbox 2322 4078 2538 4150; x_wconf 77' lang='lat' dir='ltr'><strong>otelnm,</strong></span> <span class='ocrx_word' id='word_1_1007' title='bbox 2570 4076 2641 4131; x_wconf 90' lang='lat' dir='ltr'><strong>de</strong></span> <span class='ocrx_word' id='word_1_1008' title='bbox 2668 4092 2775 4150; x_wconf 84' lang='lat' dir='ltr'><strong>quo</strong></span> <span class='ocrx_word' id='word_1_1009' title='bbox 2802 4086 3047 4150; x_wconf 80' lang='lat' dir='ltr'><strong>venerat,</strong></span> <span class='ocrx_word' id='word_1_1010' title='bbox 3079 4077 3260 4132; x_wconf 91' lang='lat' dir='ltr'><strong>rediit.</strong></span> <span class='ocrx_word' id='word_1_1011' title='bbox 3300 4078 3476 4150; x_wconf 82' lang='lat' dir='ltr'><strong>Homo</strong></span> <span class='ocrx_word' id='word_1_1012' title='bbox 3489 4076 3655 4150; x_wconf 77' lang='lat' dir='ltr'><strong>igitur</strong></span> 
     </span>
    </p>
   </div>
   <div class='ocr_carea' id='block_1_132' title="bbox 2047 4146 3651 4220">
    <p class='ocr_par' dir='ltr' id='par_1_132' title="bbox 2047 4146 3651 4220">
     <span class='ocr_line' id='line_1_141' title="bbox 2047 4146 3651 4220; baseline 0 -17"><span class='ocrx_word' id='word_1_1013' title='bbox 2047 4148 2345 4220; x_wconf 85' lang='lat' dir='ltr'><strong>nascendo,</strong></span> <span class='ocrx_word' id='word_1_1014' title='bbox 2379 4148 2576 4220; x_wconf 85' lang='lat' dir='ltr'><strong>vitulus</strong></span> <span class='ocrx_word' id='word_1_1015' title='bbox 2614 4146 2914 4220; x_wconf 75' lang='lat' dir='ltr'><strong>moriendo,</strong></span> <span class='ocrx_word' id='word_1_1016' title='bbox 2947 4146 3037 4201; x_wconf 87' lang='lat' dir='ltr'><strong>leo</strong></span> <span class='ocrx_word' id='word_1_1017' title='bbox 3074 4149 3432 4220; x_wconf 82' lang='lat' dir='ltr'><strong>resurgendo.</strong></span> <span class='ocrx_word' id='word_1_1018' title='bbox 3465 4146 3651 4220; x_wconf 77' lang='lat' dir='ltr'><strong>aquila</strong></span> 
     </span>
    </p>
   </div>
   <div class='ocr_carea' id='block_1_133' title="bbox 2047 4218 3647 4274">
    <p class='ocr_par' dir='ltr' id='par_1_133' title="bbox 2047 4218 3647 4274">
     <span class='ocr_line' id='line_1_142' title="bbox 2047 4218 3647 4274; baseline 0.001 -1"><span class='ocrx_word' id='word_1_1019' title='bbox 2047 4220 2118 4274; x_wconf 86' lang='lat' dir='ltr'><strong>ad</strong></span> <span class='ocrx_word' id='word_1_1020' title='bbox 2162 4218 2330 4274; x_wconf 69' lang='lat' dir='ltr'><strong>caelos</strong></span> <span class='ocrx_word' id='word_1_1021' title='bbox 2374 4218 2718 4273; x_wconf 89' lang='lat' dir='ltr'><strong>ascendendo</strong></span> <span class='ocrx_word' id='word_1_1022' title='bbox 2766 4226 2994 4273; x_wconf 85' lang='lat' dir='ltr'><strong>vocatus</strong></span> <span class='ocrx_word' id='word_1_1023' title='bbox 3039 4227 3146 4273; x_wconf 86' lang='lat' dir='ltr'><strong>est.</strong></span> <span class='ocrx_word' id='word_1_1024' title='bbox 3204 4218 3438 4274; x_wconf 79' lang='lat' dir='ltr'><strong>Pessum</strong></span> <span class='ocrx_word' id='word_1_1025' title='bbox 3482 4218 3647 4274; x_wconf 85' lang='lat' dir='ltr'><strong>etiam</strong></span> 
     </span>
    </p>
   </div>
   <div class='ocr_carea' id='block_1_134' title="bbox 2047 4287 3646 4359">
    <p class='ocr_par' dir='ltr' id='par_1_134' title="bbox 2047 4287 3646 4359">
     <span class='ocr_line' id='line_1_143' title="bbox 2047 4287 3646 4359; baseline 0 -15"><span class='ocrx_word' id='word_1_1026' title='bbox 2047 4290 2215 4345; x_wconf 89' lang='lat' dir='ltr'><strong>sancti</strong></span> <span class='ocrx_word' id='word_1_1027' title='bbox 2246 4305 2343 4358; x_wconf 87' lang='lat' dir='ltr'><strong>per</strong></span> <span class='ocrx_word' id='word_1_1028' title='bbox 2396 4290 2515 4344; x_wconf 69' lang='lat' dir='ltr'><strong>haec</strong></span> <span class='ocrx_word' id='word_1_1029' title='bbox 2562 4287 2818 4342; x_wconf 88' lang='lat' dir='ltr'><strong>animalia</strong></span> <span class='ocrx_word' id='word_1_1030' title='bbox 2854 4288 3164 4359; x_wconf 78' lang='lat' dir='ltr'><strong>designari,</strong></span> <span class='ocrx_word' id='word_1_1031' title='bbox 3191 4289 3449 4359; x_wconf 90' lang='lat' dir='ltr'><strong>quoniam</strong></span> <span class='ocrx_word' id='word_1_1032' title='bbox 3506 4290 3646 4344; x_wconf 91' lang='lat' dir='ltr'><strong>alius</strong></span> 
     </span>
    </p>
   </div>
   <div class='ocr_carea' id='block_1_135' title="bbox 2045 4356 3643 4431">
    <p class='ocr_par' dir='ltr' id='par_1_135' title="bbox 2045 4356 3643 4431">
     <span class='ocr_line' id='line_1_144' title="bbox 2045 4356 3643 4431; baseline -0.003 -16"><span class='ocrx_word' id='word_1_1033' title='bbox 2045 4356 2658 4431; x_wconf 43' lang='lat' dir='ltr'><strong>cuncta—rationabiliter</strong></span> <span class='ocrx_word' id='word_1_1034' title='bbox 2687 4357 2906 4431; x_wconf 77' lang='lat' dir='ltr'><strong>agendo</strong></span> <span class='ocrx_word' id='word_1_1035' title='bbox 2925 4356 3182 4431; x_wconf 59' lang='lat' dir='ltr'><strong>iit&#39;homo</strong></span> <span class='ocrx_word' id='word_1_1036' title='bbox 3213 4356 3225 4410; x_wconf 77' lang='grc' dir='ltr'>Ξ</span> <span class='ocrx_word' id='word_1_1037' title='bbox 3259 4359 3395 4431; x_wconf 81' lang='lat' dir='ltr'><strong>alius</strong></span> <span class='ocrx_word' id='word_1_1038' title='bbox 3428 4358 3489 4431; x_wconf 79' lang='lat' dir='ltr'><strong>in</strong></span> <span class='ocrx_word' id='word_1_1039' title='bbox 3511 4374 3643 4431; x_wconf 83' lang='lat' dir='ltr'><strong>pas-</strong></span> 
     </span>
    </p>
   </div>
   <div class='ocr_carea' id='block_1_136' title="bbox 2044 4426 3646 4495">
    <p class='ocr_par' dir='ltr' id='par_1_136' title="bbox 2044 4426 3646 4495">
     <span class='ocr_line' id='line_1_145' title="bbox 2044 4426 3646 4495; baseline -0.002 -9"><span class='ocrx_word' id='word_1_1040' title='bbox 2044 4432 2286 4486; x_wconf 88' lang='lat' dir='ltr'><strong>sionibns</strong></span> <span class='ocrx_word' id='word_1_1041' title='bbox 2316 4430 2490 4492; x_wconf 86' lang='lat' dir='ltr'><strong>fortis,</strong></span> <span class='ocrx_word' id='word_1_1042' title='bbox 2514 4426 2749 4483; x_wconf 74' lang='lat' dir='ltr'><strong>adversa</strong></span> <span class='ocrx_word' id='word_1_1043' title='bbox 2776 4427 2964 4482; x_wconf 89' lang='lat' dir='ltr'><strong>mundi</strong></span> <span class='ocrx_word' id='word_1_1044' title='bbox 3010 4444 3119 4483; x_wconf 92' lang='lat' dir='ltr'><strong>non</strong></span> <span class='ocrx_word' id='word_1_1045' title='bbox 3148 4428 3389 4483; x_wconf 87' lang='lat' dir='ltr'><strong>timendo</strong></span> <span class='ocrx_word' id='word_1_1046' title='bbox 3419 4426 3480 4481; x_wconf 83' lang='lat' dir='ltr'><strong>ﬁt</strong></span> <span class='ocrx_word' id='word_1_1047' title='bbox 3510 4426 3597 4483; x_wconf 86' lang='lat' dir='ltr'><strong>leo</strong></span> <span class='ocrx_word' id='word_1_1048' title='bbox 3626 4449 3646 4495; x_wconf 82' lang='lat'><strong><em>;</em></strong></span> 
     </span>
    </p>
   </div>
   <div class='ocr_carea' id='block_1_137' title="bbox 2043 4498 3646 4567">
    <p class='ocr_par' dir='ltr' id='par_1_137' title="bbox 2043 4498 3646 4567">
     <span class='ocr_line' id='line_1_146' title="bbox 2043 4498 3646 4567; baseline -0.001 -12"><span class='ocrx_word' id='word_1_1049' title='bbox 2043 4502 2184 4556; x_wconf 91' lang='lat' dir='ltr'><strong>alius</strong></span> <span class='ocrx_word' id='word_1_1050' title='bbox 2213 4517 2310 4565; x_wconf 89' lang='lat' dir='ltr'><strong>per</strong></span> <span class='ocrx_word' id='word_1_1051' title='bbox 2355 4501 2732 4555; x_wconf 85' lang='lat' dir='ltr'><strong>abstinentiam</strong></span> <span class='ocrx_word' id='word_1_1052' title='bbox 2773 4499 3124 4567; x_wconf 83' lang='lat' dir='ltr'><strong>semetipsum</strong></span> <span class='ocrx_word' id='word_1_1053' title='bbox 3176 4498 3359 4552; x_wconf 89' lang='lat' dir='ltr'><strong>vivam</strong></span> <span class='ocrx_word' id='word_1_1054' title='bbox 3407 4498 3646 4554; x_wconf 80' lang='lat' dir='ltr'><strong>hostiam</strong></span> 
     </span>
    </p>
   </div>
   <div class='ocr_carea' id='block_1_138' title="bbox 2042 4568 3639 4640">
    <p class='ocr_par' dir='ltr' id='par_1_138' title="bbox 2042 4568 3639 4640">
     <span class='ocr_line' id='line_1_147' title="bbox 2042 4568 3639 4640; baseline -0.001 -13"><span class='ocrx_word' id='word_1_1055' title='bbox 2042 4570 2326 4627; x_wconf 77' lang='lat' dir='ltr'><strong>oﬁ&#39;erendo</strong></span> <span class='ocrx_word' id='word_1_1056' title='bbox 2355 4569 2410 4625; x_wconf 87' lang='lat' dir='ltr'><strong>ﬁt</strong></span> <span class='ocrx_word' id='word_1_1057' title='bbox 2434 4572 2630 4625; x_wconf 90' lang='lat' dir='ltr'><strong>vitulus</strong></span> <span class='ocrx_word' id='word_1_1058' title='bbox 2663 4588 2687 4640; x_wconf 18' lang='grc' dir='ltr'><strong>εί</strong></span> <span class='ocrx_word' id='word_1_1059' title='bbox 2709 4571 2848 4625; x_wconf 90' lang='lat' dir='ltr'><strong>alius</strong></span> <span class='ocrx_word' id='word_1_1060' title='bbox 2876 4585 2936 4625; x_wconf 89' lang='lat' dir='ltr'><strong>se</strong></span> <span class='ocrx_word' id='word_1_1061' title='bbox 2973 4570 3029 4625; x_wconf 90' lang='lat' dir='ltr'><strong>in</strong></span> <span class='ocrx_word' id='word_1_1062' title='bbox 3058 4569 3168 4626; x_wconf 88' lang='lat' dir='ltr'><strong>alta</strong></span> <span class='ocrx_word' id='word_1_1063' title='bbox 3215 4568 3478 4640; x_wconf 90' lang='lat' dir='ltr'><strong>rapiendo</strong></span> <span class='ocrx_word' id='word_1_1064' title='bbox 3498 4583 3639 4625; x_wconf 86' lang='lat' dir='ltr'><strong>con-</strong></span> 
     </span>
    </p>
   </div>
   <div class='ocr_carea' id='block_1_139' title="bbox 2047 4639 2954 4713">
    <p class='ocr_par' dir='ltr' id='par_1_139' title="bbox 2047 4639 2954 4713">
     <span class='ocr_line' id='line_1_148' title="bbox 2047 4639 2954 4713; baseline -0.001 -16"><span class='ocrx_word' id='word_1_1065' title='bbox 2047 4642 2413 4713; x_wconf 89' lang='lat' dir='ltr'><strong>templationis</strong></span> <span class='ocrx_word' id='word_1_1066' title='bbox 2440 4644 2625 4696; x_wconf 88' lang='lat' dir='ltr'><strong>volatu</strong></span> <span class='ocrx_word' id='word_1_1067' title='bbox 2662 4639 2719 4695; x_wconf 85' lang='lat' dir='ltr'><strong>ﬁt</strong></span> <span class='ocrx_word' id='word_1_1068' title='bbox 2741 4642 2954 4711; x_wconf 90' lang='lat' dir='ltr'><strong>aquila.</strong></span> 
     </span>
    </p>
   </div>
   <div class='ocr_carea' id='block_1_140' title="bbox 2043 4739 3656 4806">
    <p class='ocr_par' dir='ltr' id='par_1_140' title="bbox 2043 4739 3656 4806">
     <span class='ocr_line' id='line_1_149' title="bbox 2043 4739 3656 4806; baseline -0.002 -15"><span class='ocrx_word' id='word_1_1069' title='bbox 2043 4741 2172 4791; x_wconf 74' lang='lat' dir='ltr'><strong>CAP.</strong></span> <span class='ocrx_word' id='word_1_1070' title='bbox 2201 4740 2332 4790; x_wconf 85' lang='lat' dir='ltr'><strong>XVI.</strong></span> <span class='ocrx_word' id='word_1_1071' title='bbox 2377 4764 2442 4777; x_wconf 90' lang='lat'><strong>-—</strong></span> <span class='ocrx_word' id='word_1_1072' title='bbox 2466 4740 2533 4790; x_wconf 83' lang='lat' dir='ltr'><strong>Et</strong></span> <span class='ocrx_word' id='word_1_1073' title='bbox 2563 4744 2783 4801; x_wconf 84' lang='lat' dir='ltr'><strong>quatuor</strong></span> <span class='ocrx_word' id='word_1_1074' title='bbox 2812 4741 3059 4791; x_wconf 80' lang='lat' dir='ltr'><strong>animalia</strong></span> <span class='ocrx_word' id='word_1_1075' title='bbox 3095 4739 3309 4806; x_wconf 76' lang='lat' dir='ltr'><strong>cingula</strong></span> <span class='ocrx_word' id='word_1_1076' title='bbox 3351 4751 3521 4789; x_wconf 69' lang='lat' dir='ltr'><strong>eorum</strong></span> <span class='ocrx_word' id='word_1_1077' title='bbox 3563 4739 3656 4788; x_wconf 80' lang='lat' dir='ltr'><strong>ha-</strong></span> 
     </span>
    </p>
   </div>
   <div class='ocr_carea' id='block_1_141' title="bbox 2113 4806 3650 4867">
    <p class='ocr_par' dir='ltr' id='par_1_141' title="bbox 2113 4806 3650 4867">
     <span class='ocr_line' id='line_1_150' title="bbox 2113 4806 3650 4867; baseline -0.001 -10"><span class='ocrx_word' id='word_1_1078' title='bbox 2113 4807 2292 4857; x_wconf 79' lang='lat' dir='ltr'><strong>bebant</strong></span> <span class='ocrx_word' id='word_1_1079' title='bbox 2327 4807 2442 4856; x_wconf 73' lang='lat' dir='ltr'><strong>alas</strong></span> <span class='ocrx_word' id='word_1_1080' title='bbox 2467 4819 2634 4863; x_wconf 77' lang='lat' dir='ltr'><strong>senas,</strong></span> <span class='ocrx_word' id='word_1_1081' title='bbox 2676 4816 2725 4857; x_wconf 82' lang='lat' dir='ltr'><strong>et</strong></span> <span class='ocrx_word' id='word_1_1082' title='bbox 2749 4807 2803 4859; x_wconf 82' lang='lat' dir='ltr'><strong>in</strong></span> <span class='ocrx_word' id='word_1_1083' title='bbox 2822 4808 3064 4867; x_wconf 83' lang='lat' dir='ltr'><strong>circuitu,</strong></span> <span class='ocrx_word' id='word_1_1084' title='bbox 3096 4812 3148 4857; x_wconf 82' lang='lat' dir='ltr'><strong>ct</strong></span> <span class='ocrx_word' id='word_1_1085' title='bbox 3166 4807 3301 4856; x_wconf 72' lang='lat' dir='ltr'><strong>intus</strong></span> <span class='ocrx_word' id='word_1_1086' title='bbox 3345 4806 3502 4867; x_wconf 82' lang='lat' dir='ltr'><strong>plena</strong></span> <span class='ocrx_word' id='word_1_1087' title='bbox 3526 4812 3650 4857; x_wconf 74' lang='lat' dir='ltr'><strong>sunt</strong></span> 
     </span>
    </p>
   </div>
   <div class='ocr_carea' id='block_1_142' title="bbox 2112 4873 2686 4938">
    <p class='ocr_par' dir='ltr' id='par_1_142' title="bbox 2112 4873 2686 4938">
     <span class='ocr_line' id='line_1_151' title="bbox 2112 4873 2686 4938; baseline 0 -15"><span class='ocrx_word' id='word_1_1088' title='bbox 2112 4874 2278 4924; x_wconf 72' lang='lat' dir='ltr'><strong>oculis</strong></span> <span class='ocrx_word' id='word_1_1089' title='bbox 2303 4875 2486 4936; x_wconf 74' lang='lat' dir='ltr'><strong>(Apoc.</strong></span> <span class='ocrx_word' id='word_1_1090' title='bbox 2510 4887 2577 4929; x_wconf 78' lang='lat' dir='ltr'><strong>tv,</strong></span> <span class='ocrx_word' id='word_1_1091' title='bbox 2607 4873 2686 4938; x_wconf 84' lang='lat'><strong>8).</strong></span> 
     </span>
    </p>
   </div>
   <div class='ocr_carea' id='block_1_143' title="bbox 2120 4962 3652 5035">
    <p class='ocr_par' dir='ltr' id='par_1_143' title="bbox 2120 4962 3652 5035">
     <span class='ocr_line' id='line_1_152' title="bbox 2120 4962 3652 5035; baseline 0.001 -18"><span class='ocrx_word' id='word_1_1092' title='bbox 2120 4965 2211 5035; x_wconf 7' lang='lat' dir='ltr'><strong>(In,</strong></span> <span class='ocrx_word' id='word_1_1093' title='bbox 2264 4965 2499 5035; x_wconf 80' lang='lat' dir='ltr'><strong>exposit.</strong></span> <span class='ocrx_word' id='word_1_1094' title='bbox 2534 4965 2591 5018; x_wconf 87' lang='grc' dir='ltr'><strong>Β.</strong></span> <span class='ocrx_word' id='word_1_1095' title='bbox 2625 4964 2745 5029; x_wconf 88' lang='lat' dir='ltr'><strong>Job,</strong></span> <span class='ocrx_word' id='word_1_1096' title='bbox 2793 4962 2884 5035; x_wconf 91' lang='lat' dir='ltr'><strong>lib.</strong></span> <span class='ocrx_word' id='word_1_1097' title='bbox 2922 4978 3043 5025; x_wconf 72' lang='lat' dir='ltr'><strong>six,</strong></span> <span class='ocrx_word' id='word_1_1098' title='bbox 3076 4978 3232 5035; x_wconf 90' lang='lat' dir='ltr'><strong>num.</strong></span> <span class='ocrx_word' id='word_1_1099' title='bbox 3270 4964 3389 5035; x_wconf 79' lang='lat'><strong>20.)</strong></span> <span class='ocrx_word' id='word_1_1100' title='bbox 3442 4963 3652 5035; x_wconf 82' lang='lat' dir='ltr'><strong>omnes</strong></span> 
     </span>
    </p>
   </div>
   <div class='ocr_carea' id='block_1_144' title="bbox 2045 5033 3650 5105">
    <p class='ocr_par' dir='ltr' id='par_1_144' title="bbox 2045 5033 3650 5105">
     <span class='ocr_line' id='line_1_153' title="bbox 2045 5033 3650 5105; baseline 0 -17"><span class='ocrx_word' id='word_1_1101' title='bbox 2045 5034 2215 5089; x_wconf 87' lang='lat' dir='ltr'><strong>sancti</strong></span> <span class='ocrx_word' id='word_1_1102' title='bbox 2257 5034 2389 5089; x_wconf 81' lang='lat' dir='ltr'><strong>foris</strong></span> <span class='ocrx_word' id='word_1_1103' title='bbox 2417 5052 2476 5089; x_wconf 89' lang='lat' dir='ltr'><strong>se</strong></span> <span class='ocrx_word' id='word_1_1104' title='bbox 2502 5036 2749 5105; x_wconf 87' lang='lat' dir='ltr'><strong>intusque</strong></span> <span class='ocrx_word' id='word_1_1105' title='bbox 2797 5034 3285 5105; x_wconf 66' lang='lat' dir='ltr'><strong>circumspiciunt,</strong></span> <span class='ocrx_word' id='word_1_1106' title='bbox 3314 5033 3374 5087; x_wconf 78' lang='lat' dir='ltr'><strong>et</strong></span> <span class='ocrx_word' id='word_1_1107' title='bbox 3421 5033 3507 5088; x_wconf 87' lang='lat' dir='ltr'><strong>vel</strong></span> <span class='ocrx_word' id='word_1_1108' title='bbox 3560 5050 3650 5089; x_wconf 90' lang='lat' dir='ltr'><strong>re-</strong></span> 
     </span>
    </p>
   </div>
   <div class='ocr_carea' id='block_1_145' title="bbox 2047 5103 3651 5176">
    <p class='ocr_par' dir='ltr' id='par_1_145' title="bbox 2047 5103 3651 5176">
     <span class='ocr_line' id='line_1_154' title="bbox 2047 5103 3651 5176; baseline -0.001 -16"><span class='ocrx_word' id='word_1_1109' title='bbox 2047 5106 2461 5176; x_wconf 85' lang='lat' dir='ltr'><strong>prehendendos</strong></span> <span class='ocrx_word' id='word_1_1110' title='bbox 2481 5121 2540 5160; x_wconf 89' lang='lat' dir='ltr'><strong>se</strong></span> <span class='ocrx_word' id='word_1_1111' title='bbox 2570 5103 2919 5176; x_wconf 81' lang='lat' dir='ltr'><strong>exterius__vel</strong></span> <span class='ocrx_word' id='word_1_1112' title='bbox 2952 5103 3167 5173; x_wconf 90' lang='lat' dir='ltr'><strong>iniquos</strong></span> <span class='ocrx_word' id='word_1_1113' title='bbox 3186 5120 3244 5176; x_wconf 79' lang='lat' dir='ltr'><strong>se</strong></span> <span class='ocrx_word' id='word_1_1114' title='bbox 3278 5104 3502 5176; x_wconf 86' lang='lat' dir='ltr'><strong>interius</strong></span> <span class='ocrx_word' id='word_1_1115' title='bbox 3560 5105 3651 5159; x_wconf 81' lang='lat' dir='ltr'><strong>vi-</strong></span> 
     </span>
    </p>
   </div>
   <div class='ocr_carea' id='block_1_146' title="bbox 2046 5173 3651 5245">
    <p class='ocr_par' dir='ltr' id='par_1_146' title="bbox 2046 5173 3651 5245">
     <span class='ocr_line' id='line_1_155' title="bbox 2046 5173 3651 5245; baseline 0.001 -15"><span class='ocrx_word' id='word_1_1116' title='bbox 2046 5173 2162 5230; x_wconf 80' lang='lat' dir='ltr'><strong>deri</strong></span> <span class='ocrx_word' id='word_1_1117' title='bbox 2184 5176 2530 5230; x_wconf 88' lang='lat' dir='ltr'><strong>invisibiliter</strong></span> <span class='ocrx_word' id='word_1_1118' title='bbox 2559 5176 2771 5228; x_wconf 85' lang='lat' dir='ltr'><strong>timent.</strong></span> <span class='ocrx_word' id='word_1_1119' title='bbox 2798 5173 2937 5245; x_wconf 78' lang='lat' dir='ltr'><strong>Hinc</strong></span> <span class='ocrx_word' id='word_1_1120' title='bbox 2952 5182 3031 5245; x_wconf 87' lang='lat' dir='ltr'><strong>est</strong></span> <span class='ocrx_word' id='word_1_1121' title='bbox 3062 5174 3207 5244; x_wconf 90' lang='lat' dir='ltr'><strong>quod</strong></span> <span class='ocrx_word' id='word_1_1122' title='bbox 3238 5174 3493 5229; x_wconf 88' lang='lat' dir='ltr'><strong>animalia</strong></span> <span class='ocrx_word' id='word_1_1123' title='bbox 3524 5192 3651 5245; x_wconf 65' lang='lat' dir='ltr'><strong>qum</strong></span> 
     </span>
    </p>
   </div>
   <div class='ocr_carea' id='block_1_147' title="bbox 2046 5243 3652 5317">
    <p class='ocr_par' dir='ltr' id='par_1_147' title="bbox 2046 5243 3652 5317">
     <span class='ocr_line' id='line_1_156' title="bbox 2046 5243 3652 5317; baseline 0 -17"><span class='ocrx_word' id='word_1_1124' title='bbox 2046 5263 2145 5317; x_wconf 86' lang='lat' dir='ltr'><strong>per</strong></span> <span class='ocrx_word' id='word_1_1125' title='bbox 2191 5248 2455 5302; x_wconf 86' lang='lat' dir='ltr'><strong>Joannem</strong></span> <span class='ocrx_word' id='word_1_1126' title='bbox 2514 5244 2781 5309; x_wconf 87' lang='lat' dir='ltr'><strong>videntur,</strong></span> <span class='ocrx_word' id='word_1_1127' title='bbox 2814 5243 2903 5317; x_wconf 76' lang='lat' dir='ltr'><strong>in</strong></span> <span class='ocrx_word' id='word_1_1128' title='bbox 2937 5243 3165 5317; x_wconf 80' lang='lat' dir='ltr'><strong>circuitu</strong></span> <span class='ocrx_word' id='word_1_1129' title='bbox 3209 5253 3262 5298; x_wconf 90' lang='lat' dir='ltr'><strong>et</strong></span> <span class='ocrx_word' id='word_1_1130' title='bbox 3309 5245 3450 5317; x_wconf 89' lang='lat' dir='ltr'><strong>intus</strong></span> <span class='ocrx_word' id='word_1_1131' title='bbox 3491 5243 3652 5314; x_wconf 85' lang='lat' dir='ltr'><strong>plena</strong></span> 
     </span>
    </p>
   </div>
   <div class='ocr_carea' id='block_1_148' title="bbox 2045 5313 3650 5382">
    <p class='ocr_par' dir='ltr' id='par_1_148' title="bbox 2045 5313 3650 5382">
     <span class='ocr_line' id='line_1_157' title="bbox 2045 5313 3650 5382; baseline -0.002 -8"><span class='ocrx_word' id='word_1_1132' title='bbox 2045 5313 2218 5374; x_wconf 74' lang='lat' dir='ltr'><strong>oculis</strong></span> <span class='ocrx_word' id='word_1_1133' title='bbox 2246 5334 2366 5373; x_wconf 87' lang='lat' dir='ltr'><strong>esse</strong></span> <span class='ocrx_word' id='word_1_1134' title='bbox 2387 5324 2777 5371; x_wconf 84' lang='lat' dir='ltr'><strong>memorantur.</strong></span> <span class='ocrx_word' id='word_1_1135' title='bbox 2803 5313 3058 5382; x_wconf 87' lang='lat' dir='ltr'><strong>Quisquis</strong></span> <span class='ocrx_word' id='word_1_1136' title='bbox 3080 5314 3226 5367; x_wconf 89' lang='lat' dir='ltr'><strong>enim</strong></span> <span class='ocrx_word' id='word_1_1137' title='bbox 3259 5316 3529 5369; x_wconf 82' lang='lat' dir='ltr'><strong>exteriora</strong></span> <span class='ocrx_word' id='word_1_1138' title='bbox 3550 5333 3650 5371; x_wconf 89' lang='lat' dir='ltr'><strong>sua</strong></span> 
     </span>
    </p>
   </div>
   <div class='ocr_carea' id='block_1_149' title="bbox 2046 5384 3650 5456">
    <p class='ocr_par' dir='ltr' id='par_1_149' title="bbox 2046 5384 3650 5456">
     <span class='ocr_line' id='line_1_158' title="bbox 2046 5384 3650 5456; baseline -0.002 -12"><span class='ocrx_word' id='word_1_1139' title='bbox 2046 5388 2273 5444; x_wconf 82' lang='lat' dir='ltr'><strong>honeste</strong></span> <span class='ocrx_word' id='word_1_1140' title='bbox 2321 5387 2580 5456; x_wconf 87' lang='lat' dir='ltr'><strong>disponit,</strong></span> <span class='ocrx_word' id='word_1_1141' title='bbox 2642 5384 2736 5438; x_wconf 90' lang='lat' dir='ltr'><strong>sed</strong></span> <span class='ocrx_word' id='word_1_1142' title='bbox 2768 5385 3023 5440; x_wconf 90' lang='lat' dir='ltr'><strong>interiora</strong></span> <span class='ocrx_word' id='word_1_1143' title='bbox 3053 5384 3306 5456; x_wconf 84' lang='lat' dir='ltr'><strong>negligit,</strong></span> <span class='ocrx_word' id='word_1_1144' title='bbox 3341 5386 3395 5438; x_wconf 92' lang='lat' dir='ltr'><strong>in</strong></span> <span class='ocrx_word' id='word_1_1145' title='bbox 3425 5387 3650 5441; x_wconf 87' lang='lat' dir='ltr'><strong>circuitu</strong></span> 
     </span>
    </p>
   </div>
   <div class='ocr_carea' id='block_1_150' title="bbox 2046 5456 3650 5524">
    <p class='ocr_par' dir='ltr' id='par_1_150' title="bbox 2046 5456 3650 5524">
     <span class='ocr_line' id='line_1_159' title="bbox 2046 5456 3650 5524; baseline -0.001 -9"><span class='ocrx_word' id='word_1_1146' title='bbox 2046 5461 2233 5515; x_wconf 83' lang='lat' dir='ltr'><strong>oculos</strong></span> <span class='ocrx_word' id='word_1_1147' title='bbox 2277 5458 2459 5524; x_wconf 88' lang='lat' dir='ltr'><strong>habet,</strong></span> <span class='ocrx_word' id='word_1_1148' title='bbox 2510 5456 2604 5511; x_wconf 88' lang='lat' dir='ltr'><strong>sed</strong></span> <span class='ocrx_word' id='word_1_1149' title='bbox 2655 5456 2797 5508; x_wconf 89' lang='lat' dir='ltr'><strong>intus</strong></span> <span class='ocrx_word' id='word_1_1150' title='bbox 2848 5470 2957 5509; x_wconf 90' lang='lat' dir='ltr'><strong>non</strong></span> <span class='ocrx_word' id='word_1_1151' title='bbox 3017 5456 3206 5510; x_wconf 87' lang='lat' dir='ltr'><strong>habet.</strong></span> <span class='ocrx_word' id='word_1_1152' title='bbox 3282 5456 3463 5511; x_wconf 82' lang='lat' dir='ltr'><strong>Sancti</strong></span> <span class='ocrx_word' id='word_1_1153' title='bbox 3520 5473 3650 5513; x_wconf 86' lang='lat' dir='ltr'><strong>vero</strong></span> 
     </span>
    </p>
   </div>
   <div class='ocr_carea' id='block_1_151' title="bbox 2046 5526 3646 5598">
    <p class='ocr_par' dir='ltr' id='par_1_151' title="bbox 2046 5526 3646 5598">
     <span class='ocr_line' id='line_1_160' title="bbox 2046 5526 3646 5598; baseline -0.002 -13"><span class='ocrx_word' id='word_1_1154' title='bbox 2046 5544 2257 5595; x_wconf 88' lang='lat' dir='ltr'><strong>omnes,</strong></span> <span class='ocrx_word' id='word_1_1155' title='bbox 2293 5529 2419 5598; x_wconf 88' lang='lat' dir='ltr'><strong>quia</strong></span> <span class='ocrx_word' id='word_1_1156' title='bbox 2468 5536 2522 5581; x_wconf 90' lang='lat' dir='ltr'><strong>et</strong></span> <span class='ocrx_word' id='word_1_1157' title='bbox 2582 5526 2852 5598; x_wconf 78' lang='lat' dir='ltr'><strong>exteriora</strong></span> <span class='ocrx_word' id='word_1_1158' title='bbox 2901 5543 2998 5580; x_wconf 88' lang='lat' dir='ltr'><strong>sua</strong></span> <span class='ocrx_word' id='word_1_1159' title='bbox 3075 5526 3530 5598; x_wconf 86' lang='lat' dir='ltr'><strong>circumspiciunt,</strong></span> <span class='ocrx_word' id='word_1_1160' title='bbox 3587 5536 3646 5582; x_wconf 89' lang='lat' dir='ltr'><strong>ut</strong></span> 
     </span>
    </p>
   </div>
   <div class='ocr_carea' id='block_1_152' title="bbox 2046 5596 3649 5666">
    <p class='ocr_par' dir='ltr' id='par_1_152' title="bbox 2046 5596 3649 5666">
     <span class='ocr_line' id='line_1_161' title="bbox 2046 5596 3649 5666; baseline -0.001 -12"><span class='ocrx_word' id='word_1_1161' title='bbox 2046 5599 2188 5655; x_wconf 80' lang='lat' dir='ltr'><strong>bona</strong></span> <span class='ocrx_word' id='word_1_1162' title='bbox 2218 5601 2286 5653; x_wconf 87' lang='lat' dir='ltr'><strong>de</strong></span> <span class='ocrx_word' id='word_1_1163' title='bbox 2313 5596 2374 5651; x_wconf 80' lang='lat' dir='ltr'><strong>se</strong></span> <span class='ocrx_word' id='word_1_1164' title='bbox 2405 5598 2658 5666; x_wconf 74' lang='lat' dir='ltr'><strong>exempla</strong></span> <span class='ocrx_word' id='word_1_1165' title='bbox 2694 5597 2944 5651; x_wconf 83' lang='lat' dir='ltr'><strong>tratribus</strong></span> <span class='ocrx_word' id='word_1_1166' title='bbox 2986 5596 3284 5666; x_wconf 73' lang='lat' dir='ltr'><strong>pmbeant,</strong></span> <span class='ocrx_word' id='word_1_1167' title='bbox 3316 5605 3368 5652; x_wconf 89' lang='lat' dir='ltr'><strong>et</strong></span> <span class='ocrx_word' id='word_1_1168' title='bbox 3395 5598 3649 5652; x_wconf 89' lang='lat' dir='ltr'><strong>interiora</strong></span> 
     </span>
    </p>
   </div>
   <div class='ocr_carea' id='block_1_153' title="bbox 2047 5666 3649 5739">
    <p class='ocr_par' dir='ltr' id='par_1_153' title="bbox 2047 5666 3649 5739">
     <span class='ocr_line' id='line_1_162' title="bbox 2047 5666 3649 5739; baseline 0 -15"><span class='ocrx_word' id='word_1_1169' title='bbox 2047 5686 2145 5725; x_wconf 80' lang='lat' dir='ltr'><strong>sua</strong></span> <span class='ocrx_word' id='word_1_1170' title='bbox 2196 5669 2488 5739; x_wconf 80' lang='lat' dir='ltr'><strong>vigilanter</strong></span> <span class='ocrx_word' id='word_1_1171' title='bbox 2540 5670 2837 5732; x_wconf 89' lang='lat' dir='ltr'><strong>attendunt,</strong></span> <span class='ocrx_word' id='word_1_1172' title='bbox 2886 5668 3010 5736; x_wconf 88' lang='lat' dir='ltr'><strong>quia</strong></span> <span class='ocrx_word' id='word_1_1173' title='bbox 3058 5683 3180 5722; x_wconf 89' lang='lat' dir='ltr'><strong>sese</strong></span> <span class='ocrx_word' id='word_1_1174' title='bbox 3230 5666 3649 5739; x_wconf 86' lang='lat' dir='ltr'><strong>irreprobabiles</strong></span> 
     </span>
    </p>
   </div>
   <div class='ocr_carea' id='block_1_154' title="bbox 2047 5738 3649 5809">
    <p class='ocr_par' dir='ltr' id='par_1_154' title="bbox 2047 5738 3649 5809">
     <span class='ocr_line' id='line_1_163' title="bbox 2047 5738 3649 5809; baseline 0 -15"><span class='ocrx_word' id='word_1_1175' title='bbox 2047 5740 2240 5795; x_wconf 88' lang='lat' dir='ltr'><strong>interni</strong></span> <span class='ocrx_word' id='word_1_1176' title='bbox 2266 5738 2467 5809; x_wconf 86' lang='lat' dir='ltr'><strong>judicis</strong></span> <span class='ocrx_word' id='word_1_1177' title='bbox 2496 5739 2774 5793; x_wconf 90' lang='lat' dir='ltr'><strong>obtutibus</strong></span> <span class='ocrx_word' id='word_1_1178' title='bbox 2804 5748 3020 5807; x_wconf 87' lang='lat' dir='ltr'><strong>parant,</strong></span> <span class='ocrx_word' id='word_1_1179' title='bbox 3053 5748 3104 5793; x_wconf 87' lang='lat' dir='ltr'><strong>et</strong></span> <span class='ocrx_word' id='word_1_1180' title='bbox 3135 5741 3190 5793; x_wconf 89' lang='lat' dir='ltr'><strong>in</strong></span> <span class='ocrx_word' id='word_1_1181' title='bbox 3220 5738 3445 5794; x_wconf 83' lang='lat' dir='ltr'><strong>circuitu</strong></span> <span class='ocrx_word' id='word_1_1182' title='bbox 3461 5738 3649 5795; x_wconf 88' lang='lat' dir='ltr'><strong>oculos</strong></span> 
     </span>
    </p>
   </div>
   <div class='ocr_carea' id='block_1_155' title="bbox 2045 5809 2861 5880">
    <p class='ocr_par' dir='ltr' id='par_1_155' title="bbox 2045 5809 2861 5880">
     <span class='ocr_line' id='line_1_164' title="bbox 2045 5809 2861 5880; baseline 0 -17"><span class='ocrx_word' id='word_1_1183' title='bbox 2045 5819 2101 5864; x_wconf 90' lang='lat' dir='ltr'><strong>et</strong></span> <span class='ocrx_word' id='word_1_1184' title='bbox 2120 5812 2265 5865; x_wconf 87' lang='lat' dir='ltr'><strong>intus</strong></span> <span class='ocrx_word' id='word_1_1185' title='bbox 2296 5809 2496 5865; x_wconf 84' lang='lat' dir='ltr'><strong>habere</strong></span> <span class='ocrx_word' id='word_1_1186' title='bbox 2526 5811 2861 5880; x_wconf 89' lang='lat' dir='ltr'><strong>perhibetur.</strong></span> 
     </span>
    </p>
   </div>
  </div>
