4110 6176
368 314 508 375 1409

1053 316 1310 374 ALULFI
1342 315 1719 373 EXPOSITIO
1749 316 1922 373 NOV]
1961 315 2158 373 TEST.
2202 345 2272 360 —-
2301 320 2463 376 SUP.
2502 321 3008 378 APOCALYPSIM.

3542 325 3679 380 1410

372 441 539 496 dulce
565 445 838 514 tanquam
863 437 1161 514 mel.L_iher
1180 439 1267 508 qui
1285 439 1652 514 comedituret
1670 439 1971 514 devoratur
2000 440 2053 499 Α
2084 441 2344 496 accedunt
2363 453 2631 500 arcentur.
2663 446 2824 499 Sacra
2845 446 3128 514 Scriptura
3150 447 3388 500 calamus
3412 462 3682 503 mensuras

375 513 548 566 dulcis
578 513 628 564 in
663 527 754 563 ore
788 513 923 562 sicut
955 511 1058 564 mel
1102 511 1271 564 fartus
1293 518 1388 575 est,
1446 511 1571 579 quia
1596 511 1694 577 ipsi
1720 513 1979 569 sriuntdc

371 583 746 652 omnipotente
776 582 1006 635 DtmlDO
1055 581 1295 634 suaviter
1348 582 1493 649 loqui
1553 581 1642 652 qui
1696 582 1983 641 didicerint

371 654 515 708 hunc
530 651 594 706 in
615 653 793 706 cordis
821 669 903 705 SUI
937 659 1146 705 secreto
1179 651 1442 705 veraciter
1471 651 1679 706 amare.
1749 653 1806 706 ln
1861 653 1980 721 ejus

375 725 577 795 quippe
607 739 700 778 ore
742 724 1018 795 Scriptura
1050 736 1203 795 sacra
1232 722 1410 775 dulcis
1439 731 1515 795 est
1548 723 1697 795 cujus
1727 723 1850 777 vitae
1880 728 1981 781 vis-

373 793 498 850 cera
529 795 800 848 mundatis
831 793 976 846 illius
1007 793 1308 861 replentur,
1331 793 1583 860 quoniam
1617 794 1665 846 ei
1697 795 1878 848 suavis
1897 807 1980 852 est

372 866 439 919 ad
474 864 806 935 loquendum
835 864 920 917 cui
949 863 1177 935 interius
1206 864 1472 935 impressa
1505 864 1666 917 fuerit
1698 865 1764 916 ad
1782 865 1977 922 viven-

377 937 530 990 dum.
551 933 700 990 ’Nam
733 950 919 989 sermo
949 934 1046 988 Dei
1081 933 1426 1006 dulcedinem
1457 935 1775 1006 nonihabet,
1809 954 1970 1006 quem

375 1008 483 1060 vita
515 1006 748 1076 reproba
781 1006 921 1058 intra
950 1005 1339 1076 conscientiam
1373 1005 1663 1076 remordet.
1699 1007 1850 1060 Unde
1873 1025 1974 1063 ne-

373 1093 526 1132 cesse
558 1075 634 1130 est
667 1087 720 1129 ut
751 1093 841 1146 qui
864 1075 1092 1130 verbum
1124 1075 1223 1128 Dei
1257 1075 1508 1144 loquitur,
1561 1075 1708 1142 prius
1762 1079 1976 1133 studeat

375 1148 518 1204 scire
549 1147 778 1218 qualiter
805 1147 970 1218 vivat,
1003 1154 1059 1199 ut
1088 1154 1210 1218 post
1238 1161 1307 1218 ex
1336 1147 1447 1200 vita
1476 1146 1715 1218 colligat
1746 1165 1868 1217 qua:
1924 1157 1977 1204 et

376 1217 609 1289 qualiter
647 1218 808 1289 dicat.
841 1217 924 1270 Ad
957 1217 1363 1289 praedicandum
1395 1232 1628 1286 namque
1672 1217 1792 1289 plus
1846 1234 1976 1274 con-

379 1285 602 1366 scientia
632 1288 802 1366 sancti
843 1285 1046 1341 amoris
1074 1285 1307 1366 aediﬁcat
1337 1303 1498 1366 quam
1527 1285 1844 1366 exercitatio
1866 1306 1978 1343 ser-

379 1360 574 1423 monis,
607 1359 860 1427 quoniam
892 1358 1131 1429 amando
1165 1357 1422 1429 caelestia
1437 1359 1574 1410 intra
1629 1359 1977 1429 semetipsum

377 1432 704 1500 praedicator
731 1429 874 1500 legit
892 1428 1167 1500 quomodo
1190 1427 1531 1500 persuadeat
1562 1435 1619 1480 ut
1647 1427 1851 1498 despici
1887 1431 1978 1486 de-

377 1497 546 1556 beant
581 1509 811 1554 terrena.
841 1497 948 1566 Qui
976 1499 1119 1552 enim
1151 1497 1316 1551 vitam
1349 1513 1503 1551 suam
1522 1497 1757 1570 interius
1769 1509 1976 1570 pensat,

378 1581 433 1627 et
465 1571 718 1638 exemplo
749 1586 846 1625 suo
879 1569 1010 1642 foris
1039 1570 1389 1642 admonendo
1403 1570 1538 1642 alios
1556 1568 1808 1642 aedificat,
1828 1574 1979 1642 quasi

375 1643 431 1698 in
463 1642 627 1719 corde
657 1641 858 1719 linguae
889 1641 1160 1719 calamum
1191 1639 1368 1719 tingit,
1402 1639 1555 1719 in_eo_
1609 1641 1784 1719 quod.
1818 1639 1979 1719 manu

376 1713 530 1768 verbi
593 1710 854 1781 proximis
902 1710 1396 1781 exteriusscribit.
1459 1711 1593 1764 lnde
1642 1711 1982 1767 admirabilis

2091 521 2191 586 est,
2226 515 2350 580 quia
2383 514 2432 566 itt
2460 532 2614 568 sacri)
2647 518 2744 569 Dei
2779 516 3016 585 eloquio,
3051 518 3194 586 quod
3253 518 3408 570 nobis
3461 517 3686 573 circum-

2089 583 2476 668 scriptutn‘est,
2506 590 2746 667 occultas
2771 583 2900 641 esse
2920 583 3344 668 dispensationes
3373 588 3686 668 ejusagno-

2092 655 2308 728 scimus.
2353 655 2487 728 Nam
2529 673 2622 726 per
2651 655 3196 727 incomprehensibile
3252 660 3371 728 ejus
3404 655 3684 728 judicium

2091 725 2144 776 in
2177 725 2493 780 collectione
2530 725 2813 781 hominum
2837 725 2845 727 ’
2872 729 3009 782 alios
3063 745 3095 782 a
3152 725 3296 782 suis'
3318 725 3686 784 iniduitatibus

2092 795 2296 863 educit,
2321 795 2456 851 alios
2476 798 2527 849 in
2547 799 2940 867 suainiquitate
2964 800 3283 868 derelinquit
3311 820 3323 864 ;
3384 795 3520 854 alter
3549 799 3686 854 intra

2092 882 2402 920 mensuram
2435 867 2724 922 electorum
2746 869 2989 934 mittitur,
3038 878 3091 923 et
3144 867 3276 924 alter
3330 870 3459 925 foris
3513 870 3684 925 relin-

2095 937 2294 1006 quitur,
2320 946 2373 990 ut
2406 937 2722 1011 nullontodo
2749 939 2814 991 ad
2846 939 3138 1011 electorum
3187 957 3472 1011 numerum
3527 941 3688 1011 perti-

2093 1023 2221 1080 nere
2244 1017 2533 1080 mereatur.
2559 1010 2763 1080 Sancto
2793 1009 2992 1078 quippe
3031 1010 3335 1080 Evangelio
3368 1020 3497 1066 teste
3528 1009 3685 1065 didi-

2094 1078 2269 1130 cimus
2288 1080 2434 1152 quod
2453 1078 2664 1152 cuidam
2691 1080 2922 1152 dicenti:
2941 1078 3221 1152 magister}
3247 1097 3448 1152 sequar
3471 1086 3525 1136 te
3545 1097 3685 1152 quo-

2093 1165 2312 1220 cunque
2326 1150 2480 1215 ieris,
2500 1149 2744 1217 ejusdem
2768 1150 3012 1218 magistri
3036 1166 3166 1204 voce
3200 1149 3518 1220 responsum
3555 1149 3645 1206 est
3671 1168 3685 1208 :

2107 1217 2312 1287 Vulpes
2327 1222 2513 1288 foveas
2542 1221 2837 1286 ltabent,et
2864 1217 3128 1275 ’volucres
3141 1223 3265 1275 cwli
3286 1217 3444 1277 nidos
3468 1248 3484 1279 :
3512 1222 3688 1278 Filius

2093 1288 2550 1361 autemrhominis
2574 1307 2686 1361 non
2707 1289 2872 1361 habet
2894 1291 2988 1345 ubi
3005 1297 3174 1361 caput
3191 1292 3428 1347 reclinet
3453 1293 3683 1358 (Matth.

2094 1359 2476 1429 Vin,19).Aliis
2495 1360 2691 1414 dicenti
2715 1360 2946 1415 Domine
2958 1359 3229 1430 permitte
3246 1364 3592 1428 meprimum
3605 1365 3690 1419 ire

2095 1434 2148 1484 et
2166 1430 2404 1499 sepelire
2414 1435 2636 1504 patrem
2654 1446 2841 1486 meum
2865 1455 2878 1498 ;
2900 1432 3140 1504 ejusdem
3162 1432 3407 1504 Magistri
3432 1448 3561 1488 voce
3585 1449 3692 1488 res-

2093 1515 2320 1568 ponsum
2345 1509 2453 1554 est:
2481 1503 2612 1556 Sine
2630 1505 2692 1555 ut
2716 1501 3214 1572 mortuisepeliant
3240 1501 3490 1558 mortuos
3525 1519 3690 1566 suos:

2097 1574 2160 1643 tu
2176 1575 2368 1625 autem
2388 1587 2613 1643 sequere
2626 1588 2733 1639 me,
2758 1577 2811 1626 et
2825 1575 3113 1626 aununtia
3134 1589 3370 1643 regnum
3395 1574 3688 1643 Deig(lbid.

2095 1641 2206 1712 21).
2235 1643 2368 1695 Ecce
2387 1642 2522 1695 alius
2539 1654 2843 1696 secuturum
2858 1659 2915 1695 se
2940 1641 3215 1711 promittit,
3267 1653 3319 1697 et
3361 1641 3643 1712 repellitur
3673 1662 3688 1707 ;

2093 1710 2232 1764 alius
2262 1712 2614 1765 relaxandum
2647 1729 2706 1766 se
2747 1710 3002 1778 postulat,
3031 1721 3084 1766 et
3113 1712 3395 1768 retinetur.
3422 1710 3532 1767 'llle
3579 1729 3692 1769 non

379 1780 730 1854 praedicator,
762 1798 883 1854 cum
919 1781 1086 1834 multa
1115 1780 1398 1854 discipulis
1428 1782 1762 1854 exhortando
1823 1783 1978 1846 dixit,
2011 1789 2066 1849 Β
2099 1783 2411 1854 suscipitur,
2438 1784 2535 1836 iste
2561 1800 2661 1837 nec
2690 1780 2761 1837 ad
2790 1784 2935 1838 horae
2967 1793 3300 1837 momentum
3332 1785 3401 1838 ab
3430 1785 3692 1854 obsequio

378 1851 506 1925 quia
537 1854 737 1906 nullam
770 1853 910 1925 intra
940 1852 1287 1925 semetipsum
1321 1852 1389 1925 de
1419 1851 1748 1925 cqnscientia
1777 1862 1986 1908 contra-

377 1920 622 1979 rietatem
643 1922 1090 1992 pertulitsecutus
1110 1921 1392 1989 adjunxit:
1449 1920 1514 1976 Si
1548 1939 1656 1992 qua
1695 1924 1896 1991 virtus,
1936 1927 1986 1980 si

381 2013 489 2068 qua
508 1996 635 2049 laus
648 1995 1113 2068 disciplin/1:,th
1125 1995 1525 2068 cogitate,quze_
1539 2001 1593 2046 et
1612 1996 1669 2068 et
1684 1993 1983 2068 didicistis,

369 2063 439 2122 et
480 2063 805 2136 accepistis,
840 2069 895 2118 et
939 2063 1286 2136 audistis,_et
1333 2065 1573 2136 vidistis
1612 2064 1671 2116 in
1719 2081 1831 2119 me:
1871 2066 1985 2120 haec

381 2139 535 2208 agite
555 2157 572 2191 :
589 2133 643 2191 et
670 2136 812 2189 Deus
827 2136 984 2206 pacis
997 2135 1108 2188 erit
1128 2133 1408 2189 vobiscum
1429 2134 1593 2202 (Phil.
1611 2150 1682 2198 tv,
1717 2138 1770 2199 8,
1801 2136 1876 2202 9).

378 2227 507 2278 Car.
528 2226 724 2276 XXXV.
753 2251 816 2262 -
843 2225 1050 2275 Etcum
1122 2223 1448 2275 devorassem
1488 2224 1688 2287 librum,
1735 2226 1990 2277 omarica-

695 2297 772 2342 tus
797 2299 875 2342 est
895 2301 1073 2342 venter
1105 2305 1239 2342 meus
1270 2295 1449 2353 (Apoc.
1474 2304 1529 2352 ι,
1556 2292 1652 2349 10).

453 2375 600 2441 (Lib.
627 2391 664 2438 ι,
689 2375 744 2427 in
774 2376 1003 2437 Ezech.,
1025 2374 1218 2428 homil.
1261 2375 1346 2435 10,
1372 2391 1426 2428 n.
1452 2377 1527 2441 6).
1580 2374 1637 2426 ln
1668 2389 1819 2428 sacro
1866 2374 1987 2430 elo-

455 2447 508 2500 io
537 2460 920 2513 nonnunquam
953 2452 1148 2499 venter
1176 2459 1275 2513 pro
1307 2452 1484 2498 mente
1514 2444 1641 2512 poni
1673 2448 1978 2500 consuevit.

455 2463 508 2500 to
537 2463 920 2513 nonnunquam
953 2463 1148 2499 venter
1176 2463 1275 2513 pro
1307 2463 1484 2498 mente
1514 2463 1641 2512 pom
1673 2463 1978 2500 consuevu.

379 2463 542 2573 (ainde
562 2517 825 2570 Jeremias
847 2517 1008 2570 dicit:
1049 2514 1314 2570 Ventrem
1355 2531 1543 2570 meum
1562 2515 1717 2570 doleo
1748 2517 1979 2578 (.lerem.

383 2603 458 2651 tv,
498 2589 608 2653 19).
636 2587 889 2642 Ventrem
921 2586 1126 2655 quippe
1150 2586 1321 2640 doluit
1342 2585 1433 2656 qui
1491 2585 1686 2639 mentis
1736 2585 1987 2641 aﬁlictio-

383 2674 508 2712 nem
532 2657 718 2711 sensit.
743 2657 881 2712 Hinc
911 2656 1070 2710 etiam
1093 2657 1299 2710 Veritas
1326 2657 1429 2709 ait:
1462 2656 1567 2724 Qui
1579 2656 1759 2711 credit
1778 2659 1836 2710 in
1876 2675 1983 2720 me.

367 2729 622 2798 flumina
637 2728 702 2782 de
719 2731 915 2782 ventre
930 2729 1051 2796 ejus
1060 2729 1243 2798 [luent
1261 2743 1421 2798 aquae
1437 2730 1570 2781 vivae
1582 2725 1986 2798 (Joan.vu,38).

388 2797 530 2866 Quia
560 2799 702 2852 enim
735 2798 803 2852 de
836 2795 1017 2852 mente
1048 2795 1522 2852 ﬁdelium'sanctm
1577 2795 1992 2866 praedicationes

386 2868 652 2933 defluunt,
687 2870 842 2939 quasi
872 2869 943 2923 de
979 2876 1166 2924 ventre
1195 2867 1531 2922 credentium
1563 2883 1719 2937 aqua;
1748 2869 1993 2924 vivaeﬂu-

385 2941 533 2993 mina
563 2939 878 2993 decurrunt.
919 2939 1026 2994 Sed
1056 2940 1407 3008 quaerendum
1439 2947 1536 3000 est,
1570 2955 1695 2992 cum
1741 2941 1990 3009 superius

387 3011 458 3065 de
479 3010 618 3064 libro
641 3025 798 3079 quem
817 3018 1101 3078 acceperat
1121 3010 1382 3079 scriptum
1406 3010 1474 3062 sit
1498 3026 1510 3069 ;
1540 3011 1607 3063 Et
1625 3014 1756 3064 erat
1795 3013 1854 3065 in
1898 3027 1991 3067 ore

383 3097 505 3136 meo
523 3078 682 3152 dulce
703 3085 975 3152 tanquam
989 3081 1242 3149 mel,qua
1261 3078 1474 3152 ratione
1504 3081 1847 3152 postmodum
1903 3082 1990 3134 di-

385 3151 650 3208 citurzEt
689 3150 827 3206 cum
853 3151 1200 3206 decorassem
1253 3150 1478 3214 librum,
1521 3151 1868 3207 amaricatus
1903 3156 1990 3206 est

387 3227 585 3278 venter
622 3237 780 3276 meus
804 3221 834 3274 ?
875 3222 1065 3275 Mirum
1113 3221 1311 3290 quippe
1368 3229 1447 3274 est
1477 3221 1630 3274 valde
1661 3237 1720 3274 se
1760 3223 1990 3277 dulcedo

392 3293 555 3347 simul
587 3293 914 3348 conveniant
943 3303 991 3346 et
1020 3291 1354 3348 amaritudo.
1415 3291 1522 3347 Sed
1579 3291 1856 3346 sciendum
1915 3300 1994 3346 est

389 3364 514 3434 quia
545 3363 632 3418 cui
662 3363 970 3434 sermoDei
1002 3362 1055 3416 in
1093 3378 1185 3417 ore
1207 3362 1393 3434 cordis
1422 3361 1594 3416 dulcis
1610 3377 1726 3434 esse
1744 3363 1989 3431 cmperit,

393 3432 555 3503 hujus
582 3433 942 3504 proculdubio
973 3441 1156 3504 contra
1186 3432 1538 3504 semetipsum
1597 3433 1779 3504 anima
1833 3448 1990 3487 ama-

394 3505 582 3560 rescit.
614 3503 804 3572 Quode
835 3505 908 3557 im
941 3504 995 3556 in
1025 3503 1118 3557 illo
1175 3503 1440 3556 subtiliter
1493 3503 1652 3556 discit
1682 3504 1911 3572 qualiter
1939 3520 1996 3559 se

384 3575 782 3647 reprehendere
812 3575 1030 3647 debeat.
1064 3589 1132 3647 eo
1162 3589 1226 3628 se
1248 3573 1432 3627 durius
1462 3589 1559 3647 per
1574 3573 1992 3647 amaritudinem

385 3642 722 3717 ptianitentia:
751 3646 998 3716 castigat,
1032 3645 1156 3717 quia
1180 3652 1332 3717 tanto
1351 3643 1539 3717 magis
1563 3642 1664 3717 sibi
1715 3644 1992 3717 displicet,

390 3713 592 3786 quanto
615 3717 848 3786 amplius
878 3713 932 3769 in
954 3713 1110 3771 sacro
1140 3714 1280 3768 libro
1335 3713 1404 3768 de
1456 3713 1831 3782 omnipotente
1879 3714 1994 3768 Deo

391 3787 544 3843 videt
572 3787 714 3856 quod
745 3795 918 3841 amet.

384 3897 516 3944 CAP.
560 3894 777 3945 XXXVI.
821 3923 881 3933 —
907 3896 977 3944 Et
1009 3892 1151 3943 dixit
1198 3891 1333 3943 mihi
1373 3893 1584 3954 angelus
1621 3909 1637 3942 :
1711 3894 1914 3955 Oportet
1954 3895 2001 3942 te

455 3961 636 4010 iterum
657 3961 959 4022 prophetare
977 3961 1203 4024 populis,
1230 3966 1281 4011 et
1315 3961 1570 4022 gentibus,
1603 3967 1654 4010 et
1693 3960 1904 4023 linguis,
1953 3966 2004 4010 et

455 4027 668 4090 regibus
689 4027 866 4077 multis
885 4032 1060 4090 (Apoc.
1085 4039 1137 4088 ι,
1173 4029 1275 4087 H).

467 4135 608 4204 (Lib.
629 4152 666 4188 ι.
691 4135 745 4190 in
767 4135 1213 4201 Ezerh.,homil.
1241 4137 1325 4199 10,
1351 4154 1412 4191 n.
1439 4139 1517 4205 3.)
1548 4138 1606 4190 In
1636 4137 1818 4192 verbis
1859 4135 2000 4192 sacri

393 4205 598 4276 eloquii
629 4206 730 4260 iste
760 4206 923 4260 debet
961 4207 1124 4261 studii
1158 4206 1326 4261 nostri
1354 4208 1493 4263 ordo
1527 4209 1756 4274 servari,
1807 4216 1865 4261 ut
1889 4209 2004 4262 haec

395 4277 524 4332 ideo
562 4292 959 4349 cognoscamus
1020 4285 1306 4346 quatenus,
1355 4279 1423 4332 de
1479 4278 1762 4348 iniquitate
1821 4286 2004 4333 nostra

396 4349 731 4418 compuncti,
763 4355 1153 4418 cognoscentes
1171 4349 1310 4401 mala
1341 4365 1461 4417 quae
1496 4350 1744 4416 fecimus,
1772 4350 2002 4404 vitemus

398 4433 468 4472 ne
502 4417 603 4474 alia
634 4417 918 4473 faciamus.
956 4419 1021 4471 Et
1045 4434 1166 4472 cum
1182 4420 1297 4485 jam
1327 4435 1394 4472 ex
1424 4435 1622 4489 magno
1674 4437 1772 4474 usu
1822 4419 2000 4488 lacry-

395 4505 604 4543 marum
637 4490 705 4544 de
735 4498 1076 4559 peccatorum
1109 4489 1429 4544 remissione
1460 4489 1684 4558 cmperit
1705 4505 1820 4545 esse
1851 4489 1999 4544 ﬁdu-

393 4559 502 4626 cia,
525 4576 626 4628 per
650 4561 814 4614 verba
837 4559 932 4613 Dei
951 4575 1071 4631 quae
1092 4559 1451 4630 intelligimus
1482 4561 1551 4631 ad
1582 4562 1746 4614 vitam
1786 4576 2002 4631 quoque

395 4639 448 4712 et
478 4631 614 4712 alips
644 4629 1075 4712 traha-mussAd‘
1095 4631 1197 4710 hoc
1226 4629 1372 4684 enim
1404 4630 1762 4712 intelligenda
1787 4629 2005 4712 suntaut

395 4708 453 4756 et
482 4701 639 4755 nobis
670 4701 892 4770 prosint,
923 4708 974 4754 et
1005 4700 1305 4755 intentione
1335 4700 1604 4770 spirituali
1634 4702 1760 4756 aliis
1809 4701 2003 4757 confe-

399 4779 602 4826 rantur.
639 4773 791 4827 Unde
825 4772 964 4842 bene
1013 4781 1303 4840 postquam
1361 4771 1590 4842 angelus
1647 4772 1789 4826 dixit
1846 4772 2004 4826 beato

398 4842 628 4897 Joanni:
655 4840 1100 4912 Accipelibrum,
1120 4846 1176 4897 et
1192 4842 1395 4897 devora
1428 4840 1632 4902 illum;
1676 4843 1838 4912 paulo
1886 4850 2008 4912 post

398 4911 661 4984 subdidit:
699 4911 928 4984 OpOrtet
947 4915 1001 4965 te
1017 4913 1352 4982 prophetare
1369 4913 1615 4984 papulis.
1643 4911 1700 4968 et
1725 4911 2004 4984 gentibus,

399 4986 457 5038 et
472 4983 706 5052 linguis,
721 4988 776 5037 et
793 4982 1013 5052 regibus
1059 4985 1276 5038 multis.
1324 4982 1398 5037 Ac
1419 4982 1460 5037 si
1495 4985 1546 5038 ei
1577 4984 1644 5037 de
1674 4982 1833 5038 sacro
1886 4983 2008 5039 cibo

401 5052 972 5108 diceretur:Comede
1003 5059 1055 5105 et
1085 5067 1272 5121 pasce,
1323 5054 1530 5108 satiare
1583 5063 1634 5108 et
1682 5063 1882 5118 eructa,
1931 5070 2012 5109 ac-

404 5123 529 5193 cipe
557 5132 610 5177 et
637 5139 853 5194 sparge,
885 5122 1192 5177 confortare
1221 5132 1274 5177 et
1303 5123 1504 5179 robora
1537 5123 1718 5196 [Text
1775 5123 2008 5196 labora].

405 5228 530 5280 CAP.
558 5230 898 5280 XXXVII.—
942 5228 1004 5279 Et
1059 5231 1208 5280 datus
1252 5237 1329 5280 est
1384 5231 1519 5280 mihi
1573 5233 1788 5282 calamus
1835 5231 2016 5284 similis

474 5297 659 5359 uirgae,
688 5292 1068 5360 dicens:Surge
1091 5301 1139 5346 et
1177 5302 1359 5346 metire
1412 5300 1640 5360 templum
1687 5299 1779 5347 Dei
1824 5303 1872 5347 et
1925 5299 2011 5347 al-

475 5366 609 5420 tare,
643 5367 692 5412 et
711 5368 978 5414 adorantes
1004 5363 1054 5412 in
1078 5375 1133 5412 eo
1180 5378 1196 5410 :
1242 5366 1425 5414 atrium
1467 5376 1660 5420 autem,
1711 5366 1842 5426 quod
1886 5365 2016 5426 foris

477 5430 708 5490 templum
732 5434 823 5491 est,
849 5431 982 5493 ejtce
1001 5429 1179 5493 foras:
1207 5440 1254 5478 et
1279 5445 1339 5480 ne
1349 5430 1586 5481 metiaris
1601 5431 1754 5492 illud,
1776 5433 2018 5493 quoniam

475 5493 650 5546 datum
675 5500 754 5546 est
775 5495 1006 5558 gentibus
1031 5498 1204 5560 (Apoc.
1236 5507 1311 5551 iu,
1343 5498 1388 5554 1,
1417 5497 1496 5558 2).

481 5594 624 5668 (μβ.
645 5611 703 5668 tt,
729 5594 780 5648 in
808 5595 1009 5650 Ezech.
1028 5636 1041 5661 ,
1065 5596 1253 5652 homil.
1279 5599 1403 5660 l,n.
1437 5598 1679 5664 1b,13,et
1699 5598 1752 5652 in
1769 5596 2008 5668 exposit.

411 5665 472 5720 B.
494 5665 618 5731 Job,
643 5665 736 5719 lib.
759 5682 951 5725 xxvtu.
992 5683 1049 5720 n.
1093 5670 1181 5731 15,
1225 5670 1336 5733 t6.)
1370 5670 1427 5721 In
1460 5684 1618 5723 carne
1653 5665 1918 5724 Dominus
1949 5668 2020 5722 ad

412 5736 711 5809 Ecclesium
736 5737 983 5809 veniens,
1012 5753 1290 5792 mensuras
1315 5737 1494 5794 eidem
1514 5740 1774 5795 Ecclesiae
1821 5738 2017 5809 posuit,

415 5812 472 5880 et
499 5805 634 5880 fines
653 5807 899 5880 ejusdem
930 5809 1195 5880 Ecclesiae
1225 5809 1420 5864 occulti
1472 5810 1667 5880 judicii
1725 5805 2022 5865 subtilitate

409 5877 696 5941 distinxit;
727 5877 870 5934 intra
899 5893 1034 5950 quos
1073 5877 1170 5935 alii
1229 5879 1405 5937 vocati
1464 5877 1759 5938 ietinentur
1813 5881 1906 5936 alii
1958 5893 2027 5934 ne

2098 1853 2404 1925 relaxatur.
2433 1853 2814 1907 Praedicatores
2844 1854 3331 1925 quoquegscientia,
3365 1861 3548 1925 gente,
3571 1853 3691 1924 spi-

2095 1923 2218 1985 ritu,
2254 1924 2307 1975 in
2340 1924 2474 1976 alias
2507 1932 2690 1992 partes
2722 1925 2906 1977 mundi
2937 1923 3294 1988 vocabantur,
3329 1923 3386 1978 ut
3414 1923 3690 1988 irentﬁab

2094 1993 2215 2048 aliis
2243 1994 2492 2062 partibus
2519 1994 2860 2057 arcebantur,
2886 2010 2953 2048 ne
2968 1995 3306 2050 accederent.
3331 1997 3529 2051 Paulus
3549 2012 3696 2050 nam-

2095 2081 2198 2133 que
2218 2064 2492 2138 apostolus
2507 2081 2628 2138 cum
2652 2065 2980 2138 Macedonia;
3014 2065 3313 2138 praedicare
3370 2067 3692 2138 negligeret,

2097 2150 2192 2205 per
2213 2135 2379 2188 visum
2399 2136 2644 2201 apparuit
2665 2135 2739 2187 illi
2763 2137 2843 2188 vir
2859 2136 3103 2200 Macedo,
3128 2137 3215 2205 qui
3249 2135 3485 2191 dicerei:
3525 2135 3696 2192 Tran-

2096 2204 2248 2260 siens
2278 2209 2341 2259 in
2389 2207 2784 2271 Macedoniam,
2817 2205 3024 2276 ajduua
3068 2204 3186 2262 nos.
3215 2207 3291 2261 At
3320 2217 3510 2261 contra
3558 2210 3697 2263 sicut

2097 2277 2352 2344 scriptum
2375 2286 2455 2330 est
2488 2293 2501 2328 :
2532 2277 2848 2331 Tentabant
2867 2276 3105 2346 apostoli
3124 2280 3208 2331 ire
3221 2295 3323 2348 per
3345 2277 3690 2349 Bithyniam,

2097 2353 2292 2402 etnon
2323 2349 2579 2416 permisit
2613 2363 2702 2402 eos
2737 2349 2986 2416 Spiritus
3033 2349 3166 2402 Iesu
3215 2351 3366 2410 (Act.
3428 2364 3540 2413 XVI,
3602 2351 3684 2416 9).

2097 2419 2240 2488 Dum
2272 2433 2402 2488 ergo
2437 2417 2818 2486 praedicatores
2850 2418 3040 2480 sancti,
3072 2426 3401 2472 etvocantur
3428 2419 3496 2472 ad
3529 2419 3696 2474 Mace-

2095 2487 2352 2552 doniam,
2374 2488 2465 2540 ubi
2497 2488 2724 2542 fortasse
2759 2504 2979 2556 pergere
3009 2503 3117 2541 non
3161 2489 3488 2557 cogitabant,
3541 2500 3591 2542 et
3623 2489 3694 2543 ab

2097 2560 2216 2614 Asia
2244 2558 2618 2628 prohibentur,
2644 2558 2732 2611 ubi
2760 2574 2986 2628 pergere
3015 2558 3415 2626 desiderabant,
3449 2559 3548 2614 iste
3596 2575 3694 2614 oc-

2097 2630 2362 2684 cultarum
2395 2644 2764 2683 mensurarum
2795 2629 3034 2684 calamus
3063 2629 3173 2683 illic
3203 2630 3394 2684 ductus
3420 2638 3520 2696 est,
3572 2629 3697 2684 hinc

2097 2699 2368 2769 reductus.
2404 2699 2515 2752 Illic
2545 2700 2780 2754 tenditur
2821 2709 2877 2753 ut
2935 2701 3251 2754 Macedonia
3300 2701 3443 2754 intra
3497 2708 3697 2754 sanctas

2098 2771 2355 2824 Ecclesiae
2383 2770 2558 2840 spatia
2586 2770 2871 2840 colligatur
2894 2789 2908 2835 ;
2946 2771 3070 2825 hinc
3100 2771 3403 2834 attrahitur,
3463 2779 3519 2824 ut
3547 2779 3700 2824 extra

2098 2841 2232 2896 lines
2263 2840 2387 2894 fidei
2418 2840 2552 2912 Asia
2581 2842 2955 2912 relinquatur.
2982 2841 3146 2894 Erant
3175 2841 3534 2912 quippeitunc
3558 2842 3615 2893 in
3633 2855 3699 2894 ea

2099 2913 2192 2983 qui
2217 2911 2512 2983 colligendi
2543 2927 2648 2965 non
2666 2920 2838 2976 erant,
2873 2911 3068 2980 quibus
3095 2911 3242 2980 justa
3271 2911 3520 2983 meritum
3538 2925 3694 2964 suum

2137 2982 2366 3048 erditis,
2370 2984 2484 3051 jam
2515 2999 2658 3036 nunc
2688 2983 2809 3036 Asia
2830 2983 2966 3035 intra
2990 2997 3269 3036 mensuras
3291 2982 3554 3037 Ecclesiae
3579 2983 3697 3035 Deo

2123 3055 2362 3124 argiente
2380 3062 2626 3121 suscepta
2643 3061 2746 3107 est.
2769 3054 2911 3107 Intra
2933 3054 3027 3106 has
3059 3067 3191 3122 ergo
3219 3068 3522 3124 mensuras
3560 3059 3700 3124 sunt

2023 3137 2073 3199 ο
2103 3122 2298 3199 omnes
2309 3125 2499 3199 elacti,
2533 3132 2686 3177 extra
2717 3124 3032 3199 ltasomnes
3052 3122 3292 3199 reprobi,
3318 3123 3528 3199 etiamsi
3557 3122 3700 3176 intra

2103 3195 2226 3250 fidei
2287 3195 2511 3248 limitem
2570 3210 2688 3247 esse
2748 3194 3049 3248 videantur.
3111 3194 3265 3248 Unde
3318 3195 3453 3248 bene
3510 3200 3699 3246 sancto

2099 3265 2292 3321 Joanni
2315 3266 2510 3319 dicitur
2536 3283 2547 3318 :
2575 3265 2793 3335 Atrium
2827 3281 2954 3335 cum
2970 3263 3113 3335 [oris
3133 3264 3702 3335 templumestforas

2100 3338 2261 3408 ejice,
2285 3340 2340 3408 et
2372 3352 2444 3390 ne
2462 3334 2730 3408 metiaris
2771 3334 2940 3408 illud.
2987 3334 3129 3408 Quid
3159 3331 3302 3387 enim
3331 3333 3523 3408 atrium
3556 3331 3704 3386 aliud

2102 3403 2263 3476 quam
2289 3406 2622 3460 latitudinem
2645 3404 2926 3476 significat
2947 3405 3072 3458 vitae
3109 3403 3446 3476 praesentis?
3466 3405 3532 3458 Et
3559 3410 3705 3457 recte

2103 3474 2238 3532 foris
2259 3477 2526 3544 templum
2555 3484 2678 3528 sunt
2707 3474 2797 3544 qui
2818 3475 3174 3544 designantur
3198 3489 3296 3542 per
3315 3474 3526 3539 atrium,
3544 3481 3706 3542 atque

2099 3548 2225 3601 ideo
2248 3547 2503 3600 metiendi
2527 3561 2632 3600 non
2656 3555 2803 3610 sunt,
2832 3544 3087 3614 quoniam
3125 3548 3372 3614 angusta
3421 3548 3518 3615 est,
3539 3547 3706 3615 porta

2103 3634 2225 3689 quae
2239 3619 2405 3672 ducit
2419 3619 2494 3671 ad
2524 3618 2700 3689 vitam
2721 3613 2952 3689 (Matth._
2967 3631 3059 3677 vn,
3084 3617 3169 3682 14)
3193 3613 3215 3675 ;“
3236 3621 3289 3668 et
3316 3613 3562 3689 latidudo
3579 3613 3706 3689 vitai

2104 3682 2396 3757 pravorum
2421 3703 2530 3741 non
2557 3685 2858 3740 admittitur
2886 3686 2956 3739 ad
2990 3699 3265 3739 mensuras
3295 3693 3349 3740 et
3364 3685 3585 3756 regulas
3603 3682 3710 3740 ele—

2105 3765 2337 3812 ctorum.

2105 3885 2223 3935 CAP.
2253 3884 2528 3936 XXXVIII.
2556 3908 2620 3919 —
2644 3884 2714 3933 Et
2733 3891 2966 3944 apertum
3012 3884 3088 3932 est
3118 3883 3358 3945 templum
3407 3883 3612 3934 Domini
3655 3883 3709 3937 in

2172 3953 2290 4003 mlo
2309 3971 2332 4011 ;
2355 3955 2404 4002 et
2421 3954 2528 4002 visa
2552 3958 2627 4000 est
2650 3962 2769 4000 arca
2795 3949 3077 3998 testamenti
3102 3949 3209 4010 ejus
3232 3951 3292 3998 in
3317 3951 3512 4014 tempto
3553 3949 3664 4010 ejus
3690 3965 3712 4004 :

2172 4030 2224 4070 et
2262 4021 2457 4078 signum
2505 4029 2729 4077 magnum
2774 4017 3025 4080 apparuit
3083 4017 3133 4063 in
3179 4016 3304 4064 caelo
3353 4035 3376 4076 ,-
3421 4021 3474 4066 et
3519 4017 3712 4067 mulier

2173 4087 2361 4136 amicta
2385 4085 2488 4136 sole
2511 4093 2561 4136 et
2588 4085 2710 4134 luna
2730 4082 2822 4133 sub
2870 4081 3085 4144 pedibus
3123 4083 3231 4143 ejus
3267 4082 3436 4143 (Apoc.
3461 4095 3534 4146 ιι,
3583 4083 3646 4133 19
3696 4097 3711 4146 ;

2173 4164 2264 4211 xu,
2292 4154 2357 4212 1).

2184 4254 2264 4316 (In
2294 4251 2531 4322 exposi't.
2571 4250 2629 4304 B.
2662 4249 2784 4322 Job,
2816 4248 2912 4304 lib.
2947 4265 3142 4316 xxxw,
3167 4250 3454 4322 num_._25.)
3489 4248 3547 4322 In
3578 4247 3714 4322 Scri-

2110 4334 2269 4396 ptura
2299 4318 2457 4378 sacra
2479 4321 2703 4396 cumsol
2735 4319 2968 4392 figurare
2987 4322 3234 4396 ponitur,
3259 4318 3556 4396 aliquando
3597 4321 3712 4375 Do-

2112 4389 2288 4469 minus
2318 4411 2420 4464 per
2442 4408 2568 4469 eum
2592 4389 2933 4469 designatur,
2956 4391 3094 4444 sicut
3114 4389 3391 4469 sapientia;
3412 4389 3550 4469 libro
3582 4406 3713 4469 per-

2032 4486 2084 4546 D
2113 4459 2334 4546 hibetur
2345 4464 2488 4544 quod
2518 4459 2958 4546 ompoesimpiiin
3000 4459 3226 4546 enxtremi
3271 4459 3460 4544 judicii
3497 4461 3715 4546 cognita

2114 4553 2209 4592 sua
2228 4531 2576 4589 damnatione
2599 4532 2789 4586 dicturi
2819 4542 2941 4586 sunt
2967 4550 2978 4584 :
3004 4531 3329 4586 Erravimus
3347 4549 3380 4586 a
3398 4533 3485 4586 via
3501 4531 3712 4586 verita-

2114 4610 2269 4670 tis,et
2303 4609 2495 4662 lumen
2521 4604 2757 4663 iustitiae
2771 4620 2886 4659 non
2913 4604 3066 4659 luxit
3103 4603 3373 4665 nobis;et
3394 4603 3476 4659 sol
3497 4618 3610 4659 non
3633 4618 3717 4656 or-

2115 4684 2208 4734 tus
2231 4690 2314 4733 est
2333 4677 2490 4744 nobis
2512 4676 2670 4744 (Sap.
2698 4690 2748 4740 v,
2770 4677 2844 4736 6).
2881 4678 2956 4729 Ac
2984 4675 3026 4727 si
3058 4680 3243 4743 aperte
3262 4674 3443 4728 dicant
3470 4691 3481 4735 ;
3517 4671 3716 4728 Interni

2114 4753 2275 4804 nobis
2307 4741 2520 4801 luminis
2549 4741 2730 4800 radius
2761 4761 2866 4799 non
2897 4741 3122 4800 refulsit.
3170 4744 3324 4799 Unde
3381 4752 3432 4797 et
3484 4759 3718 4811 joannes

2115 4820 2220 4874 ait:
2276 4820 2472 4874 Mulier
2500 4817 2714 4871 amicta
2743 4817 2878 4883 sole,
2913 4821 2968 4872 et
3011 4819 3149 4870 luna
3170 4815 3272 4870 sub
3303 4815 3534 4885 pedibus
3567 4817 3712 4885 ejus.

2116 4889 2181 4944 In
2210 4890 2324 4944 sole
2354 4889 2500 4944 enim
2531 4887 2820 4941 illustratio
2853 4886 3114 4949 veritatis,
3150 4886 3202 4937 in
3237 4885 3359 4938 luna
3407 4897 3558 4950 vero,
3592 4899 3715 4953 quas

2117 4961 2403 5039 menstruis
2430 4957 2863 5039 supplettogibus
2925 4955 3121 5039 delicit.
3147 4953 3474 5039 m‘utabilitas
3516 4962 3718 5034 tempo-

2119 5031 2344 5086 ralitatis
2375 5024 2662 5100 accipitur.
2703 5028 2899 5100 Sancta
2929 5035 3109 5100 autem
3169 5024 3432 5100 Ecclesia,
3462 5024 3591 5100 quia
3619 5041 3716 5100 su-

2121 5101 2274 5170 perni
2306 5095 2522 5154 luminis
2548 5098 2836 5167 splendore
2866 5095 3188 5170 protegitur,
3221 5095 3372 5170 quasi
3398 5095 3512 5170 sole
3541 5095 3716 5170 vesti-

2119 5165 2226 5238 tur,
2248 5173 2374 5241 quia
2406 5187 2533 5225 vero
2563 5165 2756 5223 cuncta
2788 5165 3102 5238 temporalia
3133 5165 3380 5236 despicit,
3414 5166 3598 5220 lunam
3614 5166 3716 5220 sub

2120 5242 2352 5313 pedibus
2382 5241 2601 5312 premit.

2124 5365 2250 5418 CAP.
2280 5366 2500 5418 XXXIX.
2530 5391 2590 5400 —
2620 5363 2681 5412 Et
2708 5363 2872 5412 visum
2921 5362 2998 5410 est
3045 5360 3189 5411 aliud
3237 5363 3443 5426 signum
3485 5363 3540 5413 in
3577 5367 3715 5428 ceto,

2191 5440 2242 5484 et
2261 5446 2368 5485 ecce
2392 5434 2540 5482 draco
2592 5441 2822 5491 magnus,
2858 5429 3040 5498 rufus,
3073 5429 3264 5498 habens
3315 5429 3484 5498 capita
3511 5437 3718 5498 septem,

2192 5505 2241 5551 et
2256 5511 2444 5550 cornua
2463 5500 2641 5549 decem.
2668 5497 2722 5547 et
2767 5500 2820 5546 in
2860 5494 3114 5559 capitibus
3164 5497 3274 5545 suis
3320 5497 3516 5560 septem
3554 5494 3727 5551 diade-

2190 5575 2325 5616 mata
2349 5578 2365 5610 :
2391 5571 2438 5612 et
2466 5563 2634 5615 cauda
2657 5565 2764 5625 ejus
2810 5564 3036 5612 trahebat
3083 5562 3286 5612 tertiam
3323 5572 3519 5626 partem
3560 5568 3727 5618 stella.

2132 5651 2136 5654 ·
2191 5645 2301 5684 rum
2327 5630 2456 5689 casti,
2483 5638 2532 5681 et
2557 5633 2699 5682 misit
2717 5645 2805 5682 eas
2823 5633 2880 5679 in
2905 5636 3094 5680 terram
3115 5641 3280 5691 (ApOC.
3307 5645 3396 5693 vu,
3419 5633 3473 5691 3,
3503 5631 3576 5688 4).

2135 5799 2138 5802 ,
2200 5733 2282 5800 (In
2311 5731 2544 5804 exposit.
2576 5731 2633 5784 Β.
2669 5729 2919 5804 Job,_lib_.
2949 5745 3124 5804 prun.
3150 5746 3301 5804 num.
3344 5734 3411 5804 ἓξ
3457 5748 3472 5793 ;
3523 5730 3622 5804 lib.
3649 5749 3727 5804 tv,

2131 5800 2278 5858 num.
2317 5803 2380 5856 17
2413 5818 2429 5864 ;
2459 5801 2554 5857 lib.
2588 5817 2764 5867 χχχιι,
2797 5801 2850 5854 in
2879 5800 3002 5863 Job,
3038 5816 3184 5854 num.
3220 5803 3333 5858 25.)
3367 5801 3482 5858 Hoc
3503 5800 3729 5860 detinui-

2132 5872 2338 5931 christo
2367 5872 2466 5928 sub
2491 5872 2745 5930 draconis
2774 5872 2957 5945 specie
2986 5869 3203 5928 dicitur.
3235 5870 3445 5928 Coslum
3473 5872 3620 5956 enim
3648 5881 3737 5932 est
