4110 6176
502 242 640 302 1415

1396 240 1764 299 APPENDIX
1791 242 1883 298 AD
1910 242 1967 300 S.
1997 238 2337 303 GREGORII
2378 242 2613 302 OPERA
2653 244 2895 319 OMNIA.

3672 245 3815 306 {HG

503 373 724 447 satiatus
746 379 854 447 non
885 372 1122 447 reparat,
1152 365 1403 436 profecto
1434 367 1502 421 ab
1532 366 1626 420 illa
1650 366 1837 421 mtcrni
1869 368 2101 422 convivii
2130 373 2186 435 Α
2220 371 2345 424 CAP.
2378 372 2543 447 LVII.
2583 402 2652 411 -η
2683 373 2881 447 Beatus
2909 374 2965 427 et
2991 377 3231 447 sanctus
3255 374 3354 447 qui
3384 373 3546 430 habet
3585 379 3818 447 partem

498 435 803 492 refectione
826 435 1059 506 jejunat.

506 542 657 615 CAP._
672 543 805 598 LIV.
825 542 990 615 —Et
1020 543 1357 615 vidirctelum
1392 546 1649 615 apertum
1674 566 1691 598 .-
1713 547 1769 599 et
1787 559 1912 599 ecce
1931 559 2102 615 equus

577 613 761 678 albus,
792 618 848 669 et
877 614 975 685 qui
1002 614 1228 670 sedebat
1256 613 1571 686 supersum
1593 614 1901 669 vocabatur
1918 613 2100 686 ﬁdelis

580 688 635 740 et
667 700 862 741 rerum.
886 684 954 739 Et
977 687 1215 740 vestitus
1234 684 1358 740 erat
1383 691 1531 740 veste
1551 701 1778 756 aspersa
1799 684 2095 756 sanguine,

574 759 633 809 et
664 759 900 827 vocatur
929 772 1135 811 nomen
1164 758 1285 827 ejus
1315 757 1538 811 Verbum
1564 756 1678 811 Dei.
1712 757 1779 811 Et
1810 758 2098 812 exercitus

606 828 672 898 ui
700 829 838 880 sunt
867 826 930 880 in
960 828 1096 881 creto
1126 826 1510 898 sequebantur
1530 842 1661 882 eum
1691 829 1753 882 in
1783 829 1938 898 equis
1957 828 2099 883 albis

606 842 671 881 ut
700 842 838 880 sunt
867 842 930 880 tn
960 842 1096 881 creto
1126 843 1233 898 seq:

570 842 771 968 ἵΑροσ.
803 913 860 963 x,
895 899 983 963 tt,
1017 898 1233 968 seqq.).

575 1002 661 1069 (In
690 1001 928 1072 exposit.
968 1003 1031 1056 Β.
1071 1002 1190 1067 Job,
1223 1001 1319 1056 lib.
1352 1019 1505 1064 χχιιι,
1537 1019 1685 1056 num.
1719 1004 1831 1072 27.)
1863 1003 2096 1058 Multitu-

506 1072 689 1144 dinem
712 1079 1024 1128 sanctorum
1048 1090 1170 1144 quae
1190 1073 1244 1144 in
1268 1072 1373 1144 hoc
1384 1074 1631 1144 martyrii
1650 1073 1790 1128 bello
1810 1074 2099 1129 sudaverat

504 1142 802 1198 exercitum
836 1151 980 1198 recte
1009 1142 1182 1198 vocat.
1213 1142 1313 1212 Qui
1348 1142 1546 1199 idcirco
1578 1144 1632 1196 in
1662 1144 1813 1213 cquis
1841 1144 1982 1198 albis
2011 1160 2096 1199 se-

502 1213 633 1284 dere
664 1213 983 1279 referuntur,
1006 1213 1133 1282 quia
1154 1213 1407 1268 nimirum
1430 1229 1616 1269 eorum
1639 1229 1866 1284 corpora
1894 1223 1947 1268 et
1975 1214 2095 1271 luce

491 1283 740 1354 justitim,
774 1292 827 1338 et
875 1284 1214 1339 castimoniae
1262 1285 1498 1339 candore
1544 1285 1874 1339 claruerunt.
1913 1285 2095 1354 Equus

495 1355 699 1435 quippe
718 1363 800 1435 est
821 1354 1112 1435 unicuique
1134 1355 1328 1435 anima:
1356 1370 1751 1435 corpus_suum,
1772 1356 1918 1435 quod
1945 1357 2094 1411 vide-

493 1424 620 1480 licet
648 1426 802 1480 novit
829 1430 901 1479 ab
931 1424 1131 1478 illicitis
1162 1426 1507 1480 continentia:
1546 1424 1698 1480 freno
1743 1425 2089 1494 restringere,

494 1504 547 1551 et
576 1511 787 1550 rursum
830 1494 1104 1550 charitatis
1152 1494 1389 1565 impulsu
1434 1497 1491 1550 in
1528 1496 1913 1551 exercitatione
1944 1494 2089 1552 ‘boni

502 1567 686 1636 operis
706 1567 981 1621 relaxare.

490 1689 618 1744 CAP.
650 1689 758 1744 LV.
792 1718 861 1729 —
904 1690 973 1744 Et
1016 1687 1250 1744 habebat
1295 1690 1358 1744 in
1402 1690 1735 1744 vestimento
1782 1704 1883 1744 suo
1922 1694 1978 1744 et
2023 1696 2085 1744 in

557 1763 771 1829 femore
799 1763 1110 1831 scriptum:
1141 1761 1256 1815 Rea:
1287 1775 1498 1831 regum,
1527 1765 1584 1815 et
1607 1760 1878 1816 Dominus
1907 1757 2082 1817 domi-

554 1832 827 1887 nantium
859 1830 1044 1900 (Apoc.
1078 1846 1188 1895 xix,
1224 1831 1333 1901 16).

555 1938 701 2008 (Lib.
739 1954 779 1990 ιι
819 1936 876 1990 in
923 1937 1141 2008 Ezech_.,
1189 1936 1373 1991 homil.
1408 1940 1458 2004 1,
1489 1952 1545 1990 ιι.
1579 1938 1659 2008 2.)
1693 1936 2082 2008 Vestimentum

485 2006 701 2087 Domini
730 2008 886 2062 Iesus
915 2006 1110 2087 Christi
1141 2014 1221 2087 est
1248 2022 1443 2087 corpus
1464 2006 1611 2087 quod
1632 2007 1859 2087 sumpsit
1878 2024 1944 2062 ex
1960 2008 2082 2087 rVir-

484 2080 648 2150 giae;
681 2093 783 2133 nec
813 2087 994 2132 tamen
1023 2076 1169 2131 aliud
1213 2078 1331 2147 ejus
1359 2076 1748 2150 vestimentum
1783 2086 1886 2141 est,
1918 2086 2080 2149 atque

483 2148 630 2205 aliud
661 2150 799 2219 ipse.
827 2150 966 2203 Nam
997 2156 1237 2203 nostrum
1280 2152 1495 2219 quoque
1542 2148 1922 2203 vestimentum
1953 2164 2080 2204 caro

482 2220 702 2284 dicitur,
736 2220 833 2274 sed
864 2228 1044 2272 tamen
1075 2219 1175 2288 ipsi
1200 2233 1304 2273 nos
1342 2228 1525 2274 nostra
1561 2235 1747 2273 sumus
1799 2234 1926 2273 caro
1975 2234 2081 2288 qua

485 2292 766 2347 vestimur.
820 2290 935 2346 Hoc
970 2298 1149 2343 autem
1180 2290 1556 2344 vestimentum
1586 2290 1730 2343 illius
1760 2290 1925 2361 longe
1954 2297 2080 2345 ante

485 2362 656 2417 Isaias
677 2361 942 2441 aspiciens
963 2376 1061 2429 per
1081 2374 1294 2441 crucem
1315 2361 1585 2441 passionis
1600 2361 1863 2441 sanguine
1885 2375 2079 2441 cruen-

486 2441 673 2495 tatum,
697 2430 831 2485 dixit
854 2449 866 2484 :
895 2432 1076 2499 Quare
1094 2430 1328 2485 rubrum
1350 2435 1433 2486 est
1455 2430 1858 2487 indumentum
1892 2436 2074 2495 tuum,

486 2508 544 2559 et
569 2503 905 2559 vestimenta
956 2506 1057 2573 tua
1103 2502 1265 2573 quasi
1293 2503 1647 2557 calcantium
1692 2505 1755 2556 in
1801 2501 2079 2573 torculari

484 2575 795 2644 (bonum,
841 2572 938 2638 2)?
987 2572 1086 2625 Per
1115 2571 1313 2625 't‘emur
1349 2587 1489 2644 vero
1528 2572 1850 2644 propagatio
1898 2571 2078 2644 carnis

485 2641 585 2714 est.
621 2641 762 2711 Quia
788 2656 920 2714 ergo
945 2657 1047 2710 per
1078 2641 1524 2714 propagationern
1571 2641 1790 2714 generis
1830 2642 2073 2710 humani,

484 2713 637 2785 sicut
669 2712 1076 2785 generationum
1114 2712 1337 2785 ordines
1363 2712 1620 2785 Matthaao
1648 2714 1735 2767 vel
1765 2714 1907 2785 Luca
1941 2728 2074 2785 nar-

483 2781 727 2838 rantibus
756 2781 1153 2845 describuntur,
1197 2783 1248 2835 in
1301 2782 1403 2837 hoc
1451 2783 1651 2838 mundo
1682 2784 1826 2837 venit
1851 2799 1918 2838 ex
1952 2783 2074 2837 Vir-

484 2856 644 2926 gine;
677 2863 730 2910 et
748 2868 856 2926 per
882 2852 1263 2926 incarnationis
1302 2869 1414 2926 suae
1455 2854 1770 2926 mysterium
1802 2853 2075 2926 quiaRex

484 2870 644 2926 gine;
677 2870 730 2910 et
744 2870 856 2979 Iper
882 2870 1263 2908 incarnationis
1302 2870 1414 2908 suae
1455 2870 1770 2921 mysterium
1802 2870 1931 2924 quia
1962 2870 2072 2909 uex

483 2934 705 2996 essetet
793 2924 1007 2979 ominus
1049 2923 1263 2996 cunctis
1311 2924 1510 2996 ubique
1554 2924 1811 2996 gentibus
1857 2924 2072 2996 indica-

486 2996 591 3062 vit;
637 2995 692 3050 in
736 2995 1057 3049 vestimento
1114 3001 1167 3047 et
1211 2994 1264 3049 in
1307 2994 1512 3049 femore
1564 2994 1830 3063 scriptum
1889 2995 2075 3049 habuit

484 3067 598 3138 Rex
628 3081 832 3138 regum
848 3073 902 3119 et
933 3063 1646 3138 Dominusdominantium.
1688 3066 1844 3138 Unde
1869 3066 2070 3138 etenim

483 3136 538 3191 in
568 3134 774 3191 mundo
820 3134 1050 3190 innotuit
1077 3135 1154 3190 ibi
1182 3136 1251 3190 de
1279 3152 1339 3191 se
1368 3136 1615 3192 lectionis
1661 3136 1942 3192 scientiam
1983 3137 2073 3191 in-

484 3207 625 3262 ﬁxit.

485 3333 612 3388 CAP.
646 3331 778 3386 LVI.
810 3360 879 3370 --
913 3329 1038 3384 Vidi
1065 3331 1332 3400 angelum
1361 3330 1793 3386 descendentem
1822 3330 1887 3384 de
1916 3331 2075 3397 creto,

557 3402 855 3458 habentem
884 3401 1097 3454 clavem
1126 3400 1332 3469 abqssi,
1355 3404 1411 3455 et
1443 3404 1704 3455 catenam
1724 3416 1992 3469 magnam
2012 3402 2075 3456 in

550 3487 731 3526 manu
756 3487 880 3534 sua,
913 3472 967 3523 et
996 3471 1377 3540 apprehendit
1407 3470 1729 3537 draconem,
1754 3475 2077 3540 serpentem

553 3542 878 3611 antiquum,
910 3539 1006 3608 qui
1034 3543 1121 3593 est
1143 3540 1399 3624 atabolus
1429 3544 1487 3624 et
1516 3546 1777 3624 satanas,
1801 3539 1857 3596 et
1878 3541 2077 3624 ligavit

554 3610 823 3683 eum’per
850 3624 1032 3665 annos
1079 3610 1264 3677 mille,
1309 3614 1366 3665 et
1408 3611 1567 3666 misit
1605 3614 1668 3666 in
1702 3613 1983 3683 abyssum.
2016 3616 2073 3667 et

553 3684 776 3747 clausit,
807 3685 862 3737 et
893 3680 1136 3746 signavit
1165 3696 1335 3751 super
1362 3680 1550 3746 illum,
1584 3687 1649 3737 ut
1679 3698 1792 3737 non
1838 3682 2073 3738 seducat

552 3754 1037 3824 amplius‘gentes,
1061 3751 1247 3824 donec
1263 3758 1674 3808 consumentur
1690 3754 1863 3824 mille
1888 3754 2074 3807 anni:

553 3828 611 3880 et
638 3821 761 3896 post
792 3821 907 3877 haec
937 3825 1153 3896 oportet
1182 3823 1346 3878 illum
1390 3824 1529 3879 solvi
1573 3823 1786 3878 modico
1823 3828 2075 3895 tempore

566 3893 757 3966 (Apoc.
787 3909 876 3959 xx,
904 3895 937 3947 2
967 3893 1114 3963 seq.)

558 4011 642 4079 (In
670 4006 915 4080 exposit.
940 4008 1015 4080 _B.
1052 4005 1175 4080 Job,
1208 4005 1311 4080 lib.
1349 4023 1430 4080 iv,
1452 4024 1599 4063 num.
1635 4007 1742 4074 16;
1776 4007 1872 4062 lib.
1903 4023 2074 4075 xxxu,

485 4076 641 4138 num.
681 4076 794 4148 221)
823 4078 1092 4147 Antiquus
1120 4076 1293 4148 hostis
1321 4085 1373 4133 et
1401 4077 1564 4133 draco
1594 4086 1647 4133 et
1674 4094 1893 4147 serpens
1920 4094 2078 4133 voca-

487 4162 597 4208 tur.
636 4152 814 4206 Draco
860 4148 1070 4213 dicitur,
1106 4147 1231 4216 quia
1280 4164 1378 4203 nos
1416 4148 1483 4202 ad
1532 4150 1763 4203 nocendi
1817 4148 2077 4203 malitiam

486 4224 802 4287 inﬂammat,
833 4227 886 4275 et
918 4218 1181 4274 malitiose
1226 4219 1636 4289 nobisﬂnocere
1679 4220 1909 4289 appetit.
1945 4220 2074 4274 Ser—

486 4305 623 4367 pens
651 4293 866 4357 dicitur,
888 4290 1014 4361 quia
1040 4304 1258 4367 semper
1272 4288 1502 4367 insidias
1529 4288 1770 4367 molliter
1796 4290 2075 4346 infundit:

484 4359 1093 4437 abyssumjero‘corda
1140 4359 1680 4437 hominum_vocat,.
1714 4377 1835 4431 quae
1881 4369 1934 4415 et
1984 4375 2079 4437 per

2415 442 2480 496 in
2510 444 2926 498 resurrectione
2952 443 3144 513 prima
3176 442 3368 513 (Apoc.
3401 461 3494 511 xx,
3525 442 3602 513 6)’.

2282 530 2363 595 (In
2393 528 2639 599 exposit.
2692 529 2750 583 B.
2799 528 2925 592 Job,
2972 529 3075 586 lib.
3126 548 3239 596 xw,
3289 548 3436 587 num.
3488 533 3602 600 19.)
3655 534 3810 590 Mors

2207 609 2491 668 peccatum
2520 608 2601 654 est
2626 600 2775 670 quod
2803 600 2874 653 ab
2903 600 3155 657 interiore
3175 603 3284 657 vita
3304 604 3544 658 animam
3573 605 3809 660 occidit.

2209 670 2310 745 Ille
2339 671 2520 745 itaque
2553 681 2675 740 pust
2701 671 2755 723 in
2786 687 2947 745 carne
2967 672 3201 727 feliciter
3221 674 3587 745 resurgitqui,
3611 676 3669 730 in
3696 677 3812 731 hac

2210 741 2317 795 vita
2346 742 2574 812 positus,
2609 757 2641 795 a
2671 742 2867 796 mentis
2896 758 3007 797 suae
3038 752 3211 799 morte
3238 741 3498 801 surre'xitl

2203 837 2339 892 CAP.
2368 837 2555 892 LVIII.
2586 866 2655 877 —-
2684 836 2763 892 El
2796 838 2859 892 in
2889 836 2975 893 his
3005 840 3255 895 secunda
3292 856 3443 896 mors
3470 856 3589 897 non
3639 843 3808 899 habet

2264 912 2631 981 potestatem,
2662 907 2759 963 sed
2785 912 2956 962 erant
2998 910 3313 981 sacerdotes
3343 912 3443 971 Dei
3471 915 3528 967 et
3562 914 3795 981 Christi,

2275 982 2332 1034 et
2364 979 2685 1049 regnabant
2713 993 2843 1034 cum
2871 995 2933 1034 eo
2960 980 3121 1035 mille
3156 984 3331 1037 annis
3357 985 3548 1053 (Apoc.
3587 1000 3683 1054 xx,
3714 979 3797 1049 6).

2277 1067 2359 1135 (In
2382 1067 2616 1146 exposit.
2738 1066 2862 1132 Job,
2894 1065 2997 1120 lib.
3037 1084 3113 1133 ix,
3147 1085 3295 1124 num.
3328 1072 3357 1146 ξ
3388 1074 3405 1139 )
3435 1070 3498 1146 In
3527 1070 3804 1146 Scriptura

2202 1152 2368 1219 esse.
2407 1137 2738 1219 autem"?
2802 1153 3062 1219 sumam?
3110 1154 3207 1219 ρτο
3260 1137 3622 1219 “sivesive.
3648 1137 3805 1219 'sole!

2202 1206 2647 1286 intelli_gi.__ﬂ_inc
2676 1208 2875 1286 etenim
2923 1206 3209 1286 Psalmista
3259 1210 3333 1286 ait
3372 1228 3391 1286 _:
3459 1210 3624 1286 Verbi
3653 1214 3801 1286 quod

2200 1277 2497 1353 mandauit
2529 1281 2593 1333 in
2622 1279 2781 1333 mille
2812 1280 3208 1353 generationes
3229 1282 3405 1353 \Rsal.
3427 1298 3538 1346 etv,
3571 1285 3643 1353 8);
3659 1277 3799 1345 'cum

2202 1348 2448 1425 profecto
2476 1355 2686 1425 constet
2714 1348 2861 1425 quod
2888 1353 2957 1403 ab
2986 1349 3104 1419 ipso
3134 1348 3321 1406 mundi
3349 1348 3800 1425 exordio,'usque

2198 1420 2269 1475 ad
2328 1418 2702 1493 Redemptoris
2746 1418 3056 1493 adventum,
3112 1437 3206 1491 per
3251 1418 3639 1493 evangelistam
3687 1418 3800 1481 rion

2199 1490 2435 1559 amplius
2488 1506 2654 1567 quam
2700 1491 3047 1567 septuaginta
3092 1490 3416 1567 et__septem
3460 1495 3793 1567 propagines

2198 1559 2585 1631 numerentur.
2616 1559 2753 1628 Qaid
2788 1559 2950 1631 igitur
2994 1560 3053 1615 in
3098 1559 3403 1618 millenario
3432 1559 3665 1621 numero
3685 1567 3792 1621 nisi

2200 1631 2269 1684 ad
2300 1630 2689 1703 proferendum
2720 1630 2912 1703 novam
2941 1631 3186 1703 sobolem
3210 1633 3443 1703 perfecta
3468 1635 3793 1692 universitas

2197 1702 2466 1771 praescius
2507 1701 2881 1778 generatio_nis
2921 1701 3289 1778 exprimitur?
3336 1705 3473 1761 Hinc
3515 1722 3647 1778 ergo
3687 1722 3790 1778 per

2192 1770 2455 1828 Joannem
2487 1770 2722 1826 dicitur:
2759 1770 2843 1825 Et
2884 1770 3201 1843 regnabant
3248 1790 3378 1830 eum
3407 1793 3469 1834 eo
3492 1770 3650 1833 mille
3678 1770 3789 1833 an-

2192 1845 2304 1920 nis,
2322 1844 2461 1920 _quia
2493 1843 2741 1920 videlicet
2769 1858 2999 1920 reguum
3028 1852 3235 1899 sancta:
3264 1846 3521 1903 Ecclesiae
3562 1850 3793 1903 univer-

2192 1913 2365 1969 sitatis
2394 1914 2727 1985 perfectione
2754 1913 3040 1969 solidatur.

2190 2011 2508 2086 Cxp._I_.IX.
2544 2042 2613 2086 -έ
2639 2014 2733 2086 Et
2764 2015 3058 2083 postquam
3120 2017 3502 2086 consummati
3559 2019 3787 2086 fuerint

2261 2082 2420 2138 mille
2457 2084 2619 2148 anni,
2652 2082 2901 2137 soluetur
2921 2088 3156 2139 satanas
3198 2085 3263 2140 de
3311 2101 3538 2142 carcere
3559 2082 3704 2146 suo;
3729 2094 3789 2145 et

2260 2153 2462 2218 exibit,
2497 2158 2552 2208 et
2581 2153 2808 2209 seducet
2836 2159 3036 2223 gentes
3067 2155 3264 2227 (Apoc.
3298 2173 3393 2222 xx,
3425 2159 3511 2226 7).

2260 2243 2341 2311 (In
2371 2242 2605 2317 exposit.
2641 2242 2696 2295 Β.
2729 2240 3178 2317 Ιοὶιδψιὶδεῄχνιιι,
3210 2259 3359 2299 num.
3392 2248 3490 2309 67;
3522 2245 3624 2301 lib.
3655 2261 3792 2317 xu,

2186 2330 2243 2367 ιι.
2279 2317 2377 2375 15;
2430 2313 2527 2367 lib.
2557 2329 2704 2374 xvni,
2736 2329 2792 2365 ιι.
2825 2314 2925 2373 67;
2971 2312 3076 2368 lib.
3132 2328 3301 2381 xxxn,
3344 2331 3495 2370 num.
3532 2319 3625 2383 23,
3653 2319 3750 2374 27.

2185 2384 2489 2457 Millenario
2539 2398 2764 2436 numero
2805 2399 2913 2436 non
2960 2384 3311 2457 quautitatem
3360 2388 3644 2457 temporis,
3686 2404 3742 2443 se

2186 2453 2643 2529 _universalitatem
2666 2469 2782 2529 qua
2820 2464 3013 2525 regnat
3058 2455 3303 2529 Ecclesia
3346 2453 3697 2529 designavit;
3730 2468 3785 2513 et

2184 2524 2302 2594 ipso
2336 2540 2558 2579 numero
2590 2524 2901 2578 universum
2916 2540 3016 2592 pro
3039 2526 3367 2591 perfectione
3387 2524 3499 2584 sua'
3516 2529 3621 2584 hoc
3646 2545 3788 2594 qun-

2185 2546 2302 2594 lpSO
2336 2546 2558 2579 HUIHBI'O
2590 2546 2895 2578 ιιῐιινθτδιιιη
2916 2546 3016 2592 pro
3039 2546 3367 2591 perlecuone
3387 2546 3489 2584 sua
3516 2546 3621 2584 HOC
3727 2546 3785 2583 ιι-

2185 2595 2432 2650 tumlibet
2461 2595 2526 2679 sit
2557 2603 2758 2679 sanctas
2791 2594 3051 2679 Ecclesia)
3082 2604 3291 2679 tempus
3319 2599 3605 2679 expressit.
3646 2546 3785 2679 διυο

2183 2674 2428 2792 Bgracto,
2456 2665 2619 2746 draco
2650 2665 2716 2719 de
2748 2666 3132 2745 puteo'abyssi
3180 2665 3459 2749 educetur,
3492 2669 3621 2738 quia
3651 2665 3785 2726 dia-

2260 2736 2362 2791 lica
2398 2736 2602 2790 malitia
2633 2752 2751 2792 auat
2783 2752 2838 2789 in
2866 2751 3174 2792 iniquorum
3201 2737 3448 2792 subdolis
3477 2740 3785 2792 occultatur

2260 2736 2362 2791 lica
2398 2736 2602 2790 malitia
2633 2752 2751 2807 quae
2783 2735 2838 2789 in
2866 2735 3174 2805 iniquarum
3201 2737 3448 2793 subdolis
3477 2735 3786 2796 occultatur

2182 2808 2445 2880 cordibus
2478 2814 2603 2860 tunc
2630 2806 2979 2880 revelabitur,
2998 2815 3051 2861 et
3080 2810 3223 2880 quod
3250 2810 3413 2880 modo
3435 2812 3781 2880 praestimore

2182 2878 2404 2949 tegitur.
2429 2885 2552 2932 tunc
2580 2884 2769 2951 contra
2804 2877 3349 2951 Ecclesiam’publi'ce
3377 2877 3453 2935 de
3466 2880 3779 2951 iniquorum

2183 2947 2278 3004 ore
2318 2963 2482 3003 omne
2530 2947 2899 3019 serpentinum
2944 2948 3086 3002 virus
3130 2950 3415 3019 aperietur.
3448 2947 3606 3006 Nunc
3634 2952 3785 3007 enim

2182 3018 2466 3091 abscondit
2496 3034 2559 3091 se
2582 3018 2684 3091 sub
2704 3018 3015 3091 blandiente
3036 3018 3228 3091 lingua
3246 3021 3476 3076 saviens
3497 3022 3786 3078 conscien-

2103 3080 2152 3146 C
2182 3090 2289 3173 tia,
2339 3096 2392 3144 et
2438 3088 2649 3173 malitia
2689 3087 3004 3173 calliditatis
3052 3080 3207 3160 quasi
3254 3091 3490 3173 quadam
3540 3094 3785 3173 sentegit

2183 3160 2378 3235 abysso
2418 3158 2925 3235 simulatipnisauln
2974 3158 3084 3215 ﬁne
3109 3158 3481 3235 _vero'tnundi
3513 3158 3781 3235 antiquits

2181 3229 2350 3311 hostis
2368 3230 2793 3311 vas-proprium,
2815 3229 2985 3311 illum
2996 3231 3260 3311 perditum
3292 3232 3567 3288 hominem
3585 3229 3774 3311 ingref

2185 3301 2368 3356 dietur
2396 3301 2487 3370 qui
2524 3300 2835 3376 specialiter
2883 3300 3244 3376 Antichristus
3288 3300 3773 3376 nuncupaturfqui

2183 3387 2460 3426 mensuras
2486 3371 2765 3425 hominum
2794 3372 3205 3439 transcendens,
3230 3374 3392 3428 modo
3423 3371 3650 3430 honoris
3675 3371 3775 3432 sb-

2181 3442 2384 3516 cularis
2415 3441 2671 3516 culmine,
2705 3441 2866 3496 modo
2893 3443 3069 3516 signis
3098 3452 3152 3498 et
3180 3442 3447 3516 prodigiis
3475 3443 3623 3501 ﬁcte
3648 3462 3781 3501 san-

2184 3512 2401 3584 ctitatis,
2449 3511 2524 3584 int
2553 3519 2768 3584 tumore
2800 3511 3087 3584 potentiae
3153 3511 3370 3568 elevari
3418 3520 3776 3584 pet-mittetur.

2185 3583 2414 3653 Spiritus
2443 3581 2587 3637 enim
2616 3582 2713 3637 illo
2737 3581 2843 3636 erit
2881 3584 3000 3653 qui,
3044 3584 3100 3638 in
3146 3581 3471 3639 sublimibus
3499 3587 3773 3653 conditus,

2182 3653 2480 3779 Eotentiam
2513 3662 2721 3707 naturae
2765 3669 2877 3708 suae
2920 3669 3034 3708 non
3077 3655 3315 3723 perdidit
3361 3655 3447 3711 vel
3492 3656 3767 3728 dejectus.

2229 3724 2351 3779 uius
2378 3725 2555 3779 virtus
2586 3723 2789 3778 idcirco
2838 3740 2978 3779 nunc
3027 3724 3248 3779 minime
3283 3726 3615 3779 ostenditur.
3650 3728 3767 3779 auis

2229 3724 2351 3794 ujus
2378 3725 2555 3795 virtus
2586 3723 2789 3795 idcirco
2838 3740 2978 3795 nunc
3027 3724 3248 3780 minime
3283 3723 3615 3795 ostenditur,
3650 3728 3779 3795 quia

2185 3792 2592 3862 dispensatione
2620 3792 2818 3848 divinae
2842 3792 3165 3850 fortitudinis
3186 3812 3218 3850 a
3237 3796 3499 3852 bonorum
3521 3792 3779 3854 cordibus

2186 3865 2479 3937 religatur;
2506 3872 2559 3920 et
2588 3866 2657 3937 ab
2686 3864 2869 3937 electis
2896 3865 3214 3937 angelorum
3248 3866 3529 3937 spiritibus
3550 3885 3694 3925 nunc
3723 3870 3779 3924 in

2184 3934 2361 4006 abyssi
2392 3943 2574 4007 puteo,
2605 3935 2679 4007 id_
2687 3944 2771 3990 est
2801 3935 2859 3988 in
2889 3934 3242 4006 reproborum
3274 3934 3569 4007 mentibus,
3596 3940 3779 3995 reclu-

2184 4005 2274 4061 sus
2302 4005 2592 4081 premitur.
2627 4005 2909 4081 _Tempore
2948 4005 3077 4062 vero
3121 4007 3431 4081 Antichristi
3482 4005 3563 4065 de
3602 4011 3787 4081 abyssi

2186 4085 2368 4147 puteo,
2400 4076 2456 4147 id
2486 4084 2569 4131 est
2610 4075 2680 4147 de
2725 4076 3047 4147 iniquorum,
3077 4078 3331 4133 cordibus
3375 4096 3521 4135 nunc
3567 4075 3785 4137 occulte

2186 4146 2560 4227 saevientibus,
2591 4146 2823 4227 eductus
2845 4146 3143 4227 procedet;
3174 4158 3227 4204 et
3258 4157 3382 4204 tunc
3409 4159 3633 4222 accepta
3674 4166 3779 4227 po-

2187 4224 2397 4291 testate,
2430 4216 2622 4291 contra
2651 4216 2947 4272 Ecclesium
2978 4218 3034 4271 in
3058 4219 3165 4291 vim
3198 4228 3399 4291 aperta;
3436 4216 3778 4291 persecutio-

2186 4289 2274 4343 nis
2288 4296 2558 4357 erumpet.
2586 4289 2686 4341 Per
2706 4291 3052 4357 semetipsum
3073 4289 3280 4345 Veritas
3300 4289 3468 4345 dicit:
3496 4293 3623 4349 Erit
3644 4297 3781 4348 tunc

2189 4358 2748 4429 tribulatiotmagna,
2782 4358 2966 4429 qualis
2999 4375 3113 4415 non
3143 4360 3264 4429 fuit
3290 4358 3357 4416 ab
3388 4363 3563 4417 initio
3589 4363 3787 4419 mundi

487 4428 699 4509 lapsum
741 4431 926 4509 ﬂuida,
955 4438 1008 4485 et
1039 4445 1137 4509 per
1162 4429 1493 4499 duplicitatis
1523 4428 1957 4509 caliginént_sunt
1985 4428 2073 4509 te-
2102 4435 2155 4496 D
2186 4445 2358 4509 usque
2386 4428 2568 4509 modo,
2589 4443 2763 4509 neque
2782 4428 2882 4509 [iet
2898 4428 3121 4509 (Matth.
3143 4428 3291 4509 x3",
3311 4434 3424 4500 21).
3446 4433 3604 4487 Tunc
3630 4436 3777 4509 euim

488 4500 745 4561 nébrosa.
777 4500 1041 4573 Antiquos
1079 4500 1277 4573 itaque,
1303 4516 1549 4573 serpens
1573 4500 1767 4556 catena
1796 4501 1991 4573 ligatus
2020 4501 2075 4555 in

487 4577 744 4646 abyssum
775 4571 1017 4646 mittitur,
1041 4570 1166 4642 quia
1186 4572 1445 4646 religatus
1475 4588 1507 4625 a
1536 4571 1798 4646 bonorum
1823 4570 2077 4646 cordibus

489 4642 636 4717 apud
666 4642 1017 4715 reproborum
1048 4648 1259 4717 mentes
1288 4643 1549 4717 reclusus,
1582 4643 1660 4717 eis
1688 4644 1939 4717 atrocius
1970 4642 2076 4717 do-

490 4711 744 4779 minatur;
778 4721 833 4768 et
858 4711 1101 4783 potentia
1131 4711 1331 4767 divina:
1360 4712 1782 4785 dispettsationis
1812 4712 2077 4785 astringi-

491 4796 595 4857 tur,
617 4803 705 4855 ne,
729 4785 1050 4857 inquantum
1073 4796 1268 4857 nocere
1290 4782 1453 4857 valet,
1474 4782 1791 4857 _elt'renetur;
1819 4791 1876 4838 ut
1891 4782 2077 4853 quain-

488 4853 699 4929 vis'per
723 4853 822 4912 eos
846 4853 1058 4929 occulte
1101 4854 1304 4918 saeviat,
1337 4854 1405 4907 ad
1436 4854 1702 4929 violentas
1751 4863 1931 4909 tamen
1979 4868 2076 4908 ra-

488 4925 645 5002 pinas
694 4925 970 5002 superbia
1011 4939 1122 5002 non
1162 4931 1437 5002 erumpat.
1486 4925 1583 4980 Ille
1626 4925 1790 5002 igitur
1829 4932 2079 5002 apostata

488 4994 732 5073 angelus,
757 4994 847 5070 qui
876 4996 954 5073 ita
982 4995 1232 5073 conditus
1263 4994 1437 5073 fuerat
1451 5003 1505 5073 ut
1529 4994 2078 5073 angelorumcaateris

488 5065 812 5144 legionibus
843 5067 1124 5144 emineret,
1152 5066 1227 5120 ita
1258 5065 1627 5144 superbiendo
1668 5066 1975 5144 succubuit.
2016 5073 2077 5144 _ut

486 5135 629 5197 nunc
658 5138 909 5196 stantium
930 5135 1251 5208 angelorum
1265 5136 1629 5208 dominationi
1650 5135 1954 5208 substratus
1970 5136 2074 5208 _si_t,

486 5220 752 5285 quatenus
781 5205 1037 5285 vel__nunc
1064 5206 1131 5285 ad
1156 5206 1443 5285 utilitatem
1491 5215 1731 5285 nostram
1780 5206 1859 5285 eis
1899 5205 2075 5285 ,ιιιἰηὶ-

486 5275 780 5340 ἐῑιοαιιιὶιιιιε
803 5278 1063 5348 religatus
1092 5277 1276 5348 lateat,
1312 5278 1401 5348 vel
1429 5285 1549 5346 post
1588 5276 1657 5330 ad
1699 5275 2077 5348 probationem

484 5363 730 5411 nostram
762 5350 839 5407 eis
869 5347 1241 5403 relaxantibus
1271 5347 1395 5401 totis
1422 5363 1482 5402 se
1508 5349 1617 5402 suis
1646 5354 1836 5403 contra
1864 5362 1964 5402 nos
1990 5347 2076 5402 vi-

484 5426 638 5482 ribus
665 5424 875 5480 solutus
902 5426 1174 5473 exerceat.
1208 5417 1375 5473 Electi
1407 5417 1595 5490 itaque
1617 5418 1935 5490 angelorum
1964 5416 2078 5490 _spi-

484 5497 621 5552 ritus
650 5491 943 5565 superbum
975 5496 1277 5565 apostatam
1296 5504 1442 5565 nunc
1465 5488 1519 5542 in
1552 5487 1729 5565 abyssi
1752 5495 1914 5565 puteo
1931 5487 2078 5543 clau-

484 5582 609 5622 sum
635 5558 1017 5635 comprimunt,
1037 5558 1127 5630 qui
1146 5559 1388 5635 _humites
1416 5560 1560 5635 huuc
1580 5558 1729 5629 sequi
1752 5558 2073 5635 noluerunt;

483 5638 735 5706 ipsisque
763 5629 1625 5706 administraritibus_disponitur,
1649 5638 1729 5706 _ut
1757 5629 1837 5706 _ad
1890 5629 2075 5684 inten-

485 5699 687 5763 tionem
717 5703 893 5775 aperti
920 5699 1235 5756 certaminis
1255 5700 1620 5755 destruendus
1644 5699 1882 5755 funditus
1903 5714 2077 5770 quan—

478 5776 668 5855 doque
692 5778 997 5831 revocetur.

2186 4499 2441 4572 antiquus
2488 4499 2655 4572 hostis
2678 4499 2790 4572 suis
2818 4499 3022 4572 viribus
3064 4501 3312 4568 traditus,
3344 4517 3523 4572 pauco
3552 4505 3789 4572 quidem

2185 4570 2240 4624 in
2270 4569 2535 4639 tempore,
2559 4569 2655 4624 sed
2684 4569 2739 4622 in
2771 4570 2937 4624 multa
2965 4580 3149 4624 contra
3182 4587 3281 4626 nos
3313 4569 3641 4629 relaxabitur
3660 4574 3778 4628 vir-

2186 4648 2316 4714 tute,
2339 4641 2479 4714 sicut
2500 4656 2662 4709 supra
2683 4639 2936 4714 scriptum
2953 4649 3033 4695 est
3055 4659 3068 4695 :
3093 4644 3225 4697 Post
3239 4642 3357 4714 hinc
3370 4649 3591 4714 Oportet
3607 4646 3780 4714 illum

2184 4713 2323 4782 solvi
2342 4712 2563 4782 modico
2581 4713 2845 4782 tempore.
2861 4710 3036 4780 Quem
3053 4713 3307 4782 quamvis
3328 4710 3537 4769 seritis
3556 4712 3627 4769 ad
3647 4731 3781 4771 cru-

2186 4781 2465 4837 delitatem
2494 4780 2703 4844 dilatet,
2736 4797 2971 4851 superna
3020 4780 3201 4837 tamen
3246 4783 3619 4840 misericordia
3647 4785 3777 4840 bre-

2186 4852 2349 4908 vitate
2374 4853 2581 4907 dierum
2611 4852 2941 4920 angustabit,
2968 4852 3104 4908 sicut
3132 4853 3247 4923 ipsa
3273 4854 3485 4910 Veritas
3508 4856 3586 4909 ait
3611 4873 3629 4909 :
3659 4857 3781 4911 Nisi

2185 4923 2421 4992 breviati
2432 4924 2681 4992 fuissent
2697 4923 2813 4978 dies
2823 4923 2936 4988 illi,
2950 4939 3063 4979 non
3079 4924 3242 4992 ﬁeret
3253 4926 3411 4981 salva
3424 4926 3775 4983 omniscaro.

2185 4991 2326 5061 Quia
2381 4991 2531 5063 enim,
2566 5001 2619 5047 et
2662 4997 2929 5063 superbos
2973 4991 3087 5049 nos
3122 5003 3174 5047 et
3216 4993 3460 5051 inﬁmos
3505 4997 3775 5052 Dominus

2185 5064 2473 5135 conspicit,
2497 5062 2620 5135 _dies
2635 5078 2786 5135 quos
2812 5063 3163 5135 singulariter
3183 5066 3358 5121 malos
3386 5066 3587 5135 intulit,
3607 5067 3782 5123 misce

2183 5134 2468 5208 ricorditer
2496 5133 2769 5208 breviatos
2797 5133 2930 5208 dicit
2960 5134 3247 5208 :‘profecto
3279 5143 3340 5208 ut
3368 5145 3424 5191 et
3450 5133 3776 5208 superbiam

2187 5211 2384 5259 terreat
2414 5204 2481 5258 de
2510 5205 2769 5271 temporis
2795 5204 3136 5274 adversitate,
3159 5212 3214 5261 et
3240 5204 3608 5263 inﬁrmitatem
3626 5208 3780 5263 refo-

2185 5282 2309 5329 veat
2326 5275 2394 5329 de
2414 5274 2692 5347 brevitate.
2713 5275 2961 5344 Superba
2984 5276 3164 5347 itaque
3188 5277 3494 5333 Antichristi
3512 5278 3782 5335 celsitudo

2184 5360 2349 5422 super
2376 5344 2865 5422 reprobasmentes
2893 5344 3167 5401 hominum
3200 5348 3339 5402 fastu
3369 5350 3571 5422 gloria
3596 5365 3780 5422 saecu-

2185 5412 2602 5488 lariserigetur,
2624 5412 2708 5488 ita
2739 5423 2793 5469 ut
2822 5418 2984 5488 homo
3014 5426 3283 5488 peccator,
3314 5412 3580 5475 et'tameu
3612 5419 3781 5475 homo

2186 5484 2496 5555 despiciens
2523 5484 2795 5552 aestimari,
2827 5484 3100 5544 Deum'se
3139 5484 3305 5556 super
3329 5490 3583 5546 homines
3620 5506 3783 5547 men-

2185 5556 2367 5635 t_iat_ur.
2392 5557 2548 5635 _Unde
2565 5556 2757 5635 Paulus
2784 5558 3064 5635 apostolus
3091 5559 3221 5613 dicit
3243 5579 3255 5614 :
3277 5558 3370 5635 tta
3372 5564 3439 5616 ut
3470 5561 3541 5635 in~
3568 5562 3783 5635 templo

2185 5628 2291 5700 Dei
2310 5627 2523 5700 sedeat,
2539 5627 2839 5700 ostendens
2858 5644 2917 5684 se
2940 5633 3211 5700 tanquam
3240 5631 3317 5688 sit
3338 5631 3571 5700 Desisti!
3590 5627 3775 5689 Thess.

2185 5711 2246 5760 ιι,
2268 5698 2345 5763 4).
2377 5698 2483 5769 Sed
2514 5698 2629 5769 haec
2654 5699 2770 5765 ejus
2798 5697 3296 5769 superbia'districti
3318 5697 3529 5758 Iudicis
3543 5703 3659 5757 erit
3670 5700 3775 5757 ad-

2185 5774 2352 5824 ventu
2380 5766 2640 5839 ferienda,
2669 5768 2810 5826 sicut
2835 5766 3099 5844 scriptum
3132 5779 3217 5828 est
3246 5788 3259 5825 :
3293 5771 3470 5841 Quem
3496 5774 3776 5832 Dominus
