4110 6176
290 397 428 454 1417

981 389 1234 449 ALUl.FI
1267 383 1651 445 EXPOSITIO
1678 380 1849 443 NOVI
1881 378 2075 439 TEST.
2110 415 2175 426 ——
2199 383 2353 441 SUP.
2385 384 2889 443 APOCALYPSIM.
2938 470 2943 476 .

3456 386 3599 440 1418

286 528 448 580 Jesus
460 520 770 589 interﬁciat
788 518 996 592 spiritu
1018 521 1130 592 gris
1151 518 1264 580 sui,
1285 513 1616 592 etdestruet
1642 512 1895 566 illustra-
1921 513 1977 571 Α
2008 510 2321 592 Caralsitlt.
2348 536 2428 592 7—.
2439 509 2506 561 Et
2539 514 2646 592 viui
2668 513 2839 592 calum
2862 527 3061 592 uocum,
3094 520 3144 565 et
3169 517 3357 592 terruere
3379 523 3601 592 nouant,-

290 595 445 652 tione
475 583 755 648 adventus
784 583 875 646 sui
903 587 989 655 (ΙΙ
1008 589 1189 644 Thess.
1220 602 1280 657 ti,
1313 586 1387 652 8).
1423 585 1500 639 De
1532 583 1636 638 hoc
1671 597 1892 657 quoque

290 663 745 738 perditohomine
773 676 871 732 per
899 660 1187 738 Danielem
1208 657 1410 738 dicitur
1432 674 1445 710 :
1465 657 1671 711 Contra
1688 656 1895 738 princi-

287 730 418 810 pem
430 736 759 810 principum
775 730 1108 810 consurget,
1132 734 1187 786 et
1207 730 1523 810 sine_manu
1560 730 1895 810 ‘routcretur

292 796 718 876 (DanivmfiiS)
760 817 775 872 ;
837 803 960 876 quia
996 796 1124 876 ’κιο-ὴ
1180 800 1502 876 angelorum
1558 796 1726 876 bello,
1750 811 1896 876 __non

291 868 605 933 sanctorum
639 868 959 939 certamine,
1004 873 1099 928 sed
1160 868 1281 941 pen
1311 869 1607 941 adventum
1662 868 1892 936 Iudicis,

293 950 414 1004 solo
429 948 536 1003 oris
566 946 998 1018 spirituaeterna
1030 939 1208 1018 morte
1235 940 1479 1018 ferietur.
1510 939 1748 1018 Joannes
1765 954 1897 1018 que:

295 1036 399 1090 que
429 1020 484 1073 in
516 1009 619 1090 hac
645 1015 973 1090 revelatione
994 1028 1102 1090 sua
1131 1012 1499 1090 subsequitur,
1532 1009 1717 1090 dicens
1751 1027 1769 1090 _:
1829 1010 1899 1064 Et

300 1082 597 1146 descendit
626 1088 782 1159 ignis
794 1103 828 1141 a
842 1086 951 1140 Deo
973 1083 1204 1159 decreto,
1221 1088 1275 1138 et
1288 1083 1486 1159 devora
1494 1082 1571 1136 vit
1585 1096 1674 1159 eos
1694 1082 1761 1159 (Α
1773 1096 1894 1151 poc.

299 1176 395 1229 xx,
423 1161 509 1229 9).
547 1152 934 1214 Antichristum
966 1154 1237 1219 videlicet,
1271 1160 1327 1208 et
1358 1153 1475 1222 ejus
1524 1152 1799 1205 ministros
1850 1159 1901 1206 et

297 1232 697 1302 pradicatores.

296 1322 426 1373 Car.
457 1320 562 1371 LX.
590 1344 655 1357 —
686 1321 749 1370 Et
770 1318 1014 1370 diabolus
1038 1319 1128 1380 qui
1153 1314 1423 1367 sedueebat
1439 1325 1544 1375 eos,
1590 1313 1777 1363 missus
1823 1319 1904 1363 est

366 1390 427 1438 in
452 1395 686 1449 stagnum
712 1386 846 1451 ignis
866 1392 918 1436 et
940 1384 1201 1446 sulphuris
1223 1397 1245 1444 ;
1279 1382 1369 1432 ubi
1406 1385 1457 1429 et
1480 1380 1645 1451 bestia
1670 1390 1722 1451 et
1754 1391 1899 1441 pseu-

366 1447 680 1516 dopropheta
697 1447 1065 1504 cruciabuntur
1095 1452 1179 1502 die
1198 1462 1260 1501 ac
1294 1452 1436 1501 nocte
1474 1450 1528 1499 in
1570 1447 1758 1498 secula
1804 1460 1901 1497 sas-

364 1522 611 1572 culorum.
632 1522 795 1571 Amen
817 1519 1003 1581 (Apoc.
1036 1530 1125 1579 xx,
1151 1518 1205 1579 9,
1236 1517 1336 1575 10).

371 1622 452 1687 (In
483 1617 729 1690 exposit.
769 1619 834 1673 B.
871 1618 998 1685 Job,
1030 1616 1133 1671 lib.
1155 1630 1355 1683 χχχιιι,
1380 1633 1532 1671 num.
1554 1615 1902 1690 3].).ﬁterno

296 1685 501 1765 quippe
530 1685 717 1765 Iudice
735 1690 1053 1765 terribiliter
1069 1696 1386 1757 apparente,
1405 1686 1708 1765 astantibus
1725 1685 1900 1756 legio-

296 1757 459 1818 nibus
506 1761 850 1830 angelorum,
883 1760 1168 1814 assistente
1215 1766 1409 1813 cuncto
1437 1757 1736 1830 ministerio
1782 1770 1898 1830 ca:-

297 1835 517 1889 lestium
548 1828 1088 1921 potestjatum,.atque
1130 1829 1322 1921 eleeus
1377 1829 1629 1921 omnibus
1668 1828 1765 1921 ‘adp
1792 1828 1894 1921 huc
1924 1861 1976 1921 B

297 1897 663 1973 spectaculum
697 1897 966 1973 deductis,
994 1897 1098 1973 ista
1128 1900 1308 1954 bellua
1338 1899 1575 1955 crudelis
1634 1906 1688 1953 et
1739 1897 1895 1953 fortis

298 1972 353 2029 in
385 1973 627 2028 medium
658 1973 875 2043 captiva
905 1972 1219 2037 deducetur,
1260 1979 1313 2025 et
1341 1985 1465 2043 cum
1492 1985 1592 2043 suo
1648 1984 1897 2043 corpore,

300 2046 360 2100 id
389 2053 471 2100 est
498 2059 621 2100 cum
660 2039 904 2113 reprobis
930 2042 1202 2113 omnibus,
1234 2040 1757 2113 aeternisgebennte
1813 2039 1899 2113 in-

301 2115 513 2172 cendiis
535 2111 948 2183 mancipabitur,
981 2128 1102 2169 cum
1129 2112 1379 2167 dicetur:
1405 2111 1705 2175 Discedite,
1723 2112 1902 2165 male-

305 2187 467 2252 dicti,
481 2188 546 2242 in
563 2189 751 2255 ignem
770 2191 1071 2249 aeternum,
1088 2185 1184 2256 qui
1195 2187 1433 2256 peruius
1445 2186 1529 2238 est
1564 2183 1799 2256 diabolo,
1845 2184 1904 2235 et

301 2260 518 2329 angelis
534 2252 885 2329 ejuswatth.
908 2270 1037 2329 xxv,
1067 2252 1270 2329 L't).'Q
1302 2254 1460 2329 quale
1490 2255 1589 2329 erit
1612 2252 1743 2329 illud
1770 2268 1898 2321 spe-

302 2323 593 2399 cta'culum,
625 2323 843 2399 quando
874 2328 993 2382 haec
1023 2323 1630 2399 immanissimabellua
1686 2325 1899 2399 electo-

296 2414 415 2454 rum
446 2393 620 2455 oculis
645 2393 971 2453 ostendetur
996 2403 1023 2451 ‘l
1040 2412 1159 2466 quae
1186 2396 1287 2451 hoc
1315 2394 1444 2450 belli
1466 2400 1710 2465 tempore
1742 2393 1902 2448 nimis

297 2469 426 2525 illus
441 2478 647 2526 terrere
692 2476 946 2539 potuerat
975 2465 1018 2522 si
1049 2465 1360 2524 videretur:
1416 2466 1513 2521 sed
1557 2467 1803 2539 occulto
1837 2479 1904 2520 ac

297 2540 439 2595 miro
467 2541 562 2595 Dei
592 2535 823 2612 consilio
843 2540 1041 2612 agitur,
1069 2545 1128 2612 ut
1156 2546 1213 2592 et
1236 2553 1379 2592 nunc
1408 2553 1505 2606 per
1518 2535 1901 2612 ejusgratiam

296 2608 743 2683 oppugnantibus
767 2607 1022 2683 nonfvisa
1053 2610 1323 2683 uincatur,
1346 2614 1416 2683 _et
1447 2613 1576 2663 tunc
1610 2607 1683 2663 ab
1711 2607 1901 2683 electis

296 2677 598 2737 victoribus
622 2683 734 2750 jam
766 2681 980 2751 captiva
1027 2679 1297 2735 videatur.
1344 2680 1493 2733 Tunc
1541 2688 1720 2751 autem
1772 2677 1899 2746 justi

294 2752 487 2809 divino
515 2752 790 2821 adjutorio
820 2750 1077 2821 quantum
1108 2750 1526 2821 debitoressunt
1552 2750 1772 2819 plenius
1817 2764 1899 2821 re-

293 2819 674 2896 cognoscunt,
694 2819 912 2896 quando
940 2831 1071 2896 _tam
1130 2820 1329 2896 fortem
1352 2891 1364 2896 _
1389 2820 1618 2896 bestiam
1638 2891 1646 2896 _
1667 2819 1903 2896 viderint

292 2891 459 2964 quam
491 2910 633 2950 nunc
664 2891 870 2947 inﬁrmi
903 2892 1252 2964 vicerunt._et
1278 2895 1332 2945 in
1352 2891 1670 2964 hostissui
1702 2891 1901 2964 imma-

292 2961 475 3043 nitate
492 2966 836 3043 conspiciunt
862 2975 1123 3043 quantum
1136 2962 1390 3043 ‘debeant
1405 2962 1608 3043 gratiae
1640 2961 1899 3043 defenso-

291 3036 369 3091 ris
396 3037 503 3095 sui.
546 3032 786 3091 Redeunt
815 3032 962 3090 enim
1011 3034 1080 3089 de
1136 3033 1240 3088 hoc
1287 3032 1478 3103 praelia
1522 3042 1650 3088 tunc
1703 3032 1900 3087 milites

292 3107 487 3174 nostri,
519 3108 777 3162 virtutum
811 3114 1017 3176 tropaea
1045 3104 1373 3176 referentes;
1407 3113 1457 3158 et
1489 3103 1729 3176 receptis
1764 3118 1898 3176 cor»-

290 3178 543 3249 poribus,
576 3194 697 3233 cum
726 3174 927 3249 jamin
946 3176 1040 3249 illo
1056 3175 1264 3249 judicio
1286 3180 1443 3249 regni
1464 3174 1901 3249 cmlestisintroi-

292 3245 408 3303 ium
431 3245 749 3316 sortiuntur,
782 3248 932 3317 prius
954 3245 1538 3317 immanissimasrvires
1569 3246 1728 3317 hujus
1758 3246 1901 3299 anti-

297 3320 390 3391 qui
424 3319 691 3389 serpentis
719 3316 1007 3388 aspiciunt,
1039 3333 1106 3391 ne
1138 3318 1244 3370 vile
1275 3316 1546 3372 aestiment
1583 3316 1738 3391 quod
1768 3330 1902 3391 eva-

294 3387 668 3445 serunthisa
699 3387 828 3444 vero
860 3404 1006 3444 mors
1037 3387 1155 3457 ejus
1185 3400 1315 3460 tunc
1341 3387 1613 3460 gaudium
1656 3387 1902 3460 exhibet,

295 3462 458 3531 cujus
490 3461 718 3516 tolerata
749 3460 858 3514 vita
888 3475 1033 3514 nunc
1056 3459 1226 3529 justis
1251 3458 1494 3530 quotidie
1546 3461 1601 3514 in
1653 3458 1905 3517 cruciati-

296 3532 401 3586 bus
435 3532 636 3587 bellum
668 3538 871 3586 rrovet.

291 3638 434 3690 Car.
470 3639 600 3689 LXI.
630 3665 690 3674 —
711 3639 782 3689 Et
807 3638 926 3689 uidi
955 3640 1193 3690 thronum
1240 3650 1469 3699 magnum
1515 3634 1814 3698 candidum,
1858 3642 1910 3688 et

359 3706 611 3758 sedentem
636 3717 793 3768 super
809 3718 926 3755 eum
950 3720 972 3765 ;
998 3717 1030 3755 a
1058 3706 1203 3766 cujus
1225 3709 1500 3766 conspectu
1524 3704 1663 3767 fugit
1689 3708 1832 3753 terra
1861 3708 1911 3753 et

363 3773 561 3824 cretum.
596 3776 664 3823 Et
686 3773 795 3823 vidi
816 3781 1041 3823 mortuos
1065 3785 1301 3832 magnos,
1350 3779 1401 3821 et
1446 3770 1670 3836 pusillos
1715 3778 1907 3822 stantes

364 3841 420 3890 in
452 3844 717 3902 conspectu
742 3839 955 3899 throni;
981 3842 1032 3889 et
1074 3838 1195 3889 libri
1242 3838 1413 3900 aperti
1448 3845 1567 3886 sunt
1600 3853 1615 3884 :
1667 3841 1718 3885 et
1772 3837 1908 3889 alius

369 3905 502 3957 liber
524 3914 730 3969 apertus
766 3911 857 3968 est,
878 3907 963 3968 qui
986 3909 1061 3956 est
1081 3907 1206 3957 vitae
1234 3918 1249 3949 :
1276 3904 1563 3969 cljudicati
1599 3906 1716 3953 sunt
1758 3916 1902 3969 mor-

367 3971 447 4023 tui
470 3987 539 4023 ea:
562 3974 644 4023 his
665 3984 775 4036 quae
798 3974 994 4037 scripta
1018 3976 1170 4024 erant
1190 3973 1243 4021 iu
1269 3971 1419 4022 libris
1444 3970 1715 4021 secundum
1756 3981 1906 4031 opera

367 4039 590 4102 ipsorum
615 4038 802 4103 (Apoc.
831 4050 915 4100 xx,
947 4038 1047 4099 12).

375 4122 459 4188 (In
490 4122 720 4191 exposit.
754 4122 811 4175 B.
845 4122 968 4189 Job,
1004 4120 1097 4175 lib.
1130 4135 1285 4188 xxxv,
1310 4136 1468 4175 num.
1497 4120 1902 4191 16.)lustorum

299 4191 466 4247 debet
502 4190 664 4263 vitam
688 4193 1001 4263 conspicere
1034 4192 1124 4261 qui
1159 4191 1270 4245 vult
1297 4206 1449 4263 suam
1480 4190 1902 4263 subtililcrhde—

298 4262 668 4335 prehendere.
725 4260 859 4335 Vive
918 4260 1090 4335 lectio
1129 4269 1209 4317 est
1257 4260 1694 4335 vnta_bonor_u_rn._
1750 4261 1906 4335 Unde

298 4330 411 4389 non
429 4332 701 4389 immerito
731 4333 895 4388 iidem
915 4334 1044 4403 justi
1077 4332 1130 4386 in
1164 4348 1319 4386 sacro
1337 4330 1553 4402 eloquio
1575 4331 1698 4384 libri
1723 4332 1902 4386 nomi-

296 4412 527 4471 nantur,
559 4405 699 4458 sicut
726 4420 755 4457 a
785 4404 994 4459 Joanne
1024 4403 1224 4458 dicitur
1256 4420 1267 4456 :
1303 4403 1451 4459 Libri
1471 4404 1656 4473 aperti
1668 4408 1826 4467 sunt,
1846 4408 1901 4458 et

297 4475 455 4555 alius
473 4475 620 4555 liber
649 4478 1012 4555 apertus-est.
1040 4475 1259 4555 .qui‘est
1291 4476 1443 4555 eius.
1484 4473 1638 4554 biber
1668 4490 1901 4555 namque

1932 3210 1982 3276 Ο

2069 581 2291 709 genuum
2348 581 2476 629 enim
2514 581 2687 631 calum
2728 588 2779 631 et
2805 583 2979 647 prima
3025 590 3171 633 terra
3209 580 3349 633 abiit
3413 578 3594 645 (Apoc.

2144 685 2159 709 ,
2248 681 2259 694 .

2072 659 2159 710 xx,
2189 659 2259 709 1).

2075 732 2154 796 (In
2182 727 2415 798 exposit.
2456 727 2525 801 Β.
2547 728 2672 801 Job,
2713 728 2809 783 lib.
2860 746 2997 801 xvn,
3043 746 3193 786 num.
3244 731 3357 800 Ii.)
3412 727 3596 801 Quari

2003 807 2197 874 potest,
2229 815 2351 854 cum
2375 813 2478 867 per
2495 798 2841 874 salomonem
2872 800 3069 857 dicitur
3099 798 3597 874 :Geueratioprte-

2009 869 2165 935 terit,
2199 874 2254 923 et
2284 872 2575 938 generatio
2596 869 2843 936 advenit,
2878 876 3034 928 terra
3066 887 3191 928 vero
3220 873 3283 928 in
3317 869 3600 928 aternum

2006 948 2141 1002 stat,
2174 956 2271 995 cur
2304 942 2492 994 beatus
2518 940 2754 993 Joannes
2781 942 2977 997 caelum
3035 950 3089 996 et
3145 950 3342 998 terram
3399 942 3602 999 abiisse

2008 1012 2252 1069 asserit?
2282 1008 2439 1078 Quod
2480 1019 2656 1063 tamen
2687 1009 2844 1065 facile
2889 1012 3202 1067 discutimus
3257 1015 3301 1067 si
3360 1022 3500 1070 terra
3547 1021 3601 1069 et

2009 1084 2206 1140 cadum
2231 1081 2459 1150 qualiter
2486 1086 2761 1135 transeant
2793 1081 2879 1136 vel
2913 1082 3146 1151 qualiter
3187 1094 3438 1139 maneant
3493 1083 3599 1140 dis-

2011 1156 2344 1227 tinguamus.
2375 1152 2615 1227 Utraque
2634 1168 2866 1221 namque
2889 1152 3007 1227 hinc
3021 1169 3119 1223 per
3132 1168 3249 1208 eam
3264 1170 3428 1227 quam
3459 1171 3599 1227 nunc

2010 1222 2211 1280 habent
2242 1222 2537 1293 imaginem
2568 1230 2861 1285 transeunt,
2886 1223 2979 1277 sed
2993 1222 3170 1278 tamen
3197 1222 3297 1293 per
3309 1226 3600 1282 essentiam

2009 1299 2126 1352 sine
2157 1294 2261 1348 fine
2289 1294 2611 1347 subsistunt.
2632 1294 2768 1347 llinc
2798 1309 3029 1364 namque
3058 1310 3160 1363 per
3187 1295 3409 1350 Paulum
3456 1297 3598 1352 dici—

2011 1378 2094 1445 tur
2129 1366 2431 1445 :_I_’_rteterit
2458 1365 2611 1445 enim
2641 1365 3014 1445 ﬁguru’hujus
3039 1366 3238 1445 mundi
3261 1364 3321 1445 (l_
3340 1367 3466 1445 cor.
3507 1382 3599 1445 vn,

2012 1440 2120 1503 31).
2157 1438 2288 1491 Hinc
2309 1450 2404 1504 per
2429 1435 2770 1504 semetipsum
2805 1435 3013 1489 Veritas
3043 1435 3175 1492 dicit
3207 1452 3219 1492 :
3274 1435 3495 1493 ‘Cwlum
3545 1443 3601 1494 et

2013 1515 2167 1564 terra
2201 1504 2551 1568 transibunt,
2576 1504 2740 1561 verba
2761 1510 2954 1561 autem
2979 1521 3105 1560 mea
3133 1523 3247 1562 non
3268 1509 3605 1564 transibunt

2010 1579 2243 1647 (Matth.
2281 1592 2437 1649 xxiv,
2470 1578 2580 1644 35).
2616 1576 2754 1630 Hinc
2780 1576 2847 1629 ad
2867 1575 3132 1631 Joannem
3162 1578 3412 1649 angelica
3471 1593 3603 1649 voce

2012 1646 2609 1710 dicitur;Eritca:lum
2634 1662 2862 1714 novum,
2918 1651 2975 1701 et
3028 1651 3180 1718 terra
3238 1646 3402 1704 nova.
3462 1646 3599 1718 Qum

2010 1721 2227 1790 quidem
2255 1734 2363 1790 non
2392 1718 2500 1790 alia
2520 1718 2805 1790 condenda
2833 1726 2980 1781 sunt,
3003 1717 3101 1790 sed
3131 1719 3246 1774 haec
3268 1719 3382 1788 ipsa
3429 1717 3595 1775 reno-

2009 1788 2224 1847 vantur.
2258 1788 2468 1844 Caelum
2491 1789 2655 1859 igitur
2684 1798 2736 1842 et
2759 1793 2904 1860 terra
2926 1789 3134 1860 transit,
3167 1796 3218 1843 et
3269 1791 3370 1849 erit
3404 1805 3417 1846 :
3452 1804 3595 1860 quo-

2008 1863 2150 1916 niam
2183 1862 2251 1914 ab
2282 1876 2343 1914 ea
2375 1858 2535 1934 quam
2567 1875 2713 1913 nunc
2733 1858 2896 1914 habet
2916 1858 3100 1929 specie
3122 1874 3220 1930 per
3240 1858 3603 1934 ignem‘tergio

2011 1942 2113 2000 tur,
2135 1942 2201 2003 et,
2220 1930 2480 2003 tamenin
2499 1945 2592 1985 sua
2608 1944 2823 2003 semper
2836 1938 3026 1984 natura
3045 1930 3307 2003 servatur.
3331 1931 3485 1988 Unde
3502 1930 3602 2003 per

2011 2002 2342 2075 PsalmiSIam
2366 2001 2560 2075 dicitur
2588 2000 2856 2075 :Mutabis
2872 2016 2937 2056 ea
2958 2005 3013 2055 et
3029 2000 3598 2075 mutabuntur(Psal.

2010 2091 2082 2141 Cl,
2108 2078 2227 2142 ‘27).
2249 2071 2420 2138 Quam
2438 2071 2655 2143 quidem
2681 2072 2924 2143 ultimam
2948 2071 3602 2130 commutationem'suam

2010 2145 2140 2216 ipsis
2168 2141 2329 2216 nobis
2359 2141 2502 2216 nunc
2526 2211 2538 2216 ‘
2557 2141 3019 2216 vicissitudinibus
3075 2144 3342 2216 nu_n_tiant,
3403 2146 3599 2214 quibus

2010 2211 2207 2271 nostris
2221 2214 2416 2268 uetbus
2446 2211 2820 2268 indesinenter
2834 2214 3121 2268 altercant.
3139 2214 3279 2269 Nam
3295 2211 3439 2270 terra
3460 2231 3492 2271 a
3507 2232 3605 2272 sua

2010 2287 2197 2357 specie
2229 2285 2444 2357 hiemali
2476 2284 2724 2357 ariditate
2754 2283 2952 2357 deficit,
2993 2284 3219 2357 humore
3241 2286 3451 2357 vernali
3470 2286 3604 2341 viri-

2011 2353 2423 2412 d‘escit.Ccelum
2456 2353 2694 2424 quotidie
2734 2353 2968 2423 caligine
3008 2354 3184 2425 noctis
3221 2355 3528 2425 obducitur,
3552 2363 3606 2412 et

2009 2430 2203 2500 diurna
2220 2427 2467 2500 claritate
2479 2433 2796 2500 renovatur.
2821 2424 2957 2481 Hinc
2981 2439 3116 2500 ergo
3145 2424 3337 2500 ﬁdelis;
3376 2424 3606 2500 quisque

2010 2499 2250 2569 colligat.
2269 2506 2317 2551 et
2335 2497 2547 2551 interite
2564 2496 2698 2561 haec,
2722 2503 2970 2569 ettamen
2989 2496 3088 2566 per
3102 2496 3607 2569 innovationem're-

2010 2569 2117 2635 ﬁci,
2134 2566 2253 2640 quae
2266 2576 2449 2623 consta
2459 2576 2475 2621 t
2488 2583 2627 2622 nunc
2640 2566 2855 2622 assidue
2869 2566 3016 2621 velut
3029 2583 3097 2622 ex
3109 2567 3329 2623 defectu
3343 2570 3604 2639 reparari.

2011 2660 2135 2711 Car.
2164 2657 2339 2709 LXIII.
2363 2683 2424 2694 —-
2449 2657 2514 2707 Et
2540 2657 2683 2708 venit
2697 2670 2831 2707 unus
2853 2656 3109 2720 aeseptem
3126 2658 3347 2722 angelis,
3374 2663 3424 2709 et
3440 2664 3611 2710 sustu-

2077 2725 2137 2776 lit
2157 2737 2231 2774 me
2255 2726 2309 2775 in
2332 2724 2521 2786 spiritu
2535 2727 2598 2775 in
2620 2735 2830 2774 montem
2852 2736 3077 2786 magnum
3095 2733 3146 2775 et
3166 2725 3347 2784 altum,
3364 2734 3415 2776 et
3439 2732 3608 2778 osten-

2077 2793 2153 2843 dit
2170 2793 2296 2842 mihi
2321 2793 2576 2843 civitatem
2622 2799 2849 2842 sanctam
2902 2790 3185 2840 Ecclest
3230 2791 3614 2844 descendentem

2076 2860 2140 2909 de
2162 2859 2284 2908 calo
2306 2870 2337 2907 a
2367 2859 2487 2914 Deo,
2511 2857 2764 2909 habentem
2791 2859 3075 2910 claritatem
3101 2858 3195 2907 Dei
3220 2872 3236 2904 :
3289 2869 3338 2909 et
3387 2857 3609 2910 habebat

2076 2938 2273 2976 murum
2298 2937 2535 2987 magnum
2560 2930 2610 2974 et
2632 2924 2810 2985 altum,
2835 2924 3092 2975 habentem
3118 2931 3297 2986 portas
3327 2925 3610 2976 duodecima

2076 3003 2125 3041 et
2151 2998 2266 3043 erat
2283 2995 2545 3041 structura
2562 2990 2672 3053 ejus
2696 2992 2902 3041 marica:
2919 2988 3328 3053 lopidejaspide,
3345 2991 3467 3057 ipsa
3484 3003 3611 3041 vero

2077 3060 2470 3188 dvitquaugum
2490 3060 2755 3117 mundum,
2798 3059 2977 3108 simile
3025 3057 3156 3108 vitro
3205 3055 3389 3108 mundo
3429 3057 3611 3122 (Apoc.

2079 3138 2193 3187 xxi,
2288 3162 2301 3184 ,
2427 3163 2436 3173 .

2079 3138 2193 3187 xxi,
2223 3129 2301 3184 t7,
2332 3129 2436 3187 18).

2084 3208 2164 3277 (In
2197 3206 2427 3276 exposit.
2455 3205 2513 3259 Β.
2545 3204 2667 3269 Job,
2701 3204 2797 3277 lib.
2835 3219 3004 3277 AXVIII,
3058 3221 3206 3277 num.
3260 3207 3348 3274 77,
3402 3214 3455 3261 et
3512 3206 3610 3263 lib.

2014 3275 2205 3339 xxxiv,
2241 3275 2387 3332 num.
2408 3278 2549 3349 26.)
2577 3275 2957 3349 Appellatione
2987 3278 3105 3349 auri
3125 3275 3177 3331 in
3201 3291 3352 3349 sacro
3396 3277 3616 3349 eloquio

2014 3349 2309 3420 aliquando
2339 3346 2599 3418 splendor
2629 3346 3137 3420 supernae_civitatis
3162 3347 3442 3420 accipitur.
3500 3346 3616 3420 ᾉιι-

2014 3416 2130 3475 rum
2163 3416 2397 3489 namque
2416 3432 2480 3472 ex
2515 3432 2622 3489 quo
2645 3417 2836 3489 civitas
2867 3416 2964 3471 illa
3000 3427 3213 3472 constat
3252 3416 3433 3474 simile
3476 3418 3618 3489 vitro

2014 3491 2230 3558 dicitur,
2262 3488 2323 3544 ut
2348 3504 2449 3559 per
2476 3488 2664 3542 aurum
2697 3488 2844 3542 clara
2874 3495 2926 3541 et
2954 3502 3052 3559 per
3068 3488 3264 3542 vitrum
3320 3488 3615 3558 perspicua

2015 3558 2506 3631 designetur.”Auri
2539 3558 2741 3631 quippe
2787 3558 3068 3631 metallum
3125 3561 3381 3631 novimus
3423 3559 3621 3631 potiori

2016 3628 2536 3710 metallisromnibus
2562 3628 2814 3710 claritate
2846 3628 3076 3710 fulgere,
3102 3629 3231 3685 vitri
3264 3645 3392 3687 vero
3409 3628 3617 3710 natum

2015 3710 2095 3756 est
2125 3710 2181 3755 ut
2203 3700 2531 3754 intrinsecus
2567 3699 2743 3771 visum
2776 3714 2910 3771 pura
2932 3699 3253 3771 intrinsecus
3302 3701 3611 3771 perspicui-

2016 3780 2123 3826 tate
2145 3771 2446 3842 perluceat.
2490 3771 2547 3822 In
2570 3769 2677 3842 alio
2708 3769 2933 3842 metallo
2979 3770 3266 3842 quidquid,
3294 3769 3620 3842 intrinsecus

2014 3839 2323 3897 continetur
2344 3839 2719 3911 absconditur,
2747 3841 2800 3892 in
2830 3839 2970 3911 vitro
3002 3839 3387 3911 veroquilibet
3428 3840 3609 3911 liquor

2015 3913 2195 3984 qualis
2227 3911 2535 3984 continetur
2562 3910 2790 3984 interius
2810 3909 3220 3984 ta_lis__exterius
3274 3909 3618 3984 demonstra-

2015 3979 2118 4049 tiir,
2142 3991 2214 4050 et,
2250 3991 2307 4036 ut
2337 3981 2408 4035 ita
2440 3980 2690 4047 dixerim,
2723 3979 2907 4050 omnis
2937 3979 3115 4050 liquor
3141 3980 3197 4034 in
3241 3981 3417 4038 vitreo
3474 3990 3613 4037 νας-⁷

2013 4054 2136 4108 culo
2158 4049 2372 4108 clausus
2404 4060 2571 4121 patet.
2607 4049 2748 4118 Quid
2780 4050 2949 4121 igitur
2976 4049 3124 4106 aliud
3151 4051 3207 4105 in
3236 4066 3366 4108 auro
3396 4053 3481 4110 vel
3524 4054 3614 4107 vi-

2013 4134 2098 4179 tro
2129 4123 2451 4193 accipimus,
2475 4122 2578 4176 nisi
2611 4122 2759 4174 illam
2804 4136 3099 4190 supernam
3146 4122 3406 4192 patriam,
3465 4122 3618 4180 illam

2011 4192 2296 4251 beatorum
2328 4193 2532 4249 civium
2562 4192 2899 4256 societatem,
2935 4207 3169 4260 quorum
3199 4192 3364 4247 corda
3396 4193 3500 4248 sibi
3533 4194 3620 4249 in-

2012 4267 2185 4321 vicem
2218 4273 2271 4319 et
2301 4264 2545 4318 claritate
2568 4263 2803 4334 fulgent,
2837 4267 2891 4316 et
2939 4264 3171 4332 puritate
3220 4262 3553 4319 transluceat
3583 4267 3613 4318 Ἷ

2012 4336 2152 4406 Quia
2183 4336 2324 4390 enim
2358 4333 2833 4406 omnessanctiin
2862 4341 3069 4387 interna
3103 4334 3436 4406 beatitudine
3452 4350 3616 4406 sum-

2012 4402 2098 4461 ma
2129 4406 2375 4462 claritate
2407 4405 2714 4476 fulgebunt,
2749 4402 3018 4476 instructa
3060 4419 3212 4476 auro
3273 4404 3488 4476 dicitur.
3549 4404 3617 4460 Et

2011 4478 2271 4550 quoniam
2305 4478 2422 4544 ipsa
2444 4474 2630 4531 eorum
2662 4475 2884 4550 claritas
2902 4474 3004 4550 sibi
3022 4474 3261 4530 vicissim
3280 4475 3344 4550 in
3392 4475 3616 4531 alternis

301 4546 428 4625 vitue
453 4553 532 4625 est
563 4543 693 4625 ipsa
708 4545 847 4601 visio
875 4543 1083 4625 Iudicis
1108 4543 1555 4624 advenientishin
1585 4559 1692 4624 quo
1749 4544 1896 4625 quasi
1926 4558 1984 4623 D
2015 4543 2272 4625 cordibus
2303 4543 2465 4625 petet,
2501 4555 2553 4600 et
2581 4561 2700 4625 cum
2735 4544 3163 4625 uniuscujusque
3208 4545 3387 4625 vultus
3428 4554 3614 4625 atten-

299 4616 563 4685 scriptum
584 4613 675 4670 est
695 4630 855 4670 omne
886 4617 1221 4681 mandatum,
1252 4615 1378 4684 quia
1399 4613 1647 4685 quisquis
1662 4631 1781 4668 eum
1814 4615 1899 4669 vi-

300 4686 465 4751 derit,
486 4701 640 4752 mox,
667 4693 801 4741 teste
821 4687 1169 4749 conscientia,
1204 4686 1465 4754 quidquid
1500 4699 1606 4739 non
1651 4685 1771 4741 fecit
1817 4688 1903 4740 in-

302 4757 529 4829 telligit.
568 4757 716 4811 Libri
736 4756 896 4829 etiam
930 4757 1097 4827 aperti
1132 4754 1458 4829 referuntur,
1486 4755 1899 4829 quiajustormn

301 4826 567 4883 tunc'vita
624 4826 973 4898 conspicitur,
1027 4828 1081 4881 in
1119 4826 1314 4896 quibus
1371 4826 1628 4898 mandata
1659 4828 1899 4884 caelestia

302 4913 472 4969 opere
500 4898 577 4953 sic
602 4896 857 4968 expressa
886 4905 1192 4969 cernuntur.
1233 4898 1296 4950 Et
1312 4896 1537 4969 judicati
1562 4905 1687 4969 sunt
1709 4903 1899 4955 mortui

302 4968 373 5041 ei:
406 4968 490 5041 his
520 4984 645 5041 qum
662 4969 861 5039 scripta
887 4976 1039 5023 erant
1067 4971 1119 5021 in
1141 4968 1313 5041 libris,
1345 4968 1597 5041 quoniam
1618 4968 1668 5021 in
1683 4979 1901 5027 ostensa

303 5039 418 5111 vita
441 5037 714 5110 jusiorum
746 5037 896 5109 quasi
914 5042 976 5111 in
1008 5040 1346 5111 expansione
1402 5037 1667 5111 librorum
1718 5043 1902 5111 legunt

300 5108 518 5165 bonum
549 5110 693 5181 quod
726 5108 886 5182 agere
908 5109 1012 5179 ipsi
1045 5108 1350 5182 noluerunt,
1384 5117 1550 5182 atque
1579 5108 1904 5169 damnantur

299 5195 371 5236 ex
402 5179 591 5235 eorum
615 5179 1020 5251 comparatione
1052 5181 1143 5251 qui
1179 5179 1443 5251 fecerunt.
1469 5180 1548 5251 Ne
1571 5194 1703 5251 ergo
1733 5199 1899 5237 unus-

300 5251 538 5323 quisque
569 5260 697 5323 tunc
727 5248 922 5306 videns
949 5268 1047 5305 eos
1071 5248 1220 5323 quod
1238 5267 1344 5323 non
1371 5248 1495 5305 fecit
1519 5248 1733 5323 deﬂeat,
1759 5271 1902 5310 nunc

296 5319 357 5394 in
407 5319 487 5377 eis
540 5321 686 5394 quod
730 5319 1904 5394 imiteturattendat.Illorumvi-lelicetspe—

301 5393 421 5462 cies
450 5393 602 5462 quasi
622 5393 874 5462 quaedam
893 5393 1067 5447 forma
1092 5392 1246 5445 nobis
1276 5391 1535 5445 imitanda
1557 5391 1897 5461 proponitur.

300 5461 410 5535 Qui
440 5461 583 5535 enim
606 5461 924 5535 plenissime
953 5463 1260 5534 intelligere
1316 5463 1524 5532 appetit
1584 5464 1757 5534 qualis
1800 5476 1898 5535 est,

301 5534 443 5604 tales
469 5534 723 5589 nimirum
746 5533 907 5589 debet
936 5536 1254 5604 conspicere
1282 5535 1457 5602 qualis
1481 5533 1713 5601 nonest,
1748 5549 1802 5590 ut
1833 5533 1901 5593 ex

300 5602 571 5659 bonorum
603 5604 774 5659 forma
806 5605 1056 5661 metiatur
1072 5602 1342 5675 quantum
1372 5604 1487 5674 ipse
1504 5606 1715 5661 deserto
1755 5610 1899 5665 bono

301 5675 570 5747 deformis
600 5684 697 5731 est.
731 5676 814 5731 Ex
845 5677 928 5730 his
950 5676 1150 5747 quippe
1186 5676 1383 5747 quibus
1411 5676 1722 5744 plenissime
1754 5679 1898 5736 bona

300 5746 525 5818 adsunt,
556 5747 843 5818 perpendit
871 5746 1013 5801 recte
1043 5761 1162 5817 quae
1192 5746 1291 5799 sibi
1314 5747 1492 5818 minus
1520 5756 1637 5801 sunt
1664 5767 1676 5812 ;
1738 5758 1789 5804 et
1844 5753 1897 5806 in

296 5816 525 5888 illarum
566 5816 980 5888 pulchritudine
1031 5816 1294 5886 Conspicit
1364 5816 1664 5874 foeditatem
1745 5837 1897 5879 suam

300 5904 466 5962 quam
491 5887 543 5943 in
582 5887 763 5959 Seipso
790 5888 995 5961 perpeti
1028 5896 1206 5958 potest
1234 5897 1288 5946 et
1316 5888 1512 5945 sentire
1542 5904 1649 5945 non
1696 5902 1894 5969 potest.

596 6012 834 6072 PATROL.
872 6010 1121 6073 LXXIX.

2015 4620 2176 4687 ditur,
2202 4616 2443 4691 simulet
2499 4616 2856 4691 conscientia_
2888 4623 3225 4685 penetratur,
3275 4617 3380 4673 hoc
3424 4617 3614 4691 ipsum

2011 4706 2202 4744 aurum
2260 4687 2435 4741 simile
2492 4688 2635 4742 vitro
2696 4686 2898 4741 mundo
2954 4701 3074 4743 esse
3112 4686 3463 4745 memoratur.
3530 4689 3613 4743 Ibi

2015 4761 2220 4832 quippe
2258 4758 2683 4832 uniuscujusque
2717 4765 2957 4832 mentem
2989 4758 3220 4832 alterius
3243 4759 3608 4832 oculismem-

2016 4828 2238 4885 brorum
2262 4828 2604 4899 corpulentia
2635 4845 2741 4882 non
2772 4828 3096 4899 abscondet,
3127 4828 3224 4883 sed
3256 4828 3458 4899 patebit
3483 4830 3608 4883 ani-

2016 4918 2155 4967 mus,
2188 4898 2393 4971 patebit
2423 4900 2802 4971 corporalibus
2833 4898 3004 4954 oculis
3036 4898 3150 4969 ipsa
3180 4898 3337 4971 etiam
3398 4899 3609 4955 harmoo

2010 4973 2101 5026 nia
2131 4969 2388 5041 corporis.
2424 4970 2622 5040 Sicque
2654 4971 3022 5039 unusquisque
3054 4974 3183 5024 tunc
3211 4969 3607 5041 eritconspica-

2012 5043 2135 5097 bilis
2173 5040 2347 5109 alteri,
2381 5041 2516 5095 sicut
2551 5056 2693 5095 nunc
2725 5054 2828 5094 non
2861 5047 3035 5109 potest
3057 5053 3173 5110 esse
3222 5040 3610 5110 conspicabilis

2008 5114 2131 5169 sibi.
2155 5114 2311 5167 Nunc
2335 5108 2520 5167 autem
2549 5111 2713 5167 corda
2744 5108 2927 5163 nostra
2965 5108 3203 5179 quandiu
3240 5110 3295 5164 in
3343 5108 3441 5165 hac
3499 5113 3609 5167 vita

2011 5200 2216 5242 sumus.
2248 5184 2377 5253 quia
2406 5182 2477 5236 ab
2497 5183 2671 5253 altero
2701 5180 2755 5234 in
2772 5180 3000 5253 alterum
3036 5179 3205 5253 videri
3224 5196 3331 5235 non
3353 5190 3602 5252 possunt,

2010 5272 2114 5310 non
2147 5250 2291 5308 intra
2320 5254 2510 5317 vitrea,
2533 5252 2627 5306 sed
2658 5251 2801 5304 intra
2830 5251 2973 5303 lutea
3005 5250 3225 5305 vascula
3256 5250 3601 5307 con—cludun4

2012 5335 2120 5380 tur.’
2152 5325 2247 5380 Cui
2280 5325 2487 5379 scilicet
2517 5323 2631 5377 luto
2662 5336 2759 5391 per
2779 5320 3085 5391 passionem
3119 5322 3310 5375 mentis
3343 5322 3606 5378 inhaerere

2009 5397 2273 5465 Propheta
2304 5393 2650 5465 formidabat,
2666 5389 2807 5465 cum
2831 5389 3078 5465 diceretu:
3095 5393 3258 5465 Eripe
3270 5408 3357 5465 uie
3373 5394 3442 5449 de
3458 5394 3602 5462 luto,

2008 5462 2537 5523 utuouinhatream
2568 5462 2741 5532 (Psal.
2777 5475 2969 5532 vatn,
2996 5463 3107 5532 15).
3143 5462 3301 5530 Quod
3349 5466 3605 5520 nimirum

2010 5537 2374 5593 habitaculum
2428 5547 2710 5604 corporum
2770 5531 2968 5587 Paulus
3017 5531 3237 5587 demum
3292 5542 3603 5591 terrestrem

2009 5611 2278 5671 nominat,
2312 5605 2498 5659 dicens
2519 5601 2539 5656 Ξ
2563 5601 2791 5659 Scimus
2820 5605 2951 5674 quia
2982 5607 3029 5658 si
3061 5607 3351 5661 terrestris
3404 5605 3602 5664 domus

2008 5687 2210 5736 nostra
2232 5674 2806 5749 bujusﬁabitutionis
2831 5672 3209 5749 dissolvatur,
3242 5676 3385 5747 quod
3425 5677 3602 5748 aediﬁ-

2007 5743 2289 5809 cationem
2307 5743 2382 5801 ex
2402 5744 2509 5819 Deo
2523 5744 2805 5819 habemus,
2831 5743 3058 5819 domum
3074 5743 3600 5819 nou'm'anufacta'm

2006 5827 2281 5899 (sternam.
2302 5819 2365 5873 in
2379 5816 2537 5899 caelis
2660 5815 2779 5874 Cor.
2800 5832 2854 5883 v,
2876 5816 2945 5886 t).
2972 5814 3030 5871 In
3044 5818 3143 5873 hac
3161 5816 3343 5899 itaque
3364 5812 3601 5899 terrestri

2004 5893 2168 5948 ilomo
2191 5904 2255 5947 ac
2270 5884 2612 5959 corruptibili
2630 5902 2809 5961 carne,
2831 5884 3112 5962 quousque
3130 5884 3385 5959 vivimus,
3402 5891 3597 5964 ipsum,

3226 6013 3299 6071 45
