4110 6176
513 287 650 346 1469

509 416 939 481 Jejuniopropria
972 418 1561 481 deliberationesusccp—

514 484 580 544 io,
612 478 747 526 ibidf
768 478 1020 542 Maiorum
1040 485 1248 544 imperia
1264 478 1558 544 reverenda,

512 539 629 588 licet
652 543 821 589 minus
850 539 1182 593 laudabiliter
1204 547 1394 597 vivant,
1426 539 1555 590 ibid.

513 601 810 665 Qbedientia
842 619 888 665 pt
904 605 1559 665 aelatisdupliciterimpen-

512 662 695 716 denda.
722 662 1005 714 107.'Caeca
1037 662 1558 714 mohedientium'su-

509 726 789 787 perhorrum
804 726 973 782 corda,
989 726 1163 772 divino
1176 728 1405 787 projecta
1418 728 1439 787 j
1451 728 1558 774 udi-

509 786 610 841 cio,
628 785 736 833 187.
762 786 955 833 Praeter
981 785 1316 847 ptaelatoruin
1339 785 1560 835 auctori-

510 851 666 893 tatem
692 847 818 893 nihil
849 848 1127 909 agendum,
1144 848 1557 896 198.0hedieutia

512 913 736 955 caeteras
766 908 970 955 roborat
1000 915 1238 967 Virtutes,
1271 909 1373 957 199.
1416 911 1557 958 Obe-

512 967 721 1030 dientia:
748 971 936 1029 jugum
957 976 1197 1017 excutere
1220 985 1480 1030 nunquam
1504 972 1556 1018 li-

510 1036 606 1085 cet,
631 1029 757 1076 ibid.
792 1031 887 1086 Qui
938 1030 1065 1077 bene
1112 1029 1404 1092 proficiunt,
1443 1038 1560 1080 ante

509 1092 677 1138 omnia
698 1098 866 1138 tenere
887 1092 1126 1138 studeant
1148 1094 1450 1141 obedientia)
1472 1095 1556 1141 bo-

509 1164 652 1208 num,
673 1151 780 1199 244.
806 1152 940 1200 Ordo
963 1152 1136 1201 electa:
1152 1155 1558 1202 conversationis

509 1218 607 1268 est,
622 1213 1035 1276 utohedienliami
1051 1228 1151 1261 non
1169 1216 1556 1276 injungataliis,

511 1286 668 1333 quam
698 1274 809 1335 ipse
840 1275 1129 1335 impendere
1151 1274 1267 1323 aliis
1289 1274 1388 1322 non
1409 1290 1557 1325 cura-

510 1335 603 1397 vit,
635 1335 747 1381 244.
789 1336 916 1383 Rota
946 1337 1203 1397 significat
1232 1339 1388 1384 vitam
1430 1339 1556 1385 obe-

510 1395 777 1453 dientium,
799 1397 905 1443 244.
934 1395 1079 1452 Quod
1109 1398 1406 1444 ohedienles
1429 1400 1558 1446 infe-

510 1455 622 1504 rius
636 1462 813 1519 agunt,
826 1458 1253 1517 sursumtollunt,
1268 1458 1397 1507 ibid.
1414 1460 1558 1517 Quod

507 1518 719 1578 sursum
757 1518 962 1576 habent,
995 1519 1058 1567 ad
1102 1523 1287 1567 terram
1332 1523 1556 1578 ﬂectunt,

509 1577 615 1625 ibd.
640 1579 884 1628 Perfecta:
907 1581 1205 1628 obedientim
1223 1582 1403 1635 forma,
1428 1580 1554 1629 ibid.

510 1639 738 1702 Perfecta
769 1642 1074 1694 obedientia.
1094 1655 1246 1702 quam
1264 1643 1558 1691 hominibus

511 1701 832 1761 exhihemus,
848 1716 1035 1750 munus
1049 1701 1144 1758 est,
1158 1702 1432 1761 Creatoris,
1446 1705 1556 1752 245.

510 1760 808 1810 Obcuientia
854 1763 1043 1811 oblatio
1084 1770 1163 1811 est
1203 1760 1426 1821 Domini,
1466 1766 1556 1813 sed

508 1823 677 1886 oblata
692 1824 984 1872 hominibus
1000 1837 1026 1871 a
1040 1825 1143 1872 Deo
1155 1826 1554 1886 accipitur,ibid.

508 1884 743 1948 Yieiimte
774 1891 895 1948 sunt
924 1887 1167 1947 obsequia
1190 1884 1555 1948 obedientium,

510 1944 639 2009 ibid.
660 1947 909 2009 ‘insignis
940 1944 1289 2009 obedientium
1317 1944 1557 2009 victoria,

507 2005 639 2054 ibid.
659 2005 1093 2071 Nihil'studiosius
1106 2008 1386 2065 vitandum,
1402 2005 1557 2071 quam

507 2070 749 2131 superbia
792 2074 842 2116 et
884 2070 1243 2131 inohedientia,
1276 2071 1388 2118 287.
1420 2070 1552 2129 Quae

508 2129 853 2199 imper-antur,
910 2132 1131 2199 minime
1143 2194 1151 2199 _
1164 2129 1552 2199 consideranda,

510 2189 640 2238 ibid.
666 2191 890 2255 [faginus
912 2198 991 2240 est
1007 2192 1212 2255 obedire
1230 2207 1383 2253 quam
1398 2189 1554 2255 impeL

507 2265 649 2314 rare,
685 2252 792 2299 257.
838 2253 904 2300 Ut
948 2260 1080 2301 recte
1109 2254 1223 2301 aliis
1248 2252 1550 2314 imperetur,

507 2312 613 2361 Deo
644 2316 864 2374 perfecte
891 2316 1250 2374 obcdiendum,
1281 2312 1389 2363 290.

570 2374 831 2438 Obediunt
852 2377 1058 2436 quidam
1075 2377 1198 2423 dum
1223 2379 1380 2425 rudes
1398 2381 1551 2438 sunt;

508 2437 595 2499 qui
626 2437 830 2499 eruditi,
863 2438 927 2483 ab
967 2438 1253 2485 obedientia
1295 2440 1549 2499 resiliunt,

505 2495 586 2562 95.
610 2496 794 2562 _Quod_
830 2499 1063 2562 exemplo
1106 2501 1245 2558 Agar
1286 2495 1550 2562 probatur,

508 2555 753 2620 ibid.70b
784 2558 946 2605 levem
979 2555 1188 2620 culpam
1217 2555 1392 2608 contra
1422 2555 1548 2609 ohe;

507 2618 751 2681 dientiam
782 2621 1021 2679 repulsus
1051 2618 1175 2668 Saul
1208 2634 1305 2669 nos
1346 2628 1549 2681 terreat,

506 2678 614 2727 287.
659 2681 768 2744 Per
796 2678 1155 2740 obedientiam,
1184 2678 1549 2744 nosmetipsos,

507 2753 600 2802 per
627 2741 757 2789 alias
787 2743 1005 2791 virtutes
1042 2750 1215 2792 nostra
1248 2745 1351 2793 Deo
1379 2741 1553 2793 conse-

508 2815 732 2866 eramus.
750 2803 860 2866 360.
876 2804 1107 2866 Consciis
1121 2807 1406 2866 praepositis
1431 2820 1550 2854 cun-

509 2871 589 2908 cta
619 2864 756 2920 llant,
776 2865 905 2912 ibid.
931 2864 1551 2916 Holocaitstisetvictimis

507 2926 846 2983 praestantior
888 2928 1174 2975 obedientia
1196 2962 1211 2987 ,
1250 2927 1377 2978 ibid.
1424 2930 1547 2977 Pro-

507 2986 674 3044 priam
729 2987 1041 3034 voluntatem
1084 2986 1339 3049 meierum
1382 2990 1551 3049 jussis

506 3052 864 3113 praeponentes
894 3049 1166 3113 feriuntur,
1189 3050 1318 3098 ibid.
1350 3049 1552 3113 Magnis

504 3107 811 3173 jejuniis,_et
840 3111 1218 3173 compunctioni
1239 3107 1554 3173 prteponitur

507 3168 813 3225 obedientia,
845 3170 928 3218 361
943 3168 1171 3219 fAriolis
1198 3168 1553 3222 etidololatris

504 3230 1000 3291 currinohedientes
1038 3236 1141 3279 sint
1183 3235 1397 3291 similes,
1441 3234 1553 3282 361.

614 3290 933 3356 inobediente
950 3294 1163 3341 verbum
1184 3296 1270 3343 Dei
1290 3290 1547 3356 abjicitur,

503 3351 611 3417 362.
637 3352 755 3399 Ideo
781 3354 844 3400 ab
867 3354 975 3414 ipso
990 3356 1094 3402 Deo
1112 3351 1546 3417 projicituhibid’.

505 3412 669 3459 Homo
703 3412 906 3460 carnem
936 3429 1083 3462 suam
1112 3412 1218 3463 non
1249 3420 1422 3465 habuit
1448 3419 1548 3465 sibi

503 3474 842 3535 obedientem,
857 3475 942 3520 ubi
958 3476 1065 3535 ipse
1082 3478 1181 3522 Deo
1193 3491 1295 3523 non
1307 3479 1551 3533 ohedivit,

502 3532 611 3597 370.
643 3535 755 3582 Non
778 3532 1002 3597 obedire
1024 3596 1032 3597 ί
1052 3536 1155 3582 Deo
1180 3550 1351 3597 quam
1394 3532 1552 3597 grave

502 3596 696 3654 scelus,
740 3595 846 3643 288.
898 3596 1115 3642 Obedire
1161 3595 1552 3645 detrectantium

504 3668 650 3705 vane
672 3658 1048 3713 excusationes,
1071 3655 1179 3704 288.

566 3718 767 3765 Ohlatio
788 3726 962 3766 nostra
986 3731 1047 3765 ex
1064 3718 1332 3766 devotione
1348 3718 1453 3775 ﬂat,
1470 3718 1547 3766 27.

566 3779 889 3828 Obseenitas.
942 3780 1022 3827 Ab
1062 3781 1198 3826 omni
1238 3780 1550 3827 obscenitate

505 3845 719 3888 caveant
735 3841 849 3900 conj
862 3853 1003 3902 uges,
1030 3838 1138 3896 334,
1156 3840 1264 3888 347.
1281 3842 1444 3888 Secus
1471 3842 1549 3888 fa-

503 3902 756 3949 cientibus
779 3902 917 3963 Deus
935 3907 1177 3949 aeternam
1196 3914 1397 3963 poenam
1412 3915 1549 3950 com-

502 3963 745 4020 minatur,
778 3962 907 4009 ibid.
941 3964 1169 4010 Obscena
1198 3962 1468 4011 audientes
1484 3962 1549 4010 ad

503 4036 560 4072 ea
591 4025 912 4073 inardescere
943 4024 1312 4085 periclitantur,
1342 4023 1452 4072 350.

502 4084 752 4192 461⁷)οιειινει
782 4093 1023 4132 ωιθι-ιωω
1054 4086 1211 4133 vitam
1255 4086 1546 4145 adumbrat,

564 4206 752 4269 oculos
796 4221 889 4269 per
912 4211 1185 4269 peccatum
1226 4209 1413 4269 aperiri
1456 4209 1547 4269 qui

502 4266 840 4328 intelligatur,

564 4327 701 4376 Odor
721 4329 887 4391 bonus
917 4342 1130 4391 operum
1154 4343 1272 4391 quas
1294 4343 1356 4377 ex
1383 4330 1545 4378 chari-

504 4393 601 4453 tate
632 4391 774 4445 ﬂuuit,
794 4390 902 4439 431.
924 4390 999 4439 Ex
1018 4390 1359 4453 porreetorum
1387 4393 1544 4440 virtu-

500 4451 657 4507 tibus,
686 4452 799 4500 453.

561 4513 755 4577 Qﬂ‘erre
802 4527 992 4577 agnum
1026 4518 1151 4575 quot
1178 4515 1345 4565 modis
1374 4514 1542 4577 expli-

499 4574 603 4623 cari
623 4577 805 4636 possit,
833 4574 935 4624 168.

561 4636 670 4699 Olei
705 4638 922 4685 virtutes
952 4636 1289 4699 explicantur,
1319 4636 1425 4686 228.

559 4698 702 4745 Onus
730 4711 887 4759 super
905 4713 960 4746 se
989 4697 1090 4747 non
1117 4697 1409 4759 levandum,
1431 4697 1542 4747 200.

499 4756 642 4806 Onus
671 4773 733 4807 ex
762 4756 971 4819 honore,
1001 4759 1108 4808 253.

560 4819 724 4881 Opera
754 4822 885 4869 bona
914 4823 1079 4883 gratia
1114 4822 1389 4883 praevenit,
1420 4820 1533 4870 553.

498 4880 722 4942 Operum
737 4880 984 4946 bonoru'm
999 4884 1080 4946 via
1091 4880 1155 4946 ad
1166 4883 1544 4946 contemplatio-

496 4957 612 5007 nem
644 4945 1039 5007 ascendendum,
1065 4945 1172 5007 154.
1191 4945 1442 5007 Operihus
1461 4946 1543 4993 bo-

497 5004 581 5069 nis
608 5006 837 5066 pascitur
867 5004 1265 5069 Christus,i435.
1287 5007 1543 5069 Operibus

497 5065 1066 5127 Deo’respondendum,
1096 5068 1203 5129 529.
1240 5065 1424 5129 Operis
1451 5068 1543 5115 lux

498 5135 728 5191 carecta
760 5129 1056 5186 intentione,
1077 5128 1184 5191 214.
1215 5128 1378 5191 Opera
1411 5131 1541 5177 bona

497 5186 654 5252 libido
693 5191 949 5248 intertlcit,
978 5191 1089 5240 371.
1133 5186 1281 5252 Saepe
1312 5204 1464 5251 opere
1493 5193 1543 5252 et

497 5250 651 5298 verbo
674 5253 842 5312 magni
869 5266 894 5297 a
928 5265 1059 5302 vana
1092 5250 1256 5314 gloria
1287 5250 1386 5300 non
1415 5251 1543 5299 satis

494 5320 692 5373 cavent,
706 5315 812 5360 316.
837 5313 1060 5373 Operum
1076 5313 1331 5362 bonorum
1347 5314 1544 5361 decima

496 5372 581 5436 qui
603 5372 918 5436 colligenda,
952 5375 1055 5423 196.
1090 5375 1255 5436 Opera
1283 5378 1414 5424 bona
1455 5387 1542 5421 ce-

497 5434 668 5499 landa,
699 5434 808 5484 302.
848 5437 1093 5499 AAliorum
1122 5434 1269 5499 bonis
1299 5437 1544 5499 operibus

496 5495 576 5559 adi
589 5504 738 5559 uvam
748 5512 824 5553 ur,
841 5497 950 5545 327.
970 5499 1041 5546 De
1054 5498 1174 5546 boni
1188 5495 1357 5559 operis
1368 5498 1543 5546 studio

484 5557 510 5603 ὁ
529 5561 545 5601 ι
564 5557 867 5612 humilitate.
881 5574 982 5608 non
1002 5561 1051 5607 in
1066 5557 1232 5618 nobis,
1249 5560 1339 5607 sed
1362 5560 1413 5606 in
1433 5560 1540 5607 Do-

496 5618 633 5665 mino
650 5619 995 5679 gloriandum,
1012 5620 1117 5668 148.
1141 5621 1366 5681 Operum
1387 5621 1542 5667 bono-

496 5692 610 5726 rum
640 5681 810 5728 studio
835 5682 1061 5729 doctrina
1075 5695 1198 5729 sana
1220 5695 1390 5730 comes
1403 5693 1537 5728 acce-

495 5741 598 5798 dat,
624 5745 721 5790 163.
738 5743 817 5790 Ad
831 5757 983 5802 opera
998 5748 1133 5791 bona
1149 5744 1316 5791 solent
1334 5741 1537 5790 accendi

496 5802 658 5860 electi,
689 5806 945 5852 audiendo
994 5807 1082 5852 Dei
1124 5806 1355 5861 verbum,
1387 5817 1535 5850 secus

1088 293 1317 353 ~INDEX
1346 296 1419 353 IN
1460 294 1520 352 S.
1563 293 1901 352 GREGORII
1932 295 2477 356 COMMENTARIOS
2516 300 2659 357 9UP.
2701 297 3140 358 SCRIPTURAS.

1617 420 1835 483 reprobi,
1868 421 1974 476 165,
2007 422 2118 471 166.
2174 421 2334 483 Opera
2369 425 2497 473 bona
2530 423 2653 474 solis

1616 482 1852 544 Etclcsiae
1901 484 2019 531 llliis
2067 482 2299 544 prosunt,
2330 486 2411 534 31.
2463 488 2558 542 Qui
2590 486 2653 534 de

1615 542 1748 589 bono
1780 558 1931 603 opere
1961 545 2152 597 aliquid
2184 542 2293 592 sibi
2317 548 2509 603 tribuit,
2533 550 2652 595 furti

1612 616 1751 671 reus,
1781 603 1893 671 319.
1924 606 2176 671 Operibus
2216 608 2361 656 bouis
2392 624 2450 655 co
2486 612 2652 671 magis

1613 666 2058 732 s_tudtaitdtim_QUo
2089 669 2243 732 ailius
2275 671 2322 715 iu
2350 666 2652 732 conttmpla-

1614 726 1746 792 tione
1766 728 2075 785 ascenditur,
2092 729 2167 776 35.
2190 730 2411 777 lnlirmis
2430 746 2525 777 non
2544 726 2653 792 pcr-

1616 787 1822 852 fectiora
1845 798 2208 850 proponantur.
2242 792 2331 838 sed
2368 787 2646 852 plnum-83.

1615 848 1750 894 Inter
1768 848 1951 909 magna
1966 864 2116 915 opera
2135 864 2267 911 εωρρ
2285 848 2546 907 corruunt,
2566 856 2654 915 qui

1612 923 1705 973 per
1734 923 1926 957 nuuora
1948 913 2149 959 vincere
2181 915 2480 973 potuissent,
2512 913 2590 963 83.

1675 969 1901 1036 Opeiari.
1936 972 2002 1020 Ut
2031 975 2157 1021 bene
2181 969 2472 1036 'operemur,
2494 989 2520 1022 a
2552 977 2655 1024 Deo

1613 1035 1707 1083 est.
1737 1032 1849 1078 550.

1610 1091 1903 1199 29gperarii
1933 1094 2088 1143 fortes
2110 1096 2162 1143 in
2185 1096 2409 1144 Ecclesia
2429 1098 2513 1158 qui
2533 1098 2655 1157 sint,

1674 1213 1837 1277 Opimi
1869 1216 1963 1277 etsi
1994 1230 2205 1277 pravus,
2228 1219 2469 1267 sacerdos
2490 1224 2657 1269 tamen

1612 1282 1719 1321 erat
1747 1276 1968 1331 Domini,
2000 1279 2081 1325 12.

1673 1336 1985 1442 ggéiimsitigum
2003 1344 2204 1399 peccata
2217 1341 2521 1402 quandoque
2539 1341 2657 1390 tole-

1613 1396 1787 1456 randa,
1820 1396 1911 1446 869

1674 1456 1971 1523 Οιλίλιιῡ-εἰιιβ
2000 1460 2377 1509 intermissione
2406 1463 2527 1523 quid
2570 1465 2654 1519 sit,

1611 1517 1689 1584 37.
1720 1518 1855 1584 Quid
1897 1520 1960 1584 ad
2008 1523 2060 1568 id
2108 1517 2473 1584 praislandut'n,
2512 1517 2649 1572 ibid.

1612 1579 1769 1626 Orant
1799 1580 2037 1629 Christus
2052 1579 2365 1632 et'Ecclosia
2389 1579 2658 1646 prejusto-

1611 1654 1726 1687 rum
1740 1646 2136 1701 perseverantia,
2151 1652 2199 1692 et
2217 1660 2307 1704 pro
2324 1648 2658 1696 conversione

1612 1706 2071 1768 peccatorum,546.
2098 1706 2215 1753 Orat
2240 1721 2333 1768 pro
2359 1710 2470 1754 suis
2489 1722 2655 1768 pecca-

1612 1764 1677 1809 tis
1697 1765 2111 1829 omnis_s_anctus,
2136 1764 2257 1828 quia
2277 1769 2451 1816 nullus
2463 1764 2655 1829 peccati

1610 1837 1811 1883 expers,
1836 1825 1939 1873 477.
1972 1825 2164 1892 Grandi
2183 1844 2322 1877 nunc
2348 1825 2550 1892 tempus
2580 1837 2655 1879 est

1610 1892 1973 1992 opgortunum,
2002 1888 2110 1936 477.
2454 1888 2471 1892 ⁷

1610 2005 1622 2011 _
1717 1948 1863 2011 ratio,
1899 1954 1952 1995 ut
1982 1950 2045 1997 ad
2079 1951 2239 1997 Deum
2278 1953 2558 2011 perveniat,
2593 1954 2655 2000 de

1608 2005 1913 2071 humilitatis
1960 2012 2211 2071 profundo
2243 2005 2504 2069 ascendat,
2535 2005 2648 2062 537.

1609 2067 1780 2132 Oratio
1810 2067 2077 2118 comitetur
2108 2086 2260 2132 opera
2294 2076 2441 2130 bona,
2464 2067 2572 2123 432.
2600 2078 2654 2123 1η

1608 2131 1834 2195 oratione
1859 2131 2207 2195 transitorium
2240 2136 2362 2181 nihil
2398 2137 2654 2195 postulant

1607 2190 1812 2249 Sancti,
1860 2193 1972 2239 477.
2028 2194 2293 2243 Orationes
2349 2190 2652 2246 sanctorum

1606 2264 1866 2319 nunquam
1886 2255 1997 2302 sine
2020 2258 2207 2315 fructu,
2234 2256 2336 2319 187.
2364 2258 2461 2305 Pro
2487 2274 2655 2319 repro-

1606 2313 1688 2378 bis
1719 2318 1882 2378 tamen
1898 2322 2104 2363 orantes
2126 2313 2355 2365 exaudiri
2375 2313 2651 2378 nequeunt,

1606 2374 1713 2438 188.
1736 2377 1798 2438 1n
1821 2377 2048 2438 oratione
2076 2374 2525 2438 perseverandum,
2542 2374 2649 2428 538.

1606 2435 1777 2500 Oratio
1796 2442 1842 2483 et
1858 2435 2146 2498 deprecatio
2161 2441 2247 2500 qui
2267 2441 2519 2498 ditYerant,
2541 2442 2650 2490 539.

1667 2498 1938 2546 Oratorum
1970 2498 2258 2560 eloquentia
2291 2504 2340 2547 in
2382 2516 2651 2550 sacrarum

1605 2556 1889 2624 litterarum
1946 2556 2311 2623 interpretibus
2357 2577 2460 2611 non
2503 2578 2651 2624 quic-

1603 2621 1780 2678 renda,
1811 2622 1841 2667 5
1852 2654 1864 2666 .

1666 2680 1839 2730 Orbis.
1854 2682 1950 2728 Per
1965 2683 2142 2730 orbem
2155 2685 2457 2733 universum
2472 2685 2653 2734 diﬂ'un-

1604 2739 1743 2788 ditur
1770 2743 2012 2804 Ecclesia,
2042 2743 2121 2791 42.

1667 2804 1801 2851 Oreb
1830 2805 1921 2851 Dei
1954 2818 2119 2863 mons,
2150 2806 2264 2854 266.

1668 2864 1802 2930 0_rd_o
1814 2868 2167 2930 conversionis
2179 2875 2222 2913 et
2243 2868 2527 2930 integritas,
2543 2869 2649 2916 164.

1606 2924 1741 2973 Ordo
1760 2928 1811 2972 in
1828 2927 2045 2986 iudiciis
2069 2924 2375 2986 servandus:
2387 2930 2494 2977 323.
2514 2931 2651 2978 Ordo

1606 2987 1844 3048 victorias
1872 2994 2064 3036 nostra:
2095 2995 2269 3037 contra
2301 2992 2517 3048 hostem,
2546 2992 2647 3039 170.

1607 3047 1742 3095 Ordo
1769 3050 2276 3105 salvandorum,227.
2308 3052 2419 3099 Non
2450 3047 2651 3100 summo

1606 3109 1913 3174 ordini,_sed
1943 3114 2359 3174 summorlabori,
2378 3115 2654 3174 praemium

1607 3144 1922 3231 ἷὲὲζιὶὶίίῖιῖῐῗ,
1940 3144 2003 3218 ἕξ
2007 3144 2058 3220 il'
2066 3144 2222 3219 23.7.12)"
2230 3144 2652 3223 ἰῖὶίὶίιῖιὶῗέἓὲῖἑῗ

1608 3233 1697 3291 δίῳ
1728 3234 2051 3291 postulantes,
2082 3234 2196 3280 222.

1656 3290 1874 3340 Ordines
1889 3309 2067 3342 sacros
2079 3296 2298 3342 ambient
2309 3297 2411 3344 ium
2425 3297 2655 3358 hypocri-

1606 3354 1965 3417 sis,avaritia,
1996 3363 2044 3403 et
2077 3358 2249 3416 iniqua
2285 3354 2510 3417 judicia:
2536 3360 2646 3406 100.

1605 3414 1837 3463 Ordinati
1856 3418 1920 3463 ab
1935 3414 2179 3465 Ecclesiae
2194 3414 2444 3467 ministris
2465 3421 2604 3467 intus
2625 3433 2654 3466 a

1606 3476 1713 3523 Deo
1735 3483 2170 3524 sacramentorum
2199 3482 2384 3527 tit-tute
2415 3482 2651 3529 roboran-

1607 3542 1708 3600 tur,
1730 3536 1843 3581 246.
1874 3538 2056 3600 Utrum
2088 3540 2173 3597 qui
2194 3541 2477 3600 ordinatur,
2501 3557 2527 3589 a
2547 3544 2650 3589 Deo

1605 3596 1682 3662 sit
1705 3601 1908 3662 unetus,
1932 3596 2118 3662 quibus
2136 3601 2437 3662 exploretur
2465 3596 2649 3662 signis,

1605 3652 1735 3701 ibid.
1761 3656 1856 3710 Qui
1880 3652 2104 3720 easigna
2120 3658 2182 3720 in
2206 3652 2263 3704 se
2282 3674 2381 3706 non
2399 3652 2650 3720 agancit,

1605 3725 1930 3776 expavescat,
1950 3718 2064 3764 247.
2120 3718 2183 3764 Et
2211 3732 2312 3765 non
2341 3720 2405 3767 de
2434 3718 2653 3767 culmine

1605 3777 1918 3836 prwlationis
1947 3778 2238 3837 extollatur,
2261 3780 2374 3827 248.
2412 3781 2538 3827 Eum
2558 3782 2652 3827 im-

1604 3842 1857 3885 mutatum
1874 3840 2063 3901 virtute
2079 3842 2238 3887 sancti
2253 3840 2480 3901 Spiritus
2502 3842 2655 3889 admi-

1605 3903 1782 3962 rentur
1812 3901 2011 3957 caeteri,
2038 3900 2152 3947 248.
2191 3900 2311 3948 Inde
2333 3903 2469 3962 quod
2493 3917 2519 3950 a
2545 3903 2650 3951 Deo

1602 3959 1671 4007 sit
1699 3962 1923 4020 genitus,
1943 3963 2320 4022 comprobatur,
2344 3959 2647 4012 249.1nc0n-

1603 4021 1737 4068 sulta
1754 4022 2021 4071 Pastorum
2034 4021 2285 4072 ordinatio
2306 4021 2526 4082 notatur,
2540 4025 2648 4074 384.

1602 4082 1660 4129 In
1690 4084 1921 4147 ordinato
1949 4085 2253 4147 conveniant
2289 4087 2652 4147 contemplatio

1603 4149 1651 4191 et
1679 4145 1923 4201 charitas,
1957 4144 2071 4193 384.
2116 4146 2244 4194 Vide
2273 4147 2477 4197 Pastor.

1663 4204 1923 4268 Originale
1958 4212 2216 4267 peccatum
2260 4222 2352 4268 per
2392 4209 2651 4258 carnalem

1601 4267 2066 4339 concupiscentiam
2087 4267 2428 4339 propagatur,
2452 4270 2557 4339 497.
2592 4273 2650 4320 In

1598 4339 1753 4437 gaggsa
1782 4334 1862 4376 est
1892 4341 1985 4376 cur
2001 4330 2053 4375 in
2076 4330 2282 4390 justitia
2304 4344 2405 4380 non
2427 4336 2648 4392 stamus,

1662 4450 1942 4513 Originalis
1963 4450 2131 4513 culpa,
2144 4450 2251 4500 370.
2267 4452 2342 4500 Ex
2356 4466 2455 4513 qua
2471 4460 2649 4503 contu-

1599 4511 1795 4579 meliosi
1826 4513 1994 4560 carnis
2017 4511 2227 4579 sensus,
2249 4511 2645 4579 ib_i'dI_Concupi-

1600 4574 1821 4635 acontias
1852 4579 2076 4635 peccata,
2100 4575 2241 4631 vitia,
2275 4575 2412 4624 ibid.

1655 4634 1930 4699 Osculatur
1942 4637 2206 4699 Christum
2223 4640 2309 4697 qui
2321 4652 2413 4699 per
2424 4651 2648 4688 amorem

1597 4698 1976 4757 compuugitur,
2007 4695 2122 4744 404.

1658 4756 1904 4823 Osculum
1934 4758 2126 4805 Christi
2148 4757 2338 4823 Sponsi
2369 4763 2649 4823 estperl’ec-

1658 4772 1904 4804 uscutum
1934 4772 2126 4805 υηωειι
2149 4772 2185 4805 δ
2224 4772 2245 4807 C

1598 4818 1667 4865 tio
1700 4819 1838 4878 pacis
1869 4820 2107 4876 internae,
2136 4772 2245 4867 ΜΞ.

1657 4878 2022 4945 Ostentatio_et
2038 4881 2285 4941 iactantia
2303 4886 2647 4945 quorumdam

1595 4938 1881 4999 doctorum,
1915 4940 2005 4989 354
2017 4975 2030 4988 .

1658 5002 1800 5050 Ostia
1830 5001 2017 5052 domus
2047 5004 2138 5051 Dei
2168 5012 2300 5066 quae,
2334 5005 2439 5056 122.

2099 5092 2140 5145 P

1662 5189 1856 5256 Palma;
1868 5189 2047 5256 pagon
2060 5189 2328 5250 abscissae,
2352 5191 2476 5254 quid
2495 5194 2648 5256 signi-

1598 5251 1767 5305 ﬁcent,
1802 5250 1917 5299 138.
1952 5250 1969 5251 ί
2366 5250 2383 5254 “
2546 5250 2573 5256 ’⁷

1661 5312 1909 5371 Palmam,
1956 5311 2009 5359 id
2045 5318 2124 5360 est
2151 5326 2372 5371 crucem,
2404 5314 2646 5363 Christus

1600 5374 1898 5431 ascendens,
1916 5374 2116 5423 fructus
2135 5375 2253 5436 ejus
2270 5376 2418 5423 nobis
2435 5375 2640 5435 obtulit,

1596 5436 1811 5546 άὸέξὲηίε
1839 5499 2061 5548 hominis
2082 5500 2199 5560 quis
2215 5499 2300 5556 sit,
2320 5498 2429 5560 515.
2454 5498 2641 5547 Panem

1594 5561 1855 5608 comedere
1903 5559 2255 5609 oblivisCentis
2313 5559 2462 5617 mala,
2518 5561 2634 5609 515.

1597 5621 1693 5667 Pro
1750 5622 1971 5682 panibus
2024 5636 2079 5669 se
2123 5622 2308 5677 locare,
2350 5625 2428 5667 est
2464 5634 2638 5669 sacra-

1594 5688 1761 5731 menta
1792 5684 1992 5730 venturi
2024 5682 2378 5745 Redemptoris
2401 5683 2453 5729 in
2468 5682 2637 5745 Scrip-

1595 5748 1707 5791 tura
1742 5758 1885 5792 sacra
1916 5742 2231 5804 perquirere,
2260 5742 2344 5791 49.

1632 5804 2128 5853 Paradisusclausus
2140 5809 2253 5852 ante
2266 5806 2543 5866 Christum,
2558 5806 2633 5855 42.

3614 302 3749 358 1470

2769 424 2935 489 Parcit
2951 426 3089 475 Deus
3111 426 3248 475 ﬂenti
3276 438 3368 489 pro
3379 425 3616 489 peccatis,
3630 424 3746 474 472.

2772 487 3057 536 Pardorum
3090 487 3305 545 montes,
3336 487 3449 536 431.

2706 548 2955 656 53Parere
2984 553 3159 608 menti,
3182 555 3231 599 et
3245 552 3508 612 concipere
3528 550 3653 611 quid
3668 550 3752 608 sit,

2772 671 2969 719 Parios.
3008 673 3127 720 Post
3157 674 3401 734 parietem
3431 672 3579 720 latuit
3614 672 3754 721 Deus

2710 731 2759 777 in
2789 746 2939 779 carne
2969 731 3319 787 absconditus,
3351 734 3464 781 419.

2774 794 3008 841 Parvulis
3040 801 3107 843 ut,
3126 797 3286 856 prosit
3311 795 3533 842 Ecclesia
3553 793 3757 843 dilatio-

2713 866 2827 917 nem
2846 868 2953 917 suae
2969 856 3144 917 glorim
3158 858 3406 916 patienter
3420 856 3661 913 sustinet,
3677 856 3755 904 24.

2713 913 3051 977 Parvuloer
3072 913 3311 970 Ecclesia
3326 918 3515 965 oblatio
3534 932 3648 977 qua}
3663 918 3749 974 sit,

2712 972 2845 1055 ξ
2973 979 3261 1055 ablue-tati;
3272 981 3440 1055 u‘giter
3457 972 3757 1055 conisipejctu—i

2711 1036 2800 1082 Dei
2830 1037 3103 1094 sistunlur,
3128 1036 3257 1088 ιὺίάῖ
3291 1036 3454 1088 Nimis
3483 1036 3757 1088 ascendere

2710 1110 2809 1144 non
2840 1113 2885 1158 p1
2902 1106 3178 1156 assumanl,
3211 1101 3292 1148 25.

2774 1159 2950 1205 Passio
2967 1160 3156 1207 Christi
3178 1162 3230 1209 in
3245 1161 3495 1210 sacriﬁcio
3517 1160 3757 1209 Helcanaa

2713 1219 2947 1281 figurata,
2980 1221 3059 1267 13.

2774 1280 2998 1329 Pastoris
3028 1281 3269 1339 ofﬁcium,
3302 1280 3384 1329 29.
3431 1282 3578 1339 Quod
3609 1295 3757 1331 nemo

2711 1342 2826 1404 suis
2854 1343 3048 1390 viribus
3083 1343 3293 1404 implere
3322 1356 3476 1404 posse
3513 1343 3756 1400 conﬁdat,

2712 1401 2841 1466 ibid.
2861 1404 2950 1466 _A_d_
2976 1405 3026 1450 id
3056 1401 3308 1451 continuae
3323 1401 3509 1466 'preccs
3527 1417 3757 1451 necessa-

2712 1465 2817 1519 riae,
2832 1463 3183 1512 ibid-Pastor
3199 1463 3414 1525 praestet
3435 1466 3556 1520 vita,
3579 1466 3756 1521 verbo,

2711 1526 3270 1585 contemplationi-.203.
3297 1528 3558 1573 Christum
3590 1526 3756 1573 imite-

2712 1589 2811 1643 tur,
2844 1599 2943 1645 quo
2967 1588 3139 1633 nullus
3168 1588 3349 1634 durior
3377 1588 3495 1644 sibi,
3526 1586 3657 1634 ibid.
3680 1586 3758 1633 Ah

2714 1647 2825 1707 ipso
2858 1649 3105 1701 mittatur,
3126 1647 3249 1695 ιὸίτι.
3273 1648 3501 1695 Erudilis
3530 1648 3758 1695 subditis

2713 1721 2986 1768 quousque
3013 1723 3186 1756 curam
3220 1712 3513 1769 impendere
3542 1710 3757 1755 debeant

2711 1775 2961 1830 pastores,
2986 1771 3087 1817 158.
3108 1771 3217 1825 Quo
3236 1771 3405 1818 studio
3435 1783 3557 1831 erga
3575 1770 3757 1817 subdi-

2712 1834 2876 1892 torum
2909 1833 3272 1879 correctionem
3295 1830 3634 1892 vigilandum,
3653 1830 3754 1877 164.

2708 1891 2939 1938 Tentalis
2957 1894 3181 1940 subditis
3203 1891 3482 1940 orationem
3513 1898 3561 1938 et
3591 1892 3756 1938 sacri-

2710 1952 2939 2000 ﬁciorum
2976 1955 3208 2001 subsidia
3242 1960 3473 2015 pastores
3504 1952 3758 2015 submini-

2708 2015 3063 2071 strant,lh‘8.1n
3077 2014 3319 2063 alussima
3334 2014 3758 2074 contemplatione

2709 2087 2944 2134 suspens:
2969 2082 3198 2135 pastores
3223 2077 3289 2123 ad
3318 2077 3570 2123 docendos
3587 2074 3757 2121 subdi-

2710 2140 2785 2182 tes
2802 2138 3127 2195 descendant,
3141 2138 3247 2191 200,
3262 2138 3369 2183 255.
3389 2137 3563 2184 Altum
3589 2137 3660 2182 loc
3673 2148 3758 2182 um

2708 2210 2892 2266 prose
2926 2199 3128 2266 habent,
3152 2200 3345 2266 alium_
3370 2211 3460 2266 pro
3513 2198 3754 2266 subditis,

2710 2257 2839 2304 ibid.
2859 2259 3162 2319 Relinquant
3177 2257 3523 2320 proprialoca,
3545 2264 3600 2304 ut
3620 2271 3759 2305 com-

2710 2322 2881 2365 munia
2899 2319 3189 2380 disponant,
3208 2319 3335 2367 ibid.
3358 2321 3580 2379 Proprizn
3596 2320 3751 2379 perfe-

2708 2382 2890 2426 ctionis
2919 2394 3091 2428 amore
3120 2383 3241 2427 dum
3264 2381 3756 2435 ascendunt,alienaa

2709 2440 2893 2503 inlirmi
2903 2443 3019 2489 tatis
3046 2443 3403 2503 compassione
3423 2440 3755 2497 descendant,

2707 2502 2815 2549 255.
2833 2504 3069 2551 Pastores
3087 2505 3291 2551 tentatis
3312 2504 3536 2550 subditis
3556 2514 3755 2561 compa-

2710 2564 2918 2623 tianlur,
2943 2568 3048 2610 262.
3083 2565 3283 2624 Eosque
3313 2563 3757 2624 exhortationibus

2707 2625 2969 2686 roborent,
2999 2628 3112 2672 268.
3141 2622 3340 2686 Magnis
3369 2625 3683 2672 clamoribus
3703 2622 3759 2669 li-

2706 2684 2898 2746 delium
2938 2688 3154 2733 salutem
3196 2684 3427 2746 pastores
3476 2685 3756 2746 postulent,

2704 2744 2820 2792 274.
2855 2747 2933 2793 Ad
2963 2761 3181 2807 quorum
3196 2744 3492 2795 Velamorem'
3507 2747 3757 2793 Dominus

2706 2820 2770 2853 vo
2803 2822 2882 2854 em
2916 2809 3019 2862 dat,
3047 2808 3182 2857 ibid.
3226 2810 3408 2855 l’astor
3442 2808 3595 2855 debet
3641 2819 3757 2853 esse

2709 2871 2862 2915 tanta:
2891 2870 3154 2917 charitatis
3188 2876 3243 2916 ut
3272 2869 3480 2915 instanti
3502 2867 3757 2914 desiderio

2710 2942 2808 2991 non
2825 2932 3026 2990 petitor,
3044 2932 3133 2978 sed
3154 2930 3331 2991 petitio
3352 2943 3465 2976 esse
3483 2929 3754 2991 sentiatur,

2708 2990 2822 3037 280.
2854 2991 3033 3038 Pastor
3047 2993 3225 3051 culpas
3245 2990 3546 3052 corrigendo
3569 2990 3754 3037 subdi-

2708 3056 2897 3113 torum,
2916 3054 3005 3111 qui
3036 3066 3252 3113 surgere
3286 3051 3470 3099 debeat
3496 3056 3545 3098 et
3573 3064 3755 3097 ascen-

2709 3112 2846 3170 dere,
2870 3114 2975 3160 291.
3008 3114 3235 3160 'l'cntatis
3264 3113 3487 3160 subditis
3518 3118 3755 3173 pastores

2710 3174 2956 3220 auxilium
3001 3176 3132 3220 ferre
3174 3188 3273 3221 non
3317 3172 3594 3228 morentur,
3634 3172 3750 3218 298.

2708 3234 2851 3280 Alios
2881 3234 2931 3281 in
2952 3240 3059 3282 tuto
3075 3241 3337 3294 reponant,
3351 3235 3479 3281 alios
3498 3246 3671 3281 secum
3692 3232 3755 3294 ad

2708 3294 2899 3341 bellum
2941 3293 3175 3353 educant,
3208 3294 3339 3344 ibid.
3384 3296 3515 3342 Dum
3561 3308 3649 3341 eos
3690 3293 3757 3340 ad

2706 3358 2951 3415 praelium
2984 3365 3278 3415 provocant,
3301 3358 3397 3417 ipsi
3430 3357 3626 3416 priores
3655 3366 3755 3417 pu—

2708 3423 2891 3477 gnent,
2946 3417 3082 3465 ibid.
3139 3416 3504 3465 Umbra’culum
3534 3416 3759 3477 subditis

2706 3476 2847 3534 sunt,
2867 3481 2953 3539 qui
2987 3481 3050 3526 ab
3080 3476 3757 3539 azstuconcupiscenttwad-

2708 3539 3083 3601 hortationibus
3096 3554 3187 3587 eos
3200 3538 3493 3601 protegdnt,
3649 3539 3759 3601 Um'

2708 3600 2978 3647 braculum
2991 3598 3295 3647 diminutive
3309 3598 3499 3647 dicitur
3517 3604 3572 3646 ut
3586 3598 3758 3646 Christ

2709 3664 2758 3705 to
2773 3674 2919 3706 nemo
2935 3660 3359 3718 comparetur,30|
3376 3660 3756 3707 .t’eccatoribus

2708 3719 2926 3765 multum
2938 3722 3155 3777 compati
3169 3720 3631 3778 discantpastores,
3649 3718 3741 3766 307

2708 3778 2946 3826 Pastores
2958 3780 3159 3839 judicio
3175 3780 3349 3826 divino
3366 3781 3417 3825 in
3435 3779 3757 3827 subditorum

2707 3840 2885 3900 culpas
2907 3841 3464 3901 inquirentes,easdem
3481 3841 3656 3887 divina
3674 3841 3745 3886 mi

2707 3900 2987 3949 sericordia
3009 3902 3196 3963 eperiri
3227 3902 3502 3961 postulent,
3517 3901 3623 3948 325.
3644 3900 3737 3963 Sin

2707 3962 2946 4023 gulorum
2985 3963 3351 4019 inﬁrmitatem,
3380 3968 3469 4009 aut
3496 3962 3744 4010 fortitudi-

2704 4037 2822 4070 nem
2843 4025 3123 4084 explorent,
3169 4023 3298 4070 ibid.
3324 4024 3502 4071 Pastor
3533 4023 3752 4084 singulo-

2706 4097 2820 4156 rum
2834 4097 3005 4133 sortes
3019 4085 3298 4155 tenet,.dum
3314 4084 3754 4156 cujusque

2705 4149 2872 4192 torum
2889 4146 3329 4193 conversationem
3342 4144 3504 4201 videt,
3517 4144 3626 4192 326.
3646 4145 3755 4193 Sin-

2739 4204 2943 4251 ulorum
2964 4217 3080 4252 esse
3098 4203 3351 4257 videatur,
3373 4202 3768 4252 3:t3.-Pastores

2735 4267 2861 4313 iscet
2883 4279 3087 4314 summa
3109 4264 3490 4326 perfectio,223.
3512 4266 3573 4313 Et
3596 4267 3648 4312 in
3668 4266 3765 4313 bo-

2695 4328 2776 4374 nis
2805 4328 3051 4387 operibus
3083 4328 3351 4385 fortitudo,
3400 4328 3535 4375 ibid.
3571 4327 3638 4374 Ut
3676 4340 3764 4374 re-

2692 4394 2853 4451 gnent
2881 4390 3270 4449 cruciﬂgantur,
3289 4387 3403 4441 224.
3428 4389 3630 4436 Matura
3651 4401 3771 4451 con-

2689 4449 3006 4499 sideratione
3041 4451 3240 4511 agenda
3284 4450 3581 4512 disponant,
3621 4449 3761 4512 ibid.

2688 4513 2876 4574 Magna
2895 4514 3266 4563 retractatione
3295 4511 3500 4574 consilii
3528 4517 3653 4560 sunt
3669 4511 3755 4560 eli-

2698 4573 2882 4637 gendi,
2936 4575 3070 4624 ibid.
3147 4573 3379 4637 Propria:
3433 4574 3769 4637 perfectionis

2700 4652 2873 4687 amore
2894 4641 3017 4688 dum
3040 4641 3338 4695 ascendunt,
3354 4639 3534 4688 aliena:
3557 4640 3755 4686 murmi-

2702 4702 2823 4748 tatis
2875 4700 3231 4761 compassione
3278 4700 3606 4758 descendant,
3645 4699 3756 4757 225,

2701 4760 2808 4809 236.
2828 4761 2936 4809 Sibi
2973 4763 3076 4808 sint
3106 4761 3277 4821 rigidi,
3312 4761 3538 4807 subditis
3560 4766 3756 4821 tempe-

2703 4826 2819 4883 rati,
2844 4822 2973 4871 ibid.
2993 4819 3275 4883 Saecularis
3289 4834 3393 4883 non
3402 4827 3603 4883 curent,
3619 4819 3681 4883 ut
3694 4819 3756 4867 de

2701 4879 3007 4933 cmlestibus
3019 4882 3356 4940 sollicitisint,
3376 4879 3508 4929 ibid.
3529 4884 3583 4929 In
3593 4879 3756 4929 rebus

2702 4949 2965 5008 quiescant
3002 4943 3501 5004 spiritualibus,226.
3534 4942 3644 5008 l‘am
3672 4942 3755 5008 his

2702 5004 2791 5069 qui
2811 5008 3051 5055 ordinant
3065 5009 3313 5064 pastores,
3333 5016 3487 5113 quam
3512 5006 3598 5065 qui
3615 5004 3755 5053 ordi-

2702 5073 2909 5113 nantur.
2941 5065 3280 5113 sumendum.
3319 5080 3337 5113 ι
3377 5066 3537 5113 ιά.-
3567 5066 3752 5113 Pastor

2701 5065 2909 5122 nantur,
2941 5065 3280 5127 surgendum,
3319 5065 3537 5114 ibid.—
3567 5066 3752 5115 Pastor

2702 5130 2985 5187 egreditur,
3000 5140 3116 5175 cum
3129 5138 3158 5173 a
3178 5135 3375 5176 secreto
3387 5127 3751 5186 meditationis,

2702 5143 2730 5177 e
2772 5143 2985 5187 reditur,
3000 5143 3116 5175 cum
3129 5143 3158 5173 ἃ
3178 5143 3375 5176 secreto
3387 5143 3751 5186 mﬂﬂllallonls,

2701 5143 2769 5238 ag
2795 5191 3058 5250 publicum
3088 5188 3259 5249 operis
3288 5190 3444 5247 venit,
3458 5189 3568 5237 226.
3590 5192 3753 5237 Ante-

2701 5264 2854 5312 quam
2888 5252 3191 5306 dilucescat,
3222 5252 3359 5298 foras
3394 5264 3494 5298 non
3524 5251 3752 5310 prodeat,

2699 5313 2814 5361 227.
2851 5314 3028 5362 Potius
3049 5312 3316 5360 ordinatur
3346 5325 3439 5372 pro
3470 5312 3751 5372 peccatori-

2698 5373 2817 5435 bus,
2848 5388 3005 5436 quam
3046 5388 3138 5436 pro
3161 5374 3342 5435 iustis,
3376 5372 3505 5421 ibid.
3540 5373 3754 5434 Proprie

2697 5438 2872 5485 sensui
2902 5451 3003 5486 non
3023 5436 3186 5492 cedat,
3208 5448 3302 5483 nec
3322 5448 3474 5483 suum
3504 5441 3751 5496 sequatur

2698 5498 2987 5556 arbitrium,
3021 5496 3151 5545 ibid.
3190 5497 3369 5545 Pastor
3398 5497 3647 5545 mediator
3673 5500 3753 5545 est

2696 5560 2859 5608 Deum
2878 5562 3010 5608 inter
3040 5566 3087 5606 et
3108 5559 3386 5616 hominem,
3406 5559 3513 5607 229.
3540 5557 3631 5606 Dei
3648 5570 3744 5619 po-

2694 5623 2873 5693 pulum
2889 5621 3165 5693 liherando,
3180 5626 3354 5693 caveat
3366 5620 3748 5693 hostisjugum,

2695 5682 2827 5733 ibid.
2843 5684 2969 5740 Quae
2988 5689 3056 5731 sit
3074 5682 3333 5730 hereditas
3348 5682 3570 5741 Domini,
3594 5693 3747 5741 quam

2813 5719 2827 5733 ο
2844 5716 2969 5740 κυω
2988 5716 3056 5731 σι,
3074 5716 3154 5730 μυ.
3169 5716 3333 5729 vulluu
3348 5716 3570 5742 υυιυιιιι,

2693 5759 2925 5807 quaerere
2945 5743 3384 5801 tenetur,ibid.Ah
3397 5745 3635 5807 hostibus
3646 5744 3745 5791 cir-

2690 5805 3067 5857 cumstantibus
3087 5807 3209 5867 quid
3230 5805 3503 5855 formidare
3536 5805 3742 5864 debeat,
