4000 6318
290 364 346 420 i7
1074 365 1138 419 IN
1179 366 1443 424 PRMUM
1488 359 1728 423 RI'ZGUM
1770 366 1868 422 EX

1975 366 2277 423 SITIONES.
2321 368 2738 424 PROtEliIUM.
3495 377 3560 428 18

285 476 486 552 l‘lotulis
522 479 740 552 pagina:
771 478 1049 552 subjectis,
1101 480 1185 552 vel
1235 479 1409 552 varias
1433 479 1691 552 lectiones
1720 478 2082 552 exhibuimus,
2140 480 2510 552 velquzedam
2553 481 2934 536 Commentarii
2985 483 3102 538 loca
3160 484 3556 544 illutravimus.

285 545 492 622 Utinam
522 545 731 622 laboris
774 545 950 622 nostri
971 565 1101 622 sane
1133 549 1360 622 improbi
1388 550 1621 618 Optimos
1649 556 1704 604 et
1730 549 1995 622 jucundos
2018 549 2223 622 fruetus
2249 545 2418 605 lector
2438 567 2662 619 carpere
2690 555 2855 621 possit
2883 561 2939 606 et
2968 553 3275 622 degustare.

349 617 423 669 De
451 621 802 693 expositione
832 621 890 693 in
912 618 1134 693 Qantica
1164 617 1497 693 canticorum
1524 634 1643 693 quae
1670 619 1905 693 excipiet
1934 620 2079 674 hunc
2099 617 2582 693 Commentarium,
2617 617 2758 693 etde
2789 623 2907 676 aliis
2937 617 3191 692 operibus
3221 625 3504 693 subseque.
3526 655 3550 665 -

281 685 418 760 t_ibus
458 685 546 760 hic
593 690 778 760 dicere
820 690 951 743 nihil
984 690 1195 760 attinet,
1226 705 1346 760 cum
1379 685 1606 760 singulis
1630 685 2014 760 print-itiones,
2064 698 2157 760 aut
2186 691 2579 744 admon'tiones
2607 685 3011 760 prteﬁxerimus.
3057 695 3124 746 At
3172 694 3223 748 in
3255 685 3459 760 praefat.
3495 697 3561 749 ad

284 755 925 834 Expositionenrgant’gi
961 775 1066 834 non
1099 759 1285 834 d_ehuit
1315 759 1494 834 omitti
1521 755 1886 834 testimonium
1915 760 2083 834 sancti
2112 759 2451 834 Columbani,
2485 762 2575 831 qui
2606 755 2755 834 inter,
2775 764 2944 834 sancti
2975 762 3219 834 Gregorii
3241 755 3414 834 Opera
3443 780 3563 817 eam

279 838 520 904 recenset
542 843 674 904 cum_
702 829 1088 904 libroijegulze
1121 827 1416 904 Pa_sl0r._el
1452 827 1700 904 Ilomiliis
1749 829 1802 883 in
1832 827 2191 895 Ezecliicletn,
2217 837 2275 884 ut
2304 827 2598 886 vidrre'est
2625 832 2677 885 in
2711 832 2949 902 ejusdem
2983 827 3304 889 Columbani
3333 833 3562 904 epistola

281 896 416 950 inter
442 896 813 968 Gregorianas
845 898 982 968 (Lib.
1019 915 1090 964 rx,
1116 901 1265 969 epist.
1293 900 1519 969 ultima).

821 1073 916 1077 -υ-
941 1072 1034 1077 ς--ο-ι
1045 1071 1162 1076 ——————
1179 1072 1244 1075 ———
1255 1071 1398 1076 ~———-
1418 1068 2062 1076 ->—A--—~——-—-—-————-——-——-————
2073 1071 2222 1076 —--———~-—
2237 1071 2918 1078 ο--η--σ---μὺν--ρ---λ--νε
2931 1073 3407 1080 M

284 1067 3554 1122 Μ

756 1273 1436 1388 εΛΝοτι
1512 1271 2419 1391 GREGORII
2494 1275 3116 1391 MAGNI

1522 1508 1833 1572 ROMANI
1885 1509 2327 1573 PONTIFICIS

484 1687 693 1828 IN
787 1633 1565 1832 LIBRUM
1651 1687 2464 1834 PRIMUM
2561 1692 3356 1853 REGUM.

1484 1959 1588 2019 QUI
1625 1959 1704 2010 ΕΤ
1738 1959 2052 2010 SAMUELIS
2090 1960 2380 2022 DICITL’R,

946 2135 1466 2213 VABIARUM
1524 2137 2301 2216 EXPOSITIONUM
2358 2141 2624 2218 LIBRI
2684 2138 2895 2218 SEX.

1496 2560 2340 2743 ἧβτοοειηὶιιιη.

351 2895 392 2961 ι
422 2888 559 2944 Post
607 2886 782 2959 Moysi
809 2893 864 2942 et
911 2884 1036 2942 Jesu
1088 2885 1234 2940 Nave
1271 2883 1458 2948 libros,
1497 2889 1553 2937 et
1589 2880 1832 2935 Judicum
1855 2918 1870 2944 ,
1907 2873 1950 2932 A
1979 2878 2317 2936 altitudinem
2365 2882 2609 2951 intuens,
2643 2879 2940 2956 Synagogee
2989 2894 3172 2958 typum
3214 2904 3316 2943 una
3342 2929 3356 2955 ,
3400 2891 3567 2948 altera

279 2992 302 3019 ⁸
332 2991 560 3036 octavus
602 2979 719 3034 sive
747 2992 921 3032 nonus
954 2977 1009 3032 in
1034 2990 1242 3032 canone
1284 2981 1594 3031 sanctarum
1634 2971 1875 3040 Scriptu-

283 3087 458 3125 rarum
488 3071 706 3140 primus
735 3069 871 3124 liber
899 3068 1104 3137 Regum
1132 3066 1452 3123 ostenditur.
1503 3064 1605 3131 Qui
1633 3064 1876 3133 proiecto

278 3161 430 3229 liber,
462 3161 613 3217 sicut
641 3168 697 3215 et
721 3159 981 3229 pleraque
1007 3159 1281 3215 volumina
1311 3157 1449 3212 sacri
1480 3155 1702 3224 eloquii,
1730 3151 1877 3222 quod

278 3250 304 3289 ιν
330 3267 358 3305 a
383 3257 598 3307 sancta:
619 3249 867 3305 Ecclesia:
888 3249 1197 3306 doctoribus
1223 3248 1460 3303 nondum
1484 3247 1553 3300 sit
1579 3246 1872 3316 expositus,

276 3341 514 3396 nonnulli
547 3340 907 3411 simpliciores
934 3339 1077 3394 hunc
1113 3355 1221 3394 non
1247 3353 1366 3392 esse
1406 3337 1690 3406 mysticum
1728 3333 1875 3388 arbi-

269 3440 506 3494 trantur,
543 3439 697 3487 eteo
729 3431 1038 3486 sublimiora
1080 3445 1176 3500 per
1204 3428 1451 3499 spiritum
1492 3426 1636 3480 nulla
1662 3425 1870 3490 dicere,

271 3537 376 3594 quo
398 3522 655 3592 planiora
679 3537 774 3592 per
793 3521 1023 3576 litteram
1053 3520 1264 3574 videtur
1283 3531 1557 3573 enarrare.
1581 3514 1687 3570 Sed
1712 3515 1757 3569 si
1785 3529 1870 3579 ea,

271 3630 388 3684 qua:
415 3615 470 3668 in
501 3614 632 3669 aliis
657 3613 1096 3683 explanationum
1123 3609 1272 3665 libris
1298 3609 1552 3663 doctores
1579 3604 1754 3661 sancti
1790 3604 1874 3659 lo-

272 3706 378 3759 cuti
425 3713 563 3760 sunt
597 3705 863 3773 legerent,
909 3701 1067 3772 hujus
1094 3715 1307 3772 quoque
1337 3698 1576 3753 historia:
1615 3709 1774 3764 quam
1804 3695 1876 3750 sit

272 3797 535 3852 immensa
571 3795 904 3866 profunditas
935 3794 1259 3849 invenirent.
1303 3791 1436 3845 Nam
1468 3789 1784 3860 plerumque
1818 3787 1873 3840 in

273 3888 486 3941 illorum
519 3885 957 3956 expositionibus
985 3883 1128 3953 quod
1157 3883 1245 3936 hic
1271 3882 1491 3952 planum
1515 3895 1612 3950 per
1638 3879 1872 3933 litteram

271 3976 466 4031 dicitur
496 3975 668 4032 valde
695 3990 816 4032 esse
847 3974 1073 4030 arduum
1106 3988 1204 4044 per
1245 3971 1536 4042 Spiritalem
1566 3969 1872 4038 intelligen-

273 4067 397 4121 tiam
439 4065 773 4134 dcclaratur,
805 4075 862 4122 et
890 4075 1078 4136 aperte
1117 4064 1391 4119 insinuant
1419 4064 1543 4132 quia
1593 4062 1751 4131 longe
1781 4077 1873 4116 su-

271 4163 486 4219 blimius
508 4163 581 4217 de
610 4174 769 4218 sacra
792 4157 1018 4213 historia
1049 4154 1351 4224 intelligunt
1375 4169 1535 4224 quam
1558 4153 1611 4207 in
1639 4152 1754 4222 ejus
1781 4167 1872 4206 su-

1982 2983 2111 3022 vcro
2142 2970 2265 3038 quia
2297 2970 2518 3040 ﬁguram
2560 2982 2758 3029 sancta:
2807 2974 3056 3032 Ecclesiae
3101 2977 3354 3043 haberet,
3394 2995 3567 3051 expon

1979 3059 2105 3113 suit.
2147 3058 2375 3116 Sanctus
2411 3079 2624 3134 quoque
2665 3065 3020 3137 Hieronymus
3051 3068 3296 3139 (Advers.
3345 3069 3569 3143 Pelag.,

1980 3149 2069 3203 lib.
2097 3167 2132 3216 ι,
2163 3167 2210 3204 c.
2243 3151 2305 3217 8;
2327 3162 2376 3205 et
2406 3163 2586 3208 contra
2610 3154 2782 3210 Joviu.
2807 3155 2897 3211 lib.
2930 3169 2966 3223 t',
2993 3175 3042 3212 c.
3061 3157 3146 3226 10)
3172 3157 3288 3212 IIeli
3311 3160 3566 3216 sacerdo-

1980 3240 2049 3296 tis
2077 3249 2130 3294 et
2157 3241 2284 3296 Saul
2307 3251 2553 3310 mortem,
2580 3261 2686 3300 non
2717 3246 2786 3300 ad
2816 3247 2918 3302 hoc
2937 3247 3111 3302 solum
3141 3250 3195 3303 in
3221 3265 3371 3305 sacra
3395 3250 3567 3306 histo-

1978 3331 2057 3385 ria
2084 3333 2335 3401 positam,
2366 3342 2423 3388 ut
2449 3335 2818 3392 inobedientes
2842 3341 3158 3410 prmpositos
3189 3357 3372 3397 eorum
3399 3351 3567 3399 terre-

1976 3436 2058 3478 ret
2082 3441 2262 3495 poena,
2293 3427 2385 3482 sed
2408 3429 2568 3483 etiam
2592 3437 2667 3496 ut,
2699 3430 2826 3485 dum
2849 3440 3088 3487 veterum
3119 3442 3173 3488 et
3203 3442 3568 3502 transgresso-

1976 3532 2092 3571 rum
2123 3528 2395 3573 rectorum
2431 3521 2664 3591 repulsio
2695 3521 2910 3590 legitur,
2945 3525 3175 3594 antiqua:
3216 3525 3345 3594 legis
3393 3533 3448 3580 et
3479 3542 3571 3581 sa-

1975 3609 2201 3663 cerdotii
2255 3609 2506 3666 interitus
2554 3613 2882 3683 designetur.
2931 3613 3096 3669 Sacra
3155 3615 3315 3685 igitur
3362 3616 3567 3685 Regum

1975 3699 2195 3756 historia
2244 3717 2352 3756 non
2398 3702 2599 3758 idcirco
2646 3704 2975 3773 spiritalibus
3018 3705 3369 3760 sacrament'Ls
3397 3720 3566 3760 vacua

1931 3846 1935 3850 .
1974 3793 2235 3848 credenda
2263 3801 2364 3862 est,
2396 3796 2519 3864 quia
2565 3811 2595 3849 a
2636 3796 3031 3851 venerabilibus
3061 3797 3301 3867 patribus
3325 3798 3566 3852 seriatim

1973 3898 2080 3938 non
2111 3892 2194 3938 est
2222 3886 2487 3956 exposita,
2520 3887 2613 3941 sed
2660 3903 2727 3942 eo
2764 3889 2925 3942 altior
2967 3897 3023 3943 et
3062 3888 3392 3958 profundior,
3424 3906 3566 3960 quo,

1973 3971 2118 4026 velut
2144 3972 2389 4028 immensi
2419 3975 2638 4031 vastitas
2667 3973 2919 4043 ﬂuminis,
2951 3992 3017 4032 ex
3047 3984 3200 4048 parte
3229 3980 3416 4047 quavis
3448 3980 3563 4034 exi-

1971 4078 2074 4134 gua
2097 4064 2298 4119 hauriri
2325 4066 2648 4136 exponendo
2673 4069 2869 4137 potuit,
2903 4075 2956 4147 et
2985 4068 3203 4138 repletis
3227 4083 3414 4123 eorum
3443 4085 3566 4125 vas-
3593 4079 3605 4087 ’

1971 4155 2127 4220 culis,
2151 4172 2261 4211 suae
2287 4157 2633 4226 plenitudinis
2657 4159 2857 4229 impetu
2877 4158 3118 4228 quotidie
3139 4159 3424 4229 implendis
3447 4160 3566 4217 aliis

274 4256 493 4326 perﬁcie
524 4255 664 4311 foris
704 4254 906 4321 legunt.
940 4249 1160 4304 Planum
1201 4262 1432 4316 namque
1471 4255 1554 4302 est
1591 4245 1733 4317 quod
1780 4245 1869 4300 El-
1899 4237 1944 4297 Β
1974 4248 2228 4304 (Ιρευι-Γίῐ.
2261 4251 2394 4304 Dum
2423 4265 2552 4320 ergo
2581 4252 2825 4322 quaedam
2853 4250 3014 4320 huius
3041 4267 3207 4306 sacrae
3235 4251 3469 4307 historia:
3498 4252 3566 4306 ad

270 4366 402 4405 cana
429 4350 515 4405 vir
540 4347 860 4418 Ephratzeus
884 4357 1080 4398 uxores
1111 4340 1246 4395 duas
1273 4339 1521 4394 habuisse
1550 4337 1871 4392 describitur

271 4437 338 4506 (ι
361 4438 495 4510 Reg.
525 4455 569 4503 ι,
602 4438 657 4505 1,
688 4435 778 4504 2);
809 4433 951 4505 quod
976 4431 1092 4487 Heli
1115 4429 1396 4494 sacerdos,
1427 4427 1552 4483 dum
1582 4442 1610 4482 a
1641 4443 1868 4483 censura

270 4528 638 4599 Correptionis
667 4526 897 4582 ﬁliorum
941 4521 1227 4578 affectione
1269 4519 1609 4584 dissolvitur,
1642 4516 1709 4572 de
1738 4517 1866 4572 sella

269 4622 432 4685 cadit,
463 4629 522 4674 et
550 4619 728 4674 fracta
753 4615 964 4673 cervice
1001 4613 1184 4669 interit
1225 4609 1423 4684 (Ibid.,
1469 4625 1539 4674 ιν,
1569 4607 1696 4675 18);
1725 4607 1867 4676 quod

269 4725 366 4766 rex
392 4710 526 4766 Saul
556 4708 784 4765 obedire
824 4707 935 4761 Deo
977 4704 1028 4759 in
1059 4702 1473 4758 Amalecitarum
1520 4699 1868 4754 demolitione

269 4803 442 4856 noluit
468 4800 524 4872 (I
559 4799 693 4871 Reg.
719 4815 808 4863 xv,
830 4798 906 4869 9),
937 4796 1031 4852 sed
1069 4811 1176 4850 non
1206 4793 1377 4850 multo
1404 4799 1526 4862 post
1548 4799 1602 4845 et
1628 4789 1792 4844 vitam
1813 4795 1868 4842 et

269 4907 498 4960 regnum
541 4891 726 4946 amisit
763 4888 817 4960 (Ι
861 4887 994 4959 Reg.
1023 4902 1171 4951 xxxi,
1204 4883 1278 4955 5).
1311 4883 1416 4939 Sed
1472 4883 1584 4937 haec
1614 4881 1864 4936 nimirum

267 4986 444 5054 plana,
469 4985 620 5040 sicut
647 4983 827 5054 placet
848 4985 898 5052 2
926 4979 1368 5049 simplicioribus,
1399 4977 1649 5032 doctores
1669 4972 1862 5038 sancti,

270 5083 325 5127 ut
352 5074 516 5143 digna
546 5072 878 5130 sublimitate
910 5070 1286 5141 perciperent,
1313 5083 1498 5122 eorum
1529 5065 1860 5121 intellectum

265 5181 373 5220 non
404 5167 462 5220 in
503 5165 851 5234 simplicitate
873 5163 1196 5233 qumsierunt
1235 5160 1444 5223 litterae,
1478 5159 1572 5214 sed
1601 5158 1654 5212 in
1682 5157 1860 5211 volatu

262 5257 572 5325 allegoriae.
602 5255 740 5312 IIinc
765 5266 846 5311 est
873 5255 1017 5312 enim
1042 5255 1184 5324 quod
1215 5269 1335 5307 cum
1363 5261 1581 5308 sanctus
1609 5248 1864 5320 Augusti-

265 5363 364 5405 nus
393 5348 483 5419 (L.
519 5363 637 5403 xvu
665 5348 729 5402 de
758 5346 907 5402 Civil.
933 5346 1066 5413 Dei,
1094 5363 1139 5399 ε.
1184 5343 1239 5415 4)
1267 5343 1399 5398 duas
1430 5343 1635 5397 Eleanaa
1667 5355 1862 5396 uxores

1971 4344 2137 4399 robur
2163 4361 2383 4400 suorum
2427 4361 2650 4415 operum
2691 4346 2961 4412 tollerent,
3003 4345 3386 4415 plenitudinem
3432 4361 3562 4401 vero

1970 4434 2111 4489 illius
2140 4435 2193 4489 in
2219 4451 2328 4490 sua:
2351 4435 2696 4491 sublimitatis
2720 4443 2930 4490 secreto
2962 4434 3309 4489 indiscussam
3333 4441 3562 4504 praeter-

1971 4526 2143 4593 irent,
2179 4525 2306 4595 quid
2336 4526 2478 4580 aliud
2508 4541 2669 4596 agere
2709 4526 2811 4581 visi
2845 4533 2987 4589 sunt,
3011 4539 3170 4594 quam
3202 4524 3267 4578 de
3297 4516 3560 4580 immenso

1970 4631 2127 4670 amne
2172 4616 2373 4684 aliquid
2422 4631 2638 4686 capere,
2683 4615 2827 4685 quod
2873 4613 3176 4670 sitientibus
3226 4611 3458 4666 ﬁdelium
3507 4613 3559 4682 3

1971 4707 2240 4764 mentibus
2267 4707 2650 4778 propinarent?

2040 4799 2093 4854 2.
2126 4798 2366 4866 Quorum
2402 4798 2645 4869 profecto
2685 4812 2891 4851 morem
2920 4810 3019 4849 nos
3066 4809 3278 4863 quoque
3320 4796 3372 4849 in
3416 4811 3557 4866 pra:-

1967 4886 2106 4942 senti
2151 4901 2314 4957 opere
2341 4886 2632 4957 sequimur,
2664 4885 2755 4954 qui
2784 4884 2852 4938 ad
2899 4884 3170 4952 ingentem
3209 4883 3348 4939 hanc
3387 4886 3558 4940 histo-

1967 4979 2102 5032 riam
2133 4978 2304 5046 gratia
2331 4975 2635 5048 aperiendae
2664 4974 3033 5044 intelligentia
3073 4974 3189 5044 ejus
3223 4976 3554 5042 accedimus,

1968 5074 2120 5142 cujus
2175 5081 2356 5127 tamen
2409 5069 2806 5126 universitatem
2864 5069 3235 5138 exponendam
3283 5069 3558 5139 suscipere

1969 5179 2078 5218 non
2103 5162 2377 5227 audemus,
2406 5161 2511 5216 hoc
2551 5158 2799 5213 videlicet
2833 5173 2863 5212 a
2903 5157 3136 5228 praefatis
3165 5159 3557 5214 venerabilibus

1970 5252 2214 5308 Patribus
2240 5253 2519 5312 distantes,
2570 5250 2694 5320 quia
2725 5265 2832 5304 non
2872 5251 3097 5321 sparsim
3136 5258 3190 5304 ct
3219 5251 3287 5306 de
3333 5251 3556 5308 diversis

1969 5344 2102 5398 locis
2147 5342 2392 5410 eligimus
2429 5340 2574 5410 quod
2605 5340 2898 5410 exposituri
2927 5357 3137 5407 sumus,
3170 5357 3292 5396 cum
3340 5341 3414 5396 illi
3445 5357 3554 5397 non

263 5458 358 5512 per
383 5444 679 5499 historiam
708 5442 931 5511 legeret,
960 5442 1012 5494 in
1043 5439 1262 5511 planitie
1293 5438 1536 5494 lectionis
1562 5435 1858 5507 Spiritalem
1886 5428 1932 5488 (ἒ
1964 5449 2030 5490 ex
2061 5435 2248 5489 ordine
2276 5433 2508 5502 aliquam
2539 5446 2703 5487 sacrae
2730 5431 2888 5503 hujus
2922 5432 3158 5489 historiae
3186 5441 3427 5502 partem,
3459 5433 3553 5488 sed

334 5627 358 5655 ι
389 5618 564 5672 Liber
584 5615 788 5684 primus
808 5614 1034 5683 Regum,
1057 5615 1169 5670 sive
1191 5613 1477 5680 Samuelis,
1499 5613 1544 5667 si
1564 5612 1699 5684 liber
1719 5611 1862 5665 Ruth

263 5701 292 5741 a
334 5683 602 5742 Iudicum
633 5685 772 5739 libro
801 5686 1175 5753 distinguatur,
1210 5693 1291 5740 est
1323 5700 1494 5739 nonus
1538 5684 1592 5737 in
1623 5683 1859 5753 Qanone.

263 5756 316 5810 Si
346 5773 481 5811 vero
516 5755 752 5810 historia
803 5754 942 5808 Ru-h
974 5772 1070 5826 pro
1117 5754 1411 5826 appendice
1456 5753 1572 5810 libri
1619 5752 1862 5808 Judicum

265 5827 561 5892 habeatur,
596 5832 677 5882 est
705 5835 943 5881 octavus.

2039 5609 2063 5647 δ
2090 5609 2278 5662 Mirum
2307 5607 2569 5662 excidisse
2618 5607 2744 5676 huic
2775 5605 3029 5676 scriptori
3073 5614 3315 5676 sanctum
3363 5605 3553 5661 Hiero-

1966 5695 2182 5751 nymum
2232 5679 2422 5732 librum
2454 5679 2595 5751 hunc
2624 5675 2906 5751 Samuelis;
2926 5675 3266 5751 _cxposuisse._
3299 5675 3553 5746 Intelligit

1969 5745 2214 5809 fortasse,
2248 5757 2304 5802 ut
2341 5757 2528 5818 postea
2558 5747 2831 5818 insinuare
2854 5746 3086 5818 videtur,
3128 5745 3396 5818 neminem
3426 5745 3549 5800 san-

1971 5831 2178 5878 ctorum
2198 5813 2413 5876 Patrum
2437 5818 2614 5876 omnia
2637 5817 2756 5873 libri
2776 5815 2930 5885 hujus
2955 5816 3204 5888 mysteria
3227 5813 3541 5885 csplicasse.
