4000 6292
361 369 425 423 19
1529 333 1776 395 SANCTI
1814 327 2142 386 GREGORII
2183 324 2398 382 MAGNI

3547 301 3624 357 ες)

357 480 584 551 sparsim
605 468 908 529 testimonia
936 460 1177 535 quaedam
1205 455 1556 526 susciperent,
1583 464 1701 521 quae
1722 446 1788 501 ad
1813 460 1935 500 eru-
1969 442 2014 505 Α
2039 454 2296 509 aquarum
2328 433 2685 507 appellatione
2713 430 2814 486 illae
2841 442 3088 498 supernae
3123 425 3469 494 designantur
3504 435 3630 490 pro-

1374 550 1379 551 ,
1448 549 1456 551 μ
1675 544 1706 551 ,
1752 542 1764 551 .
2041 530 2209 551 [δη-ηιμ
2239 525 2602 551 ε-.-ιιε,.,...οε..η
2630 520 2935 551 ηηηηιη-ηηι
2990 518 3113 551 dum
3142 514 3277 551 ωηινί
3310 512 3508 551 ριηηιιῖἰ
3541 511 3626 551 nl-

359 542 618 631 ditionem
653 564 891 621 ﬁdelium
930 570 1201 630 exponere
1246 562 1272 590 ι
1302 549 1629 605 habuissent.
1673 542 1768 598 Dei
1809 551 1937 607 ergo

360 657 744 732 omnipotentis
773 627 1043 721 adiutorio
1077 642 1281 706 conﬁsi,
1308 655 1337 694 a
1372 635 1634 709 principio
1655 627 1940 685 voluminis

361 716 532 826 usque
570 750 638 807 ad
666 745 829 802 David
854 742 996 811 regis
1022 736 1330 794 unctionem
1358 728 1646 799 explanare
1680 716 1940 792 proponi-

361 864 499 911 mus,
526 855 587 901 ut
606 841 753 898 brevi
777 840 898 902 isto,
926 831 1069 903 quod
1088 827 1339 890 cernitur,
1364 818 1594 890 experiri
1614 813 1879 886 possimus
1898 809 1944 863 si

364 899 505 996 ultra
531 899 780 1008 progredi
808 899 1127 997 exponendo
1154 917 1461 972 debeamus.
1477 908 1724 975 Plerique
1748 899 1945 957 etenim

364 1031 493 1085 dum
533 1004 915 1081 vimmoderata
963 1014 1308 1084 proponunt,
1354 1006 1697 1058 exsecutores
1753 1004 1949 1060 propo-

367 1124 453 1179 siti
482 1121 563 1176 sui
590 1117 704 1173 fieri
727 1125 996 1180 nunquam
1027 1110 1266 1176 possunt,
1295 1097 1527 1153 maxime
1549 1106 1668 1148 eum
1694 1093 1950 1143 tractator

369 1212 510 1268 sacri
539 1207 734 1276 eloquii
780 1215 984 1256 morem
1012 1202 1162 1265 gerat
1194 1192 1294 1245 viri
1324 1190 1375 1243 in
1416 1187 1521 1240 alta
1559 1179 1776 1251 specula
1816 1191 1949 1230 con-

370 1303 635 1364 sistentis,
667 1296 943 1365 Scriptura
973 1303 1100 1344 vero
1130 1298 1281 1340 sacra
1311 1282 1455 1337 silvae
1491 1273 1739 1332 vastioris
1766 1268 1955 1325 simili-

373 1359 632 1451 tudinem.
656 1385 758 1453 Qui
786 1359 1025 1451 profecto
1053 1377 1135 1430 vir
1161 1376 1211 1428 in
1242 1373 1350 1426 alto
1377 1370 1529 1433 situs,
1560 1365 1660 1420 etsi
1690 1369 1845 1417 acuta
1872 1359 1953 1412 vi-

373 1489 527 1542 sione
576 1478 809 1537 nemoris
862 1472 1164 1529 vastitatem
1212 1463 1553 1527 considerat,
1598 1466 1780 1526 tamen
1831 1453 1957 1507 dum

376 1589 584 1634 summa
658 1568 922 1627 montium
953 1604 969 1630 ,
1020 1564 1146 1618 dum
1199 1566 1439 1614 extrema
1495 1551 1713 1609 collium
1743 1588 1758 1614 ,
1832 1544 1961 1599 dum

378 1668 631 1722 arborum
690 1660 863 1723 celsa,
892 1657 944 1711 in
998 1652 1227 1723 quadam
1274 1646 1579 1716 aequalitate
1621 1640 1723 1697 sibi
1762 1651 1961 1693 conve-

379 1756 584 1813 nientia
613 1751 858 1822 respicit,
888 1761 1048 1816 quam
1079 1755 1285 1811 magnae
1312 1738 1496 1803 valles,
1528 1747 1687 1802 quam
1719 1731 1965 1785 distenta:

2039 530 2213 584 fundae
2239 525 2603 594 intelligentiae
2629 520 2959 589 angelorum,
2990 518 3115 571 dum
3142 514 3281 571 sacri
3310 512 3511 580 eloquii
3540 511 3626 563 al-

2040 617 2322 671 titudinem
2350 615 2490 669 Deus
2518 612 2571 667 in
2596 610 2749 680 aquis
2780 616 2960 676 tegere
2988 605 3202 669 dicitur,
3226 608 3438 659 constat
3467 598 3633 654 nimi—

2042 721 2161 760 rum
2183 704 2307 775 quia
2329 705 2488 758 homo
2507 716 2719 770 semper
2739 698 2828 752 illa
2854 697 2923 752 sit
2946 693 3165 749 inferior
3182 693 3268 751 cui
3306 691 3477 748 solum
3500 689 3621 756 ejus

2044 796 2297 853 inferiora
2324 794 2647 849 revelantur.
2694 789 2827 843 Hinc
2869 787 3029 841 etiam
3059 799 3155 854 per
3187 783 3403 852 Moysen
3432 779 3630 849 praeci-

2047 888 2190 959 pitur
2202 894 2260 940 ut
2276 884 2394 953 agni
2413 882 2681 938 residuum
2700 880 2820 947 igne
2834 876 3177 932 comburatnr
3189 871 3495 943 (Exod.'xu,
3516 866 3605 937 10)
3619 907 3637 932 ,

2049 977 2173 1049 quia
2201 974 2453 1029 videlicet
2480 971 2768 1039 Scriptura:
2811 981 3003 1030 sacrae,
3033 980 3152 1034 quae
3191 963 3257 1016 ad
3301 974 3642 1028 cognoscen-

2051 1068 2176 1123 dum
2215 1065 2634 1132 Redemptorem
2666 1066 2792 1113 sunt
2817 1058 2991 1121 editae,
3024 1071 3123 1126 pro
3151 1051 3490 1109 sublimitatis
3528 1064 3644 1104 suae

2053 1158 2311 1228 dignitate
2341 1152 2660 1210 venerandae
2699 1158 2829 1204 tunc
2855 1148 3017 1203 etiam
3047 1154 3171 1201 sunt
3196 1159 3315 1199 cum
3346 1157 3450 1196 non
3483 1139 3650 1194 intel—

2056 1226 2308 1316 liguntur.
2336 1244 2525 1311 Itaque
2554 1241 2655 1294 etsi
2700 1237 2831 1292 nihil
2864 1242 3118 1305 pensatur
3143 1230 3284 1301 quod
3314 1244 3343 1282 a
3379 1243 3466 1282 me
3503 1226 3647 1281 dici-

2058 1348 2162 1403 tur,
2196 1335 2542 1390 nihilominus
2596 1329 2923 1400 pensandum
2998 1335 3081 1380 est
3130 1322 3255 1391 quia
3319 1321 3434 1375 haec
3486 1332 3647 1375 sacra

2060 1428 2354 1500 Scriptura,
2387 1438 2507 1494 quae
2538 1437 2566 1475 a
2590 1436 2674 1474 me
2702 1418 2917 1486 indigne
2940 1414 3244 1484 expanitur,
3270 1412 3319 1465 ci
3350 1411 3435 1469 cui
3464 1409 3647 1464 omni-

2062 1499 2258 1591 potens
2278 1518 2416 1571 Deus
2444 1522 2645 1569 secreta
2683 1510 2891 1579 aperire
2920 1506 3146 1561 voluerit
3189 1504 3330 1557 bona
3374 1508 3429 1556 et
3466 1499 3645 1555 subli-

2066 1609 2171 1663 mia
2202 1606 2367 1660 multa
2397 1603 2544 1657 dicit.
2576 1598 2850 1668 Scriptura
2880 1595 3079 1651 etenim
3114 1608 3265 1647 sacra
3296 1600 3403 1645 tam
3428 1588 3657 1669 mirabi-

2067 1700 2193 1754 liter
2220 1698 2287 1752 ab
2310 1695 2685 1763 omnipotente
2718 1690 2825 1743 Deo
2868 1686 3084 1741 condita
3113 1693 3225 1747 est,
3254 1690 3312 1738 ut
3340 1681 3440 1737 etsi
3466 1679 3657 1733 multi-

382 1769 584 1813 nienua
613 1769 858 1822 ι’θεριωι,
888 1769 1048 1816 quam
1081 1769 1285 1811 magna:
1319 1769 1496 1803 ναιισο,
1528 1769 1687 1802 quam
1720 1769 1965 1785 meum"...

382 1847 632 1919 planities
656 1844 708 1898 iu
739 1839 915 1895 medio
942 1838 1166 1896 lateant,
1204 1845 1309 1886 non
1342 1825 1586 1882 attendit.
1619 1821 1723 1877 Sed
1752 1820 1795 1876 si
1837 1834 1962 1889 per-

2101 1789 2281 1843 iliciter
2310 1786 2551 1839 videatur
2576 1780 2820 1849 exposita
2844 1819 2859 1844 ,
2904 1791 3008 1831 non
3055 1775 3247 1829 desunt
3279 1781 3459 1825 tamen
3488 1769 3537 1824 ei
3564 1784 3657 1823 se-

2104 1888 2215 1919 ι-ριςι
2253 1875 2444 1919 nuituis
2467 1878 2646 1919 servet
2673 1866 2914 1919 occulta.
2953 1864 3075 1919 quia
3101 1861 3213 1916 fere
3260 1874 3531 1919 nunquam
3579 1858 3657 1912 sic

383 1911 659 1992 ambulare
703 1929 846 2002 quod
891 1927 940 1982 ei
979 1925 1144 1979 breve
1194 1918 1406 1972 videtur
1440 1911 1705 1981 coeperit,
1746 1914 1968 1976 repente

384 2025 662 2097 cognoscit
688 1998 812 2092 quia
842 2018 932 2088 qui
961 2031 1020 2072 se
1049 2021 1220 2069 totum
1250 2008 1444 2063 vidisse
1472 2008 1782 2075 putaverat,
1815 1998 1971 2053 valde

386 2118 543 2189 plura
564 2088 937 2169 remanserant
951 2119 1067 2174 quae
1090 2116 1198 2159 non
1220 2098 1446 2153 viderat.
1466 2091 1622 2148 Unde
1638 2100 1694 2146 et
1713 2104 1853 2159 saepe
1874 2088 1973 2142 im-

389 2180 703 2264 inoderatus
730 2199 907 2254 viator
926 2194 1207 2264 decipitur,
1240 2196 1300 2244 ut
1321 2194 1468 2242 tanto
1498 2180 1848 2254 periculosius
1871 2180 1975 2231 iter

392 2299 627 2369 expleat,
659 2300 860 2364 quanto
908 2296 963 2343 et
993 2301 1114 2342 eum
1145 2284 1200 2338 in
1241 2281 1347 2347 via,
1400 2277 1616 2345 expleto
1654 2273 1761 2338 die,
1805 2270 1976 2326 noctis

402 2362 557 2447 error
585 2362 886 2452 intercipit,
914 2379 1005 2449 qui
1033 2377 1178 2431 velut
1201 2374 1253 2428 in
1284 2370 1435 2442 parvi
1455 2366 1661 2422 itineris
1683 2362 1857 2433 spatio
1882 2374 1980 2414 nec

398 2480 505 2537 diei
527 2486 734 2549 partem
755 2451 813 2528 se
834 2471 1053 2540 explere
1069 2464 1342 2534 cogitavit.
1366 2461 1455 2516 Sic
1474 2459 1552 2514 sic
1566 2456 1833 2515 nimirum,
1856 2451 1981 2505 dum

402 2584 574 2627 sacrae
604 2562 838 2621 historiae
868 2558 1193 2615 intellectum
1229 2555 1282 2607 in
1317 2549 1543 2621 quadam
1572 2558 1825 2601 sensuum
1867 2540 1984 2609 ejus

401 2658 711 2719 suauitate
749 2651 1172 2719 consideramus,
1220 2638 1599 2711 omnipotentis
1641 2635 1737 2689 Dei
1779 2631 1985 2701 gratia,

401 2718 550 2806 velut
580 2746 718 2801 altos
743 2738 1008 2811 opacioris
1036 2736 1185 2791 silvas
1211 2731 1439 2787 vertices
1467 2727 1534 2783 de
1562 2722 1794 2795 quadam
1822 2718 1989 2774 subli-

404 2838 594 2908 mitate
613 2807 955 2902 attendimus.
986 2824 1094 2881 Sed
1123 2822 1248 2894 quia
1270 2820 1394 2875 dum
1424 2817 1581 2871 iidem
1611 2826 1799 2868 sensus
1822 2807 1996 2864 subti-

404 2903 510 2981 lius
537 2899 865 2978 considerari
894 2924 948 2970 et
975 2912 1201 2985 proferri
1238 2907 1517 2977 coeperint,
1551 2904 1684 2958 alios
1712 2917 1771 2955 se
1810 2896 1992 2952 multi-

408 3015 663 3088 pliciores
690 3010 940 3079 gignunt,
966 3005 1112 3060 velut
1148 3004 1199 3057 in
1227 2997 1527 3069 superﬁcie,
1562 3003 1620 3050 ut
1650 2993 1877 3057 videtur,
1908 2999 1993 3044 to-

411 3109 518 3162 tius
544 3102 768 3176 inspecti
808 3113 966 3154 nemo
998 3097 1069 3161 is,
1095 3104 1153 3151 at
1190 3092 1405 3147 vallium
1434 3101 1670 3144 concava
1698 3091 1752 3139 et
1778 3080 1994 3137 distenti

413 3198 443 3238 ι’
475 3174 659 3265 Matini
687 3194 856 3247 latent
880 3189 1072 3259 spatia,
1094 3200 1213 3255 quae
1239 3198 1343 3237 non
1370 3179 1635 3234 videntur.
1661 3174 1848 3228 Tutius
1873 3185 2000 3239 ergo

416 3288 709 3369 gradimur,
732 3284 779 3338 si
818 3282 896 3336 sic
926 3278 1177 3346 metimur
1204 3290 1266 3329 ea
1298 3287 1413 3343 qua:
1439 3270 1725 3332 cernimus,
1754 3273 1813 3319 ut
1841 3263 2002 3318 etiam

419 3355 486 3436 ca
530 3393 650 3448 qua:
686 3370 1025 3444 procedendo
1056 3366 1219 3435 visuni
1259 3378 1442 3419 sumus
1488 3355 1848 3431 percurrenda
1889 3366 2008 3408 esse

424 3469 744 3539 cogitemus.
777 3463 964 3531 itaque
986 3460 1109 3513 dum
1134 3455 1359 3524 ingentis
1380 3450 1615 3509 historiae
1643 3460 1864 3519 parvam
1887 3458 2009 3513 par-

430 3536 539 3632 tem
563 3556 855 3628 explanare
884 3551 1251 3624 proponimus,
1276 3561 1370 3615 pro
1394 3542 1609 3598 modulo
1631 3536 2013 3594 imbecillitatis

433 3658 636 3723 nostrae
680 3659 892 3715 cursum
940 3640 1147 3711 itineris
1174 3639 1225 3692 in
1266 3636 1461 3690 vicinio
1505 3630 1873 3690 terminamus,
1905 3634 2013 3679 tam

436 3717 688 3796 videlicet
730 3734 928 3804 ingenii
968 3732 1228 3798 tenuitate
1276 3725 1455 3790 difﬁsi,
1487 3737 1647 3793 quam
1679 3718 1819 3776 sacri
1858 3717 2015 3772 volu~

438 3833 597 3908 minis
626 3827 984 3901 profunditate
1004 3821 1295 3895 perterriti.

509 3922 561 3976 5.
587 3920 693 3976 Sed
719 3926 774 3973 et
806 3917 1035 3987 primum
1064 3929 1171 3967 non
1216 3920 1321 3964 tam
1353 3908 1630 3963 instituere
1655 3919 1813 3974 quam
1862 3902 2020 3956 obse-

440 4029 594 4073 crare
622 4014 881 4068 lectorem
912 4006 1115 4070 censui,
1147 4012 1203 4059 ut
1233 4002 1490 4057 inanitate
1519 3995 1868 4069 expositionis
1893 4008 2024 4049 meae

440 4106 652 4191 pondus
680 4118 847 4160 sacrae
873 4098 1107 4155 historia:
1152 4109 1484 4163 nequaquam
1524 4098 1743 4161 penset,
1776 4088 1898 4157 quia
1941 4085 2025 4139 di-

443 4175 568 4254 vina
595 4196 809 4265 eloquia
838 4208 903 4249 ex
935 4204 1183 4263 mensura
1210 4193 1558 4240 tractatornm
1591 4195 1862 4248 nunquam
1889 4175 2032 4231 aesti-

447 4287 640 4365 manda
669 4293 813 4340 sunt.
837 4282 970 4343 Nam
993 4293 1093 4348 nec
1119 4276 1317 4331 idcirco
1337 4281 1461 4328 sunt
1491 4267 1886 4340 vilipendenda,
1908 4265 2031 4334 quia

452 4360 559 4433 non
590 4373 857 4429 subtiliter
899 4366 1343 4429 considerantur;
1377 4377 1476 4415 nec
1523 4360 1664 4415 celsa
1710 4366 1765 4410 et
1804 4369 2032 4409 venera-

452 4467 578 4522 bilia
602 4464 746 4529 ideo,
772 4460 895 4529 quia
920 4455 1144 4511 facunde
1170 4461 1224 4516 et
1247 4449 1516 4525 subtiliter
1536 4451 1894 4516 exponuntur.
1920 4440 2035 4494 Alia

2070 1858 2218 1934 creta
2253 1875 2444 1944 quibus
2467 1878 2646 1927 servet
2673 1866 2914 1931 occulta,
2953 1864 3075 1934 quia
3101 1861 3213 1916 fere
3260 1874 3531 1927 nunquam
3579 1858 3661 1912 sic

2071 1966 2385 2037 exponitur,
2411 1972 2470 2016 ut
2507 1961 2558 2015 ei
2597 1975 2706 2014 non
2749 1958 2900 2026 plura
2930 1959 3242 2009 remaneant
3269 1964 3389 2019 quae
3416 1948 3661 2019 quotidie

2074 2036 2430 2123 exponantur.
2463 2048 2578 2115 Qua
2607 2046 2851 2118 profecto
2880 2043 2993 2112 ejus
3022 2036 3664 2109 incomprehensibilitato

2076 2146 2413 2216 omnipotens
2434 2143 2574 2195 Deus
2594 2140 2839 2194 humanae
2870 2133 3209 2189 mutabilitati
3239 2145 3429 2199 magna
3450 2129 3664 2198 dispen-

2077 2238 2286 2292 satione
2319 2230 2614 2295 consuluit;
2648 2244 2791 2291 nam,
2823 2235 2882 2281 ut
2902 2226 3159 2279 vilescere
3192 2230 3318 2276 nota
3345 2235 3450 2275 non
3471 2219 3661 2290 possit,

2079 2329 2157 2383 sic
2185 2327 2321 2381 mire
2351 2324 2609 2394 disposita
2636 2328 2736 2383 eSt,
2764 2328 2825 2373 ut
2846 2318 3058 2385 cognita
3083 2316 3385 2377 nesciatur,
3420 2319 3476 2367 et
3500 2327 3567 2366 eo
3588 2311 3669 2366 le-

2081 2427 2237 2487 gatur
2264 2414 2487 2484 gratius,
2517 2426 2624 2481 quo
2654 2408 2892 2478 quotidie
2921 2406 3183 2471 discitur;
3212 2419 3276 2460 ac
3303 2403 3429 2458 dum
3455 2416 3672 2472 semper

2085 2506 2319 2563 recentia
2348 2503 2579 2565 intimat,
2614 2499 2830 2555 suavius
2855 2496 3111 2552 oblectet.

2160 2596 2213 2653 4.
2246 2595 2480 2657 Historia
2518 2606 2648 2660 ergo
2691 2590 2919 2657 Regum,
2949 2588 3076 2656 quia
3119 2600 3185 2641 eo
3226 2585 3417 2655 spiritu
3460 2583 3675 2640 condita

2089 2706 2197 2760 quo
2216 2695 2270 2744 et
2290 2694 2481 2742 caetera
2502 2684 2792 2753 Scripturae
2819 2687 3019 2736 sanctae
3041 2678 3314 2734 volumina
3337 2690 3677 2747 cognoscun-

2093 2792 2199 2845 tur,
2234 2794 2343 2835 non
2389 2777 2548 2832 debet
2577 2773 2723 2829 credi
2766 2773 2844 2827 eis
2898 2786 3016 2826 esse
3065 2770 3240 2823 minor
3284 2766 3679 2830 sacramentis,

2095 2871 2289 2942 quibus
2319 2883 2425 2923 non
2460 2873 2542 2921 est
2571 2864 2793 2919 inferior
2818 2862 2973 2916 titulo
3001 2859 3354 2915 auctoritatis.
3385 2856 3515 2911 Nam
3559 2870 3681 2910 om-

2097 2977 2193 3017 nes
2236 2958 2526 3029 scriptores
2555 2954 2671 3023 ejus
2695 2952 2974 3024 prophetae
3004 2950 3166 3004 fuisse
3210 2948 3542 3010 referuntur,
3585 2944 3681 3013 qui

2100 3067 2220 3106 cum
2248 3047 2502 3104 historica
2532 3051 2783 3108 narrant,
2815 3041 3108 3111 spiritualia
3138 3039 3383 3107 signant;
3412 3035 3683 3092 exteriora

2028 3176 2077 3238 ε
2105 3145 2415 3212 loquuntur,
2438 3147 2491 3194 et
2520 3138 2706 3192 intima
2737 3136 2995 3199 innuunt;
3023 3141 3234 3186 terrena
3268 3135 3592 3199 proponunt,
3625 3134 3688 3179 ut

2108 3237 2347 3294 ctelestia
2393 3237 2771 3301 exsequantur.
2803 3226 2957 3282 Unde
3003 3233 3057 3281 et
3084 3225 3168 3279 hic
3209 3222 3344 3276 leber
3387 3220 3588 3291 primus
3632 3225 3691 3271 et

2108 3327 2376 3386 secundus
2397 3323 2635 3393 ejusdem
2658 3319 2892 3375 historian
2922 3317 2987 3371 ad
3008 3317 3112 3370 hoc
3132 3312 3410 3384 propheta:
3453 3308 3691 3364 Samueli

2112 3418 2426 3479 ascribitur,
2463 3422 2524 3468 ut
2568 3427 2635 3466 ex
2682 3410 2916 3465 auctoris
2966 3406 3117 3460 titulo
3164 3403 3424 3458 sentiatur
3473 3398 3692 3453 historia

2113 3522 2273 3577 quam
2317 3504 2546 3569 scribit,
2594 3516 2699 3555 non
2746 3507 2857 3552 tam
2908 3496 3129 3551 historia
3171 3506 3332 3561 quam
3379 3487 3694 3559 prephetia;

2115 3599 2342 3669 simplex
2369 3609 2604 3665 veraque
2648 3592 2846 3656 littera,
2879 3587 2975 3642 sed
3019 3587 3125 3640 alta
3157 3584 3315 3638 nimis
3342 3590 3395 3635 et
3440 3578 3697 3649 multipli-

2117 3692 2280 3747 citzite
2307 3686 2639 3742 occultorum
2668 3694 2923 3736 sensuum
2953 3674 3236 3747 profunda.
3268 3673 3375 3727 Nos
3414 3679 3594 3725 autem
3632 3669 3702 3722 de

2125 3766 2275 3836 tanto
2305 3781 2418 3848 ejus
2448 3776 2685 3846 pendere
2726 3787 2825 3841 pro
2855 3768 3014 3823 modo
3042 3764 3345 3837 pusillitatis
3380 3772 3574 3817 nostra:
3611 3774 3702 3813 as-

2122 3873 2381 3928 sumimus
2427 3865 2641 3922 ferenda
2689 3876 2808 3931 quae
2836 3873 3135 3929 possumus.
3186 3854 3317 3908 Nam
3358 3867 3480 3906 cum
3526 3849 3708 3904 suavis

2125 3964 2194 4018 sit
2220 3963 2273 4016 in
2298 3957 2578 4028 superficie
2601 3954 2811 4017 litterae,
2836 3948 2992 4003 altior
3020 3948 3073 4000 in
3104 3944 3242 4015 typis
3266 3940 3556 4008 allegoriae,
3585 3952 3707 3991 mo-

2128 4061 2276 4116 ribus
2313 4048 2639 4109 instruendis
2670 4044 2845 4107 utilis,
2875 4038 3051 4095 lucida
3082 4038 3135 4091 in
3162 4034 3420 4103 exemplis
3449 4030 3710 4086 exhiben-

2133 4151 2236 4216 dis,
2267 4148 2320 4201 in
2352 4143 2483 4198 locis
2513 4148 2690 4193 tamen
2737 4131 2961 4200 singulis
3004 4136 3058 4183 et
3088 4125 3340 4180 historica
3368 4132 3631 4180 asserere,
3659 4125 3717 4172 et

2133 4214 2309 4312 typica
2358 4229 2620 4304 proferre,
2651 4232 2706 4280 et
2751 4219 2998 4277 conferre
3026 4214 3269 4280 moralia,
3321 4219 3376 4266 et
3410 4221 3717 4280 proponere

2135 4300 2381 4399 exempla
2412 4321 2616 4389 refugio
2641 4334 2656 4383 ;
2680 4325 2984 4385 quanquam
3011 4308 3113 4363 alia
3143 4307 3241 4360 sub
3271 4318 3378 4358 uno
3407 4300 3716 4361 intellectu,

2139 4389 2424 4491 adiuvante
2442 4411 2685 4470 Domino,
2709 4406 2808 4461 sim
2826 4400 3185 4470 expositurus,
3203 4395 3306 4449 alia
3327 4407 3457 4447 vero
3477 4391 3575 4445 sub
3602 4389 3720 4458 plu-

454 4488 578 4522 Dllla
602 4488 722 4518 lthU
812 4488 895 4514 ul‘d
922 4488 1144 4511 Iauuuuv
1170 4488 1224 4516 υιε
1247 4488 1506 4505 δυιιιιιιιυι
1537 4488 1599 4501 υι.
1645 4488 1894 4501 νην-η...-
1920 4488 2035 4494 --.-..
2206 4488 2218 4491 -

454 4556 651 4627 quippe
696 4488 860 4606 Virrius
898 4556 979 4603 est
1016 4559 1133 4615 quae
1171 4540 1309 4613 apud
1356 4522 1535 4594 saeculi
1576 4488 1845 4606 sgpiemes
1890 4540 2037 4586 tanta
2071 4544 2118 4602 ι)
2141 4519 2310 4572 ribus.
2340 4511 2569 4566 Maxime
2589 4520 2710 4562 cum
2740 4502 2824 4557 his
2846 4495 3177 4567 temporibus
3206 4488 3474 4546 scribendi
3499 4498 3723 4555 operam

1216 4622 1217 4625 “
2156 4609 2267 4627 "~-
2305 4600 2596 4627 -~-~--~—=m
2649 4597 2699 4627 in
2732 4593 2921 4627 m-ihne
2954 4592 3075 4627 dum
3104 4584 3352 4627 nnrdilmc
3371 4575 3723 4627 mmrumdam

454 4622 701 4711 habe-tur,
724 4650 982 4713 quantum
1005 4654 1123 4694 eam
1154 4622 1412 4691 extollere
1440 4638 1662 4702 possunt
1682 4629 1933 4699 praeclara
1959 4628 2038 4680 in-

456 4740 630 4815 genia.
661 4736 824 4793 Sacra
855 4749 983 4788 vero
1016 4730 1313 4799 Scriptura,
1343 4725 1468 4795 quia
1507 4723 1758 4777 divinitus
1788 4720 2041 4789 inspirata

460 4842 560 4896 est,
588 4837 737 4884 tanto
759 4823 1039 4881 sublimius
1059 4821 1220 4876 etiam
1248 4816 1503 4887 praeclara
1531 4813 1805 4867 hominum
1832 4808 2044 4876 ingenia

463 4926 702 4989 superat,
736 4925 936 4988 quanto
966 4913 1065 4983 ipsi
1096 4908 1337 4982 praeclari
1363 4905 1608 4961 homines
1634 4904 1745 4962 Deo
1770 4899 2049 4954 inferiores

464 5017 608 5074 sunt,
640 5016 696 5063 et
726 5004 857 5060 nihil
880 5005 933 5057 in
961 5003 1049 5056 illa
1080 4998 1305 5070 spiritali
1327 4996 1653 5051 sublimitate
1680 4990 2049 5061 conspiciunt,

466 5100 568 5171 nisi
598 5096 742 5167 quod
767 5096 844 5150 eis
872 5093 1037 5163 ipsius
1061 5091 1251 5144 divinae
1273 5084 1597 5156 dignationis
1625 5082 1868 5158 bonitate
1896 5094 2051 5135 reve-

468 5194 630 5264 latur.
662 5187 831 5261 Nemo
860 5187 1020 5255 igitur
1048 5185 1102 5238 in
1133 5182 1248 5253 ejus
1276 5180 1497 5237 scientia
1528 5179 1598 5231 ita
1644 5174 1912 5245 perfectus
1936 5181 2017 5225 est
2037 5212 2051 5234 ,

471 5280 528 5351 [ι
547 5289 605 5333 ut
625 5276 889 5351 prolicere
915 5274 1053 5345 ultra
1079 5288 1183 5326 non
1208 5271 1401 5341 possit,
1434 5267 1557 5335 quia
1584 5263 1805 5320 infe:ior
1832 5270 1915 5317 est
1944 5277 2060 5315 om-

478 5350 560 5421 nis
584 5366 854 5436 profectus
870 5363 1118 5423 hominis,
1139 5358 1428 5414 divinitatis
1451 5354 1730 5409 altitudine
1753 5367 1869 5406 eam
1895 5350 2063 5417 inspie

478 5457 666 5512 rantis.
701 5454 854 5511 Unde
898 5462 951 5508 et
980 5469 1074 5522 per
1103 5449 1436 5505 Psalmistam
1466 5445 1532 5499 de
1564 5444 1790 5497 Domino
1830 5440 2022 5494 dicitur
2048 5458 2062 5494 :

485 5543 585 5623 Qui
616 5546 736 5617 tegit
758 5544 809 5599 in
840 5544 986 5616 aquis
1014 5539 1280 5611 superiora
1303 5540 1413 5607 ed‘us
1442 5532 1563 5601 (Ps.
1598 5547 1707 5597 cnt,
1728 5529 1805 5597 ὃ).
1839 5528 1895 5583 Si
1925 5528 2067 5585 enim

561 5730 585 5756 "
619 5720 782 5775 Gilot.
807 5762 821 5785 ,
840 5719 1150 5771 debuissent.

564 5792 588 5834 ι’
620 5771 851 5847 nium}.-
880 5804 1032 5842 tnons
1066 5796 1146 5839 est
1175 5782 1451 5839 Calabriae.
1487 5777 1699 5846 Horat,
1731 5774 1877 5846 epod.
1917 5771 1997 5826 l6:

2145 4609 2274 4663 dare
2299 4600 2620 4665 censuerim,
2649 4597 2703 4651 in
2731 4593 2923 4664 quibus
2954 4592 3076 4643 dum
3104 4584 3352 4642 cordibus
3371 4575 3727 4652 quorumdam

2147 4697 2631 4758 ecclesiasticorum
2659 4689 2896 4743 virorum
2924 4691 3076 4737 vetus
3103 4674 3409 4733 sollicitudo
3446 4669 3731 4726 mundanae

2150 4787 2464 4847 intentionis
2488 4778 2842 4847 immergitur,
2866 4787 3005 4828 nova
3029 4766 3295 4825 scribendi
3314 4763 3489 4819 studia
3516 4775 3583 4815 eo
3611 4772 3733 4813 esse

2152 4879 2419 4951 superflua
2458 4874 2730 4944 iudicant,
2783 4883 2891 4935 quo
2934 4871 2989 4917 et
3034 4862 3316 4916 doctorum
3351 4852 3735 4910 venerabilium

2154 4970 2426 5028 abundare
2455 4973 2632 5018 vetera
2661 4974 2769 5013 non
2798 4958 3064 5024 ignorant.
3106 4950 3207 5016 Qui
3249 4948 3498 5002 nimirum
3526 4943 3741 4999 ratione

2156 5054 2508 5118 convincendi
2537 5059 2750 5112 essent,
2780 5046 2882 5102 nisi
2912 5045 3121 5111 signum
3152 5038 3454 5101 calumniae,
3494 5033 3741 5103 exposita

2158 5154 2354 5213 fronte,
2385 5145 2797 5217 praetenderent.
2829 5137 2962 5191 Nam
2985 5134 3075 5201 qui
3107 5146 3245 5185 nova
3272 5129 3417 5183 velut
3443 5142 3580 5182 nova
3607 5140 3745 5179 con-

2162 5247 2424 5303 temnunt,
2456 5236 2543 5291 illa
2586 5247 2705 5303 qua:
2736 5228 2967 5298 probant
2990 5233 3193 5284 vetera,
3227 5232 3478 5274 curarum
3514 5212 3743 5270 saecula-

2166 5339 2304 5393 rium
2323 5330 2602 5387 saturitate
2624 5321 2918 5378 fastidiunt.
2942 5315 3088 5383 Quos
3110 5327 3241 5367 sane
3268 5310 3445 5379 plures
3469 5306 3567 5361 sub
3589 5304 3750 5358 unius

2168 5423 2517 5483 denotatione
2543 5415 2820 5483 Scriptura
2845 5406 3081 5478 exponit,
3119 5404 3339 5459 dicens:
3371 5399 3559 5452 Anima
3601 5404 3743 5448 satu-

2171 5531 2288 5591 rata
2317 5514 2533 5573 calcabit
2555 5513 2724 5584 fatum:
2740 5505 2917 5583 (Prov.
2943 5515 3106 5565 xxvn,
3128 5498 3205 5567 7).
3233 5494 3403 5550 Favus
3422 5491 3620 5577 quippe
3643 5486 3754 5542 tnel

2671 5724 2681 5733 .
2720 5721 2729 5732 .
2769 5719 2785 5733 .
2821 5717 2833 5731 .
2876 5717 2887 5728 .
2924 5679 3113 5733 quando

2671 5724 2681 5733 .
2720 5721 2729 5732 .
2769 5719 2785 5733 ι
2821 5717 2833 5731 .
2876 5717 2887 5728 .
2958 5693 3113 5726 υθηιιο

2364 5754 2521 5803 Padus
2547 5751 2721 5799 Matina
2749 5693 3210 5796 lavcrttqcacumina.
