4000 6326
250 335 313 389 2|
1080 324 1142 380 IN
1180 323 1442 380 PRIMUM
1483 321 1720 380 RECUM
1759 321 2265 380 EXPOSITIONES.
2307 323 2714 380 PROOEMlUM.

3437 332 3508 385 ‘22

255 460 451 502 novum
477 443 745 500 continet.
777 442 939 508 Quasi
968 455 1094 510 ergo
1121 441 1264 496 dicat
1296 459 1310 495 :
1343 441 1476 496 Dum
1507 450 1837 496 terrenarum
1871 444 1912 498 Α
1943 437 2050 494 Sed
2075 449 2131 495 et
2155 440 2244 494 ubi
2275 441 2329 511 ὃ
2355 441 2530 496 minus
2558 442 2734 511 placet
2757 443 2899 510 quod
2940 445 3142 514 peritus
3168 445 3334 501 lector
3360 449 3505 504 inve-

253 553 431 594 rerum
452 550 583 590 cura
615 534 1021 589 immoderatius
1051 534 1303 602 pascitur,
1321 533 1375 586 in
1391 547 1453 588 ea
1476 534 1525 605 5
1545 546 1663 600 quas
1687 529 1844 587 valde

254 629 470 691 placere
516 624 661 679 solet
704 624 912 678 recenti
967 622 1358 692 Scripturarum
1410 621 1689 677 dulcedine
1736 637 1841 676 non

258 723 490 776 laetatur.
534 717 644 774 Sed
689 719 813 788 quia
863 714 1021 783 hujus
1049 729 1216 769 sacrae
1259 714 1497 769 historiae
1541 723 1843 768 commenta

256 823 496 868 veterum
519 809 666 865 nulla
692 807 990 877 reperiunt,
1017 805 1216 859 rectius
1235 814 1419 872 agunt,
1441 802 1484 858 si
1517 818 1652 873 opus
1673 804 1843 859 nostri

257 903 462 959 laboris
506 916 569 956 ea
617 899 881 955 charitate
920 911 1024 965 qua
1053 895 1120 947 ad
1166 895 1449 948 utilitatem
1503 894 1844 964 parvulorum

255 1001 459 1046 sancta:
482 989 734 1045 Ecclesia:
760 986 1088 1056 impenditur
1115 985 1521 1054 amplectantur,
1552 992 1607 1040 et
1636 1001 1734 1054 pro
1761 1000 1845 1040 re-

260 1085 678 1153 prehensionum
697 1080 946 1136 moletia
975 1078 1127 1133 nobis
1151 1079 1202 1132 in
1235 1086 1381 1132 tanta
1412 1077 1701 1146 Scriptura:
1721 1093 1845 1148 pro-

262 1174 529 1228 funditate
552 1172 694 1227 velut
718 1170 978 1224 altissimo
995 1169 1186 1238 pelago
1213 1168 1580 1223 laborantibus
1601 1169 1843 1237 praesidia

260 1266 568 1318 orationum
597 1260 789 1315 ferant.
820 1259 959 1313 Hinc
995 1259 1241 1312 nimirum
1273 1258 1440 1312 nostri
1467 1258 1674 1312 sudoris
1704 1258 1844 1312 fruc-

260 1361 380 1407 tum
404 1366 560 1407 suum
591 1348 812 1411 faciunt,
843 1348 967 1416 quia
990 1347 1116 1402 dum
1146 1363 1214 1402 ex
1242 1348 1573 1416 benignitate
1595 1348 1842 1415 diligunt,

260 1441 332 1495 ad
359 1451 574 1495 aeterna:
601 1437 1047 1493 remunerationis
1068 1436 1170 1492 sibi
1193 1438 1466 1492 cumulum
1496 1445 1749 1502 vertunt,
1789 1445 1845 1491 et

261 1529 406 1598 quod
427 1527 592 1582 tantis
616 1525 947 1595 temporibus
970 1533 1077 1578 tam
1099 1525 1280 1579 clausa
1304 1533 1358 1580 et
1378 1525 1677 1595 inexposita
1703 1524 1846 1579 Scri-

261 1629 420 1688 ptura
449 1617 517 1671 ad
549 1629 886 1670 communem
918 1614 1322 1682 intelligentiam
1352 1614 1578 1679 ducitur,
1606 1623 1660 1668 et
1699 1613 1841 1682 quod

258 1707 474 1776 parvuli
509 1713 712 1761 sancta:
751 1703 995 1760 Ecclesiae
1037 1704 1162 1757 dum
1215 1705 1266 1757 in
1319 1706 1513 1759 veteris
1555 1705 1843 1774 Sc'ipturze

1943 528 2081 582 nerit
2103 568 2119 594 ,
2151 529 2455 584 consideret
2479 531 2618 598 quod
2647 531 2772 586 dum
2800 533 3092 601 spiritalem
3139 534 3416 589 historiam
3455 548 3510 592 et

1942 621 2063 676 alt-is
2088 623 2329 677 sensibus
2366 624 2682 694 profundam
2712 668 2727 692 ,
2770 629 2918 682 velut
2955 631 3133 698 magni
3174 631 3344 700 pelagi
3387 648 3510 700 pro-

1943 709 2105 763 cellas
2150 718 2312 763 nauta
2361 713 2677 780 peregrinus
2716 716 3032 782 aggredior,
3091 719 3513 787 reprehensibile

1942 803 2095 858 valde
2125 821 2229 860 non
2271 813 2352 860 est
2381 805 2425 859 si
2465 806 2885 875 gubernaculum
2922 809 3132 864 dicendi
3154 812 3376 880 pulchre
3406 829 3513 868 non

1943 893 2176 959 ducitur,
2203 910 2322 949 cum
2351 903 2662 964 spumantes
2703 898 2967 952 undarum
3009 901 3235 954 vertices
3265 901 3471 955 irruunt
3495 944 3511 967 ,

1942 989 2030 1055 qui
2072 987 2454 1057 peritissimum
2495 990 2732 1059 regimen
2761 1007 2901 1062 saepe
2929 993 3138 1048 solvere
3177 995 3384 1052 clavum
3423 1013 3516 1051 co-

1941 1086 2090 1148 gunt.
2115 1079 2203 1134 Sic
2230 1081 2306 1134 sic
2336 1080 2586 1135 nimirum
2613 1097 2713 1137 nec
2734 1082 2928 1138 silvosa
2955 1085 3133 1139 colere
3154 1085 3375 1141 devotus
3404 1103 3516 1141 ara.

1945 1182 2027 1227 tor
2054 1172 2356 1241 ingrediens
2380 1183 2556 1229 rectas
2579 1176 2846 1230 sulcorum
2877 1176 3111 1246 disponit
3141 1176 3309 1231 lineas
3333 1218 3348 1244 ,
3377 1178 3421 1230 si
3452 1193 3517 1232 ea

1942 1270 2088 1337 prius
2135 1269 2357 1324 reducto
2387 1284 2608 1325 vomere
2652 1271 2847 1338 smpius
2884 1287 2989 1324 non
3037 1269 3343 1335 rescindat,
3392 1270 3517 1337 quia

1943 1367 2114 1413 artem
2146 1359 2375 1413 facilitas
2405 1359 2549 1412 nulla
2581 1360 2840 1429 sequitur.
2872 1361 2917 1415 si
2947 1359 3188 1415 eamdem
3218 1359 3400 1413 arandi
3425 1374 3520 1429 pc-

1943 1451 2118 1506 ritiam
2161 1451 2490 1506 consuetudo
2537 1451 2762 1506 culturae
2816 1452 3006 1520 prmire
3054 1453 3198 1506 nulla
3251 1451 3513 1506 videatur.

1942 1541 2139 1596 Verum
2180 1557 2278 1598 nec
2306 1542 2578 1612 planitiem
2616 1541 2853 1595 historite
2883 1541 3002 1610 quis
3035 1542 3136 1596 hac
3162 1541 3518 1598 mstimatinne

1944 1631 2266 1696 consideret,
2295 1631 2417 1700 quia
2445 1631 2761 1700 plerumque
2791 1639 2939 1684 tanto
2968 1630 3233 1685 difficilius
3260 1630 3326 1684 ad
3355 1630 3516 1700 spiri-

1917 1720 2129 1787 ‘talium
2157 1735 2411 1774 sensuum
2439 1729 2649 1774 secreta
2678 1719 3056 1788 pertingimus,
3106 1730 3307 1788 quan'o
3349 1719 3401 1772 in
3431 1719 3517 1772 lit-

257 1794 589 1862 tegminibus
616 1807 770 1848 novre
794 1793 1064 1860 religionis
1084 1792 1421 1860 splendorem
1442 1795 1755 1866 suscipiunt,
1783 1797 1838 1851 in

1943 1816 2052 1865 tera
2066 1809 2292 1881 planiori
2314 1819 2643 1865 secretorum
2671 1810 2909 1864 adituum
2939 1809 3100 1864 situm
3129 1809 3340 1876 longius
3367 1808 3517 1863 vide-

259 1882 513 1952 profectu
533 1898 644 1937 sua:
665 1881 969 1937 devotionis
996 1876 1335 1950 adjuvantur.

334 1973 392 2031 5.
433 1972 534 2029 Sed
558 1972 684 2042 quia
706 1972 759 2026 in
781 1971 1002 2026 diversis
1021 1980 1326 2026 sanctorum
1352 1972 1566 2027 Patrum
1589 1975 1842 2044 operibus

260 2063 481 2118 diversa
508 2063 665 2132 hujus
692 2063 927 2119 historiae
967 2063 1271 2118 testimonia
1299 2065 1642 2120 inveniuntur
1669 2082 1840 2136 expo-

258 2152 388 2216 sita,
424 2161 613 2207 notare
639 2153 810 2208 lector
837 2152 993 2207 debet
1022 2155 1146 2223 quia
1179 2154 1466 2224 aliquando
1507 2170 1692 2210 eorum
1721 2173 1841 2212 sen-

260 2255 360 2295 sus
390 2240 670 2295 tractando
697 2240 996 2310 subsequor
1020 2279 1036 2306 ,
1084 2241 1370 2309 aliquando
1399 2235 1576 2296 autem
1610 2242 1842 2298 enodare

263 2330 551 2386 historiam
578 2330 734 2385 aliter
760 2330 982 2395 insudo,
1017 2338 1072 2384 ut
1093 2340 1144 2385 et
1174 2346 1310 2400 opus
1343 2332 1485 2401 quod
1521 2346 1617 2401 spe
1652 2333 1843 2388 divinae

266 2420 636 2489 inspirationis
664 2420 966 2489 aggredior,
993 2429 1047 2482 et
1067 2423 1403 2489 antiquorum
1429 2430 1635 2492 patrum
1658 2432 1842 2478 auclo-

269 2513 438 2570 ritate
464 2513 532 2568 sit
559 2513 813 2578 validum,
843 2521 899 2568 et
927 2513 1109 2568 lectori
1132 2528 1463 2584 nequaquam
1488 2514 1840 2581 fastidiosum,

275 2600 408 2665 dum
438 2601 570 2672 inter
596 2617 658 2658 ea
681 2617 802 2672 qua:
837 2603 986 2660 novit
1015 2611 1194 2658 vetera
1224 2618 1288 2658 ea
1325 2604 1485 2661 etiam
1515 2604 1564 2658 ei
1592 2620 1710 2673 qua:
1738 2621 1845 2659 non

279 2692 431 2754 novit
458 2707 591 2746 nova
633 2699 1005 2761 repraesentat.
1046 2692 1126 2747 Ad
1155 2709 1314 2763 quam
1359 2693 1600 2764 profecto
1629 2704 1846 2750 senten-

276 2783 476 2836 tiarum
501 2784 990 2852 pronuntiationem
1013 2784 1296 2854 aliquando
1320 2799 1386 2840 ex
1415 2787 1732 2842 necessitate
1751 2786 1847 2841 du-

277 2887 397 2938 cor,
444 2873 567 2941 quia
611 2882 668 2928 et
697 2873 885 2929 Patres
913 2875 1244 2942 venerabLles
1282 2876 1328 2931 si
1377 2877 1612 2934 seriatim
1655 2887 1848 2934 cuncta

275 2972 612 3032 exponerent
639 2978 760 3032 qua:
787 2978 853 3018 ex
877 2971 1028 3033 parte
1055 2965 1363 3033 tetigerunt,
1395 2981 1513 3020 eam
1542 2967 1736 3023 seriem
1768 2968 1848 3024 lo-

276 3052 510 3120 cutionis
535 3068 699 3122 quam
726 3061 909 3108 tenere
935 3053 1032 3108 visi
1055 3064 1178 3110 sunt
1204 3056 1486 3112 observare
1512 3071 1846 3126 nequaquam
1898 3101 1901 3105 .

1938 1916 2089 1966 mus;
2121 1908 2176 1955 et
2205 1915 2271 1954 eo
2297 1899 2414 1969 ejus
2441 1908 2660 1968 tangere
2687 1916 2894 1955 summa
2925 1917 3030 1956 non
3055 1915 3336 1970 possumus
3362 1942 3377 1967 ,
3408 1914 3515 1968 quo

1938 1989 2132 2055 gradus
2161 1997 2243 2042 est
2269 1987 2488 2043 inferior
2513 1989 2653 2044 unde
2679 1998 2898 2058 tangere
2944 2004 3151 2044 summa
3185 1989 3506 2057 cogitamus.

1941 2077 2078 2144 Quid
2109 2079 2250 2132 enim
2283 2085 2367 2132 est
2396 2078 2697 2132 intellectus
2720 2079 3010 2133 divinitatis
3030 2122 3046 2148 ,
3088 2079 3186 2133 nisi
3235 2077 3517 2134 inefl‘abilis

1941 2167 2183 2236 quaedam
2229 2183 2436 2222 summa
2477 2167 2849 2223 celsitudinis?
2894 2167 2956 2222 Et
3003 2169 3127 2236 quia
3178 2169 3518 2239 omnipotens

1943 2260 2084 2314 Deus
2106 2275 2201 2329 per
2220 2258 2521 2328 Scripturas
2549 2259 2872 2326 agnoscitur.
2901 2258 3027 2326 quid
3051 2266 3129 2312 est
3151 2258 3335 2312 eadem
3365 2272 3517 2312 sacra

1943 2348 2214 2420 Scriptura
2240 2391 2256 2415 ,
2299 2350 2399 2406 nisi
2427 2349 2620 2418 gradus
2649 2349 2860 2418 quidam
2882 2390 2896 2414 ,
2928 2350 3018 2416 qui
3048 2348 3430 2403 conscenditur
3459 2356 3518 2402 ut

1945 2442 2034 2496 illa
2080 2441 2382 2496 sublimitas
2436 2441 2809 2509 contingatur?
2853 2440 3076 2506 Quoties
3120 2452 3248 2507 ergo
3297 2439 3519 2493 historia

1948 2531 2158 2601 planior
2185 2539 2288 2597 est,
2315 2529 2408 2586 sed
2437 2531 2597 2585 altior
2620 2531 2942 2595 intellectus,
2969 2530 3095 2601 quid
3121 2538 3204 2587 est
3227 2529 3390 2594 aliud,
3416 2530 3521 2584 nisi

1946 2623 2070 2692 quia
2098 2621 2259 2683 talem
2287 2621 2511 2692 gradum
2543 2623 2630 2677 illa
2667 2622 2964 2677 sublimitas
2995 2622 3154 2677 habet
3176 2637 3204 2675 a
3234 2637 3341 2691 quo
3365 2621 3521 2677 facile

1949 2714 2187 2783 contingi
2215 2729 2319 2768 non
2350 2714 2567 2782 potest?
2596 2711 2650 2768 Si
2682 2727 2809 2780 ergo
2846 2712 3045 2782 aliquid
3074 2712 3326 2766 indecens
3356 2713 3515 2766 etiam

1951 2802 2003 2856 in
2033 2800 2289 2871 planioris
2309 2800 2548 2855 historia‘
2587 2799 2960 2870 explanatione
2991 2801 3160 2855 lector
3185 2800 3518 2868 inspexerit,

1954 2899 2104 2946 tanto
2135 2889 2408 2959 benignius
2437 2889 2563 2943 dare
2589 2889 2794 2943 veniam
2825 2889 3059 2958 poterit,
3104 2896 3308 2956 quanto
3353 2889 3521 2942 ratiu—

1950 2981 2178 3035 nabilins
2216 2981 2459 3050 agnoscit
2487 2980 2632 3049 quia,
2681 2980 2804 3034 dum
2833 2994 2863 3032 a
2896 2979 3054 3048 plano
3110 2979 3253 3047 quod
3281 2979 3518 3033 cernitur

1952 3068 2018 3123 ad
2047 3068 2137 3122 illa
2165 3069 2412 3123 sublimia
2448 3068 2582 3122 ultra
2627 3084 2732 3122 non
2773 3067 3040 3122 tendimus
3064 3107 3078 3131 ,
3123 3067 3276 3121 facile
3307 3067 3521 3120 vacilla-

272 3141 594 3210 potuissent.
627 3141 760 3195 Dum
790 3143 951 3209 igitur
973 3152 1278 3198 sanctorum
1307 3143 1524 3210 Patrum
1547 3147 1847 3203 intellectus
1873 3162 1919 3225 α
1950 3174 2088 3212 mus,
2123 3157 2314 3213 Priora,
2351 3158 2512 3228 igitur
2538 3158 2819 3212 voluminis
2843 3197 2858 3224 ,
2904 3157 3028 3226 quia
3059 3165 3166 3211 iam
3194 3166 3390 3212 εεηιριω
3419 3156 3521 3211 Ec-

272 3239 543 3304 praetereo
565 3269 582 3296 ,
615 3231 935 3286 necessitate
962 3232 1274 3301 aliquando,
1307 3234 1591 3302 aliquando
1613 3251 1848 3292 commo-

272 3321 448 3376 ditate
474 3331 613 3395 utor,
639 3322 762 3390 quia
787 3331 840 3377 et
870 3323 1136 3378 fastidium
1168 3323 1354 3379 lectori
1375 3341 1619 3390 amoveo,
1643 3336 1700 3382 et
1722 3329 1848 3384 dum

272 3419 452 3465 totum
481 3412 718 3466 seriatim
750 3412 996 3481 discutio,
1025 3414 1190 3469 multa
1228 3430 1294 3470 ex
1331 3417 1520 3472 mediis
1546 3429 1732 3474 contra
1763 3433 1849 3474 me

267 3507 498 3561 veniunt
522 3523 642 3576 quae
667 3510 880 3567 illorum
902 3511 1053 3580 sequi
1073 3512 1364 3567 sententias
1384 3527 1488 3568 non
1511 3513 1844 3583 permittunt.

270 3596 335 3651 In
366 3614 475 3668 quo
499 3615 632 3655 sane
653 3616 819 3670 opere
851 3602 1104 3658 lectorem
1135 3603 1338 3672 ﬂagito,
1365 3613 1424 3659 ut
1452 3622 1561 3660 non
1593 3609 1752 3661 verba
1783 3623 1849 3661 ex

268 3688 645 3758 eloquentium
698 3701 973 3754 oratorum
1018 3702 1218 3748 sancta:
1270 3693 1519 3749 Ecclesia:
1567 3711 1848 3766 compara-

266 3777 426 3837 tione
452 3779 776 3845 consideret,
806 3779 900 3834 sed
928 3783 1308 3847 sententiarum
1338 3783 1638 3839 intel'ectus
1659 3801 1726 3839 ex
1754 3801 1845 3842 ec-

267 3866 589 3923 clesiasticae
639 3869 931 3940 disciplina:
977 3872 1269 3938 rationibus
1313 3884 1540 3944 penset,
1583 3877 1712 3946 quia
1745 3879 1847 3934 etsi

260 3955 424 4025 juxta
447 3957 542 4011 Dei
569 3959 980 4026 prohibitionem
1004 3963 1055 4016 in
1079 3964 1195 4032 ejus
1210 3965 1368 4019 domo
1397 3980 1585 4022 nemus
1605 3968 1846 4036 plantare

265 4048 461 4102 nescio
491 4047 664 4118 (Deut.
696 4067 784 4106 xvr
805 4093 820 4116 ,
851 4051 962 4123 2i),
994 4054 1229 4122 regulam
1275 4063 1488 4126 tamen,
1519 4073 1623 4128 qua
1662 4068 1849 4115 sancta

267 4137 836 4210 Scriptura'fideliter
877 4146 1179 4214 exponitur,
1222 4147 1277 4202 in
1323 4147 1470 4204 nullo
1511 4149 1844 4219 derelinquo.

1952 3254 2129 3315 elesite
2157 3262 2493 3307 sacramenta
2525 3252 2821 3316 continent,
2854 3266 3012 3319 quam
3042 3264 3220 3306 mores
3242 3249 3398 3306 electi
3421 3251 3520 3305 ho-

1951 3344 2109 3398 minis
2135 3343 2528 3409 demonstrant,
2560 3341 2716 3410 positi
2752 3341 2806 3394 in
2849 3340 3026 3395 studio
3052 3340 3207 3394 bonae
3233 3354 3520 3396 conversa-

1953 3435 2133 3501 tionis,
2163 3434 2259 3489 sub
2290 3448 2517 3504 utroque
2546 3433 2820 3488 intellectu
2849 3433 3116 3501 sigillatim
3156 3433 3422 3498 edissere,
3464 3440 3524 3486 ut

1950 3542 2072 3581 cum
2099 3526 2152 3580 in
2178 3525 2383 3580 actibus
2410 3534 2653 3579 veterum
2681 3539 2830 3578 nova:
2858 3523 2976 3576 fidei
3016 3522 3248 3577 rationes
3273 3522 3519 3590 agnosci-

1951 3633 2088 3680 mus,
2123 3615 2175 3669 in
2213 3615 2290 3669 eis
2319 3615 2478 3668 etiam
2509 3613 2932 3668 conversationis
2975 3621 3170 3666 nostra:
3208 3613 3519 3666 aedificatiu-

1951 3717 2073 3757 nem
2100 3703 2391 3772 capiamus.
2418 3701 2521 3756 Sed
2550 3711 2606 3756 et
2650 3701 2773 3770 quia
2819 3702 2871 3755 in
2921 3701 3092 3756 salute
3121 3701 3352 3755 fidelium
3392 3699 3522 3756 ﬁdes

1951 3795 2203 3863 operibus
2250 3794 2394 3863 prior
2435 3802 2553 3858 est,
2587 3793 2816 3864 typicam
2855 3793 3338 3860 significationem,
3376 3793 3526 3848 velut

1951 3882 2175 3937 solidum
2206 3879 2625 3945 fundamentum,
2660 3881 3061 3949 pmmittimus,
3093 3880 3179 3935 cui
3211 3881 3376 3934 totius
3400 3897 3519 3936 sus-

1952 3971 2094 4040 cepti
2127 3969 2306 4039 operis
2335 3968 2534 4023 fabrica
2585 3969 2635 4022 in
2682 3968 2869 4023 morali
2899 3970 2984 4024 vel
3024 3970 3276 4026 historica
3307 3971 3521 4040 exposi-

1953 4063 2099 4121 tione
2127 4061 2432 4133 imponatur
2463 4059 2548 4116 vel
2578 4060 2949 4130 subsequatur.

271 4310 3513 4342 F—-—-——-——————————————-—————-———-—————m

1466 4444 1807 4527 LIBER
1852 4446 2332 4530 PRIMUS.

754 4623 804 4694 5
840 4622 1062 4680 CAPUT
1100 4623 1384 4679 PRIMUM.

346 4717 412 4789 (l.
440 4717 572 4784 Reg.
600 4733 636 4781 ι,
672 4717 748 4785 1.)
791 4716 913 4770 Fuit
940 4719 1016 4771 vir
1059 4735 1191 4770 unus
1220 4718 1282 4771 de
1315 4717 1567 4772 Ramatha
1595 4719 1811 4788 Sophim
1831 4760 1846 4786 ,

261 4811 331 4862 de
358 4817 531 4862 monte
550 4806 826 4876 Epitraim,
857 4817 904 4859 et
934 4825 1115 4861 nomen
1139 4809 1250 4877 ejus
1283 4807 1538 4874 Helcana,
1560 4809 1698 4878 ﬁlius
1719 4808 1768 4861 11
1777 4811 1849 4862 ie-

257 4899 498 4960 roboam,
528 4896 627 4966 ﬁlii
658 4895 831 4960 lleliu,
853 4897 949 4965 ﬁlii
976 4896 1137 4964 Tlum,
1162 4898 1260 4966 ﬁlii
1283 4897 1448 4966 Suph,
1479 4895 1840 4966 Ephrathazus.

340 4987 391 5040 i.
432 4986 600 5053 Quem
630 5000 760 5055 ergo
794 4989 875 5042 vir
901 4988 1000 5042 iste
1029 4988 1184 5043 nobis
1223 4988 1489 5054 insinuat,
1522 4989 1623 5045 nisi
1657 4989 1842 5044 Domi-

254 5093 395 5135 num
424 5093 492 5132 ac
521 5077 934 5148 Redemptorem
957 5086 1220 5148 nostrum,
1252 5081 1340 5149 qui
1369 5088 1423 5135 et
1451 5080 1504 5134 in
1528 5081 1834 5136 infirmitate

249 5175 468 5223 nostra:
496 5169 669 5223 carnis
695 5169 974 5238 apparuit,
1007 5176 1062 5223 et
1092 5177 1271 5224 tamen
1299 5169 1541 5224 eamdem
1579 5178 1838 5239 suscepta:

254 5269 475 5314 natura;
520 5258 883 5316 infirmitatem
929 5261 1049 5315 vitae
1088 5262 1408 5317 remissioris
1434 5262 1702 5317 blanditiis
1729 5278 1840 5318 non

251 5351 512 5418 subegit?
539 5350 634 5409 Vir
660 5352 857 5420 quippe
885 5367 914 5406 a
943 5352 1136 5408 virtute
1166 5354 1468 5407 nominatur
1494 5371 1506 5406 :
1542 5353 1711 5408 Homo
1740 5368 1838 5407 au-

257 5449 372 5492 tem
403 5439 459 5490 in
488 5438 739 5506 paradiso
763 5439 1038 5505 conditus,
1080 5441 1279 5496 bellum
1307 5456 1425 5495 cum
1467 5449 1709 5510 apostata
1740 5455 1838 5494 an-

253 5527 383 5596 gelo
411 5528 642 5596 habuit,
673 5529 759 5584 cui
800 5537 977 5585 tamen
1020 5547 1118 5601 per
1145 5533 1555 5588 cnndilionalem
1584 5533 1836 5586 virtutem

256 5619 518 5673 resistere
561 5633 672 5673 non
702 5621 928 5675 curavit.
954 5623 1008 5694 θ
1035 5622 1211 5680 Fortis
1249 5638 1377 5693 ergo
1421 5623 1696 5688 conditus,
1743 5621 1837 5676 sed

258 5709 404 5764 hosti
434 5709 712 5765 enerviter
738 5710 1078 5784 subjugatus,
1109 5715 1190 5770 vir
1225 5730 1331 5772 non
1364 5713 1462 5771 fuit
1489 5730 1554 5770 ex
1583 5727 1834 5784 congres-

1877 4611 1932 4670 1)
1955 4625 2127 4691 sione,
2156 4626 2246 4695 qui
2271 4624 2370 4680 fuit
2392 4639 2456 4680 ex
2484 4641 2724 4681 munere.
2755 4626 2844 4681 Sic
2866 4627 3045 4696 itaque
3087 4626 3255 4680 factus
3281 4635 3359 4680 est
3403 4625 3514 4680 for-

1951 4718 2037 4780 tis,
2066 4727 2123 4771 ut
2149 4717 2396 4771 damnata
2421 4715 2650 4771 humana
2676 4726 2885 4781 natura,
2915 4717 3103 4772 victori
3129 4717 3268 4770 hosti
3305 4731 3513 4784 praeva-

1947 4807 2059 4860 lere
2087 4821 2190 4860 non
2220 4814 2435 4874 posset,
2477 4807 2520 4859 si
2547 4806 2684 4859 hanc
2713 4807 2799 4859 ille
2829 4821 2934 4858 non
2961 4813 3274 4870 assumeret,
3306 4807 3396 4873 qui
3428 4823 3518 4860 su-

1944 4911 2039 4966 pra
2068 4895 2312 4949 homines
2335 4895 2642 4949 cxstitisset.
2674 4894 2870 4948 Factus
2914 4901 2997 4948 est
3040 4893 3219 4960 itaque
3248 4895 3517 4962 prmliator

1942 4997 2145 5050 noster,
2176 4986 2432 5040 Conditor
2459 4994 2662 5040 noster.
2703 4984 2808 5039 Sed
2836 4993 3010 5039 utrum
3035 4986 3116 5038 vir
3148 4984 3343 5052 fuerit,
3384 5003 3513 5041 nos-

1942 5075 2098 5140 citur,
2127 5075 2171 5130 si
2215 5090 2284 5129 ex
2313 5083 2525 5128 ostensa
2566 5075 2764 5128 virtute
2791 5074 3178 5128 consideretur.
3211 5076 3512 5145 Assumpsit

1945 5176 2182 5221 nostram
2212 5174 2473 5231 naturam,
2505 5180 2621 5233 quae
2651 5165 2773 5219 dum
2805 5167 2856 5220 in
2886 5167 3002 5236 ipso
3030 5167 3283 5232 vinceret,
3313 5168 3511 5222 nobili-

1946 5266 2107 5310 tatem
2137 5257 2402 5310 conditam
2430 5263 2740 5324 repararet,
2788 5263 2845 5309 et
2885 5255 3035 5310 ﬁeret
3063 5255 3113 5309 in
3154 5255 3513 5326 Redemptore

1944 5344 2149 5399 infirma
2179 5344 2370 5407 valida,
2400 5359 2516 5412 quae
2547 5345 2598 5398 in
2622 5344 2787 5398 Adam
2820 5345 2955 5399 facta
2985 5343 3156 5400 fuerat
3184 5345 3335 5399 fortis
3359 5347 3510 5400 infir-

1942 5450 2028 5488 ma
2059 5433 2272 5504 (Matth.
2303 5433 2397 5504 ιγ).
2423 5433 2516 5488 Cui
2541 5434 2807 5500 nimirum,
2838 5434 2964 5489 dum
2989 5434 3274 5504 jejunarct,
3301 5436 3352 5488 in
3383 5450 3506 5490 ere.

1943 5539 2031 5578 mo
2054 5531 2286 5578 tentator
2306 5523 2492 5592 adfuit,
2521 5525 2752 5594 antiquae
2774 5525 3006 5580 victoria:
3027 5541 3133 5586 sua:
3158 5525 3262 5580 tela
3292 5540 3510 5595 repara-

1943 5616 2056 5682 vit,
2086 5616 2221 5685 gula:
2242 5657 2256 5682 ,
2287 5619 2335 5687 7
2367 5617 2612 5673 elationis
2655 5633 2719 5672 ac
2761 5617 3020 5687 superbiae
3042 5617 3218 5686 jacnla
3262 5618 3505 5675 intorsit:

1941 5706 2038 5778 sed
2066 5723 2184 5763 eum
2207 5708 2304 5770 sibi
2335 5724 2426 5779 per
2455 5710 2642 5783 omnia.
2661 5710 2994 5781 resistentem
3016 5710 3232 5785 reperit.
3265 5708 3357 5763 Vir
3378 5725 3510 5778 ergo
