4000 6302
497 301 566 354 25
1693 289 1935 349 SANCTI
1974 288 2295 344 GREGORII
2339 291 2546 347 .llAGNI

3689 294 3775 351 2i

497 412 692 467 claruit
720 424 815 481 per
835 409 1134 474 victoriam,
1159 407 1249 478 qui
1272 407 1464 462 fortem
1490 406 1601 476 jam
1622 404 1885 460 victorem
1914 414 2072 470 apos-
2100 397 2152 458 A
2178 396 2375 455 Paulus
2419 402 2494 455 ait
2519 420 2531 454 :
2575 402 2959 460 Abundantium
3000 409 3183 476 gratiae
3206 446 3220 471 ,
3255 414 3303 460 et
3339 405 3634 477 donationis
3661 448 3679 475 ,
3719 413 3781 459 et

495 511 662 558 tatam
693 501 938 569 angelum
967 513 1245 569 superans,
1279 514 1385 553 non
1408 496 1457 552 ei
1485 496 1778 566 potentiam
1806 510 1916 550 suae
1939 494 2075 549 divi-

497 594 679 648 nitatis
707 592 964 656 exhibuit,
995 591 1089 646 sed
1118 590 1481 644 inﬁrmitatem
1509 588 1878 642 humanitatis.
1922 586 2074 641 Ilunc

497 686 667 737 virum
700 683 960 752 propheta
1004 681 1259 736 Jeremias
1286 679 1632 735 considerans
1655 718 1670 743 ,
1713 679 1823 732 ait:
1855 676 2075 731 Femina

495 773 831 844 circumdabit
860 774 1024 827 cirum
1047 772 1257 842 (Jerem.
1298 787 1441 835 xm,
1464 768 1575 839 9.2).
1611 768 1761 824 Hunc
1791 767 2076 832 Zacharias

495 873 778 928 monstrat,
801 864 984 918 dicens
1008 881 1021 915 :
1053 862 1186 916 Ecce
1212 862 1305 928 vir,
1334 860 1520 926 Oriens
1548 875 1732 912 nomen
1754 860 1864 924 eius
1889 856 2072 926 (Zach.

495 973 568 1023 Vl,
603 956 712 1026 12).
743 954 901 1010 Hunc
932 956 1119 1010 beatus
1146 952 1336 1008 Petrus
1360 951 1633 1021 apostolus
1657 948 1851 1004 Judmis
1881 946 2075 1019 praedi-

497 1062 650 1111 cans,
680 1046 807 1100 dicit
835 1064 847 1099 :
879 1045 1055 1099 Jesum
1085 1042 1137 1096 Ν
1142 1060 1419 1098 azarenum
1446 1084 1460 1108 ,
1489 1043 1653 1096 virum
1681 1040 2016 1110 approbatum
2044 1055 2077 1091 a

500 1136 609 1192 Deo
635 1140 688 1191 in
720 1139 873 1201 vobis,
905 1136 1172 1191 virtutibus
1196 1174 1210 1199 ,
1249 1143 1297 1188 et
1327 1134 1597 1204 prodigiis,
1627 1141 1676 1185 et
1703 1133 1865 1200 signis
1898 1147 1915 1183 :
1945 1132 2078 1183 hunc

497 1230 756 1299 prazfinito
785 1228 1019 1289 consilio,
1044 1235 1092 1279 et
1117 1226 1440 1296 pra'seientia
1464 1224 1557 1276 Dei
1591 1224 1835 1275 traditum
1856 1237 1947 1290 per
1969 1238 2080 1274 ma—

498 1337 595 1374 nus
611 1320 900 1388 iniquorum
916 1318 1197 1387 adigentes,
1222 1315 1551 1368 interemistis
1570 1314 1703 1383 (Act.
1728 1329 1784 1376 ll,
1809 1310 1877 1363 2‘2.
1897 1321 1945 1365 et
1967 1311 2080 1382 2'5).

497 1412 633 1467 llinc
660 1410 831 1465 eidem
866 1408 1210 1477 Redemptori
1243 1407 1294 1459 in
1329 1407 1412 1459 via
1452 1405 1764 1472 colloquens
1792 1402 2079 1472 Cleophas,

498 1505 572 1558 ait
599 1522 613 1558 :
648 1503 722 1556 De
741 1503 863 1556 Jesu
897 1500 1177 1554 Nazarcno
1203 1541 1217 1566 ,
1246 1500 1333 1570 qui
1363 1500 1459 1571 fuit
1488 1499 1769 1569 propheta,
1809 1506 1988 1569 potens
2028 1498 2081 1551 in

496 1611 648 1665 opere
677 1602 725 1647 et
750 1609 983 1647 sermone
1007 1589 1157 1661 (Luc.
1185 1606 1330 1655 xxtv,
1365 1589 1473 1659 l9).
1512 1586 1603 1643 Vir
1627 1590 1826 1643 etenim
1851 1588 1966 1652 fuit,
1991 1587 2082 1656 qui

498 1697 550 1741 et
582 1685 634 1739 in
665 1685 769 1739 hoc
797 1683 994 1737 mundo
1022 1683 1089 1736 ab
1119 1680 1357 1735 Ecclesia
1383 1678 1587 1748 expulit
1632 1681 1905 1747 antiquum
1951 1679 2080 1732 hos-

2171 492 2391 561 justiliat
2415 494 2717 561 accipientes
2738 512 2756 560 ;
2787 496 2839 548 in
2856 497 2957 549 vita
2982 496 3269 567 regnabant
3296 513 3384 566 per
3404 513 3559 550 unum
3587 496 3785 550 Jesum

2177 581 2435 637 Christum
2452 584 2637 655 (Rom.
2668 601 2719 651 v,
2754 585 2865 657 l7).
2898 585 3049 641 Hanc
3074 588 3410 663 excellentia:
3451 603 3562 642 sua:
3593 587 3784 657 digni-

2178 680 2344 726 tatem
2374 689 2469 743 per
2508 675 2853 745 semetipsum
2881 674 3080 730 Judznis
3108 677 3478 745 improperaus
3531 680 3608 731 ait
3648 698 3660 731 :
3709 678 3775 733 Si

2179 779 2334 829 opera
2362 779 2465 817 non
2493 765 2724 830 fecissem
2761 767 2816 818 in
2842 767 2937 826 eis,
2969 784 3084 838 qua:
3112 784 3259 822 nemo
3290 770 3424 821 alius
3456 770 3608 839 fecit,
3644 786 3783 837 pec-

2178 864 2350 907 catum
2394 872 2496 909 non
2545 856 2789 909 haberent
2838 856 3016 926 (Joan.
3066 874 3155 923 xv,
3204 857 3327 928 25).
3383 856 3780 913 Excellentiam

2178 961 2395 1016 quoque
2444 947 2850 1015 pulchritudinis
2910 948 3027 1016 ejus
3081 950 3357 1005 Psalmista
3419 949 3783 1005 considerans

2178 1036 2316 1090 dixit
2347 1056 2358 1089 :
2394 1037 2668 1107 Speciosus
2693 1039 2863 1107 forma
2886 1040 2940 1107 8
2962 1055 3069 1106 pra:
3095 1040 3220 1108 ﬁliis
3255 1041 3541 1103 hominum,
3574 1040 3781 1108 ditium

2178 1136 2256 1181 est
2304 1130 2473 1197 gratia
2502 1128 2554 1180 in
2600 1126 2751 1182 labiis
2795 1131 2894 1181 tuis
2925 1129 3044 1199 (Ps.
3074 1146 3220 1195 mv,
3257 1130 3333 1198 5).
3359 1130 3642 1198 Singulare
3670 1132 3784 1186 bo-

2180 1232 2307 1271 num
2334 1216 2735 1286 Redemptionis
2766 1218 2929 1273 Isaias
2959 1221 3009 1273 in
3039 1235 3105 1273 eo
3134 1228 3167 1271 ιι
3189 1220 3444 1287 stilicans,
3476 1222 3553 1275 ait
3583 1242 3594 1272 :
3638 1221 3782 1275 Vere

2183 1308 2459 1391 languores
2488 1318 2691 1363 nostros
2719 1310 2830 1380 ipse
2859 1311 2995 1377 tulit,
3025 1318 3073 1363 et
3104 1312 3402 1382 iniquitates
3430 1323 3639 1366 nostras
3659 1314 3781 1383 ipse

2178 1401 2403 1470 portavit
2425 1398 2559 1471 (Isa.
2583 1415 2692 1465 Lm,
2734 1398 2811 1470 4).
2847 1399 3186 1469 Singularem
3211 1415 3425 1469 quoque
3448 1401 3781 1467 dignitatem

2185 1504 2321 1559 ejus,
2352 1499 2583 1544 :eternus
2609 1491 2823 1559 genitor
2850 1491 3159 1555 ostendens,
3206 1506 3234 1544 a
3277 1491 3557 1560 magniﬁca
3596 1492 3781 1560 gloria

2186 1582 2437 1636 clamavit
2462 1582 2644 1637 dicens
2672 1600 2684 1635 :
2718 1581 2822 1635 llic
2836 1593 2915 1637 est.
2938 1580 3099 1636 Filius
3128 1600 3268 1637 meus
3294 1570 3507 1637 dite-ctus
3532 1626 3546 1652 ,
3588 1586 3642 1639 in
3672 1601 3783 1656 quo

2185 1674 2310 1727 mihi
2340 1673 2465 1727 bene
2492 1673 2798 1740 complacui.
2819 1672 3035 1744 (Matth.
3061 1690 3138 1740 ιιι,
3165 1674 3254 1740 i7;
3274 1691 3400 1742 xvu,
3426 1673 3485 1740 5;
3519 1675 3546 1728 1
3572 1675 3692 1728 Pet.
3717 1692 3781 1742 II,

500 1786 638 1839 tem,
686 1785 741 1829 et
780 1775 830 1829 in
864 1774 1092 1835 inferno,
1125 1772 1379 1835 moriens,
1413 1771 1670 1839 alligavit.
1719 1769 1785 1822 Et
1824 1770 1947 1839 quia
1988 1769 2079 1838 qui
2116 1770 2158 1825 Β
2186 1762 2298 1834 17).
2331 1762 2480 1817 Unus
2508 1763 2591 1817 vir
2616 1771 2750 1828 erat,
2780 1779 2941 1832 quem
2973 1762 3159 1818 Petrus
3189 1763 3469 1829 conﬁtens,
3501 1765 3612 1818 ait:
3645 1764 3782 1820 Non

499 1866 736 1921 moriens
776 1865 965 1918 inf-rni
1011 1863 1151 1917 vires
1197 1861 1550 1925 comminuit,
1599 1873 1882 1926 resurgens
1930 1859 2083 1915 nobis

499 1955 702 2008 aditum
732 1955 993 2007 reseravit
1020 1953 1368 2012 aeternitatis,
1421 1950 1840 2018 magnitudinem
1871 1950 2083 2004 virtutis

500 2064 609 2104 suae
637 2063 742 2103 non
772 2047 943 2101 solum
972 2046 1199 2100 vivendo
1230 2044 1550 2098 monstravit
1578 2043 1732 2096 nobis
1758 2084 1774 2110 ,
1797 2042 1892 2096 sed
1922 2044 2082 2096 etiam

500 2138 780 2193 moriendo
802 2146 855 2191 et
877 2135 1223 2204 resurgendo.
1248 2133 1379 2200 Quia
1403 2149 1530 2203 ergo
1555 2132 1879 2202 Redemptor
1903 2142 2085 2187 noster

502 2242 600 2297 per
628 2226 1043 2286 humanitatem,
1080 2239 1239 2292 quam
1270 2222 1590 2289 assumpsit,
1635 2235 1839 2289 magna}
1876 2223 2085 2276 virtutis

503 2332 667 2387 opera
700 2317 872 2384 egisse
914 2314 1276 2381 cognoscitur,
1308 2320 1454 2366 recte
1496 2312 1538 2365 is
1577 2311 1668 2379 qui
1694 2326 1816 2365 eum
1847 2318 1973 2381 typo
2011 2312 2085 2367 si—

503 2406 721 2479 gniﬁcat
748 2407 826 2462 vir
854 2407 1017 2460 fuisse
1045 2406 1375 2474 perhibetur.

574 2499 627 2552 ‘2.
670 2498 775 2554 Sed
802 2499 1146 2567 quwrendum
1175 2504 1276 2561 est,
1310 2512 1404 2550 cur
1428 2496 1638 2549 dicatur
1666 2496 1742 2549 vir
1768 2512 1919 2549 unus.
1949 2495 2082 2550 Nam

505 2592 552 2648 si
579 2590 755 2645 unitas
783 2589 895 2644 haec
925 2586 1185 2642 referatur
1209 2587 1274 2641 ad
1306 2600 1583 2641 numerum
1609 2628 1623 2650 ,
1652 2585 1977 2655 superﬂuum
2003 2588 2088 2642 vi-

506 2681 703 2736 detur:
737 2678 1100 2746 unusquisque
1143 2678 1285 2731 enim
1316 2692 1469 2741 unus,
1502 2684 1555 2731 et
1594 2694 1702 2731 non
1732 2676 1859 2744 duo,
1891 2687 1992 2733 est.
2024 2677 2089 2731 Et

507 2777 726 2827 sanctus
753 2768 987 2833 Samuel,
1016 2785 1043 2821 a
1074 2785 1179 2838 quo
1204 2769 1302 2821 ista
1322 2769 1645 2836 scribuntur,
1668 2778 1854 2825 contra
1885 2786 2089 2825 morem

509 2861 834 2931 scriptorum
860 2868 1056 2914 sancta:
1087 2860 1339 2914 Ecclesia:
1379 2860 1573 2914 frustra
1605 2861 1887 2916 inchoasse
1914 2862 2087 2916 nulla-

509 2960 667 3007 tenus
693 2950 989 3006 crelendus
1016 2959 1117 3007 est.
1164 2950 1295 3004 Nam
1334 2951 1565 3019 scriptor
1602 2951 1741 3006 illius
1784 2952 2086 3019 voluminis,

509 3056 633 3096 cum
662 3040 803 3094 beati
832 3037 932 3093 Job
962 3040 1124 3094 vitam
1154 3040 1219 3092 ad
1248 3039 1550 3109 exemplum
1584 3038 1814 3094 ﬁdelium
1838 3041 2084 3107 duceret,

2186 1865 2261 1908 est
2292 1855 2434 1907 aliud
2457 1871 2640 1907 nomen
2674 1854 2849 1906 datum
2881 1854 2971 1907 sub
3002 1854 3157 1918 caelo,
3203 1856 3257 1907 in
3288 1872 3386 1926 quo
3414 1865 3646 1925 oporteat
3677 1874 3782 1910 nos

2186 1945 2354 1999 salvos
2381 1946 2496 2013 ﬁeri
2551 1946 2686 2015 (Act.
2719 1961 2796 2013 1v,
2825 1945 2933 2015 η).
2968 1944 3117 2000 Hanc
3147 1947 3479 2001 excellentia:
3509 1948 3624 2017 ejus
3655 1966 3782 2003 ma-

2185 2033 2522 2102 gnitudinem
2552 2035 2747 2088 Paulus
2776 2035 2986 2097 asserit,
3020 2036 3203 2091 dicens
3236 2054 3249 2089 :
3281 2034 3538 2091 Dominus
3567 2042 3782 2092 exalta-

2186 2127 2255 2178 υἱι
2280 2125 2443 2185 illum,
2476 2134 2525 2178 et
2555 2126 2695 2178 dedit
2723 2126 2800 2178 illi
2829 2142 3032 2189 nomen,
3067 2127 3201 2197 quod
3222 2137 3297 2181 est
3325 2145 3479 2197 super
3506 2145 3658 2182 omne
3677 2146 3786 2184 no-

2186 2232 2303 2270 men
2337 2216 2553 2287 (Philip.
2596 2233 2654 2281 u,
2685 2217 2760 2286 9).
2794 2217 2861 2270 Et
2906 2218 3029 2288 quia
3060 2220 3378 2274 excellentia
3407 2221 3619 2274 virtutis
3656 2222 3786 2289 ejus
3861 2226 3871 2235 '

2189 2324 2297 2364 non
2326 2309 2501 2364 solum
2530 2309 2731 2363 electos
2762 2310 3028 2378 homines,
3070 2310 3167 2363 sed
3198 2312 3355 2364 etiam
3388 2319 3614 2365 cunctos
3639 2312 3783 2365 bea-

2189 2408 2275 2455 tos
2296 2401 2514 2469 angelos
2542 2411 2776 2470 superat,
2806 2401 3040 2456 Hebraeis
3072 2402 3212 2457 hunc
3236 2403 3533 2471 praedicans
3555 2402 3783 2470 Paulus,

2189 2495 2320 2549 dicit
2352 2513 2363 2548 :
2398 2492 2497 2559 Qui
2526 2511 2639 2548 cum
2665 2497 2732 2549 sit
2760 2497 3003 2566 splendor
3031 2498 3230 2567 glorim,
3260 2509 3308 2552 et
3335 2500 3507 2570 ﬁgura
3528 2498 3789 2554 substan-

2192 2587 2276 2640 tite
2297 2587 2429 2656 ejus,
2460 2596 2769 2658 portamque
2800 2589 2969 2640 omnia
3000 2589 3147 2642 verbo
3179 2589 3377 2642 virtutis
3403 2606 3509 2643 sua:
3532 2631 3545 2654 ,
3579 2607 3787 2661 purga-

2191 2678 2380 2730 tionem
2406 2686 2727 2747 peccatorum
2749 2680 2943 2748 faciens
2968 2720 2982 2744 ,
3014 2681 3152 2732 sedet
3182 2682 3249 2733 azl
3292 2681 3554 2734 dexteram
3582 2684 3787 2752 majes-

2192 2770 2313 2821 tatis
2340 2770 2389 2821 in
2423 2770 2659 2836 excelsis,
2690 2779 2833 2823 tanto
2862 2773 3043 2825 melior
3073 2773 3269 2843 angelis
3299 2772 3507 2841 e/fectns
3535 2816 3550 2839 ,
3581 2783 3789 2845 quanto

2192 2862 2512 2930 differentias
2542 2880 2651 2934 prce
2670 2865 2775 2917 illis
2804 2882 2985 2918 nomen
3010 2867 3355 2943 hwreditaeit.
3374 2870 3463 2922 (iui
3486 2872 3621 2923 enim
3643 2871 3793 2925 dixit

2194 2956 2475 3025 aliquando
2528 2959 2873 3026 angelorum:
2906 2956 3073 3012 Filius
3104 2977 3245 3013 mens
3293 2978 3344 3015 es
3386 2970 3457 3027 tu,
3490 2980 3583 3032 ego
3627 2964 3793 3017 hodie

2194 3046 2345 3113 genui
2376 3045 2468 3097 te?
2497 3044 2565 3117 t
2592 3063 2795 3100 rursum
2823 3064 2840 3101 :
2871 3047 2986 3119 Ego
3015 3066 3101 3102 ero
3133 3051 3210 3103 illi
3238 3053 3291 3103 in
3316 3063 3541 3120 patrem,
3596 3062 3643 3106 et
3671 3054 3795 3123 ipse

511 3130 590 3185 sic
617 3144 841 3185 exorsus
864 3137 947 3183 est
974 3147 985 3181 :
1030 3128 1122 3182 Vir
1149 3137 1261 3182 erat
1288 3130 1341 3182 in
1388 3137 1523 3182 terra
1562 3128 1677 3183 Hus
1697 3168 1711 3193 ,
1760 3134 1967 3186 nomine
1995 3132 2092 3187 Job
2123 3130 2170 3194 C
2200 3132 2296 3185 erit
2322 3133 2445 3187 mihi
2473 3134 2527 3187 in
2556 3135 2723 3204 [ilium
2777 3135 2962 3205 (Ilebr.
2992 3152 3028 3201 ι,
3060 3136 3114 3202 5,
3145 3136 3195 3202 4,
3221 3138 3299 3207 5).
3334 3138 3501 3194 Recte
3538 3156 3666 3209 ergo
3699 3145 3798 3197 vir

516 3221 636 3290 (Job
660 3238 697 3286 ι,
723 3221 795 3290 1).
822 3219 1160 3289 Evangelista
1187 3220 1348 3274 etiam
1382 3218 1571 3283 Lucas,
1604 3237 1724 3276 cmn
1749 3223 1799 3276 in
1831 3223 2094 3293 principio

518 3312 599 3366 sui
627 3310 899 3378 Evangelii
922 3310 1053 3378 justi
1083 3310 1377 3364 sacerdotis
1405 3312 1668 3380 pnccon‘ia
1715 3312 1944 3379 diceret,
1979 3317 2053 3369 ait
2082 3334 2095 3369 :

522 3400 648 3455 Fuit
669 3402 719 3455 in
746 3400 921 3454 diebus
942 3399 1165 3456 Herodis
1185 3402 1319 3475 regis
1341 3402 1579 3456 sacerdos
1600 3406 1804 3459 nomine
1814 3404 2101 3462 Zacharias

525 3489 676 3559 (Luc.
708 3505 743 3552 ι,
777 3487 853 3559 5).
878 3489 1010 3543 Nam
1037 3507 1141 3545 nec
1162 3487 1257 3546 ille
1284 3490 1359 3544 ait
1385 3509 1398 3544 ς
1429 3492 1523 3547 Vir
1551 3509 1713 3559 unus;
1744 3510 1845 3550 nec
1873 3510 2103 3564 evange-

526 3580 647 3634 lista
675 3597 689 3634 :
722 3578 844 3633 Fuit
878 3579 1130 3635 sacerdos
1158 3596 1314 3635 unus.
1347 3579 1482 3647 Quid
1514 3591 1595 3636 est
1623 3596 1750 3651 ergo
1788 3586 1927 3653 quod
1957 3586 2102 3641 elec-

524 3681 613 3727 tus
643 3672 902 3742 propheta
933 3679 1121 3726 contra
1152 3686 1304 3726 usum
1334 3673 1677 3740 scriptorum,
1708 3677 1973 3730 scribendi
1999 3677 2105 3731 tale

524 3761 693 3829 cmpit
717 3760 1032 3815 exordium?
1063 3759 1168 3814 Sed
1189 3762 1313 3829 quia
1343 3777 1451 3816 non
1495 3762 1667 3816 solum
1699 3766 1928 3833 scriptor
1964 3777 2102 3833 erat,

527 3852 625 3909 sed
657 3852 817 3906 ctiam
848 3851 1130 3922 propheta,
1155 3860 1378 3906 noverat
1401 3852 1467 3906 de
1493 3868 1600 3922 quo
1630 3852 1852 3909 historia
1873 3856 2102 3922 diceret;

527 3954 584 4001 et
610 3943 701 4014 qui
726 3957 819 4013 per
844 3942 1121 3999 historiam
1154 3943 1448 4010 dicebatur,
1488 3954 1714 3999 noverat
1740 3960 1900 4015 quem
1929 3949 2109 4016 signa-

527 4045 629 4092 ret.
673 4034 827 4102 Quod
855 4050 982 4104 ergo
1011 4036 1080 4091 de
1120 4037 1340 4115 historia
1370 4046 1565 4107 praeter
1590 4055 1743 4094 usum
1780 4050 1963 4095 narrat
2000 4042 2109 4098 his-

531 4126 703 4191 toriaz,
736 4126 842 4180 hoc
871 4125 939 4179 ad
969 4142 1121 4181 usum
1154 4128 1431 4181 catholica:
1455 4127 1595 4195 ﬁdei,
1631 4130 1684 4183 in
1713 4130 1987 4187 intellectu
2024 4132 2107 4187 lo-

530 4216 712 4284 quitur
740 4215 1027 4284 allegorizn.
1071 4214 1225 4271 Unde
1272 4225 1326 4271 et
1372 4218 1472 4273 hac
1501 4235 1640 4274 nova
1684 4224 2108 4291 consuetudine,

529 4305 689 4360 simul
720 4314 831 4360 tota
860 4304 1147 4361 conﬁtetur
1175 4304 1444 4374 Ecclesia,
1476 4316 1499 4343 ει
1524 4309 1648 4377 quia
1680 4308 1817 4364 Deus
1865 4322 1914 4366 et
1960 4313 2110 4370 homo

530 4418 663 4455 unus
691 4409 766 4455 est
788 4400 1040 4455 Christus.
1073 4401 1209 4456 Dicit
1237 4416 1363 4471 ergo
1394 4420 1407 4455 :
1435 4402 1561 4457 Fuit
1585 4404 1662 4458 vir
1683 4421 1814 4460 unus
1838 4424 1857 4473 ;
1888 4408 2011 4477 quia
2045 4410 2112 4465 de

2206 3241 2343 3280 unus
2370 3225 2583 3293 dicitur,
2615 3227 2700 3283 cui
2729 3244 2889 3284 nemo
2910 3239 3291 3299 comparatur.
3328 3231 3430 3286 Sed
3473 3249 3630 3303 quem
3665 3243 3766 3290 tan

2205 3322 2315 3367 tum
2343 3317 2677 3386 agnovimus,
2708 3319 2985 3373 audiamus
3010 3319 3119 3388 jam
3149 3322 3287 3376 unde
3312 3332 3471 3377 eset.

2276 3403 2329 3459 4.
2372 3405 2448 3460 De
2473 3406 2734 3463 Ramatha
2756 3408 2990 3480 Sophim,
3012 3411 3073 3464 de
3099 3422 3270 3467 monte
3291 3412 3561 3483 Ephraim.
3589 3415 3800 3472 Ramn-

2207 3496 2315 3561 tha,
2365 3496 2588 3568 Sophim
2619 3508 2674 3553 et
2700 3498 2951 3569 Ephraim
2978 3543 2992 3569 ,
3044 3502 3309 3558 Hebraiea
3354 3508 3567 3561 nomina
3618 3520 3749 3562 sunt.
3779 3550 3798 3577 ,

2205 3603 2433 3657 quorum
2476 3593 2703 3660 primum
2736 3593 2787 3647 in
2819 3594 2996 3662 lingua
3044 3594 3224 3650 nostra
3266 3607 3442 3663 sonat,
3476 3598 3618 3653 Visio
3654 3616 3803 3656 cou—

2206 3690 2508 3748 summata,
2549 3682 2839 3739 secundum
2883 3700 3029 3751 vero,
3069 3685 3328 3755 Specula;
3370 3690 3587 3743 tertium
3633 3690 3803 3744 deni-

2208 3787 2330 3840 que,
2366 3773 2622 3842 Frugifer,
2667 3776 2779 3829 sive
2824 3777 3145 3832 fructilicans
3169 3820 3184 3844 ,
3216 3779 3617 3849 interpretatur.
3658 3781 3804 3848 Qum

2210 3860 2386 3915 autem
2418 3871 2499 3917 est
2524 3865 2660 3918 visio
2688 3877 3055 3921 con=ummata
3083 3908 3098 3935 ,
3147 3868 3246 3922 nisi
3283 3868 3375 3924 Dei
3405 3871 3805 3941 omnipotentis

2210 3953 2443 4022 cognitio
2476 3955 2754 4024 perfecta?
2791 3956 2939 4012 llanc
2976 3958 3217 4027 profecto
3255 3971 3681 4025 consummatam
3708 3964 3804 4016 vi-

2210 4046 2417 4099 sionem
2448 4049 2641 4102 doctor
2665 4046 2914 4103 Gentium
2948 4050 3214 4117 insinuat,
3257 4053 3442 4108 dicens
3488 4072 3501 4106 :
3545 4054 3801 4111 Videmus

2211 4153 2347 4190 nunc
2374 4155 2465 4208 per
2490 4139 2750 4207 speculum
2779 4141 2833 4193 in
2860 4143 3153 4211 aenigmate,
3184 4150 3302 4196 tunc
3351 4152 3519 4197 autem
3547 4146 3681 4219 [acie
3725 4147 3804 4199 ad

2214 4228 2441 4298 faciem;
2474 4244 2607 4282 nunc
2634 4245 2882 4300 cognosco
2918 4248 2983 4285 ex
3014 4240 3162 4299 parte
3183 4274 3198 4299 ,
3233 4242 3547 4289 tuncautem
3578 4253 3802 4307 cognos-

2214 4340 2345 4387 cant,
2377 4324 2507 4377 sicut
2534 4332 2582 4377 et
2610 4326 2842 4395 cognitus
2872 4342 2983 4379 sum
3023 4326 3073 4397 (Ι
3119 4326 3237 4381 Cor.
3272 4344 3383 4390 xm,
3419 4329 3528 4397 12).
3576 4330 3637 4382 Et
3665 4331 3803 4399 quid

2216 4414 2453 4482 specula,
2500 4416 2601 4468 nisi
2631 4415 2719 4469 illa
2766 4417 3077 4483 angelorum
3108 4420 3404 4474 sublimitas
3436 4422 3754 4489 intelligitur
3782 4425 3807 4478 ?

531 4491 643 4549 Deo
674 4492 889 4547 homine
918 4492 1255 4562 loquebatur,
1288 4501 1346 4547 ut
1372 4492 1663 4560 deitatem,
1710 4505 1765 4550 et
1807 4498 2109 4554 humanita-
2138 4503 2443 4574 DSpecula
2490 4509 2687 4576 quippe
2732 4507 2784 4560 in
2815 4482 3056 4574 sublimi,
3100 4513 3165 4564 ad
3216 4512 3496 4567 clariorem
3536 4482 3803 4570 visionem
3861 4482 3870 4489 ἢ

532 4593 640 4640 tem
671 4584 786 4654 ejus
813 4590 1107 4650 assereret,
1141 4592 1197 4639 et
1228 4600 1333 4638 non
1378 4584 1533 4639 aliam
1562 4588 1900 4657 suscipientis
1928 4593 2107 4659 verbi,

531 4682 587 4729 et
626 4673 860 4745 suscepti
900 4674 1132 4729 hominis
1179 4689 1493 4743 personam,
1538 4677 1629 4731 sed
1671 4677 1766 4732 Dei
1795 4689 1849 4733 et
1879 4680 2114 4739 hominis

531 4782 713 4832 unam,
745 4766 1098 4836 eamdemque
1126 4781 1244 4820 esse
1267 4768 1504 4836 apertius
1529 4768 1925 4827 demonstraret
1950 4793 1962 4826 :
1996 4790 2115 4843 quae

532 4866 714 4913 tamen
743 4858 954 4923 unitas,
987 4857 1056 4912 ad
1084 4858 1459 4913 excellentiam
1488 4859 1759 4928 dignitatis
1784 4863 1900 4933 ejus
1923 4865 2115 4921 referri

533 4948 915 5003 convenienter
958 4956 1150 5017 potest.
1203 4947 1336 5002 Nam
1367 4949 1467 5004 etsi
1510 4949 1923 5021 Redemptorem
1953 4956 2116 5010 alium

534 5046 722 5093 sancta
749 5036 987 5093 Ecclesia
1016 5054 1123 5093 non
1149 5040 1353 5104 habuit,
1383 5056 1449 5095 ex
1479 5042 1688 5097 virtutis
1713 5048 2021 5101 ostensione
2042 5049 2119 5102 vi-

536 5147 628 5186 ros
678 5129 964 5185 nonnullos
1006 5130 1207 5184 habuit.
1260 5130 1394 5185 Dum
1434 5148 1563 5202 ergo
1595 5152 1731 5191 un:.s
1768 5138 1979 5205 dicitur,
2032 5141 2115 5194 in-

537 5222 916 5291 comparabilis
943 5222 1360 5279 demonstratur.

609 5311 663 5366 5.
704 5312 837 5366 Nam
863 5312 1121 5380 mqualem
1143 5330 1249 5369 non
1274 5316 1474 5382 habuit,
1506 5320 1595 5389 qui
1619 5319 1742 5375 dum
1771 5322 2005 5380 humano
2026 5340 2119 5395 ge.

540 5403 655 5458 neri
691 5402 974 5459 excellenti
1027 5404 1133 5458 vita
1158 5444 1176 5471 ,
1220 5413 1274 5460 et
1303 5407 1467 5463 verbo
1507 5412 1811 5479 consuluit,
1863 5415 2121 5484 singulari

540 5507 763 5549 munere
809 5493 940 5549 dare
984 5496 1159 5566 potuit
1197 5496 1337 5553 dona
1383 5498 1804 5573 Redemptionis.
1858 5507 2009 5568 Unde
2063 5524 2119 5572 et

617 5658 638 5737 ξ’
670 5652 906 5737 Indicant:
932 5654 1143 5737 videtur
1171 5656 1559 5737 confessionem
1594 5678 1687 5717 seu
1728 5669 2027 5737 symbolum
2061 5673 2118 5725 ﬁ-

541 5726 629 5783 dei
658 5726 755 5781 sub
796 5724 1072 5783 Athanasii
1117 5728 1583 5797 nominecditnm,
1616 5724 1840 5805 quodin
1882 5724 2119 5800 Ecclesia

2218 4598 2449 4666 cligitur.
2482 4598 2747 4652 Ramatha
2767 4606 2944 4653 autem
2974 4599 3198 4670 Sophim
3230 4613 3376 4658 recte
3406 4604 3600 4658 dicitur
3628 4623 3641 4657 :
3671 4608 3803 4674 quia

2218 4689 2307 4744 illa
2337 4689 2643 4747 Conditoris
2675 4691 2841 4745 nostri
2879 4691 3114 4760 perfecta
3157 4694 3392 4762 cognitio
3414 4736 3430 4763 ,
3471 4711 3499 4749 a
3538 4697 3666 4751 solis
3695 4697 3805 4753 illis

2218 4781 2389 4837 beatis
2426 4783 2628 4838 civibus
2657 4782 2843 4838 haberi
2872 4793 3083 4854 potest,
3114 4786 3203 4853 qui
3234 4785 3284 4839 in
3315 4803 3542 4856 superna
3591 4789 3678 4841 illa
3708 4805 3803 4847 su~

2218 4874 2481 4928 blimitate
2510 4875 2829 4928 consistunt.
2852 4873 3018 4928 Jubar
3045 4875 3244 4945 quippe
3283 4877 3471 4930 aeterni
3503 4877 3715 4931 luminis
3746 4880 3800 4931 in

2222 4967 2303 5019 sui
2329 4964 2679 5033 plenitudine,
2712 4981 2821 5019 non
2852 4966 2903 5019 in
2939 4965 3048 5019 imo
3077 4967 3355 5035 praesentis
3379 4968 3523 5021 exilii
3549 5008 3563 5033 ,
3605 4969 3697 5022 sed
3731 4970 3802 5024 de

2219 5061 2363 5109 statu
2390 5057 2678 5125 respicitur
2698 5065 2913 5110 mterna:
2941 5058 3304 5113 sublimitatis.
3340 5056 3491 5114 Unde
3530 5061 3666 5115 bene
3695 5060 3803 5117 Ra-

2222 5147 2401 5200 matha
2431 5146 2653 5217 Sophim
2701 5149 2754 5202 in
2795 5160 2977 5203 monte
3019 5148 3268 5219 prraim
3318 5150 3416 5204 sita
3468 5153 3804 5220 perhibetur.

2223 5237 2350 5305 Quis
2394 5249 2474 5294 est
2518 5242 2660 5295 enim
2708 5257 2862 5295 mons
2912 5240 3199 5309 Ephraim,
3243 5242 3341 5295 nisi
3382 5242 3612 5297 emtum?
3653 5242 3808 5301 Mons

2221 5332 2419 5400 quippe
2443 5340 2522 5385 est
2554 5330 2789 5400 frugifer,
2819 5333 2910 5400 qui
2933 5338 3146 5385 aeternae
3173 5333 3582 5402 pulchritudinis
3612 5334 3801 5401 tiores,

2223 5431 2277 5477 et
2306 5422 2507 5477 fructus
2534 5422 2885 5477 indeﬁcientis
2912 5422 3109 5493 gaudii,
3141 5439 3355 5493 semper
3383 5422 3606 5491 profert.
3652 5423 3803 5479 Bene

2222 5523 2421 5577 autem,
2453 5521 2507 5567 et
2538 5511 2797 5567 llamatha
2823 5553 2840 5582 ,
2881 5522 2934 5568 ct
2962 5512 3182 5583 Sophim
3230 5515 3282 5568 in
3326 5512 3579 5584 Eplnaim
3621 5524 3813 5573 monte.

2226 5677 2559 5736 dccantatur.
