4000 6288
163 305 244 358 5:5
1030 301 1095 354 IN
1139 298 1398 355 PRIMUM
1441 296 1681 352 REGUM
1722 295 2237 356 EXPOSITIONES.
2279 331 2346 341 —
2387 301 2514 359 Ler.
2558 303 2598 358 l.
3403 313 3472 364 26

164 417 286 470 sita
324 413 672 486 perhibetur,
714 411 854 480 quia
881 409 970 465 illa
1009 409 1396 480 omnipotentis
1439 407 1532 463 Dei
1575 415 1776 462 mterna
1809 415 1855 470 Α
1883 424 2042 478 quem
2067 410 2231 478 Virgo
2265 413 2496 482 peperit,
2540 430 2650 470 non
2671 417 2919 488 concepit
2972 421 3236 477 materiali
3286 439 3474 495 Opt‘re,

167 507 343 572 visio,
374 512 430 559 et
458 502 688 557 altitudo
715 502 802 555 illa
842 500 1034 555 civium
1065 501 1367 563 beatorum,
1410 513 1518 554 non
1549 514 1602 552 tn
1637 507 1780 554 terra
1883 501 1975 556 sed
2000 503 2170 559 sancti
2200 503 2430 575 Spiritus
2458 507 2870 564 obumbratione
2925 509 3075 580 (Luc.
3104 529 3144 580 ι,
3173 512 3286 580 55).
3339 515 3477 571 llinc

168 597 436 657 habetur,
464 593 558 647 sed
591 592 643 645 in
684 591 844 646 cmlo.
887 591 963 645 De
1004 590 1266 644 Ramatha
1294 604 1528 657 namque
1567 603 1625 643 se
1663 603 1782 643 esse
1883 590 2058 644 eidem
2087 592 2197 659 regi
2223 602 2277 648 et
2300 595 2577 665 propheta:
2602 612 2632 650 a
2662 597 2885 654 Domino
2908 598 3106 655 dicitur
3138 619 3151 654 :
3201 601 3278 655 De
3301 604 3474 674 fructu

168 685 486 747 insinuans,
518 684 595 736 ait
621 698 634 733 :
667 681 818 737 Sicut
846 681 982 735 norit
1006 697 1086 733 me
1116 679 1304 744 Pater,
1354 688 1403 732 et
1428 694 1522 748 ego
1561 692 1782 748 agnosco
1883 685 2074 736 ventris
2106 684 2178 736 tui
2199 701 2387 755 ponam
2415 703 2568 754 super
2586 689 2756 742 sedem
2781 697 2920 743 tuam
2951 689 3123 760 (Psal.
3153 707 3336 759 cxxxr,
3363 693 3476 763 il).

169 776 405 830 Patrem
450 775 636 847 (Joan.
661 791 717 838 x,
752 771 864 840 15).
899 770 1036 826 llinc
1066 771 1258 825 iterum
1289 769 1418 824 dicit
1447 787 1458 819 τ
1493 765 1662 822 Nemo
1690 784 1782 822 no-
1886 771 2022 828 Hinc
2051 772 2076 849 l.
2101 775 2212 828 aias
2238 776 2314 830 ait
2341 793 2353 829 :
2399 775 2514 830 Erit
2543 780 2742 848 fructus
2769 788 2920 835 terra:
2950 780 3181 836 sublimis
3233 782 3371 852 (lsa.
3394 799 3473 850 tv,

168 869 250 920 rit
279 854 477 922 Filium
505 867 608 919 nisi
643 864 822 926 Pater,
853 872 899 915 et
933 862 1144 916 Patrem
1194 878 1341 915 nemo
1381 861 1519 914 norit
1559 861 1659 914 nisi
1691 859 1786 914 Fi-
1885 861 1961 934 2).
1987 862 2138 922 ,Ναιιι
2168 881 2326 934 quem
2379 866 2540 935 Virgo
2568 867 2774 935 genuit,
2827 885 2934 924 non
2958 872 3130 925 solum
3164 873 3325 927 homo
3349 888 3476 926 san-
3515 863 3524 874 ’

169 959 313 1019 lius,
345 966 395 1010 et
417 958 496 1010 cui
522 955 738 1010 voluerit
759 953 930 1007 Filius
952 952 1177 1006 revelare
1199 950 1412 1021 (Matth.
1435 967 1509 1016 xt,
1535 950 1628 1016 27;
1655 949 1782 1004 Luc.
1887 963 2005 1010 ctus
2027 955 2143 1019 fuit,
2185 957 2280 1011 sed
2301 958 2462 1011 etiam
2495 939 2686 1029 potens
2723 959 2882 1014 Deus.
2938 961 3013 1015 De
3060 961 3161 1016 hoc
3208 963 3379 1016 fructu
3412 961 3477 1017 ad

167 1063 239 1112 ι,
272 1047 396 1114 ἳἳῶ
442 1046 521 1101 De
543 1044 780 1116 5900013.
810 1044 914 1099 hoc
957 1051 1040 1098 εει
1084 1041 1296 1097 SUblilﬂi
1329 1041 1444 1104 full.
1481 1041 1572 1110 qui
1601 1050 1657 1095 et
1694 1039 1780 1093 λιι·
1886 1045 2131 1099 eamdem
2156 1046 2370 1100 beatam
2397 1047 2694 1116 Virginem,
2727 1049 2999 1104 Elisabeth
3026 1051 3314 1116 salutante,
3347 1053 3480 1107 dici-

169 1139 343 1193 daeos
371 1140 666 1208 increpans,
699 1135 828 1189 dicit
855 1152 868 1186 :
900 1133 1004 1189 Vos
1033 1133 1096 1187 de
1122 1133 1359 1186 deorsum
1398 1134 1542 1200 estis,
1577 1149 1669 1202 ego
1695 1148 1788 1183 au-
1888 1142 1976 1188 tur
2005 1154 2016 1186 :
2051 1135 2328 1211 Benedicta
2359 1145 2412 1190 tu
2439 1139 2492 1191 in
2525 1139 2844 1202 mulieribus,
2877 1150 2926 1193 et
2958 1141 3252 1195 benedictus
3282 1142 3479 1212 fructus

174 1237 297 1282 tem
327 1229 392 1281 de
420 1227 645 1297 supernis
674 1241 788 1278 sum
816 1240 834 1278 :
863 1241 950 1278 eos
977 1223 1042 1277 de
1062 1224 1157 1277 hoc
1179 1223 1373 1275 mundo
1401 1224 1544 1281 estis,
1575 1238 1669 1292 ego
1689 1237 1785 1272 au-

177 1327 301 1371 tem
323 1335 427 1372 non
451 1332 560 1370 sum
590 1315 653 1369 de
683 1315 776 1368 hoc
798 1313 987 1367 mundo
1011 1313 1190 1382 (Joan.
1221 1327 1336 1377 vm,
1369 1311 1481 1381 25).
1512 1312 1586 1366 De
1608 1319 1790 1364 monte

177 1405 452 1476 Ephraim
485 1405 600 1470 fuit,
629 1404 720 1473 qui
748 1404 881 1458 dicit
908 1420 923 1457 :
954 1401 1067 1472 Ego
1088 1419 1200 1458 sum
1245 1404 1396 1471 panis
1423 1404 1583 1463 vivus,
1614 1401 1699 1472 qui
1727 1401 1791 1455 de

178 1496 334 1549 εωιο·
353 1494 590 1556 descendi
617 1492 792 1564 (Joan.
816 1507 888 1556 vt,
912 1491 1024 1560 5i).
1063 1493 1134 1545 lte
1160 1497 1342 1545 monte
1367 1489 1621 1560 Ephraim
1661 1503 1783 1544 eum

181 1586 363 1642 luisse
391 1573 629 1642 Joannes
656 1585 892 1654 Baptista
933 1583 1226 1647 afﬁrmans,
1256 1584 1332 1637 ait
1370 1601 1382 1636 :
1429 1580 1529 1646 Qui
1557 1583 1620 1636 de
1664 1582 1788 1636 caelo

77 1691 92 1699 ‘
181 1681 352 1746 venit,
390 1695 550 1747 super
579 1694 753 1732 omnes
782 1685 856 1730 est
883 1674 1058 1746 (Joan.
1086 1691 1162 1738 ιιι,
1189 1675 1300 1742 51).
1344 1671 1480 1728 Hinc
1505 1672 1788 1728 Psalmista

1888 1231 2075 1283 uentris
2099 1233 2170 1284 tui
2202 1231 2349 1303 (Luc.
2384 1249 2419 1298 ι,
2455 1233 2568 1303 42).
2617 1235 2786 1289 Recte
2838 1235 2999 1303 igitur
3025 1252 3181 1292 mons
3223 1237 3476 1306 Ephraim
3514 1306 3520 1312 _

1888 1317 2104 1384 dicitur,
2132 1335 2250 1388 qua:
2277 1320 2404 1374 dum
2438 1321 2694 1376 ineffabili
2726 1322 2987 1391 dignitate
3019 1325 3212 1379 divina:
3254 1340 3481 1392 genera-

1890 1407 2052 1462 tionis
2076 1409 2360 1475 attollitur,
2388 1411 2440 1465 in
2463 1411 2580 1478 ejus
2609 1411 2804 1478 fructu,
2840 1414 2988 1467 arida
3024 1415 3269 1469 humana:
3289 1415 3480 1470 condi-

1892 1499 2053 1554 tionis
2083 1502 2323 1567 germina
2378 1502 2729 1556 revirescunt.
2788 1503 2883 1557 Vir
2907 1504 3067 1572 igitur
3109 1503 3176 1558 de
3219 1503 3482 1557 Ramatha

1889 1587 2112 1657 SOphim
2135 1587 2307 1644 factus
2331 1600 2413 1646 est
2442 1592 2510 1645 de
2543 1601 2726 1646 monte
2749 1592 3004 1661 Ephraim
3039 1613 3051 1645 :
3104 1595 3232 1662 quia
3261 1595 3352 1663 qui
3385 1609 3481 1660 per

1891 1679 2186 1733 divinitatis
2215 1695 2326 1734 sure
2355 1682 2652 1750 potentiam
2683 1681 2906 1751 angelos
2934 1682 3189 1747 condidit,
3223 1683 3290 1737 de.
3320 1698 3482 1737 carne

183 1770 270 1824 ait
301 1787 315 1822 :
348 1771 389 1821 Α
420 1785 624 1822 summa
652 1769 775 1821 caelo
803 1766 1025 1845 egressio
1062 1765 1174 1835 ejus
1205 1763 1323 1833 (Ps.
1363 1779 1511 1828 XVIII,
1543 1763 1620 1833 7).
1653 1762 1788 1818 llinc
1823 1779 1865 1838 Β
1893 1772 2160 1841 przece‘sa:
2186 1769 2434 1839 Virginis,
2486 1773 2710 1826 formam
2736 1774 2971 1844 suscep’t
3002 1774 3367 1828 humanitatis.
3414 1773 3485 1827 Et

181 1860 458 1915 Gentium
483 1859 676 1913 doctor
703 1859 778 1911 ait
808 1875 822 1910 :
858 1856 1124 1910 Secundus
1155 1856 1305 1910 homo
1329 1856 1389 1909 de
1419 1856 1543 1909 caelo
1567 1893 1582 1920 ,
1611 1855 1790 1908 caem-

106 1971 120 1981 -
187 1951 264 2002 tis
291 1948 346 2016 (1
371 1949 489 2002 Cor.
515 1965 602 2010 xv,
627 1945 739 2016 47).
762 1947 855 2000 Vir
875 1959 1023 2014 ergo,
1047 1947 1137 2015 qui
1155 1963 1290 2001 unus
1319 1946 1483 2002 fuisse
1512 1946 1788 2008 asseritur,

185 2040 266 2095 de
291 2039 557 2094 Ramatha
587 2037 810 2106 Sophim
853 2037 919 2090 de
948 2044 1130 2091 monte
1163 2035 1415 2106 Ephraim
1442 2036 1714 2091 exstitisse
1737 2037 1792 2106 9

185 2129 517 2200 perhibetur
549 2143 564 2179 :
595 2127 722 2195 quia
752 2125 844 2195 qui
874 2125 1011 2179 inter
1041 2139 1230 2179 omnes
1267 2133 1430 2178 natus
1469 2138 1631 2192 supra
1672 2139 1792 2178 om-

139 2226 151 2235 '
190 2237 294 2276 nes
321 2220 554 2283 enituit,
607 2217 731 2273 inde
757 2225 936 2273 tantus
980 2217 1033 2271 in
1073 2224 1212 2272 terra
1244 2216 1530 2286 apparuit,
1569 2216 1695 2285 quia
1725 2215 1793 2270 de

189 2311 340 2367 caelo
368 2314 537 2363 vent.
570 2307 648 2362 De
692 2306 951 2362 Ramatha
977 2307 1176 2377 quippe
1219 2307 1440 2376 Sophim
1489 2305 1627 2374 fuit,
1667 2306 1793 2375 quia

192 2402 302 2456 etsi
329 2399 768 2468 incomparabilis
793 2398 881 2453 hic
905 2398 1135 2466 refulsit,
1167 2398 1479 2468 magnitudo
1502 2409 1679 2454 tamen
1701 2413 1794 2451 cx-

195 2491 469 2546 cellentia:
497 2489 614 2559 ejus
641 2507 748 2545 non
772 2492 1004 2561 capitur,
1030 2491 1129 2548 nisi
1157 2491 1242 2546 ubi
1276 2491 1395 2560 ejus
1425 2487 1663 2558 perfecta
1696 2505 1792 2542 cu—

196 2584 294 2651 gni
323 2585 378 2638 io
421 2585 635 2638 :eternis
681 2583 888 2638 civibus
935 2581 1238 2637 exhibetur.
1282 2581 1414 2634 Nam
1459 2581 1546 2635 hic
1581 2595 1703 2634 eum
1740 2580 1792 2633 in

195 2671 521 2727 excellentia
547 2672 764 2726 virtutis
789 2680 1094 2742 aspexerat,
1127 2672 1218 2740 qui
1250 2670 1463 2727 dicebat
1490 2690 1502 2725 ε
1540 2670 1694 2736 Quod
1719 2672 1796 2726 ri-

197 2762 394 2824 dimus,
423 2771 474 2814 et
499 2760 811 2829 audivimus,
840 2770 888 2814 et
913 2777 1093 2815 manus
1125 2769 1316 2816 nostra:
1355 2768 1794 2815 contrectaverunt

195 2855 266 2906 de
289 2853 442 2908 verba
468 2854 586 2908 vita
613 2851 665 2923 (1
696 2852 853 2906 Joan.
888 2869 923 2917 ι,
955 2852 1032 2922 1).
1063 2851 1169 2908 Sed
1205 2854 1329 2922 quia
1374 2852 1793 2920 magnitudinem

196 2944 538 3000 excellentia:
567 2943 684 3013 ejus
705 2959 812 2998 non
843 2943 1065 3008 viderat,
1109 2944 1160 2998 in
1193 2943 1453 2998 Bamaiha
1480 2959 1600 2998 eam
1640 2941 1795 2998 nobis

195 3036 557 3106 repromittit,
589 3035 811 3089 dicens:
844 3033 971 3088 Cum
999 3037 1338 3104 apparuerit,
1385 3036 1579 3089 similes
1606 3037 1652 3090 ei
1690 3036 1792 3089 eri-

1893 1859 2018 1926 quia
2046 1873 2142 1927 per
2169 1859 2578 1928 humanitatem,
2606 1875 2767 1930 quam
2812 1863 3119 1931 assumpsit,
3159 1879 3265 1916 non
3296 1878 3361 1916 ex
3399 1862 3485 1915 in-

1895 1950 2164 2015 tidelihus,
2209 1951 2304 2004 sed
2343 1966 2412 2005 ex
2454 1950 2700 2007 ﬁdelibus
2743 1952 2890 2007 nasci
2940 1953 3149 2020 voluit,
3197 1953 3482 2022 sequitur:

1893 2039 1942 2094 F
1946 2041 2067 2096 ilius
2097 2041 2435 2109 Hieroboam,
2465 2043 2563 2112 ﬁlii
2586 2042 2763 2108 Helia,
2791 2044 2890 2113 filii
2922 2044 3085 2112 Thau,
3114 2047 3213 2116 ﬁlii
3241 2046 3410 2114 Suph.

1964 2133 2016 2186 6.
2063 2131 2306 2199 Quatuor
2349 2133 2552 2202 quippe
2581 2140 2792 2201 patrum
2837 2135 3052 2188 nomina
3082 2135 3423 2204 assignantur
3465 2153 3480 2188 :

1894 2225 2020 2293 quia
2049 2224 2176 2278 dum
2207 2239 2273 2279 ex
2295 2223 2436 2278 lideli
2467 2225 2665 2295 populo
2694 2225 2951 2281 Dominus
2976 2241 3193 2280 carnem
3235 2226 3482 2295 sumpsit,

1894 2331 1989 2372 eos
2033 2331 2129 2386 per
2174 2316 2565 2370 humanitatem
2605 2324 2787 2385 patres
2829 2318 3037 2385 habuit,
3077 2333 3213 2386 quos
3259 2319 3480 2373 totidem

1893 2405 2268 2475 principalium
2297 2405 2554 2458 virtutum
2584 2404 2752 2474 gloria
2784 2405 3088 2460 illustravit.
3119 2406 3267 2461 Unde
3296 2417 3350 2460 et
3375 2423 3486 2462 non

1895 2493 1964 2547 ad
1996 2491 2263 2547 infidelem
2292 2493 2546 2563 aliquem,
2565 2493 2659 2547 sed
2676 2493 2742 2547 ad
2771 2491 2979 2548 fidelem
3011 2494 3278 2549 Abraham
3306 2495 3485 2549 divina

1895 2583 2250 2654 promissione
2279 2582 2506 2638 dicitur:
2537 2581 2602 2636 In
2619 2585 2814 2637 semine
2829 2595 2913 2637 tuo
2926 2583 3287 2638 benedicentur
3304 2601 3480 2639 omnes

1894 2681 2066 2744 gentes
2083 2669 2401 2741 terra:(Gen.
2427 2687 2557 2738 xxtt,
2579 2669 2690 2740 18).
2710 2671 2844 2726 llinc
2860 2673 3186 2740 cvangelista
3203 2672 3482 2726 Matth-mus

1900 2762 2005 2832 ιο
2015 2760 2376 2830 generationis
2395 2759 2512 2828 ejus
2527 2760 2771 2815 ordinem
2799 2768 3006 2824 texens,
3022 2761 3131 2815 ait:
3152 2760 3306 2815 Liber
3323 2779 3480 2833 gene-

1894 2851 2114 2920 rationis
2134 2849 2260 2905 Iesu
2290 2848 2502 2918 Christi,
2533 2851 2631 2920 ﬁlii
2649 2849 2834 2913 David,
2859 2851 2960 2922 ﬁlii
2979 2851 3476 2921 Abraham(:llatth.

1893 2957 1929 3007 ι,
1964 2941 2038 3010 1).
2071 2940 2206 2994 Hinc
2236 2955 2332 3009 per
2367 2941 2712 3006 semetipsum
2763 2935 3114 2994 Samaritana:
3157 2940 3366 2994 mulieri
3399 2940 3480 2994 lo-

1894 3032 2093 3102 quitur,
2129 3030 2312 3086 dicens
2344 3049 2357 3083 :
2417 3030 2574 3085 Salus
2595 3048 2661 3085 ea:
2706 3030 2905 3085 Judteis
2928 3041 3004 3086 est
3055 3031 3234 3100 (Joan.
3262 3047 3333 3096 tv,
3361 3030 3476 3101 22).

195 3147 341 3194 mus,
370 3128 615 3201 quoniam
645 3127 920 3182 videbimus
942 3145 1074 3191 eum,
1102 3130 1253 3182 sicuti
1271 3137 1345 3182 cst
1367 3127 1420 3198 (Ι
1435 3127 1592 3183 Joan.
1611 3145 1688 3196 ιιι,
1711 3127 1788 3197 ‘2).
1819 3137 1867 3202 ο
1898 3125 2034 3181 llinc
2061 3122 2257 3180 Paulus
2281 3124 2354 3178 ait
2388 3139 2401 3177 :
2435 3121 2665 3188 Quorum
2688 3123 2897 3193 adoptio
2926 3135 3001 3178 est
3022 3125 3273 3194 ﬁliarum,
3295 3133 3345 3177 et
3374 3124 3492 3194 gloe

277 3218 332 3272 5.
379 3218 567 3274 Potest
595 3227 773 3272 autem
804 3218 960 3287 hujus
987 3220 1185 3274 montis
1209 3219 1447 3281 nomine,
1481 3218 1788 3272 beatissima

197 3325 423 3380 semper
451 3309 606 3380 virgo
637 3308 803 3363 Maria
850 3309 945 3364 Dei
984 3307 1232 3363 Genitrix
1276 3307 1544 3376 designari
1575 3324 1588 3360 :
1632 3322 1790 3362 mons

198 3404 406 3474 quippe
430 3401 550 3469 fuit,
573 3417 693 3472 qua:
722 3415 934 3457 omnem
963 3401 1147 3458 electa:
1173 3408 1433 3456 creatura:
1457 3398 1790 3454 altitudinem

199 3494 490 3550 electionis
534 3508 648 3548 sua:
675 3493 936 3562 dignitate
980 3491 1328 3548 transcendit.
1378 3491 1460 3545 An
1501 3505 1610 3545 non
1639 3504 1793 3544 mons

198 3584 454 3640 sublimis
497 3583 699 3652 Maria,
761 3597 880 3653 qua:
921 3591 980 3637 ut
1035 3581 1102 3637 ad
1152 3580 1560 3651 conceptionem
1605 3579 1793 3634 aeterni

203 3676 373 3733 Verbi
401 3676 748 3746 pertingeret,
781 3675 1094 3752 meritorum
1122 3673 1378 3728 verticem
1416 3685 1578 3741 supra
1606 3685 1792 3726 omnes

202 3767 524 3836 angelorum
552 3767 765 3834 choros,
811 3781 978 3835 usque
1003 3766 1070 3820 ad
1113 3764 1304 3820 solium
1333 3763 1545 3819 deitatis
1575 3763 1793 3818 erexit?

201 3858 381 3926 Hujus
429 3858 570 3913 enim
625 3857 825 3912 montis
881 3856 1425 3927 praecellentissimam
1480 3855 1792 3924 dignitatem

204 3949 378 4003 Isaias
406 3949 726 4014 vaticinans,
766 3948 876 4002 ait:
921 3947 1036 4001 Erit
1060 3948 1112 4000 in
1144 3947 1434 4001 novissimis
1456 3946 1629 4000 diebus
1655 3962 1792 4016 pra:-

206 4049 426 4107 paratus
446 4055 592 4094 mons
623 4038 801 4092 domus
829 4036 1038 4092 Domini
1073 4039 1125 4091 in
1152 4038 1336 4091 vertice
1374 4036 1625 4091 montium
1648 4035 1786 4106 (Isa.

206 4145 268 4194 ιι,
292 4128 372 4196 Ξ).
405 4127 556 4182 Mons
586 4127 782 4196 quippe
803 4127 856 4180 in
885 4128 1084 4182 vertice
1109 4127 1370 4182 montium
1401 4125 1518 4190 fuit,
1564 4126 1687 4194 quia
1715 4125 1788 4179 al-

127 4259 129 4262 ι
207 4220 386 4273 titudo
414 4217 592 4272 Marias
620 4235 780 4287 supra
802 4233 987 4274 omnes
1015 4227 1227 4274 sanctos
1249 4217 1477 4273 refulsit.
1501 4217 1633 4272 Nam
1655 4218 1792 4272 sicut

207 4325 368 4363 mons
394 4309 751 4374 altitudinem,
808 4309 880 4363 ita
901 4310 1088 4364 domus
1117 4311 1358 4379 designat
1379 4310 1786 4366 habitationem.

205 4402 366 4457 Mons
395 4403 592 4472 quippe
613 4410 667 4456 et
689 4402 878 4456 domus
895 4413 1020 4471 apte
1040 4403 1250 4468 dicitur,
1291 4419 1409 4472 qua:
1427 4404 1552 4458 dum
1581 4405 1787 4459 incont-

1892 3218 1992 3282 ria,
2023 3225 2071 3270 et
2103 3225 2478 3280 testamentum,
2502 3225 2551 3269 et
2571 3216 2916 3286 legislatio,et
2941 3216 3328 3286 obsequium,-et
3355 3231 3481 3286 pro-

1890 3309 2050 3362 missa
2067 3324 2085 3361 :
2115 3323 2328 3378 quorum
2352 3315 2546 3378 patres,
2567 3322 2633 3360 ea:
2653 3305 2832 3377 quibus
2855 3315 2930 3360 est
2945 3305 3177 3360 Christus
3201 3309 3480 3360 secundum

1891 3417 2118 3466 carnem,
2143 3402 2226 3472 qui
2257 3411 2330 3454 est
2357 3417 2510 3470 super
2530 3402 2705 3454 omnia
2726 3399 2867 3454 Deus
2892 3400 3183 3454 benedictus
3204 3401 3257 3453 in
3287 3399 3479 3453 saecula

1893 3493 2072 3565 (Rom.
2100 3509 2173 3558 tx,
2198 3491 2232 3545 4
2259 3501 2305 3548 et
2334 3491 2410 3564 5).
2441 3491 2644 3560 Quibus
2671 3492 2933 3564 profecto,
2963 3492 3090 3562 quia
3118 3501 3172 3546 et
3197 3491 3479 3561 prudentia

1893 3585 2065 3638 adfuit
2113 3585 2166 3638 in
2215 3585 2522 3653 cognitione
2573 3599 2786 3651 rerum;
2829 3584 3058 3653 justitia,
3112 3600 3218 3654 qua
3264 3586 3479 3649 cogn'ta

1893 3674 2178 3744 disponere
2199 3683 2345 3730 recta
2374 3682 2665 3744 cuperent;
2698 3675 2974 3740 fortitudo,
3007 3690 3110 3744 qua
3132 3675 3325 3744 exequi
3355 3689 3476 3743 qua:

1892 3765 2117 3833 vellent,
2171 3765 2310 3820 bona
2364 3767 2692 3835 potuissent;
2747 3766 3120 3836 temperantia,
3171 3780 3268 3836 per
3317 3779 3478 3833 quam

1893 3855 2122 3909 discrete
2151 3862 2340 3910 cuncta
2372 3855 2710 3924 perlicerent,
2744 3865 2867 3926 apte
2888 3855 3232 3926 quaternario
3253 3869 3480 3909 numero

1894 3942 2263 4011 designantur.

1964 4035 2016 4088 7.
2044 4032 2335 4103 Sequitur:
2378 4033 2744 4105 Ephrathazus.
2773 4033 2875 4100 Qui
2905 4042 3086 4089 autem
3131 4031 3199 4089 de
3225 4031 3474 4104 Ephraim

1892 4135 2077 4181 monte
2115 4127 2389 4193 asseritur,
2434 4141 2534 4182 cur
2571 4125 2919 4197 Ephrathznus
2956 4142 3075 4182 esse
3125 4127 3479 4196 perhibetur?

1889 4216 2000 4273 Sed
2019 4218 2122 4273 hoc
2151 4217 2214 4271 ad
2239 4216 2474 4272 litteram
2497 4227 2662 4287 patet,
2694 4217 2819 4288 quia
2849 4216 3102 4271 videlicet
3128 4216 3195 4270 de
3225 4215 3479 4287 Ephraim

1892 4316 2073 4365 monte
2094 4321 2213 4362 esse
2243 4307 2434 4376 aliquis
2457 4308 2652 4377 potuit,
2701 4306 2791 4376 qui
2816 4305 2884 4361 de
2914 4307 3056 4361 tribu
3083 4305 3336 4375 Ephraim
3377 4320 3478 4360 na-.

1893 4409 1978 4456 tus
2006 4399 2249 4456 nonfuit.
2279 4399 2478 4453 Dicitur
2503 4414 2630 4469 ergo
2653 4397 3024 4468 Ephrathazus,
3061 4409 3120 4452 ut
3146 4398 3236 4468 qui
3265 4413 3330 4453 ex
3353 4398 3480 4453 loco

121 4485 126 4488 ’
205 4495 540 4566 parabilibus
577 4501 660 4548 est
703 4493 964 4548 illustrata
994 4495 1217 4559 meritis,
1261 4494 1354 4548 Dei
1394 4496 1689 4564 unigenito,
1737 4498 1788 4551 in
1823 4515 1870 4575 ι)
1895 4491 2212 4555 ostenditur,
2267 4489 2335 4545 de
2375 4491 2540 4560 stirpe
2591 4491 2753 4545 etiam
2794 4492 3101 4561 propaginis
3131 4499 3477 4559 agnoscatur.

203 4599 317 4654 quo
341 4583 701 4645 recumberet,
755 4598 966 4638 sacrum
1019 4587 1336 4654 prmparavit
1361 4594 1595 4641 uterum.
1657 4587 1787 4640 Nam

206 4688 371 4727 urens
398 4673 452 4726 in
492 4673 693 4727 vertice
723 4673 982 4727 montium
1012 4673 1174 4728 Maria
1206 4692 1310 4730 non
1343 4675 1512 4743 fieret,
1555 4678 1600 4732 si
1630 4692 1790 4747 supra

207 4763 522 4831 angelorum
554 4763 907 4828 altitudinem,
935 4763 1074 4818 hanc
1111 4765 1288 4820 divina
1344 4768 1644 4823 fecunditas
1681 4783 1788 4823 non

206 4853 437 4908 levaret.
463 4852 528 4906 Et
549 4854 738 4906 domus
765 4853 974 4908 Domini
1010 4868 1114 4907 non
1149 4852 1320 4917 ﬁeret,
1349 4856 1394 4909 si
1422 4858 1472 4910 in
1505 4857 1622 4926 ejus
1656 4874 1786 4913 ven—

205 4954 314 5008 tre,
345 4959 441 5014 per
461 4951 786 5011 assumptam
811 4944 1219 5011 humanitatem,
1242 4945 1388 5000 verbi
1411 4947 1657 5002 divinitas
1682 4964 1787 5004 non

201 5034 436 5104 jaceret.
467 5033 572 5087 Sed
600 5044 749 5088 recte
776 5050 932 5088 mons
951 5034 1168 5104 frugifer
1193 5036 1409 5103 dicitur,
1433 5035 1499 5090 de
1522 5053 1624 5104 qua
1654 5038 1793 5106 opti-

205 5142 329 5178 mus
354 5127 584 5192 lructus,
632 5126 685 5180 id
738 5135 820 5181 est
866 5143 1036 5182 novus
1083 5130 1242 5183 homo
1269 5138 1573 5197 generatur,
1625 5146 1788 5200 quam

202 5227 356 5271 certe
377 5219 430 5270 in
460 5215 804 5272 fecunditatis
831 5233 941 5272 sua:
970 5219 1136 5286 gloria
1174 5219 1472 5288 pulchram,
1517 5232 1792 5276 ornatam-

202 5323 314 5379 que
355 5309 620 5379 propheta
668 5310 985 5379 respiciens,
1035 5312 1144 5365 ait:
1183 5310 1494 5382 Egredietur
1545 5314 1688 5384 virga
1729 5313 1792 5367 de

202 5401 385 5454 radice
411 5399 579 5464 Jesse,
608 5407 657 5452 et
687 5400 784 5470 ﬂos
826 5401 889 5455 de
917 5402 1090 5455 radice
1111 5403 1223 5472 ejus
1252 5402 1492 5455 ascendet
1548 5401 1681 5474 (Isa.
1715 5419 1788 5467 xl,

205 5493 281 5563 ι).
315 5491 393 5547 De
424 5491 584 5560 hujus
608 5507 840 5560 namque
885 5491 1081 5545 montis
1110 5490 1307 5559 fructu,
1367 5492 1530 5546 David
1559 5493 1669 5548 Deo
1699 5510 1795 5548 ex-

201 5585 431 5645 sultans,
456 5583 536 5636 ait
566 5600 578 5634 :
632 5581 984 5648 Con/iteantur
1008 5581 1095 5635 tibi
1115 5583 1292 5652 populi
1316 5583 1475 5646 Deus,
1506 5584 1793 5654 conﬁtean-

201 5684 284 5727 tur
303 5675 394 5728 tibi
425 5674 610 5745 populi
635 5689 832 5737 omnes,
883 5682 1020 5729 terra
1045 5674 1429 5746 deditfructum
1465 5693 1613 5730 suum
1671 5675 1789 5746 (Ps.

200 5780 340 5830 tm,
377 5765 458 5834 6).
517 5763 692 5818 Terra
742 5763 935 5834 quippe
968 5763 1192 5820 fructum
1242 5780 1394 5821 suum
1443 5764 1608 5834 dedit,
1663 5767 1786 5837 quia

1893 4587 2026 4651 Quia
2052 4600 2185 4638 vero
2217 4583 2570 4653 Ephrathmus
2593 4582 2921 4639 lructificans
2951 4583 3165 4648 dicitur,
3195 4593 3344 4638 recte
3375 4583 3476 4637 hoc

1892 4688 2135 4742 persona:
2161 4672 2536 4741 Redemptoris
2560 4674 2899 4737 adscribitur,
2931 4673 3021 4742 qui
3054 4673 3326 4742 propheta:
3351 4671 3481 4725 vati—

1891 4766 2030 4819 cinio
2061 4765 2378 4834 praedicatur
2411 4782 2423 4818 :
2458 4764 2572 4818 Erit
2599 4775 2844 4834 tanquam
2866 4767 3079 4834 lignum,
3111 4766 3246 4835 quod
3274 4767 3479 4835 planta-

1893 4868 2000 4910 tum
2026 4865 2103 4911 est
2151 4873 2293 4910 secus
2325 4857 2568 4910 decursus
2598 4874 2869 4927 aquarum,
2919 4857 3054 4928 quod
3082 4859 3304 4926 fructum
3329 4872 3478 4909 suum

1893 4949 2036 5004 dabit
2064 4951 2117 5004 in
2147 4957 2372 5019 tempore
2399 4965 2491 5002 suo
2540 4947 2712 5016 (Psal.
2746 4964 2779 5013 t,
2826 4946 2899 5017 4).
2954 4946 3085 5000 Nam
3133 4947 3182 5000 in
3216 4946 3476 5016 prmlinita

1895 5058 2158 5111 apparens
2193 5041 2525 5110 plenitudine
2569 5033 2895 5107 temporum,
2938 5039 3171 5096 ccclesiis
3216 5039 3477 5093 doctrina:

1896 5131 2078 5197 liores,
2125 5130 2178 5183 in
2211 5145 2371 5198 poma
2405 5131 2563 5185 vertit
2593 5129 2921 5194 electorum;
2969 5137 3023 5183 et
3079 5138 3348 5198 quotquot
3375 5129 3477 5184 sibi

1893 5220 2169 5289 conjunxit
2203 5235 2270 5274 ex
2301 5220 2535 5275 humano
2561 5233 2784 5290 genere,
2833 5220 2986 5290 quasi
3018 5229 3096 5272 tot
3123 5219 3327 5275 fructus
3352 5235 3479 5288 pro-

1898 5311 2016 5363 tulit
2041 5310 2104 5364 ad
2129 5311 2526 5365 :eternitatem:
2573 5326 2679 5380 quo
2702 5311 2755 5364 in
2787 5310 2908 5366 loco
2943 5311 3067 5365 dum
3098 5309 3477 5380 Redemptoris

1898 5402 2004 5455 vita
2030 5402 2367 5471 describitur,
2421 5403 2648 5459 latenter
2693 5404 2854 5459 etiam
2886 5403 3084 5457 diaboli
3123 5401 3349 5470 perditio
3379 5399 3478 5454 de-

1898 5499 2246 5546 monstratur.
2287 5491 2418 5546 Nam
2444 5494 2510 5549 de
2539 5501 2720 5549 monte
2751 5493 3006 5562 Ephraim
3038 5491 3154 5556 fuit,
3214 5499 3269 5545 et
3292 5501 3473 5546 tamen

1895 5583 2246 5655 Ephrathseus
2271 5600 2374 5640 non
2406 5586 2501 5638 fuit
2533 5602 2546 5638 :
2583 5585 2706 5655 quia
2755 5583 2822 5638 de
2850 5583 2988 5637 ccelo
3016 5581 3231 5652 quidem
3260 5581 3474 5647 cecidit,

1894 5677 1984 5732 sed
2008 5677 2168 5732 arbor
2189 5679 2417 5746 pessima
2444 5677 2642 5730 bonum
2670 5674 2900 5728 fructum
2942 5689 3048 5727 non
3087 5672 3252 5726 dedit.

1965 5766 2244 5840 (Vers.2.)
2295 5767 2397 5832 Qui
2451 5766 2668 5821 habebat
2724 5766 2853 5818 duas
2897 5779 3102 5830 uxores,
3146 5778 3327 5818 nomen
3383 5761 3477 5814 uni
