4000 6318
555 288 624 340 27
1662 308 1665 311 ν
1739 274 1980 336 εΑΝιπι
2020 265 2348 328 GREGORII
2387 270 2597 327 MAGNI
3723 284 3808 338 ρει

557 404 727 461 Anna.
762 414 962 454 ιηοηιεη
1001 397 1237 453 secunda:
1268 398 1545 452 Pheneum:
1576 411 1592 449 :
1642 396 1940 466 fueruntque
1979 391 2117 447 Phe-
2146 386 2198 446 Α
2223 385 2345 456 quia
2373 387 2783 457 promissionum
2802 390 3043 461 insignia,
3067 408 3184 463 qua:
3207 393 3260 447 in
3280 394 3480 449 sanctis
3506 395 3806 466 Scripturis

557 508 740 545 nennte
767 491 886 560 ﬁlii,
910 496 1074 544 Anna:
1096 507 1211 544 vero
1238 506 1339 544 non
1368 497 1514 542 erant
1543 486 1707 541 liberi.

626 584 678 637 8.
711 584 846 650 Quid
875 599 971 653 per
998 583 1367 650 Phenennam,
1417 583 1519 637 nisi
1555 583 1834 652 Synagoga
1863 580 2123 649 exprimi-

556 677 680 730 tur?
708 675 776 728 Et
794 676 921 743 quid
949 690 1045 744 per
1072 676 1300 739 Annam,
1331 673 1431 731 nisi
1461 683 1645 728 sancta
1668 673 1900 728 Ecclesia
1932 672 2124 740 ﬁgura-

557 768 688 821 tur?
719 765 1019 820 Pbenenna:
1057 766 1255 835 quippe
1283 764 1377 819 ﬁlii
1423 762 1586 818 fuisse
1614 762 1918 816 referuntur
1946 778 1958 814 :
2001 761 2125 829 quia

556 870 680 911 cum
730 855 1056 925 Redemptor
1100 863 1284 909 noster
1330 855 1383 909 in
1420 868 1583 908 carne
1610 852 1873 921 apparuit,
1905 866 1999 920 per
2028 848 2126 903 Le—

555 961 696 1015 gem,
747 962 904 1011 quam
951 946 1188 1010 dederat,
1228 962 1326 1015 per
1366 945 1674 1015 prophetas,
1727 958 1861 1011 quos
1886 942 2121 1004 miserat,

555 1036 731 1090 editos
752 1036 805 1089 in
833 1034 934 1089 ﬁde
960 1048 1241 1105 synagoga:
1284 1034 1420 1088 ﬁlios
1466 1033 1687 1086 invenit.
1734 1032 1897 1085 Annae
1944 1038 2124 1083 autem

555 1142 662 1180 non
690 1134 844 1181 erant
871 1126 1043 1191 liberi,
1071 1127 1196 1194 quia
1220 1126 1416 1180 novitia
1442 1134 1589 1190 tunc,
1614 1132 1667 1177 et
1693 1123 1897 1178 caelesti
1926 1135 2125 1190 sponso

556 1231 728 1285 nuper
754 1216 1039 1283 conjuncta
1069 1222 1251 1269 sancta
1281 1213 1541 1276 Ecclesia,
1582 1210 1918 1280 praedicando
1955 1209 2126 1262 adhuc

555 1321 892 1374 nequaquam
911 1306 1169 1374 pariebat.
1202 1302 1351 1357 Unde
1374 1311 1427 1356 et
1451 1303 1500 1356 ei
1527 1301 1760 1369 ejusdem
1782 1300 1963 1368 sponsi
1992 1314 2126 1354 voce

555 1397 608 1451 in
632 1395 852 1449 Cantico
881 1392 1073 1448 dicitur
1096 1410 1109 1446 :
1145 1393 1307 1447 Soror
1335 1399 1511 1445 nostra
1541 1389 1751 1460 parvula
1770 1396 1865 1453 est,
1893 1397 1941 1441 et
1968 1389 2126 1441 ubera

553 1503 656 1540 non
677 1484 826 1539 habet
857 1484 1030 1553 (Cant.
1065 1500 1172 1549 VIII,
1202 1482 1278 1550 8).
1318 1482 1417 1536 Vel
1446 1489 1595 1537 certe
1628 1496 1734 1533 non
1764 1494 1862 1548 pro
1886 1480 2125 1546 inaequa-

553 1575 705 1629 litate
729 1574 903 1629 artatis
934 1573 1068 1627 ﬁlios
1108 1588 1215 1626 non
1248 1572 1498 1626 habuisse
1528 1571 1742 1637 dicitur,
1794 1568 1888 1623 sed
1926 1583 2021 1638 per
2049 1568 2127 1621 in-

554 1662 932 1717 fecunditatem
956 1662 1273 1716 sterilitatis.
1321 1660 1449 1727 Quae
1479 1668 1562 1714 est
1587 1673 1715 1727 ergo
1738 1659 1992 1713 sterilitas
2018 1656 2127 1710 An-

2224 476 2421 546 posuit,
2449 479 2753 547 apparendo
2774 482 3106 535 monstravit.
3142 483 3373 539 Possunt
3400 494 3579 540 autem
3604 489 3800 541 statuti

2224 565 2335 620 dies
2356 566 2575 636 intelligi
2606 568 2852 638 promissi
2874 569 2926 623 in
2950 570 3180 625 adventu
3202 571 3319 640 ejus
3346 573 3662 642 splendores
3689 575 3793 628 mie

2224 660 2548 716 raculorum.
2604 661 2749 727 Quos
2776 662 3024 716 nimirum
3054 663 3167 718 dies
3194 664 3457 734 propheta
3487 665 3655 720 lsaias
3681 675 3803 720 sta-

2225 756 2369 805 tutos
2399 752 2633 816 intuens,
2663 753 2737 806 ait
2769 770 2782 805 :
2830 752 2998 807 Dicite
3024 757 3408 822 pusillanimis:
3447 758 3803 828 Confortami-

2225 841 2298 903 ni,
2326 848 2373 892 et
2401 840 2559 894 nolite
2580 842 2788 895 timere:
2814 858 2927 897 ecce
2953 843 3088 903 Deus
3112 854 3283 900 noster
3304 848 3546 902 ultionem
3578 848 3807 908 adducet

2224 927 2606 992 retributionis;
2638 928 2775 982 Deus
2799 932 2909 1000 ipse
2946 934 3126 999 veniet,
3174 945 3221 989 et
3242 937 3459 990 salvabit
3497 955 3610 995 nos.
3658 938 3807 992 Tunc

2226 1017 2521 1085 aperientur
2545 1018 2678 1073 oculi
2704 1035 2972 1086 cazcorum,
2996 1031 3045 1076 et
3070 1040 3219 1077 aures
3243 1027 3517 1080 surdorum
3548 1028 3759 1081 audient
3784 1046 3804 1082 :

2227 1112 2342 1157 tunc
2372 1108 2537 1165 saliet,
2570 1109 2701 1161 sicut
2728 1125 2920 1174 cervus,
2946 1112 3190 1178 claudus;
3218 1124 3266 1171 et
3292 1126 3470 1185 aperta
3497 1119 3595 1171 erit
3623 1118 3807 1188 lingua

2224 1204 2479 1250 mutorum
2505 1196 2657 1269 (Isai.
2687 1216 2850 1265 xxxv,
2875 1201 3014 1273 4-6).
3062 1203 3168 1258 Sed
3209 1207 3297 1274 qui
3328 1207 3443 1262 dies
3471 1218 3703 1264 statutos
3731 1210 3804 1263 ad

2225 1300 2509 1341 ascensum
2566 1287 2941 1358 Redemptoris
2985 1293 3330 1361 agnovimus,
3386 1305 3563 1351 utrum
3629 1299 3682 1351 in
3724 1299 3808 1354 eis

2228 1377 2558 1445 ascenderit,
2600 1379 2895 1436 videamus.
2922 1381 3228 1451 Requisitus
3253 1400 3485 1455 namque
3513 1403 3543 1441 a
3571 1387 3808 1453 Joanne,

2226 1472 2268 1527 si
2298 1472 2492 1542 ipsum,
2539 1489 2606 1527 an
2646 1473 2807 1528 alium
2857 1484 3251 1545 exspectarent,
3295 1481 3571 1548 respondit
3624 1481 3811 1537 missis

2227 1564 2517 1633 discipulis,
2567 1574 2622 1619 et
2670 1566 2744 1619 ait
2780 1584 2792 1618 :
2846 1565 2927 1621 Ite
2949 1575 2997 1621 et
3039 1569 3192 1622 dicite
3214 1570 3409 1623 Joanni
3453 1588 3567 1640 qua
3601 1573 3807 1627 vidistis

2226 1660 2275 1704 et
2302 1652 2555 1705 audistis:
2581 1654 2701 1706 caeci
2722 1654 2910 1718 vident,
2934 1655 3106 1709 claudi
3131 1656 3415 1721 ambulant,
3441 1658 3630 1729 leprosi
3651 1678 3808 1714 mun-

554 1768 657 1818 nm,
691 1754 793 1807 nisi
829 1753 1111 1808 obdurauo
1146 1751 1377 1807 ludam?
1416 1750 1547 1817 QuLe
1594 1752 1735 1805 enim
1782 1750 1914 1803 dum
1962 1748 2123 1804 corda
2158 1740 2203 1799 Β
2229 1741 2438 1808 dantur,
2465 1758 2710 1811 pauperes
2739 1746 3180 1814 euangelizantur;
3215 1757 3264 1801 et
3292 1746 3468 1802 beatus
3498 1750 3668 1814 homo,
3717 1755 3808 1822 qui

553 1845 857 1900 Iudaeorum
886 1846 951 1899 ad
978 1843 1351 1913 Redemptoris
1379 1842 1532 1897 ﬁdem
1563 1851 1878 1898 convertere
1898 1858 2003 1896 non
2028 1858 2118 1911 po-

554 1936 675 2001 luit,
708 1935 955 1988 nimirum
986 1934 1180 1989 sterilis
1209 1934 1325 1987 fuit.
1352 1933 1458 1987 Sed
1490 1932 1802 1998 notandum,
1828 1932 1952 2000 quia
1984 1930 2123 1985 Phe-

553 2038 750 2089 nenna,
780 2038 898 2091 quae
920 2023 1065 2091 prius
1091 2035 1282 2091 parere
1326 2022 1540 2083 dicitur,
1598 2035 1739 2074 uxor
1763 2019 1997 2074 secunda
2026 2033 2124 2072 no-

552 2113 810 2166 minatur.
872 2109 1025 2165 Prius
1075 2110 1272 2180 quippe
1319 2124 1586 2181 synagoga
1617 2110 1669 2163 in
1705 2108 1808 2163 ﬁde
1836 2107 1973 2164 ﬁlios
2012 2109 2125 2163 edi-

554 2200 656 2268 dit,
702 2201 797 2255 sed
852 2208 1030 2255 tamen
1079 2199 1336 2268 dignitate
1389 2206 1589 2253 sancta:
1642 2197 1892 2252 Ecclesia;
1950 2197 2126 2252 minor

555 2290 676 2348 luit.
726 2290 967 2346 Secunda
995 2291 1155 2359 igitur
1184 2304 1322 2344 uxor
1343 2290 1570 2357 exstitit,
1598 2304 1703 2344 non
1728 2296 1972 2358 tempore
1994 2303 2125 2343 con-

550 2380 743 2449 iugalis
796 2381 1021 2451 copulze,
1074 2380 1166 2435 sed
1205 2380 1563 2449 inaequalitate
1601 2380 1983 2451 praerogativae.
2022 2378 2124 2435 Se-

556 2471 740 2539 quitur
776 2488 788 2523 :
1401 2487 1405 2491 ·

626 2558 802 2629 (Vers.
830 2559 909 2629 3.)
964 2558 1033 2613 Et
1057 2557 1363 2615 ascendebat
1389 2562 1466 2615 vir
1494 2561 1581 2616 ille
1609 2562 1814 2616 statutis
1838 2561 2016 2616 diebus
2061 2562 2126 2615 de

555 2648 758 2702 civitate
782 2666 894 2714 sua,
926 2659 983 2703 ut
1024 2651 1266 2707 adoraret
1307 2660 1357 2706 et
1398 2652 1689 2708 immolaret
1738 2652 1961 2707 Domino
2012 2651 2123 2708 Deo

552 2739 866 2792 exercituum
893 2741 947 2793 in
978 2740 1111 2795 Silo.

629 2823 682 2879 9.
736 2824 864 2893 Quae
896 2829 1036 2883 enim
1072 2830 1325 2900 spiritalis
1362 2832 1549 2888 civitas
1578 2833 1968 2904 Redemptoris,
2024 2832 2123 2888 nisi

552 2914 825 2983 Scriptura
866 2932 1017 2973 sacra
1048 2919 1290 2975 exs'itit?
1331 2920 1456 2978 Haec
1502 2923 1751 2979 nimirum
1799 2924 1985 2979 civitas
2013 2922 2123 2978 suis

555 3003 760 3060 civibus
802 3013 882 3061 tot
935 3007 1308 3064 defensionum
1363 3012 1654 3067 munimina
1694 3013 1938 3078 contulit,
1988 3018 2122 3081 quot

2227 1848 2329 1885 non
2356 1834 2509 1902 fuerit
2534 1833 2920 1889 scandalizatus
2946 1837 2999 1889 in
3023 1854 3101 1890 me
3124 1837 3275 1910 (Luc.
3306 1855 3395 1905 vn,
3418 1839 3528 1910 19).
3576 1842 3809 1897 Statutis

2228 1935 2356 1990 ergo
2384 1922 2572 1977 diebus
2596 1924 2853 1991 ascendit,
2898 1927 2987 1994 qui
3040 1936 3099 1982 ut
3146 1929 3213 1984 ab
3242 1930 3535 1987 electorum
3580 1949 3808 1989 suorum

2226 2012 2476 2067 cordibus
2505 2014 2697 2068 vetusti
2725 2016 2921 2072 erroris
2962 2018 3243 2087 caliginem
3267 2021 3509 2089 pelleret,
3542 2030 3622 2078 tot
3670 2039 3807 2093 pro-

2225 2101 2511 2156 missorum
2563 2103 2939 2160 miraculorum
2967 2107 3340 2177 splendoribus
3390 2113 3633 2169 radiavit.
3690 2114 3808 2170 Sed

2227 2189 2487 2257 ascendit,
2533 2200 2590 2246 ut
2627 2192 2877 2249 adoraret
2899 2203 2953 2249 et
2982 2196 3304 2263 immolaret,
3334 2201 3460 2270 quia
3483 2203 3549 2255 ad
3573 2203 3674 2258 hoc
3704 2219 3808 2260 co-

2227 2282 2409 2349 gnosci
2436 2283 2623 2348 voluit,
2670 2292 2728 2338 ut
2753 2286 3028 2342 moriendo
3060 2288 3365 2358 redimeret,
3406 2306 3541 2359 quos
3570 2294 3804 2351 vivendo

2226 2368 2517 2427 docuisset.
2566 2370 2820 2427 Adoravit
2860 2376 3077 2445 quippe,
3134 2377 3256 2445 quia
3282 2378 3336 2432 in
3362 2381 3660 2450 exemplum
3686 2383 3808 2437 ele-

2227 2466 2434 2513 ctorum
2465 2473 2525 2514 se
2563 2460 2672 2516 Deo
2703 2460 2847 2520 Patri
2880 2472 3046 2519 totum
3097 2466 3368 2535 humilem,
3425 2479 3480 2533 et
3530 2473 3804 2541 abjectum

2227 2561 2324 2617 per
2363 2548 2720 2604 obedientiam
2767 2552 3014 2621 praebuit.
3068 2553 3365 2613 Immolavit
3415 2569 3613 2625 autem,
3671 2563 3806 2631 quia

2226 2641 2321 2708 qui
2343 2640 2498 2696 nobis
2524 2643 2767 2712 exempla
2797 2644 3111 2702 humilitatis
3130 2648 3355 2704 vivendo
3384 2649 3548 2716 dedit,
3591 2668 3652 2708 se
3683 2653 3803 2711 Deo

2227 2726 2372 2784 Patri
2426 2730 2481 2785 in
2526 2746 2618 2785 ara
2641 2733 2811 2788 crucis
2838 2735 3161 2799 oblationem
3214 2748 3269 2793 et
3292 2740 3523 2796 hostiam
3552 2744 3799 2813 tradidit,

2226 2830 2281 2877 et
2298 2836 2434 2891 quos
2451 2822 2678 2879 vivendo
2705 2824 2905 2894 docuit,
2925 2828 3202 2885 moriendo
3228 2830 3470 2887 redemit.
3499 2832 3803 2904 Utrumque

2227 2914 2368 2966 enim
2395 2913 2549 2968 nobis
2571 2914 2724 2968 valde
2754 2917 3109 2973 necessarium
3148 2921 3315 2989 novit,
3344 2931 3398 2978 et
3421 2923 3547 2987 ideo
3566 2925 3800 2989 alterum

2226 3002 2341 3057 sine
2364 3003 2533 3059 altero
2564 3019 2670 3059 non
2696 3005 2973 3076 impendit.
3026 3009 3155 3065 Nam
3204 3027 3323 3066 cum
3369 3022 3525 3068 natus
3570 3024 3711 3069 esset
3742 3017 3800 3071 in

551 3103 844 3165 praecepta;
877 3104 954 3151 tot
974 3113 1121 3152 arma
1142 3101 1219 3154 eis
1247 3102 1491 3169 praebuit,
1510 3110 1641 3172 quot
1662 3102 1881 3157 consilia
1908 3101 2115 3157 salutis.
2145 3098 2193 3162 ϐ
2223 3092 2537 3149 Belhlehem
2563 3093 2729 3161 «M133.
2753 3111 2875 3150 eum
2897 3095 3081 3155 Μαάθ
3108 3100 3340 3163 Herodes
3369 3104 3435 3159 ad
3461 3105 3797 3167 interﬁcien.

551 3180 687 3248 Quid
706 3192 884 3239 autem
912 3185 1009 3239 fuit
1039 3187 1381 3258 Redemptori
1421 3200 1605 3246 nostro
1647 3194 1955 3256 ascendere,
2015 3192 2117 3248 nisi

554 3272 608 3326 in
638 3274 984 3330 humanitatis
1014 3276 1208 3342 forma,
1238 3278 1529 3335 divinitatis
1557 3296 1665 3336 suae
1693 3281 1797 3335 alta
1840 3282 2121 3337 revelare?

555 3359 618 3414 Et
647 3362 772 3431 quia
801 3363 854 3417 in
876 3378 1028 3418 sacra
1057 3364 1331 3436 Scriptura
1360 3369 1717 3439 cognoscitur,
1766 3376 1861 3441 ιι
1891 3372 1959 3427 de
1987 3373 2118 3428 civi-

553 3460 664 3510 tate
700 3468 797 3507 sua
853 3463 997 3510 recte
1052 3458 1344 3514 ascendere
1389 3460 1716 3530 perhibetur.
1769 3462 1965 3518 Statuti
1990 3480 2119 3519 vero

550 3544 665 3599 dies
692 3553 814 3601 sunt
836 3546 1218 3613 promissiones
1245 3549 1312 3605 de
1360 3566 1438 3617 se,
1487 3552 1541 3607 in
1580 3553 1780 3607 sanctis
1830 3552 2119 3622 Scripturis

550 3633 759 3703 positae.
817 3634 939 3690 Dies
982 3637 1182 3707 quippe
1211 3647 1355 3703 sunt,
1402 3640 1525 3708 quia
1577 3641 1643 3696 ad
1687 3645 2117 3712 cognoscendum

553 3738 697 3788 eum,
730 3724 917 3780 electis
942 3726 1138 3782 lucent.
1195 3728 1392 3783 Statuti
1421 3744 1634 3800 quoque
1662 3733 1775 3787 dies
1819 3740 1960 3797 sunt,
1994 3735 2118 3803 quia

551 3811 618 3866 ab
642 3813 872 3884 antiquis
900 3814 1143 3871 Patribus
1169 3818 1221 3872 in
1252 3818 1446 3874 eodem
1470 3835 1623 3876 sacro
1649 3822 1861 3892 eloquio
1889 3838 1983 3878 eos
2002 3839 2119 3879 esse

550 3901 754 3968 positos
783 3919 888 3958 non
920 3905 1247 3973 ignoramus.
1280 3908 1430 3964 Diem
1463 3926 1691 3982 namque
1718 3928 1974 3969 ascensus
2003 3914 2118 3983 ejus

550 3990 856 4059 pratﬁgehat
899 3993 1125 4065 Moyses,
1183 4013 1302 4052 cum
1326 3999 1573 4054 dicebat:
1623 4001 1935 4069 Prophetam
1978 4006 2116 4058 vobis

548 4077 813 4129 suscitabit
833 4078 1083 4135 Dominus
1109 4083 1172 4135 de
1199 4085 1323 4152 ﬁliis
1344 4088 1543 4151 vestris,
1582 4095 1824 4158 tanquam
1850 4107 1929 4143 me
1949 4092 2115 4160 ipsum

547 4168 765 4222 audietis
797 4169 972 4238 (Deut.
1027 4188 1171 4237 xvtu,
1226 4174 1333 4242 18).
1386 4177 1535 4231 Diem
1579 4194 1790 4247 quoque
1824 4182 2112 4245 statuebat,

548 4257 638 4325 qui
661 4257 870 4313 diccbat
901 4278 914 4313 :
960 4259 1082 4315 Non
1112 4262 1312 4333 deﬁciet
1336 4276 1587 4333 sceptrum
1616 4269 1679 4321 de
1719 4268 1877 4335 Juda,
1934 4282 1981 4324 et
2009 4272 2115 4325 dua:

544 4346 611 4398 de
635 4347 827 4416 {entore
855 4351 983 4419 ejus,
1008 4350 1167 4405 donec
1192 4355 1359 4406 veniat
1386 4356 1472 4425 qui
1510 4358 1784 4410 mittendus
1813 4368 1907 4425 est,
1938 4371 1986 4413 et
2005 4363 2116 4430 ipse

2227 3187 2351 3242 dum
2384 3188 2625 3258 quaesivit
2680 3188 2891 3259 (Matth.
2923 3207 2980 3258 ιι,
3014 3193 3134 3263 15);
3185 3194 3279 3247 sed
3324 3194 3365 3248 si
3406 3203 3531 3248 tunc
3556 3196 3797 3251 Redem-

2228 3284 2349 3346 ptor
2377 3286 2697 3344 moreretur,
2722 3279 3018 3343 immolaret
3045 3282 3247 3351 utique,
3276 3289 3332 3338 et
3359 3299 3466 3338 non
3492 3285 3745 3341 adoraret
3782 3306 3795 3351 ;

2226 3366 2353 3435 quia
2382 3366 2595 3423 victima
2624 3369 2901 3425 moriendo
2927 3368 3100 3439 ﬁeret,
3150 3373 3243 3427 sed
3265 3388 3400 3442 quos
3429 3384 3602 3431 morte
3630 3378 3797 3434 debe-

2225 3456 2315 3509 bat
2344 3455 2593 3523 liberare,
2632 3472 2966 3526 nequaquam
3007 3461 3236 3517 vivendo
3287 3464 3572 3520 docuisset.
3624 3465 3693 3533 Et
3751 3470 3801 3523 si

2224 3544 2452 3599 vivendo
2507 3559 2605 3599 nos
2653 3545 2872 3614 docens,
2917 3548 3051 3609 mori
3108 3559 3492 3622 contemneret,
3546 3556 3797 3626 profecto

2224 3636 2474 3691 adoraret
2495 3645 2550 3692 et
2597 3654 2703 3693 non
2731 3639 3047 3697 immolaret.
3068 3640 3136 3698 Ut
3161 3659 3287 3713 ergo
3304 3646 3571 3713 adoraret,
3602 3663 3798 3717 persc-

2223 3734 2476 3794 quentem
2503 3742 2561 3781 se
2588 3741 2769 3796 regem
2805 3729 2857 3783 in
2888 3729 3177 3801 IEgyptum
3206 3732 3356 3801 fugit,
3383 3743 3437 3789 et
3458 3744 3514 3790 ut
3540 3738 3782 3793 immola-

2223 3825 2324 3884 ret,
2356 3817 2679 3875 dissuadenti
2703 3820 2861 3877 Petro
2887 3824 3246 3892 exprobravit,
3278 3827 3460 3883 dicens
3492 3846 3504 3881 :
3537 3828 3681 3883 Vade
3708 3847 3793 3884 re-

2226 3917 2321 3973 tro,
2352 3917 2560 3974 satana,
2608 3927 2709 3964 non
2737 3912 2870 3965 enim
2895 3914 3034 3982 sapis
3060 3931 3120 3967 ea
3144 3932 3256 3985 quis
3274 3915 3371 3970 Dei
3396 3926 3530 3983 sunt,
3563 3919 3652 3972 sed
3677 3936 3794 3991 qut:

2223 3996 2478 4052 hominum
2510 3999 2720 4069 (Matth.
2754 4017 2861 4067 xw,
2886 4001 2998 4074 25).
3032 4003 3271 4059 Adorare
3315 4021 3545 4076 namque
3574 4023 3632 4062 se
3660 4009 3791 4064 insi-

2220 4103 2410 4156 nuans,
2440 4090 2515 4143 ait
2547 4108 2560 4142 :
2619 4088 2743 4145 Non
2770 4094 2880 4146 veni
2923 4094 3091 4164 facere
3127 4095 3431 4149 voluntatem
3464 4115 3647 4162 meam,
3698 4100 3791 4153 sed

2218 4179 2328 4249 ejus
2353 4182 2437 4250 qui
2472 4182 2608 4235 misit
2652 4198 2731 4235 me
2782 4183 2959 4252 (Joan.
2992 4201 3064 4251 γι,
3097 4184 3209 4255 58).
3255 4178 3389 4241 Hinc
3438 4190 3565 4244 item
3609 4190 3736 4244 dicit
3770 4206 3784 4242 :

2221 4265 2347 4331 Quae
2367 4270 2412 4322 ei
2434 4278 2549 4322 sunt
2579 4273 2677 4340 12
2703 4271 2913 4340 placita,
2940 4275 3074 4344 facio
3111 4291 3305 4345 semper
3333 4275 3510 4345 (Joan.
3537 4294 3647 4345 vm,
3672 4278 3786 4347 29).

2218 4355 2499 4414 Immolare
2528 4361 2684 4414 etiam
2715 4377 2773 4416 se
2803 4362 3093 4430 insinuans,
3138 4366 3211 4419 ait
3242 4384 3255 4418 :
3287 4365 3569 4437 Propterea
3598 4388 3677 4425 me
3703 4374 3789 4425 di-

517 4435 643 4487 ‘erit
686 4439 995 4505 exspectatio
1024 4442 1249 4510 gentium
1278 4444 1431 4513 (Gen.
1455 4463 1597 4511 χιιι,
1631 4447 1738 4519 10).
1772 4449 1918 4506 Diem
1959 4453 2114 4521 hujus
2144 4473 2192 4532 ι)
2216 4451 2329 4522 ligit
2362 4452 2542 4516 Pater,
2590 4456 2710 4525 quia
2737 4473 2828 4526 ego
2859 4474 2991 4526 pono
3019 4460 3246 4513 animam
3288 4435 3474 4528 meam,
3516 4472 3564 4517 et
3602 4466 3786 4519 iterum

544 4538 797 4580 ascensus
824 4535 1085 4599 statuens,
1140 4532 1214 4585 ait
1268 4533 1556 4590 Michmas:
1611 4537 1681 4591 Et
1734 4551 1783 4593 tu
1824 4541 2114 4601 Belile/iem

545 4622 683 4668 terra
695 4613 854 4683 Iuda,
877 4633 1195 4689 nequaquam
1216 4624 1427 4677 minima
1451 4643 1506 4679 es
1525 4628 1575 4679 in
1596 4629 1910 4697 principibus
1930 4631 1966 4683 «Ι
1969 4633 2071 4686 uda
2095 4650 2112 4686 :

541 4719 608 4756 ex
628 4713 674 4758 te
698 4708 835 4759 en'm
863 4710 997 4763 exiet
1022 4710 1145 4777 dum,
1176 4712 1263 4779 qui
1291 4723 1433 4785 regat
1460 4717 1701 4786 papulum
1729 4736 1894 4775 meum
1944 4720 2114 4776 Israel

542 4788 727 4861 (Mich.
770 4810 822 4860 ν,
866 4794 946 4865 2).
996 4795 1128 4853 Hinc
1155 4799 1315 4855 Isaias
1348 4802 1463 4855 ait:
1515 4801 1648 4858 Ecce
1686 4806 1825 4875 virgo
1875 4809 1928 4862 in
1968 4820 2110 4864 utero

543 4884 812 4952 concipiet,
867 4893 916 4937 et
967 4888 1132 4955 pariet
1159 4890 1347 4957 ﬁlium,
1392 4901 1442 4945 et
1488 4893 1750 4948 vocabitur
1780 4913 1961 4953 nomen
1999 4900 2109 4970 ejus

544 4968 852 5026 Emmanuel
879 4975 1029 5043 (lsai.
1058 4993 1148 5042 vn,
1182 4979 1291 5049 1b).
1343 4981 1617 5052 Quotquot
1644 4987 1787 5040 enim
1810 4988 1877 5043 de
1902 4989 1991 5045 illo
2013 4968 2111 5047 Lc-

541 5062 622 5129 gis
648 5072 699 5117 et
746 5065 1124 5135 prophetarum
1154 5073 1535 5139 promissiones
1562 5086 1705 5144 sunt,
1758 5088 1834 5134 tot
1881 5090 2111 5140 statutos

542 5150 656 5204 dies
684 5152 749 5205 ad
779 5151 893 5221 ejus
922 5169 1201 5211 ascensum
1232 5160 1517 5218 intuemur.
1571 5165 1702 5220 Nam
1745 5169 1890 5222 velut
1918 5169 1970 5224 in
1999 5181 2108 5226 sta-

547 5241 675 5294 tutis
695 5241 881 5298 diebus
903 5247 1244 5316 ascendebat,
1285 5266 1403 5305 cum
1431 5252 1628 5311 Iudicis
1655 5256 1865 5313 dicebat
1889 5277 1903 5312 :
1945 5261 2107 5316 Scru-

545 5331 729 5385 tamini
749 5332 1065 5405 Scripturas,
1108 5339 1160 5392 in
1199 5340 1376 5411 quibus
1399 5360 1483 5397 vos
1511 5347 1701 5413 putatis
1730 5358 1974 5403 aeternam
2014 5352 2109 5407 Ita-

542 5419 657 5475 bere
683 5425 856 5491 vitam,
879 5428 997 5497 quia
1024 5429 1151 5499 ipsae
1171 5440 1309 5496 sunt,
1339 5449 1452 5503 qua:
1475 5437 1817 5493 testimonium
1845 5443 2111 5511 perhibent

543 5511 607 5565 de
633 5531 712 5569 me
737 5515 914 5586 (Joan.
945 5535 998 5584 v,
1028 5519 1141 5589 39).
1174 5521 1310 5577 Hinc
1333 5523 1522 5579 iterum
1543 5527 1673 5581 dicit
1705 5546 1717 5581 :
1751 5528 1814 5584 Si
1839 5532 2109 5591 crederetis

544 5603 730 5675 Moysi,
786 5609 1059 5664 crederetis
1107 5613 1328 5683 forsitan
1373 5626 1421 5668 et
1472 5618 1619 5683 mihi,
1670 5622 1734 5675 de
1762 5640 1843 5677 me
1866 5628 2111 5684 enimille

544 5695 745 5760 scripsit
803 5696 990 5769 (Ibid,
1018 5698 1126 5772 40).
1180 5701 1402 5762 Statutis
1450 5721 1575 5778 ergo
1616 5710 1800 5769 diebus
1850 5720 2112 5780 ascendit:

1634 6276 1751 6283 ’ἡ
1778 6276 1967 6291 “““Ἷ“-π“
1990 6279 2093 6281 An

2216 4556 2415 4594 sumam
2444 4559 2557 4604 eam
2580 4559 2596 4596 :
2621 4560 2768 4600 nemo
2795 4547 2926 4601 tollit
2949 4564 3061 4601 eam
3086 4565 3117 4601 a
3148 4567 3247 4617 me,
3280 4553 3371 4607 sed
3398 4570 3488 4624 ego
3516 4571 3648 4624 pono
3670 4572 3784 4609 eam

2215 4646 2245 4691 a
2269 4634 2481 4702 meipso.
2531 4634 2842 4691 Potestatem
2873 4638 3031 4693 habeo
3059 4644 3281 4710 ponendi
3328 4661 3459 4712 eam,
3515 4657 3563 4700 et
3603 4648 3785 4714 iterum

2213 4722 2444 4775 sumendi
2472 4739 2583 4776 eam
2615 4723 2792 4794 (Joan.
2824 4742 2880 4793 x,
2910 4727 2994 4793 17,
3038 4728 3147 4797 18).
3185 4729 3249 4784 Et
3276 4734 3435 4802 paulo
3466 4745 3589 4791 ante
3620 4755 3633 4790 :
3668 4737 3785 4809 Ego

2211 4828 2323 4866 sum
2348 4813 2539 4868 Pastor
2563 4814 2740 4881 bonus,
2765 4818 2849 4887 qui
2875 4835 3008 4884 pono
3039 4823 3265 4876 animam
3294 4842 3457 4879 meam
3487 4844 3579 4895 pro
3608 4829 3784 4887 ovibus

2213 4905 2338 4957 meis
2368 4902 2554 4973 (Ibid.,
2583 4905 2692 4973 11).
2740 4905 3021 4963 [inmolare
3046 4926 3166 4966 eum
3198 4912 3390 4968 Paulus
3418 4916 3629 4972 intuens
3658 4919 3733 4972 ait
3766 4938 3779 4974 :

2216 4993 2452 5048 Tradidit
2479 4997 2799 5065 semetipsum
2827 5017 2919 5069 pro
2948 5002 3093 5057 nobis
3118 5005 3447 5074 oblationem,
3477 5018 3525 5062 et
3551 5010 3773 5066 hostiam

2210 5081 2320 5137 Deo
2364 5084 2425 5136 in-
2458 5082 2663 5137 adorent
2709 5090 2975 5143 suavitatis
3031 5089 3242 5161 (Ephes.
3295 5110 3357 5159 v,
3408 5095 3487 5165 2).
3532 5097 3785 5163 Ascendit

2211 5183 2376 5239 ergo,
2426 5181 2485 5225 ut
2536 5171 2805 5240 adoraret,
2853 5185 2909 5231 et
2965 5179 3267 5237 immolaret
3315 5201 3329 5238 :
3380 5186 3505 5254 quia
3561 5188 3627 5241 ad
3680 5189 3785 5245 hoc

2210 5276 2268 5318 se
2317 5268 2396 5317 tot
2447 5264 2719 5320 miraculis
2768 5268 3023 5337 ostendit,
3069 5279 3127 5325 ut
3170 5289 3269 5329 nos
3315 5276 3573 5332 verbiset
3601 5294 3786 5334 exem-

2210 5353 2311 5424 plis
2357 5354 2664 5421 instrueret,
2717 5363 2773 5410 et
2821 5372 3048 5414 mortem
3098 5374 3334 5418 nostram
3387 5368 3664 5431 moriendo
3692 5386 3787 5425 su-

2211 5454 2446 5516 pcraret.

2285 5535 2370 5590 10.
2415 5536 2519 5592 Sed
2547 5539 2872 5607 notandum,
2916 5541 3042 5609 quia
3095 5557 3216 5597 cum
3272 5545 3339 5603 ad
3392 5548 3779 5609 immolandum

2211 5627 2558 5697 Ephrathteus
2585 5631 2872 5687 ascendere
2899 5633 3110 5699 dicitur,
3136 5634 3276 5693 Deus
3300 5641 3658 5713 omnipotens,
3691 5650 3779 5703 cui

2214 5720 2473 5789 immolat,
2494 5720 2634 5778 Deus
2654 5723 2987 5780 exercituum
3021 5726 3346 5785 nominatur.
3379 5731 3485 5789 Cur
3510 5734 3615 5792 hoc
3663 5737 3778 5794 ﬁeri
