4000 6292
103 333 184 390 29
971 328 1035 386 ΙΝ
1075 329 1340 385 PRIMUM
1382 323 1619 383 REGU“
1661 322 2174 381 EXPOSITIONES.
2218 353 2288 367 -ο
2325 326 2455 381 LIB.
2499 327 2540 382 1.
3317 326 3386 380 30

106 450 467 517 ecrgnoscitur
499 447 605 502 nisi
642 446 768 515 quia
799 444 1179 513 Redemptoris
1208 454 1382 499 morte
1413 459 1520 497 non
1565 455 1704 494 unus
1737 441 1786 500 Α
1811 445 1956 504 runt,
1985 437 2076 507 qui
2097 452 2244 504 eum,
2274 439 2360 494 cui
2383 437 2620 508 injuncta
2646 438 2766 507 ﬁiit,
2815 455 2921 494 non
2949 439 3254 510 recipiendo
3297 455 3394 495 ve-

106 539 378 593 Judaieus
407 537 662 612 populus,
693 536 785 590 sed
819 550 1007 590 omnes
1039 533 1241 591 Gentes
1267 529 1710 586 redimebantur‘l

107 632 265 698 Quid
287 632 427 686 enim
451 638 582 684 sunt
625 628 812 682 ﬁdeles
860 625 1232 680 multitudines
1253 623 1550 687 nationum,
1607 619 1711 673 nisi

111 724 217 778 Dei
254 721 638 795 omry’potentis
666 719 971 774 exercitus?
1013 717 1127 772 Hos
1169 718 1419 777 nimirum
1442 714 1711 770 exercitus

107 813 182 866 ad
216 813 361 881 regis
397 812 477 866 sui
521 812 854 879 triumphum
885 808 1168 864 Psalmista
1217 807 1488 863 exsultare
1514 805 1712 860 cohor-

107 916 267 970 tans,
290 906 364 964 ait
393 922 406 958 :
461 901 656 968 Omnes
688 910 890 974 gentes,
925 900 1156 971 plaudite
1183 897 1440 963 manibus,
1488 895 1712 967 jnbilate

104 996 235 1051 Deo
266 1000 318 1052 in
346 1014 462 1062 race
491 994 852 1056 exsultationis
881 992 1051 1061 (Psal.
1088 989 1252 1058 XLVI).
1283 988 1390 1042 Hos
1419 985 1710 1041 convenire

107 1093 254 1146 item
284 1091 518 1150 intuens,
555 1088 687 1141 dixit
722 1104 734 1138 :
787 1085 979 1138 Omnes
1004 1092 1200 1158 gentes,
1229 1096 1552 1154 quascunque
1581 1080 1707 1150 feci-

103 1184 207 1248 sti,
238 1184 460 1244 venient,
479 1190 528 1234 et
555 1178 841 1233 adorabunt
861 1192 1034 1230 coram
1067 1183 1132 1239 te,
1158 1173 1396 1235 Domine,
1420 1181 1469 1226 et
1496 1172 1708 1226 honori-

105 1275 358 1346 ﬁcabant
393 1289 576 1333 nomen
627 1282 769 1324 tuum
827 1267 1052 1339 (Psalm.
1105 1282 1314 1325 Lxxxv.
1373 1263 1452 1332 9).
1505 1262 1711 1317 Dicitur

107 1380 260 1434 ergo
283 1365 538 1419 Dominus
563 1361 918 1424 exercituum,
964 1356 1090 1426 quia
1144 1354 1385 1424 profecto
1415 1369 1511 1424 per
1562 1368 1708 1430 mor-

111 1463 244 1509 tem
279 1452 610 1514 Dominieam
661 1466 771 1510 non
831 1449 1004 1502 solum
1057 1447 1228 1500 electa
1274 1443 1456 1498 Iudaea
1503 1442 1709 1510 colligi-

114 1555 253 1610 tur,
298 1543 392 1600 sed
432 1557 625 1597 omnes
665 1549 851 1610 gentes
900 1539 964 1592 ad
1019 1538 1113 1591 Dei
1158 1535 1544 1605 omnipotentis
1595 1549 1708 1588 ser-

111 1634 316 1688 vitium
376 1631 780 1702 perducuntur;
851 1642 970 1697 quae
1033 1625 1160 1681 dum
1209 1634 1398 1685 contra
1468 1623 1707 1679 occultos

111 1726 311 1779 hostes
357 1722 545 1777 ﬁdeles
603 1721 750 1776 acies
791 1720 1046 1774 virtutum
1101 1717 1265 1772 armis
1311 1717 1558 1772 robustas
1607 1715 1705 1771 du-

1811 534 1986 588 nerati
2014 542 2159 600 sunt,
2213 534 2308 589 sed
2334 535 2654 604 expellendo
2682 540 3060 608 peremerunt?
3108 537 3184 592 lbi
3211 545 3390 592 tamen

1813 620 2047 688 fuerunt,
2097 623 2222 690 quia
2278 624 2378 678 etsi
2409 624 2700 680 crudeliter
2745 628 3034 691 saevierunt
3079 629 3132 683 in
3160 637 3388 684 mortem

1811 712 2042 780 Domini,
2066 728 2131 768 ex
2152 714 2242 768 illa
2270 723 2448 769 tamen
2477 717 2797 772 crudelitate
2824 734 2930 772 non
2953 719 3391 788 suntconsecuti,

1809 803 1954 873 quod
1980 803 2248 858 satviendo
2271 812 2590 871 s'atuerunt,
2623 807 2715 861 sed
2753 809 2940 873 ceterni
2988 809 3160 862 Patris
3206 809 3391 864 consi-

1809 892 1939 946 lium
1967 893 2018 945 in
2042 891 2159 960 ejus
2195 893 2455 960 unigeniti
2487 905 2660 950 morte
2689 897 3052 966 complebant.
3086 897 3387 952 Consilium

1811 995 2042 1052 namque
2066 996 2250 1035 eorum
2277 981 2395 1047 fuit,
2423 989 2484 1036 ut
2500 998 2624 1038 eum
2652 983 2774 1039 ideo
2807 986 2967 1040 morti
2998 985 3289 1048 traderent,
3321 1001 3390 1042 ne

1809 1075 1862 1128 in
1886 1075 2060 1144 ipsum
2087 1075 2319 1144 pepulus
2365 1077 2582 1132 credere
2619 1079 2914 1148 potuisset;
2963 1081 3056 1135 sed
3083 1082 3172 1149 qui
3199 1096 3389 1151 perse-

1808 1176 2024 1222 cutores
2051 1183 2179 1222 suos
2216 1167 2474 1236 injunctte
2496 1170 2595 1224 sibi
2631 1179 2870 1240 paternae
2896 1174 3271 1241 praeceptionis
3299 1173 3398 1228 ad—

1803 1252 2011 1322 jutores
2031 1255 2284 1331 habebat,
2329 1265 2575 1319 mortuus
2599 1261 2914 1324 resurrexit,
2947 1269 3001 1315 et
3029 1261 3204 1315 omnis
3229 1278 3390 1315 mun-

1809 1344 1908 1398 dus
1940 1345 1992 1400 in
2023 1360 2148 1400 eum
2178 1347 2423 1401 credidit.
2465 1347 2541 1402 lbi
2564 1349 2705 1402 enim
2735 1360 2889 1405 erant
2912 1351 3004 1405 ﬁlii
3033 1351 3170 1418 Heli,
3193 1351 3388 1420 Opbni,

1807 1443 1862 1489 et
1893 1434 2145 1504 Phineas,
2174 1437 2227 1492 id
2255 1446 2339 1493 est
2367 1440 2422 1494 in
2450 1441 2703 1499 missione
2736 1459 2749 1494 :
2784 1444 2909 1512 quia
2945 1442 3271 1511 Redemptor
3295 1459 3394 1498 no-

1807 1533 1914 1581 ster
1936 1527 2002 1580 ad
2032 1528 2356 1598 implendam
2389 1530 2561 1587 Patris
2589 1534 2673 1591 sui
2701 1521 3055 1603 voluntatem,
3085 1534 3392 1598 Judzeorum

1806 1619 2058 1689 praelatos
2080 1619 2318 1677 fautores
2363 1623 2587 1689 habuit;
2642 1638 2967 1693 quamquam
3001 1626 3101 1694 ipsi
3143 1641 3202 1680 se
3222 1627 3272 1681 ei
3298 1641 3393 1680 ne-

1808 1723 2078 1778 quaquam
2103 1709 2282 1765 favere
2306 1712 2611 1781 crederent,
2634 1728 2794 1784 quem
2817 1714 3063 1775 occidere
3093 1731 3198 1770 non
3222 1716 3395 1785 pavis-

111 1827 271 1880 cuut,
312 1831 408 1888 per
430 1814 660 1884 gloriam
692 1812 939 1884 triumphi
966 1811 1034 1867 ad
1063 1826 1295 1882 superna
1324 1823 1487 1878 regna
1515 1824 1709 1881 perve—
1744 1807 1784 1866 Β
1810 1807 1949 1854 βοτη·
1985 1797 2134 1888 Unde
2156 1808 2210 1854 et
2234 1801 2479 1869 seqUitur
2513 1819 2525 1854 :

110 1908 298 1962 niunt.

189 2019 284 2074 ll.
345 2019 518 2074 Locus
558 2017 724 2072 etiam
774 2016 1156 2072 immolazionis
1211 2014 1538 2080 declaratur,
1582 2013 1707 2084 quia

110 2113 321 2167 dicitur
348 2130 361 2164 :
395 2111 462 2166 In
493 2112 631 2166 Silo.
686 2109 798 2165 Silo
826 2111 968 2165 enim
1011 2110 1227 2174 missus,
1259 2109 1373 2164 sive
1404 2109 1588 2164 missio
1623 2108 1708 2161 in—

113 2210 470 2273 terpretatur.
503 2202 642 2268 Quil
665 2216 900 2270 namque
921 2216 1016 2271 per
1041 2201 1183 2255 hanc
1227 2199 1560 2265 missionem,
1606 2197 1707 2252 nisi

113 2295 312 2349 summi
342 2292 518 2350 Patris
565 2293 866 2360 injunctum
905 2292 1182 2358 unigenito
1229 2300 1551 2360 praiceptum
1577 2288 1711 2342 obe-

115 2381 705 2450 dientim'designatur?
752 2380 880 2450 quid
909 2387 991 2434 est
1011 2378 1173 2432 etiam
1202 2377 1346 2446 quod
1390 2377 1443 2430 in
1472 2375 1584 2430 Silo
1610 2375 1708 2429 ini-

115 2476 332 2530 molare
356 2473 577 2537 dicitur,
628 2473 732 2530 nisi
757 2471 885 2540 quia
936 2487 1042 2525 non
1067 2471 1224 2524 aliter
1254 2485 1314 2524 se
1346 2469 1507 2524 morti
1540 2467 1705 2532 dedit,

118 2579 290 2636 quam
320 2579 351 2617 a
381 2561 538 2622 Patre
566 2562 877 2618 mandatum
905 2561 1124 2616 habuit?
1152 2559 1267 2615 Non
1297 2561 1494 2630 quippe
1519 2559 1709 2613 immo-

119 2660 269 2713 laret
295 2657 349 2711 in
392 2655 520 2722 Silo,
576 2655 622 2710 si
651 2655 809 2710 aliter
834 2662 1156 2720 moreretur,
1185 2668 1345 2724 quam
1381 2661 1706 2721 pmceptum

118 2765 150 2814 a
187 2748 350 2813 Patre
374 2748 672 2815 habuisset.
725 2745 880 2803 Unde
907 2755 959 2800 et
1007 2761 1102 2814 per
1131 2745 1477 2813 semetipsum
1526 2743 1659 2797 dixit
1689 2760 1703 2796 :

117 2841 278 2895 Sicut
333 2840 634 2894 mandatum
682 2839 825 2893 dedit
873 2838 1000 2892 mihi
1027 2837 1203 2902 Pater,
1259 2838 1333 2890 sic
1364 2837 1498 2906 facio
1529 2835 1706 2906 (Joan.

121 2932 376 3004 κηκῖδι).
424 2932 564 2987 Hinc
609 2931 809 2994 Paulus
859 2930 973 2984 ait:
1036 2927 1227 2982 Factus
1273 2928 1513 2982 obediens
1560 2927 1712 2982 Patri

119 3042 282 3096 usque
309 3023 379 3076 ad
399 3033 616 3078 mortem
653 3023 818 3075 cruris
849 3019 1069 3090 (Philip.
1096 3034 1153 3085 ιι,
1179 3016 1258 3087 8).
1312 3017 1370 3071 In
1413 3017 1525 3072 Silo
1552 3018 1712 3086 igitur

122 3124 179 3171 et
235 3116 519 3179 adoravit,
591 3123 648 3168 et
698 3111 995 3167 immolavit
1045 3128 1057 3163 :
1115 3109 1240 3178 quia
1290 3118 1398 3162 tam
1445 3108 1707 3174 vivendo,

124 3222 293 3277 quam
348 3205 650 3272 moriendo,
690 3203 862 3258 Patris
915 3201 996 3257 sui
1037 3201 1365 3256 voluntatem
1421 3199 1566 3254 fecit.
1612 3198 1712 3256 Se-

122 3298 309 3367 quitur
332 3315 347 3352 :

198 3410 381 3483 (vers.
415 3409 494 3479 3.)
553 3408 721 3463 Erant
746 3407 814 3462 ibi
840 3407 938 3462 duo
962 3407 1060 3477 ﬁlii
1092 3404 1234 3474 Heli,
1285 3402 1477 3476 Opimi,
1505 3411 1556 3457 et
1584 3401 1712 3455 mu-

123 3519 267 3565 neas,
289 3501 585 3555 sacerdotes
613 3499 842 3554 Domini.

197 3592 287 3648 12.
319 3591 397 3648 De
419 3593 616 3660 quibus
636 3599 784 3646 recte
810 3589 1090 3660 quaeritur,
1130 3602 1229 3642 cur
1254 3587 1503 3641 dicantur
1530 3598 1711 3638 sacer-

121 3685 280 3740 dotes
314 3683 552 3750 Domini,
581 3682 673 3753 qui
698 3697 807 3736 non
832 3680 988 3736 valde
1014 3678 1236 3735 inferius
1264 3677 1430 3732 Belial
1459 3675 1550 3730 ﬁlii
1592 3689 1714 3732 esse

125 3784 148 3810 ⁸
174 3774 525 3828 referantur“!
570 3771 676 3827 Sed
711 3772 756 3826 si
786 3771 853 3825 ad
875 3771 1106 3825 litteram
1135 3768 1452 3837 simpliciter
1478 3764 1618 3820 istud
1647 3765 1715 3819 de

125 3865 244 3920 lleli
267 3863 393 3919 ﬁliis
412 3865 693 3934 quaeritur,
724 3862 882 3918 facile
902 3862 1259 3930 respondetur
1287 3877 1300 3910 :
1327 3857 1453 3927 quia
1482 3870 1548 3910 eo
1576 3863 1712 3908 tem-

124 3974 262 4029 pore
291 3955 602 4013 sacerdotes
645 3953 852 4010 Domini
895 3952 1023 4006 dicti
1051 3960 1197 4018 sunt,
1255 3948 1469 4019 quando
1491 3945 1712 4002 simula-

124 4065 344 4105 crorum
403 4044 716 4102 sacerdotes
761 4059 829 4099 ex
874 4042 1094 4097 deorum
1123 4039 1376 4094 falsorum
1407 4035 1715 4091 nominibus

125 4140 512 4195 censebantur.
547 4136 679 4189 Cum
710 4149 838 4203 ergo
867 4133 1116 4188 dicuntur
1142 4126 1456 4184 sacerdotes
1482 4124 1712 4190 Domini,

126 4250 224 4304 per
243 4232 476 4301 insignia
505 4227 650 4293 ﬁdei,
680 4243 711 4281 a
734 4226 1146 4280 simulacrorum
1190 4219 1488 4277 cultoribus
1513 4217 1714 4272 discer-

128 4331 350 4380 nuntur.
404 4321 502 4375 His
533 4318 677 4374 enim
701 4316 881 4371 verbis
916 4329 1102 4370 eorum
1134 4311 1284 4377 ﬁdes,
1342 4316 1398 4365 et
1442 4323 1548 4364 non
1603 4307 1714 4360 vita

127 4416 454 4486 prauiicatur
482 4429 496 4464 :
557 4410 684 4478 quia
709 4417 764 4462 et
793 4407 1108 4477 pravitatem
1140 4401 1466 4458 exercebant
1513 4398 1710 4469 operis,

1880 1888 2054 1957 (Vers.
2086 1887 2165 1957 4.)
2218 1888 2365 1943 Venit
2392 1907 2512 1960 ergo
2551 1889 2692 1956 dies,
2725 1900 2772 1943 et
2800 1893 3082 1946 immolavit
3123 1891 3381 1957 llelcana,

1807 1979 2044 2051 deditque
2075 1979 2388 2046 I’ltenenme,
2421 1990 2470 2034 et
2499 1982 2645 2050 ﬁliis,
2678 1990 2727 2035 et
2750 1981 2957 2051 ﬁliabus
2989 1983 3098 2052 ejus
3125 1992 3316 2052 partes.

1883 2072 1970 2126 it.
2004 2072 2172 2138 Quem
2205 2073 2346 2127 diem
2391 2075 2545 2128 istum
2593 2089 2711 2128 esse
2740 2075 3006 2129 credimus
3029 2115 3044 2139 ,
3098 2075 3197 2128 nisi
3228 2090 3389 2144 quem

1808 2161 2099 2231 Scripturas
2147 2178 2314 2216 sacra:
2345 2164 2652 2217 testimonio
2699 2163 2863 2217 Isaias
2910 2164 3136 2229 statuit,
3167 2162 3385 2218 dicens:

1811 2255 2079 2326 Tanquam
2108 2257 2212 2308 oris
2243 2255 2309 2311 ad
2338 2257 2643 2309 occisionem
2673 2256 2884 2308 ducetur
2909 2297 2924 2323 ,
2973 2264 3021 2308 et
3051 2256 3183 2308 sicut
3226 2272 3392 2326 agnus

1808 2363 1981 2401 coram
2028 2364 2084 2400 se
2127 2345 2365 2400 tondente
2408 2345 2434 2383 δ
2470 2345 2799 2412 obmutescet,
2854 2352 2905 2397 et
2949 2361 3053 2398 non
3099 2346 3290 2414 aperiet
3333 2361 3390 2398 os

1807 2453 1953 2490 suum
1977 2435 2129 2507 (Isai.
2156 2452 2266 2502 un,
2296 2435 2388 2504 7)?
2432 2434 2593 2489 Venit
2621 2434 2818 2503 quippe
2840 2432 2953 2488 dies
2973 2474 2989 2498 ,
3022 2448 3144 2487 cum
3174 2433 3391 2487 claritas

1808 2526 2056 2596 promissi
2079 2525 2280 2580 oraculi
2305 2534 2514 2594 tempus
2535 2524 2768 2581 ostendit
2790 2524 3078 2578 Dominicae
3107 2522 3389 2592 passionis.

1809 2615 1958 2669 Tunc
1987 2615 2282 2670 immolavit
2320 2613 2575 2680 Helcaua,
2605 2613 2731 2684 quia
2761 2629 2820 2668 se
2850 2612 3178 2682 Redemptor
3206 2619 3391 2666 noster

1807 2717 2008 2765 interno
2055 2705 2201 2761 Patri
2251 2708 2306 2761 in
2351 2705 2618 2763 sacriﬁcio
2665 2715 2862 2759 nostra:
2902 2703 3254 2758 absolutionis
3293 2717 3393 2772 per

1814 2808 2044 2855 mortem
2073 2797 2248 2853 crucis
2278 2795 2491 2851 obtulit.
2518 2794 2668 2849 Tunc
2688 2792 2991 2848 Pbenennre
3015 2800 3070 2846 et
3097 2791 3216 2847 ﬁliis
3243 2803 3298 2848 et
3328 2791 3392 2844 ﬁ-

1812 2891 1984 2947 liabus
2003 2889 2119 2960 ejus
2142 2889 2288 2944 dedit
2316 2895 2516 2958 partes,
2539 2886 2664 2957 quia
2687 2885 2934 2940 nimirum
2956 2883 3157 2946 electos
3175 2881 3390 2951 Judzezn,

1815 2999 1951 3055 quos
1978 2983 2118 3052 apud
2147 2980 2347 3036 inferos
2375 2981 2592 3050 reperit,
2627 2979 2690 3032 ad
2718 2977 2950 3047 paradisi
2979 2976 3170 3045 gaudia
3199 2992 3392 3045 repor-

1815 3076 1968 3130 tavit.
2016 3073 2203 3129 Partes
2241 3074 2437 3144 quippe
2481 3086 2687 3136 eorum,
2730 3078 2855 3123 sunt
2893 3069 3031 3124 dona
3076 3067 3394 3136 gaudiorum

1735 3162 1780 3222 C
1812 3161 2148 3233 perennium.
2184 3159 2339 3214 Unde
2379 3167 2431 3213 et
2477 3157 2757 3212 Psahnista
2786 3157 2945 3211 sortis
2970 3171 3077 3212 sure
3110 3156 3269 3212 situm
3299 3155 3396 3210 cli-

1811 3267 1962 3321 gens,
1995 3252 2068 3305 ait
2095 3269 2107 3303 :
2138 3249 2316 3304 Portio
2340 3266 2470 3314 mea,
2507 3247 2745 3311 Domine,
2775 3247 2839 3300 sit
2882 3247 2935 3300 in
2962 3255 3097 3299 terra
3125 3247 3394 3308 viventium

1814 3341 1934 3414 (Ps.
1959 3357 2097 3407 cur,
2117 3340 2192 3412 6).
2219 3339 2361 3394 Bene
2381 3348 2558 3394 autem
2585 3355 2828 3394 seorsum
2852 3336 3137 3391 Phenenna
3160 3345 3212 3390 et
3235 3336 3324 3389 ﬁlii
3341 3345 3397 3390 et

1815 3433 1934 3486 ﬁlia:
1981 3446 2222 3486 seorsum
2271 3430 2324 3484 in
2375 3428 2698 3498 accipiendis
2749 3427 2988 3498 partibus
3027 3427 3390 3480 nominantur.

1814 3521 2104 3576 Phenenna
2125 3521 2322 3590 quippe
2345 3520 2595 3573 doctores
2619 3516 2812 3571 iud-mae
2834 3514 3116 3584 signiﬁcat,
3143 3513 3237 3568 ﬁlii
3263 3529 3392 3568 vero

1814 3611 2103 3666 validiores
2151 3610 2423 3664 auditores
2473 3608 2608 3678 ejus,
2653 3605 2773 3660 ﬁliae
2824 3616 3003 3660 autem
3053 3605 3395 3669 inﬁrmiores,

1815 3704 1980 3772 ipsius
2016 3701 2262 3758 subditos
2308 3700 2609 3768 designant.
2662 3697 2916 3752 Seorsum
2947 3711 3078 3764 ergo
3116 3703 3306 3752 mater.
3339 3702 3397 3748 et

1815 3793 1930 3860 ﬁlii,
1952 3800 2006 3846 et
2026 3791 2142 3845 ﬁlia:
2155 3797 2550 3846 memorantur:
2575 3786 2696 3856 quia
2713 3794 2932 3858 propter
2950 3783 3180 3854 disparia
3195 3782 3401 3837 electo-2

1815 3899 1934 3938 rum
1980 3892 2223 3936 veterum
2271 3880 2486 3947 merita,
2529 3877 2754 3946 aequalia
2795 3889 2982 3930 eorum
3027 3872 3241 3943 praemia
3285 3886 3394 3924 non

1814 3972 2048 4029 fuerunt.
2082 3971 2338 4041 Sequitur
2369 3989 2383 4023 :

1889 4064 2065 4132 (Vers.
2097 4061 2175 4133 5.)
2214 4063 2379 4115 Anna:
2405 4067 2573 4114 autem
2601 4058 2741 4114 dedit
2769 4067 2968 4130 partem
3009 4074 3166 4112 unam
3193 4057 3354 4112 tristis
3372 4072 3392 4112 :

1815 4156 1934 4226 quia
1964 4155 2168 4207 Annam
2192 4150 2455 4224 diligebat.

1890 4245 1977 4300 l5.
2010 4246 2147 4311 Quid
2176 4252 2279 4312 est,
2306 4241 2446 4310 quod
2474 4257 2597 4298 cum
2623 4249 2804 4313 partes
2829 4241 3148 4304 Phenennte,
3178 4247 3233 4293 et
3254 4237 3398 4304 ﬁlii:,

1817 4347 1873 4394 et
1919 4336 2126 4391 ﬁliabus
2173 4335 2338 4397 dedit,
2373 4333 2538 4388 tristis
2585 4347 2922 4402 nequaquam
2954 4329 3088 4384 fuit:
3121 4343 3240 4384 cum
3271 4341 3400 4382 vero

1817 4434 2023 4498 partem
2047 4441 2204 4480 unam
2231 4424 2396 4478 Anna:
2430 4423 2634 4489 tribuit,
2666 4422 2832 4477 tristis
2853 4419 3015 4476 fuisse
3051 4419 3400 4489 perhibetur?

126 4507 220 4561 sed
247 4521 357 4561 non
400 4503 659 4558 errabant
686 4500 738 4554 in
768 4499 872 4553 ﬁde
899 4494 1226 4552 Conditoris.
1269 4491 1633 4586 Quodtamen
1660 4497 1716 4545 et
1753 4527 1797 4585 Β
1821 4491 1931 4572 'Sed
1959 4515 2088 4585 quid
2116 4523 2199 4569 es,
2228 4529 2330 4568 una
2359 4529 2483 4584 pars
2506 4513 2692 4581 Amm,
2720 4512 2818 4566 nisi
2845 4510 3153 4581 temporalis
3181 4507 3419 4586 amicuq

126 4609 374 4667 tempore
427 4595 625 4650 divinae
655 4589 1041 4647 incarnationis
1069 4586 1268 4642 Judaeaa
1316 4583 1550 4655 praelatis
1580 4597 1715 4635 con-

126 4689 412 4744 venienter
437 4684 781 4740 adscribitur.
834 4681 936 4748 Qui
977 4679 1228 4734 nimirum
1255 4675 1565 4732 sacerdotes
1611 4672 1716 4727 duo

126 4793 248 4834 esse
267 4777 602 4838 referuntur,
635 4785 691 4828 et
719 4774 825 4826 hoc
857 4772 1031 4840 ipsum
1068 4785 1176 4832 non
1207 4767 1436 4823 refertur
1457 4765 1524 4820 ad
1552 4764 1720 4818 virtu-

127 4868 197 4922 tis
225 4866 468 4934 laudem,
490 4865 587 4920 sed
612 4863 682 4918 ad
711 4861 1020 4917 calliditatis
1043 4857 1539 4929 reprehensionem.
1566 4852 1717 4909 Unde

127 4969 184 5012 et
213 4973 312 5028 per
338 4955 686 5026 semetipsum
715 4952 972 5007 Dominus
992 4951 1071 5006 eis
1087 4949 1464 5012 comminatur,
1492 4947 1675 5001 dicens
1701 4963 1713 4996 :

135 5048 231 5102 Vw
259 5045 420 5109 vobis,
453 5044 656 5100 Scriba:
684 5054 733 5096 et
766 5041 1020 5094 Pharisaei
1053 5038 1354 5109 hypocriten,
1385 5037 1471 5108 qui
1520 5035 1714 5089 similes

125 5139 251 5191 estis
280 5135 535 5205 sepulcris
561 5133 834 5194 dealbatis,
863 5147 977 5202 qua:
1007 5147 1037 5183 a
1068 5132 1194 5200 foris
1219 5130 1452 5182 videnlur
1480 5126 1714 5197 pulchra,

125 5230 266 5281 intus
303 5234 426 5279 sunt
475 5225 630 5293 plena
680 5220 882 5277 ossibus
923 5231 1240 5275 mortuorum
1291 5217 1504 5289 (Matth.
1565 5232 1714 5280 χχιιι,

126 5317 244 5388 ~27).

205 5431 312 5501 13
339 5430 429 5485 15.
458 5429 565 5485 Sed
586 5430 714 5498 quid
743 5438 846 5496 est,
871 5429 1012 5498 quod
1039 5428 1109 5482 ibi
1141 5442 1260 5482 esse
1290 5425 1631 5481 referuntur?
1662 5424 1720 5479 Si

128 5526 276 5582 enim
305 5525 442 5590 Silo,
474 5523 530 5579 id
557 5532 642 5577 est
663 5522 869 5589 missio,
899 5522 1044 5576 illam
1070 5519 1262 5576 summi
1286 5519 1459 5572 Patris
1489 5531 1723 5587 praecepv

131 5617 336 5673 tionem
375 5613 665 5683 signiﬁcat,
712 5611 991 5683 quomodo
1022 5610 1228 5683 praelati
1281 5609 1477 5666 Judteae
1506 5608 1576 5664 ibi
1606 5608 1721 5664 lue-

207 5783 230 5809 ⁸
262 5774 371 5838 An,
403 5773 719 5842 referuntur.

1823 4616 2024 4663 sanctae
2071 4605 2370 4660 Ecclesiae?
2401 4603 2549 4659 Hanc
2591 4618 2824 4672 namque
2873 4601 2922 4656 ei
2967 4608 3175 4671 partem
3220 4598 3399 4662 dabat,

1823 4715 1944 4754 cum
1973 4697 2186 4751 dicebat
2211 4714 2223 4748 :
2256 4696 2416 4749 Amen
2446 4712 2594 4748 amen
2622 4695 2738 4748 dico
2764 4691 2921 4755 vobis,
2955 4693 3074 4760 quia
3112 4687 3400 4759 plorabitis,

1823 4799 1872 4842 et
1913 4787 2100 4858 ﬂebitis
2127 4803 2234 4851 vos,
2267 4785 2488 4839 mundus
2518 4794 2689 4838 autem
2731 4782 2988 4855 gaudebit,
3020 4796 3109 4833 eos
3137 4795 3252 4832 vero
3283 4795 3403 4832 con-

1830 4881 2163 4937 tristabimini
2210 4879 2387 4952 (Joan.
2433 4896 2543 4948 ιιι,
2572 4877 2686 4948 20).
2717 4878 2864 4931 llanc
2893 4882 3098 4944 partem
3131 4872 3179 4926 ei
3221 4871 3401 4933 dabat,

1826 4990 1946 5029 cum
1993 4973 2212 5028 Ananiae
2245 4971 2466 5026 Paulum
2496 4967 2919 5028 commendaret,
2960 4965 3183 5018 dicens:
3238 4962 3401 5026 Vade,

1821 5066 1939 5132 quia
1961 5081 2048 5118 vas
2080 5062 2341 5116 electioiais
2367 5069 2442 5114 est
2471 5059 2594 5112 mihi
2623 5059 2741 5124 iste,
2767 5064 2821 5108 ut
2843 5062 3008 5124 portet
3034 5068 3216 5107 nomen
3240 5067 3407 5104 meum

1821 5168 1995 5206 coram
2025 5151 2279 5223 gentibus,
2313 5157 2358 5202 et
2399 5146 2620 5218 regibus,
2650 5154 2698 5198 et
2741 5145 2865 5214 ﬁliis
2909 5142 3121 5198 Israel:
3151 5159 3243 5213 ego
3272 5147 3408 5195 enim

1823 5243 2093 5297 ostendam
2121 5243 2186 5304 ei,
2213 5249 2405 5310 quanta
2432 5255 2543 5290 eum
2559 5245 2790 5307 oporteat
2812 5252 2905 5304 pro
2937 5235 3143 5288 nomine
3166 5251 3277 5287 meo
3299 5233 3409 5302 pati

1822 5337 1940 5407 (Act
1984 5352 2056 5401 ιχ,
2084 5333 2150 5385 15
2176 5344 2224 5386 et
2251 5333 2359 5401 l6).
2403 5330 2552 5385 Unde
2577 5331 2627 5383 in
2653 5332 2768 5397 ejus
2790 5329 3099 5399 acceptione
3122 5325 3262 5380 idem
3286 5325 3411 5379 doc-

1827 5438 1912 5482 tor
1960 5426 2212 5481 Gentium
2262 5423 2544 5492 gloriatur,
2582 5421 2805 5477 dicens:
2861 5419 3129 5487 Adimpleo
3169 5433 3249 5475 ea,
3295 5432 3410 5485 qua:

1827 5518 2008 5571 desunt
2039 5515 2336 5587 passionum
2361 5511 2548 5567 Christi
2577 5514 2631 5566 in
2659 5528 2872 5578 corpore
2911 5527 3022 5564 meo
3058 5507 3192 5579 (Col.
3223 5522 3260 5569 ι,
3295 5504 3408 5574 “24).

1828 5608 1962 5663 Hinc
1991 5609 2187 5662 iterum
2215 5604 2347 5660 dicit
2372 5621 2386 5658 :
2422 5603 2534 5676 Ego
2560 5605 2803 5675 stigmata
2833 5601 2957 5654 Jesu
2985 5601 3039 5653 in
3067 5615 3281 5668 corpore
3301 5613 3413 5652 meo

1906 5765 1932 5804 ι’
1953 5764 2056 5832 AL,
2092 5763 2354 5821 Tondente
2384 5765 2492 5818 sine
2519 5779 2634 5817 voce
2661 5777 2762 5816 non
2791 5769 2982 5828 aperiet
3005 5774 3057 5813 os
3086 5772 3230 5810 suum
3257 5759 3278 5795 "-
