4000 6306
643 280 704 334 ’51
1838 278 2082 336 SANCTI
2125 280 2211 334 GR

2322 282 2451 337 0R“
2490 284 2704 339 MAGNI
3849 303 3909 355 δὲ

642 400 792 464 porto
845 388 1045 461 (Colat.
1088 404 1159 454 γι,
1211 387 1319 457 l7).
1356 387 1491 443 llinc
1540 388 1650 441 ait:
1702 387 1835 442 illi/ti
1877 398 2047 443 autem
2097 391 2231 445 absit
2263 397 2309 453 Δ
2334 397 2470 451 verti
2512 399 2577 452 ad
2610 399 2766 454 ﬁdem
2798 414 2902 455 non
2934 403 3263 470 praevalebit.
3296 404 3459 472 Quasi
3489 422 3615 479 ergo
3654 414 3906 480 magnitu-

643 481 881 551 gloriari,
915 480 1014 531 nisi
1052 484 1106 531 in
1128 493 1278 530 cruce
1309 476 1517 529 Domini
1562 479 1725 531 nostri
1751 478 1874 532 .Iesu
1905 477 2115 545 Christi,
2141 498 2233 551 per

642 585 789 639 quem
840 568 964 621 nti/ti
1016 566 1237 619 mundus
1292 568 1573 637 cruciﬁxus
1634 578 1751 634 est,
1799 578 1847 622 et
1893 586 1987 641 ego
2039 572 2231 627 mundo

645 657 830 727 (lbid..
878 657 985 727 14).
1013 657 1183 713 Unam
1211 661 1410 728 quippe
1452 671 1657 729 partem
1690 678 1718 715 a
1748 678 1946 731 sponso
1977 680 2231 735 suscepe-

643 757 745 811 rat,
777 748 867 817 qui
898 748 1114 816 gloriari
1142 748 1195 801 iu
1238 750 1353 803 sola
1383 765 1541 804 cruce
1571 750 1907 820 disponebat.
1938 752 2072 806 Cum
2102 767 2230 822 ergo

644 847 823 908 partes
855 838 1157 893 Pltcnenna:
1200 839 1401 905 tribuit,
1437 839 1671 895 llelcana
1722 842 1888 896 tristis
1938 858 2045 895 non
2089 841 2227 909 fuit;

643 927 768 994 quia
802 925 1129 996 Redemptor
1156 938 1341 982 noster
1369 929 1572 984 electos
1601 945 1902 1001 synagogm,
1933 942 2055 1000 post
2084 948 2229 987 mor-

646 1018 713 1071 tis
746 1018 1101 1087 ttiumphum;
1139 1019 1242 1090 1!.
1271 1022 1503 1089 paradisi
1534 1024 1740 1090 gaudiis
1764 1023 1875 1091 jam
1906 1025 2056 1079 lactus
2102 1027 2226 1079 red-

644 1106 796 1161 didit.
848 1107 1013 1162 Anna:
1041 1118 1219 1165 autem
1261 1121 1467 1179 partem
1519 1114 1683 1167 tristis
1716 1117 1919 1180 tribuit,
1953 1118 2075 1185 quia
2119 1134 2225 1173 non

643 1198 875 1265 compati
904 1199 953 1251 ei
984 1216 1031 1252 η’
1054 1215 1088 1252 u
1132 1207 1364 1268 poterat,
1415 1218 1572 1270 quam
1612 1206 1800 1258 mortis
1827 1206 2108 1275 conjugetn
2141 1224 2226 1263 re—

643 1286 940 1353 linquebat,
970 1296 1025 1342 et
1053 1290 1226 1343 crucis
1249 1291 1537 1345 haeredem.
1572 1292 1719 1349 Unde
1750 1304 1804 1348 et
1839 1297 2078 1365 patiente
2106 1297 2227 1353 Ste-

642 1374 841 1442 phano,
872 1378 1071 1446 apertis
1101 1377 1269 1443 cmlis,
1297 1378 1453 1434 ,Ιιιευε
1482 1390 1624 1436 stare
1641 1384 1949 1452 perhibetur
1978 1388 2109 1455 (Act.
2134 1405 2224 1454 vn,

643 1460 755 1531 55).
788 1463 944 1519 Stare
972 1466 1115 1520 enim
1144 1466 1262 1535 ejus
1291 1470 1525 1539 compati
1554 1480 1656 1526 est.

722 1558 807 1612 t6.
857 1559 1010 1626 Quod
1057 1570 1236 1616 autem
1267 1564 1533 1633 subditur,
1583 1569 1702 1637 quia
1725 1569 1928 1623 Annam
1961 1572 2221 1642 diligebat.

641 1656 715 1702 uti
732 1648 919 1719 iusque
938 1651 1016 1705 rei
1040 1667 1206 1707 causa
1230 1654 1451 1725 intelligi
1473 1659 1857 1715 convenienter
1874 1673 2070 1729 potest.
2092 1665 2223 1720 Nam

2335 488 2513 543 dinem
2544 492 2797 545 ueritatis
2824 492 2942 559 ejus
2984 496 3248 564 propheta
3286 498 3576 565 admirans,
3608 502 3714 555 ait:
3744 503 3906 559 Tanta

2334 579 2561 649 caligine
2608 581 2809 637 erroris
2837 580 3187 649 deprimitur,
3221 594 3279 638 ut
3309 586 3432 641 inde
3479 589 3634 643 bonis
3675 591 3905 660 insultet,

2334 670 2479 739 quod
2512 671 2625 741 ipsa
2656 672 2794 726 bona
2828 671 2939 726 licri
2970 674 3108 727 ultra
3149 691 3258 730 non
3304 686 3500 745 potest.
3532 679 3629 732 Cui
3670 680 3904 750 profecto

2332 763 2578 833 pereunti
2607 765 2731 830 quia
2762 772 2944 817 sancta
2976 763 3214 820 Ecclesia
3246 768 3541 833 condoluit,
3564 772 3839 840 sequitur:

2405 851 2581 921 (Vers.
2618 852 2696 921 7.)
2726 854 2891 907 Porro
2920 856 3073 908 Anna
3101 856 3282 925 flebat.

2406 942 2490 995 18.
2532 942 2663 996 Nam
2695 951 2748 997 et
2787 944 2986 998 doloris
3015 948 3096 999 sui
3135 947 3290 1002 lamet
3318 957 3368 1002 ta
3409 953 3655 1019 protulit,
3688 952 3899 1015 dicens:

2334 1034 2562 1088 Tristitia
2583 1044 2659 1088 est
2686 1036 2811 1087 milii
2834 1052 3046 1106 magna,
3068 1045 3116 1089 et
3137 1039 3410 1093 continuus
3434 1041 3584 1094 dolor
3605 1044 3747 1097 cordi
3764 1063 3870 1101 meo
3886 1071 3900 1100 .-

2331 1124 2569 1194 optabam
2601 1125 2801 1197 quidem
2843 1135 2891 1180 et
2932 1128 3041 1196 ipse
3067 1128 3345 1183 anathema
3374 1131 3491 1200 ﬁeri
3534 1150 3628 1202 pro
3669 1136 3901 1205 fratribus

2330 1218 2453 1270 meis
2483 1233 2514 1268 a
2544 1216 2765 1281 Christo,
2791 1218 2875 1289 qui
2904 1228 3022 1271 sunt
3046 1222 3252 1289 cognati
3279 1224 3376 1275 mei
3406 1226 3686 1280 secundum
3705 1244 3899 1285 carnem

2331 1303 2507 1374 (Rom.
2539 1321 2614 1372 ix,
2639 1304 2693 1372 9.,
2724 1306 2798 1376 5).
2833 1305 2888 1358 Et
2913 1308 3037 1377 quia
3068 1306 3137 1362 de
3175 1324 3360 1364 eorum
3397 1315 3751 1372 conversione
3776 1336 3901 1389 gauo

2328 1395 2473 1449 dium
2504 1412 2611 1450 non
2641 1399 2863 1466 recepit,
2893 1398 3169 1453 subditur:

2405 1492 2504 1560 l5
2546 1488 2721 1558 (Vers.
2760 1486 2835 1561 7.)
2875 1489 2945 1543 Et
2974 1490 3142 1545 cibum
3187 1511 3291 1548 non
3320 1497 3572 1566 capiebat.

2396 1581 2586 1635 Cibum
2617 1581 2844 1649 denique
2881 1592 3115 1653 caperet,
3148 1585 3194 1639 si
3222 1585 3287 1639 de
3315 1585 3510 1642 Judttea:
3540 1590 3747 1661 integra
3777 1609 3901 1649 con-

2326 1672 2575 1726 versione
2605 1672 2800 1725 lmtitia:
2829 1670 3173 1728 refectionem
3198 1675 3489 1730 habuisset.
3511 1678 3641 1744 Quae
3666 1696 3794 1751 ergo
3818 1684 3902 1739 ﬂe-

639 1735 754 1792 sive
784 1738 927 1793 hunc
970 1740 1091 1795 ideo
1138 1742 1346 1798 tristem
1377 1759 1495 1800 esse
1524 1750 1642 1816 quis
1680 1749 1927 1818 accipiat,
1957 1753 2082 1820 quia
2112 1754 2222 1809 An-
2252 1766 2296 1826 Β
2326 1760 2398 1815 vit
2438 1761 2612 1815 cibum
2642 1776 2747 1815 non
2790 1762 3016 1831 accepit,
3047 1762 3170 1832 quia
3200 1778 3319 1833 qua:
3343 1766 3408 1821 de
3438 1779 3698 1837 pereunte
3725 1773 3893 1831 ludat:

641 1842 764 1881 nam
788 1828 1062 1897 diligebat,
1088 1832 1199 1888 sive
1220 1834 1421 1889 idcirco
1450 1837 1497 1890 ei
1529 1848 1736 1906 partem
1762 1856 1920 1895 uuam
1952 1843 2222 1915 tribuisse,

638 1931 668 1969 a
697 1916 841 1972 bono
870 1919 1143 1976 intellectu
1181 1939 1287 1979 non
1317 1934 1495 1980 vacat.
1538 1926 1595 1981 Si
1640 1929 1783 1982 enim
1813 1945 1920 1985 non
1953 1930 2222 2002 diligeret,

636 2008 869 2076 compati
896 2009 1013 2078 ejus
1038 2012 1377 2081 passionibus
1402 2031 1578 2085 nequa
1599 2034 1740 2085 ;uam
1764 2020 1945 2076 vellet.
1971 2023 2106 2077 Nam
2129 2039 2225 2079 cur

637 2096 728 2151 il'a
765 2098 833 2153 de
862 2098 1096 2171 IEgypto
1126 2104 1391 2172 educitur,
1425 2108 1526 2162 nisi
1556 2110 1681 2177 quia
1708 2111 1776 2165 ad
1803 2115 2105 2182 passionem
2135 2116 2221 2170 in~

636 2187 877 2241 vitatur?
907 2190 1013 2245 Sed
1052 2192 1102 2247 ei
1143 2193 1307 2262 lacte,
1338 2205 1391 2250 et
1431 2198 1591 2253 melle
1619 2202 1920 2257 etnanantia
1950 2204 2067 2260 loca
2099 2222 2224 2275 pro-

641 2274 946 2334 mittuntur.
980 2281 1126 2338 Bcne
1175 2286 1333 2353 igitur
1375 2300 1499 2341 cum
1549 2288 1599 2343 ei
1642 2299 1850 2359 partem
1896 2310 2057 2348 unam
2092 2274 2224 2352 dare

643 2370 859 2434 dicitur,
894 2371 1114 2440 diligere
1141 2389 1262 2428 eam
1292 2377 1603 2444 perhibetur
1634 2395 1646 2431 :
1678 2380 1803 2448 quia
1831 2381 2081 2437 nimirum
2114 2384 2221 2440 Re-

641 2461 891 2529 demptor
918 2470 1104 2516 noster
1131 2472 1332 2517 sanctm
1358 2464 1609 2522 Ecclesiae
1632 2507 1647 2534 ,
1681 2470 1780 2523 etsi
1808 2474 1979 2525 crucis
2006 2488 2113 2526 sua:
2144 2473 2224 2528 la-

638 2553 827 2609 borem
860 2552 1104 2617 credidit,
1138 2554 1520 2611 excellentiora
1550 2559 1599 2612 ei
1632 2560 1782 2614 valde
1808 2560 1861 2613 in
1901 2563 2038 2616 caelo
2066 2578 2222 2619 cons-

637 2643 785 2698 tituit
813 2643 951 2697 dona
974 2643 1364 2699 retributionis.
1388 2644 1553 2715 Cujus
1578 2648 1827 2702 nimirum
1852 2650 2115 2720 passionis
2135 2652 2219 2707 in-

636 2735 1237 2789 crementa-clissercns
1266 2736 1467 2805 subdit,
1498 2746 1661 2806 atque
1688 2740 1765 2794 ait
1791 2758 1804 2793 :

708 2822 883 2893 (Vers.
911 2824 943 2875 6
983 2831 1038 2878 et
1060 2823 1138 2893 7.)
1165 2822 1414 2879 Dominus
1451 2836 1619 2880 autem
1664 2828 1983 2884 concluserat
2013 2831 2215 2888 vulvam

632 2913 765 2981 ejus.
796 2912 1073 2983 Afﬂigebat
1094 2931 1288 2984 quoque
1315 2932 1428 2969 eam
1450 2917 1635 2971 aemula
1668 2920 1801 2990 ejus,
1828 2930 1877 2974 et
1902 2921 2219 2978 vehementer

630 3000 851 3069 angebat
876 3002 928 3052 in
954 3010 1245 3066 tantum,ut
1283 3004 1616 3073 exprobraret
1642 3009 1710 3075 ei,
1741 3009 1862 3078 quia
1898 3011 2217 3065 concluserat

632 3088 885 3154 Dominus
926 3092 1124 3145 vulvam
1161 3092 1290 3162 ejus.

702 3182 788 3235 l7.
819 3181 1034 3236 Vulvam
1048 3185 1246 3252 quippe
1259 3197 1455 3239 sanctae
1472 3186 1725 3244 Ecclesia:
1737 3190 1924 3246 Domin
1934 3209 1992 3249 us
2002 3195 2210 3261 clausit,

634 3272 762 3339 quia
791 3289 1003 3327 summo
1034 3274 1148 3342 ejus
1173 3274 1374 3342 judicio
1404 3281 1677 3347 repulsum
1706 3281 2009 3339 Jutlmurum
2042 3303 2208 3357 popu-

636 3361 747 3415 lum
778 3362 831 3416 in
863 3362 941 3418 Re
963 3365 1238 3433 {emptoris
1267 3367 1435 3420 nostri
1469 3369 1570 3423 lide
1599 3383 1857 3438 generare
1881 3392 1988 3431 non
2020 3379 2211 3446 potuit.

634 3452 807 3518 Quam
847 3453 1097 3508 nimirum
1127 3454 1243 3524 ejus
1269 3458 1461 3512 aemula
1491 3459 1698 3526 afﬂixit,
1729 3466 1853 3532 quia
1884 3478 2068 3523 contra
2095 3487 2213 3525 eam

630 3556 903 3613 synagoga
931 3546 1089 3601 minis
1139 3555 1302 3618 atque
1347 3554 1845 3620 exprobratiouibus
1883 3562 2053 3617 smtil.
2100 3562 2209 3618 Sed

630 3633 681 3686 ci
702 3648 860 3701 quam
886 3652 983 3690 nec
1007 3638 1163 3693 mium
1186 3654 1358 3711 neque
1381 3645 1717 3699 contumelia:
1738 3647 2023 3717 fregerant,
2047 3656 2207 3707 etiam

626 3732 897 3781 tormento
928 3742 1112 3796 pmnas
1143 3729 1429 3786 inferebat.
1461 3732 1605 3790 Bene
1633 3736 1810 3805 itaque
1840 3757 1955 3793 t-am
1988 3759 2093 3797 non
2122 3760 2210 3799 so-

625 3817 739 3872 lum
786 3818 1056 3888 aﬂligere,
1095 3821 1190 3876 sed
1228 3825 1573 3881 vehementer
1610 3843 1805 3898 angere
1855 3835 2204 3900 perhibetur:

623 3909 747 3976 qula
779 3911 985 3979 repulsa
1026 3910 1207 3967 Judtea
1239 3923 1425 3970 contra
1474 3918 1701 3974 electam
1744 3920 2037 3980 Eeclesiam
2080 3943 2206 3982 cum

624 4006 833 4056 terrore
855 4005 1136 4070 minarum,
1162 4007 1347 4071 movit,
1376 4017 1431 4063 et
1461 4010 1630 4080 plagis
1671 4014 1846 4069 ctndit.
1882 4014 2032 4073 Unde
2053 4028 2107 4074 et
2138 4020 2206 4077 de

624 4104 982 4162 persequente
1014 4105 1139 4151 tunc
1160 4098 1342 4166 Saulo,
1375 4102 1427 4155 in
1459 4102 1841 4171 Apostolorum
1874 4112 2094 4169 Actibus
2124 4114 2207 4169 di-

620 4182 763 4237 citur
786 4200 798 4235 :
832 4184 1023 4238 Saulus
1050 4187 1217 4239 adhuc
1239 4191 1444 4258 spirans
1469 4194 1744 4261 minarum,
1766 4205 1814 4250 et
1836 4201 1991 4256 credis
2018 4204 2070 4255 in
2100 4204 2207 4258 dis-

617 4276 818 4344 cipulos
850 4276 1080 4343 Domini,
1125 4282 1338 4335 accessit
1366 4278 1446 4336 ad
1472 4286 1754 4355 principem
1780 4294 2123 4359 sacerdotum,
2156 4307 2205 4350 et

620 4368 769 4435 petiit
796 4368 860 4419 ab
890 4385 947 4422 eo
976 4371 1221 4438 epistolas
1250 4374 1305 4425 in
1339 4373 1670 4444 Damascum,
1694 4389 1748 4433 ut
1773 4384 1818 4435 si
1855 4400 1977 4454 quas
2004 4387 2201 4441 iureni-

618 4462 698 4507 ret
741 4456 893 4525 hujus
923 4460 1017 4512 vite
1059 4461 1212 4525 viros,
1250 4463 1441 4517 vinctos
1484 4466 1783 4535 perduceret
1821 4472 1874 4525 in
1911 4472 2201 4531 Jerusalem
2229 4489 2281 4550 ι)
2308 4487 2392 4540 cui
2415 4486 2680 4555 justorum
2704 4508 2864 4561 p-ece
2891 4511 3225 4568 nequaquam
3254 4504 3342 4560 ind

621 4546 636 4568 Ι
658 4546 676 4568 Δ
696 4556 737 4568 ,ι
789 4564 838 4568 __
900 4548 917 4568 Ι
969 4557 999 4568 ,ι
1036 4548 1088 4568 ολ
1148 4552 1188 4568 n
1234 4552 1245 4563 ο
1350 4554 1361 4565 ο
1507 4558 1517 4567 ι
1829 4563 1841 4568 -
2005 4566 2014 4568 -

619 4546 755 4614 (Act.
789 4564 860 4612 ix,
897 4548 920 4601 1
953 4557 999 4602 et
1036 4548 1112 4619 2).
1146 4552 1246 4617 Qui
1276 4554 1418 4607 enim
1449 4558 1623 4614 minas
1650 4568 1704 4613 et
1736 4563 1905 4618 caedes
1935 4566 2194 4635 spirabat,

615 4638 868 4691 nimirum
919 4654 1056 4700 eam,
1088 4656 1250 4711 quam
1282 4659 1386 4698 non
1426 4646 1565 4701 bene
1592 4652 1946 4709 mmulabatur
1975 4696 1990 4721 ,
2017 4655 2200 4713 Eccle-

612 4725 746 4780 siam
792 4743 900 4781 non
940 4728 1117 4782 solum
1147 4729 1301 4799 afﬂige
1326 4732 1434 4800 bat,
1466 4736 1561 4791 sed
1588 4739 1749 4794 etiam
1780 4745 2028 4813 augebat.
2062 4749 2193 4803 Nam

616 4834 630 4866 t
644 4816 731 4884 jus
753 4820 1007 4874 tumulum
1034 4836 1091 4876 se
1116 4821 1282 4878 luisse
1304 4824 1520 4894 fatetur,
1546 4830 1729 4887 dicens
1755 4851 1766 4886 :
1799 4837 2029 4893 Audistis
2059 4846 2195 4897 enim

612 4907 890 4974 aliquando
913 4916 1345 4971 conversationem
1367 4936 1529 4974 meam
1547 4923 1600 4976 in
1628 4923 1920 4995 Judaismo,
1952 4935 2194 5002 quoniam

613 5014 769 5069 supra
819 5003 1026 5056 modum
1063 5012 1397 5080 persequebar
1433 5014 1725 5074 Ecclesium
1761 5021 1875 5089 Dei,
1916 5036 1966 5080 et
2002 5044 2195 5102 expug-

612 5091 796 5144 nabam
817 5094 983 5159 illam,
1013 5105 1062 5149 et
1095 5103 1429 5169 proficiebam
1470 5108 1523 5161 in
1544 5109 1817 5169 Judaismo
1838 5133 1992 5188 supra
2006 5091 2193 5177 multos

522 5224 531 5233 κ
616 5190 905 5237 cowtaneos
934 5201 1012 5238 me
1045 5203 1070 5239 s
1107 5189 1159 5240 in
1188 5208 1370 5257 genere
1396 5213 1525 5262 meo,
1556 5200 1902 5258 abundantius
1924 5210 2195 5264 a’mulator

609 5270 835 5323 existens
880 5283 1213 5341 paternarum
1251 5297 1480 5339 mearum
1528 5291 1860 5348 traditionum
1900 5296 2117 5365 (Galat.
2148 5317 2184 5363 ι,

610 5357 840 5457 1.5,”).
873 5361 1101 5457 thuia
1149 5370 1199 5423 in
1254 5380 1413 5429 tanta:
1458 5378 1819 5441 damnationis
1866 5357 2189 5457 profundum

606 5447 787 5507 ludam
818 5454 1033 5525 cecilit,
1060 5468 1114 5512 ut
1139 5460 1261 5518 inde
1293 5465 1519 5534 laetetur,
1550 5474 1694 5539 quod
1723 5447 1924 5534 acterna
1956 5483 2050 5538 Dei
2073 5487 2189 5541 ani-

607 5542 975 5604 madversione
1007 5567 1038 5620 p
1070 5552 1307 5621 ojieitur,
1340 5559 1677 5627 subjunctum
1710 5580 1786 5620 εει
1818 5586 1830 5620 :
1863 5569 1928 5624 In
1970 5582 2185 5643 tentant,

607 5640 664 5684 ut
697 5637 1033 5705 exprobraret
1073 5644 1138 5707 ei,
1179 5646 1320 5714 quod
1359 5648 1593 5705 dominus
1615 5657 1946 5713 conclusisset
1991 5666 2188 5722 vulvam

608 5727 741 5803 ejus.
790 5725 978 5784 Adhuc
1008 5730 1205 5800 quippe
1232 5750 1331 5803 pro
1373 5752 1563 5809 magno
1590 5742 1817 5803 habebat
1838 5787 1856 5817 ,
1886 5753 2029 5823 quod
2060 5772 2187 5813 con-

2325 1850 2515 1917 doluit,
2547 1850 2613 1904 de
2641 1850 2757 1918 ejus
2784 1853 2956 1907 salute
2984 1854 3232 1921 gaudium
3273 1872 3381 1911 non
3416 1862 3637 1929 recepit.
3669 1863 3776 1919 Sed
3814 1869 3887 1921 ei-

2325 1940 2425 1995 bus
2453 1939 2669 2005 lmtitite,
2696 1940 2784 2010 qui
2814 1941 2882 1996 de
2905 1940 3210 1999 Judzeorum
3233 1950 3589 2007 conversione
3619 1970 3724 2009 non
3751 1957 3899 2013 datur

2325 2040 2524 2085 sanctzn
2572 2030 2845 2099 Ecclesite,
2894 2049 2992 2103 per
3016 2037 3196 2105 sponsi
3228 2040 3656 2098 cohortationem
3686 2051 3900 2118 porrigi-

2326 2129 2432 2177 tur.
2467 2120 2599 2176 Nam
2644 2122 2804 2177 verba
2855 2125 3253 2192 praedicationis
3298 2130 3432 2199 ejus,
3486 2135 3587 2188 etsi
3636 2137 3901 2195 auditores

2326 2227 2433 2268 non
2464 2211 2731 2282 recipiunt
2756 2215 2991 2283 reprobi,
3024 2232 3128 2272 nou
3172 2227 3350 2274 tamen
3382 2233 3576 2277 vacant
3604 2240 3632 2279 a
3662 2231 3900 2285 mercede

2324 2304 2710 2359 retributionis.
2755 2303 3106 2377 Omnipotens
3134 2312 3274 2365 enim
3310 2313 3468 2380 Deus,
3501 2326 3557 2372 et
3592 2318 3696 2374 hoc
3724 2337 3897 2375 remn-

2324 2403 2481 2449 netat
2508 2397 2650 2465 quod
2695 2398 2812 2452 sine
2857 2390 3135 2468 τορτοὺὸτί
3158 2418 3209 2455 m
3262 2406 3505 2471 profectu
3535 2412 3779 2479 reprobis
3808 2414 3897 2467 im-

2324 2486 2571 2554 penditur
2599 2505 2613 2554 ;
2645 2496 2700 2542 et
2728 2489 2872 2558 quod
2912 2491 3096 2546 electis
3144 2497 3586 2563 praedicatoribus
3614 2503 3897 2559 adversita-

2325 2573 2392 2627 tis
2421 2574 2687 2643 ingerunt,
2718 2593 2815 2647 per
2853 2579 3045 2634 libram
3087 2584 3225 2651 arqui
3256 2586 3518 2641 examinis
3557 2589 3609 2643 in
3650 2591 3800 2647 lucro
3827 2595 3896 2649 eis

2322 2671 2515 2732 pensat
2542 2666 2926 2722 retributionis.
2966 2667 3115 2725 Unde
3145 2680 3267 2739 apte
3295 2673 3650 2735 subinfertur:

2393 2752 2567 2822 (Vers.
2599 2754 2676 2825 8.)
2728 2756 2876 2811 Dixit
2915 2776 3035 2831 ergo
3066 2764 3113 2816 ei
3155 2764 3390 2821 Helcana
3430 2771 3508 2823 rir
3534 2788 3656 2827 suus
3681 2790 3699 2827 :
3726 2775 3894 2841 Anna,

2322 2862 2414 2899 cur
2440 2848 2578 2916 fles?
2608 2847 2678 2901 Et
2702 2867 2861 2922 quare
2896 2869 2999 2907 non
3046 2858 3311 2913 comedis?
3351 2860 3420 2915 Et
3461 2867 3789 2934 quamobrem
3820 2871 3897 2939 af-

2322 2936 2518 3006 ﬂigitur
2544 2954 2632 2991 cor
2657 2942 2845 2995 tuum?
2876 2941 3145 3015 Numquid
3169 2965 3271 3002 non
3302 2968 3394 3023 ego
3422 2955 3605 3010 melior
3645 2975 3761 3012 sum
3789 2936 3891 3029 tibi,

2320 3044 2473 3096 quam
2497 3028 2669 3083 decem
2694 3031 2839 3100 ﬁlii?

2395 3116 2479 3172 19.
2510 3117 2670 3184 Quasi
2699 3136 2826 3190 ergo
2864 3139 2958 3193 per
2985 3126 3206 3185 internae
3246 3132 3608 3202 inspirationis
3649 3140 3896 3196 solatium

2319 3209 2484 3260 menti
2523 3208 2759 3265 doctoris
2789 3212 3116 3285 Redempti'r
3146 3220 3287 3277 dicat
3313 3240 3325 3276 :
3359 3224 3577 3282 Frustra
3608 3230 3675 3285 de
3700 3234 3895 3288 amisso

2319 3298 2467 3353 lucro
2520 3302 2914 3370 prtedicationis
2965 3324 3109 3378 quer.
3136 3312 3225 3377 ris,
3261 3330 3381 3380 qua:
3427 3334 3493 3372 eo
3546 3321 3896 3381 abundantio-

2316 3404 2431 3443 rem
2456 3388 2687 3445 fructum
2717 3395 2925 3465 recipis,
2971 3413 3080 3467 quo
3129 3401 3376 3461 aﬂ‘ectum
3407 3411 3683 3466 charitatis
3732 3416 3894 3470 etiam

2317 3478 2544 3535 inimicis
2583 3482 2865 3550 impendis.
2917 3486 3044 3543 Inde
3075 3491 3235 3559 igitur
3282 3496 3453 3566 doles,
3486 3501 3625 3555 unde
3663 3506 3895 3571 gaudere

2315 3570 2611 3629 debuisse<.
2645 3577 2707 3629 Et
2733 3577 2856 3645 quia
2888 3579 3001 3648 ipse
3030 3592 3111 3637 est
3142 3585 3439 3643 electorum
3478 3570 3777 3663 praemium,
3808 3599 3895 3652 in-
3963 3577 3965 3586 Α

2315 3668 2552 3730 terrogat
2579 3665 2800 3723 dicens:
2852 3668 3121 3742 Numquid
3160 3693 3264 3731 non
3305 3697 3397 3748 ego
3427 3684 3607 3737 melior
3627 3702 3741 3741 sum
3786 3689 3892 3755 tibi,

2312 3772 2467 3824 quam
2489 3757 2661 3812 decem
2681 3760 2783 3829 ﬁlii
2803 3761 2827 3814 ?
2848 3762 3042 3820 Decem
3069 3783 3299 3838 namque
3325 3773 3462 3828 lilios
3486 3776 3635 3830 Anna
3658 3790 3890 3847 pareret,

2312 3846 2357 3899 si
2398 3847 2664 3914 primitiva
2694 3848 2932 3907 Ecclesia
2973 3853 3278 3913 Judzcorum
3326 3865 3581 3933 populum
3610 3868 3709 3922 sub
3738 3870 3894 3926 deca-

2313 3934 2435 4003 logo
2468 3935 2621 4005 Legis
2648 3942 2883 4009 positum
2929 3944 2981 3998 in
3033 3946 3134 4002 ﬁde
3178 3953 3467 4017 genuisset.
3500 3953 3566 4008 Et
3613 3959 3736 4025 quia
3768 3976 3892 4016 non-

2311 4030 2443 4083 nulli
2470 4033 2808 4100 prmdicando
2838 4050 3063 4107 prosunt
3092 4043 3230 4110 aliis,
3260 4048 3351 4116 qui
3383 4065 3478 4118 per
3502 4052 3669 4105 multa
3699 4054 3887 4125 diSpIi-

2310 4124 2435 4172 cent
2477 4119 2777 4191 Conditori,
2807 4128 3015 4183 ratione
3043 4132 3365 4199 ostenditur,
3408 4139 3532 4205 quia
3580 4119 3887 4203 melior-vir

2312 4224 2437 4267 suus
2479 4214 2664 4282 Anum,
2698 4232 2860 4285 quam
2904 4219 3087 4277 decem
3141 4224 3235 4280 ﬂlii
3286 4239 3432 4285 sunt.
3477 4231 3663 4290 Potest
3711 4251 3891 4294 autem

2309 4309 2363 4355 et
2393 4318 2489 4371 per
2533 4306 2635 4360 hoc
2664 4310 2807 4376 quod
2838 4327 2934 4366 cur
2964 4313 3106 4380 ﬂeat,
3141 4317 3427 4387 inquiritur
3450 4368 3464 4391 ,
3498 4325 3663 4395 ipsius
3691 4328 3890 4386 Judreae

2308 4396 2537 4463 perditio
2583 4399 2868 4468 designari.
2912 4403 3072 4471 Quasi
3112 4409 3294 4466 dicat:
3354 4414 3536 4472 Otiose
3584 4421 3885 4491 plangitur,

3350 4509 3577 4577 ulgetur.
3602 4513 3734 4567 Cum
3758 4532 3887 4586 ergo

2305 4577 2694 4649 subsrqurnter
2740 4584 3074 4658 interrogat:
3112 4590 3285 4656 Quare
3323 4614 3426 4652 non
3464 4605 3729 4659 comedis?
3756 4605 3889 4663 Pro-

2304 4665 2445 4722 fecto
2492 4670 2541 4723 ei
2570 4671 2821 4739 gaudium
2851 4676 2919 4731 de
2948 4683 3303 4739 conversione
3332 4690 3645 4754 gentilitatis
3673 4695 3888 4749 intima-

2304 4765 2407 4811 tur.
2436 4758 2599 4826 Quasi
2638 4776 2766 4831 ergo
2795 4764 2939 4820 dicat
2966 4785 2979 4820 :
3013 4768 3146 4823 Cum
3177 4772 3361 4827 orbem
3395 4779 3698 4835 universum
3730 4802 3885 4854 pare»:

2302 4864 2361 4903 re
2384 4851 2601 4918 debeas,
2624 4855 2817 4911 frustra
2846 4875 2951 4914 non
2974 4864 3193 4930 gaudes,
3218 4869 3362 4936 quod
3384 4886 3469 4938 ea,
3498 4889 3617 4942 qua:
3640 4851 3883 4948 projecta

2301 4945 2398 4999 est.
2431 4945 2628 4996 erroris
2658 4946 2907 5003 tenebras
2937 4965 3044 5005 non
3102 4955 3386 5026 relinquat.
3415 4945 3699 5033 Sequitur:

2368 5029 2541 5100 (Vers.
2572 5034 2605 5088 9
2648 5044 2701 5090 et
2735 5037 2843 5110 10.)
2875 5039 3117 5098 Surrexit
3145 5063 3269 5119 ergo
3296 5051 3471 5121 Anna,
3500 5029 3766 5130 postquam
3796 5080 3884 5118 co-

2294 5121 2546 5188 mederat,
2571 5135 2618 5179 et
2646 5125 2840 5182 biberat
2870 5131 2923 5183 in
2949 5133 3083 5200 Silo,
3118 5135 3238 5192 Iltli
3270 5121 3534 5200 sacerdote
3563 5121 3770 5205 sedente
3795 5172 3882 5207 su-

2291 5232 2382 5285 per
2410 5216 2538 5270 sella
2582 5228 2702 5272 ante
2747 5230 2915 5289 postes
2973 5229 3147 5296 templi
3186 5229 3435 5302 Domini,
3492 5249 3541 5292 ct
3587 5259 3700 5296 cum
3749 5256 3883 5300 esset

2290 5325 2469 5363 amaro
2498 5312 2672 5366 animo
2702 5315 2867 5367 oravit
2895 5317 2963 5369 ad
2996 5318 3271 5385 Dominum
3299 5327 3428 5395 ﬂens
3459 5330 3693 5402 largiter.

2362 5399 2451 5453 9.0.
2484 5400 2620 5468 Quid
2663 5404 2804 5458 enim
2842 5405 2944 5461 fuit
2970 5415 3095 5466 tunc
3120 5425 3321 5472 sanctm
3352 5399 3605 5477 Ecclesia:
3650 5430 3877 5484 mandu-

2292 5502 2436 5551 cire,
2474 5490 2573 5545 nisi
2603 5492 2779 5547 cibum
2809 5496 2986 5552 solatii
3015 5499 3196 5557 divina
3224 5508 3599 5567 cohortatione
3628 5519 3874 5587 suscipe-

2292 5582 2395 5634 re?
2421 5579 2488 5634 Et
2515 5582 2698 5637 bibere
2729 5584 2778 5638 ei
2807 5587 2935 5656 quid
2964 5593 3189 5658 exstitit,
3224 5595 3321 5650 nisi
3349 5597 3415 5653 (le
3460 5600 3632 5657 infusa
3663 5606 3765 5662 sibi
3782 5579 3873 5665 ’ίη-

2290 5678 2457 5725 terna:
2486 5675 2872 5733 consolationis
2898 5684 3161 5740 suavitate
3192 5690 3443 5756 gaudere.
3481 5695 3611 5751 Nam
3643 5702 3686 5755 si
3721 5704 3874 5759 cilius

2290 5761 2576 5834 confortat,
2623 5775 2781 5838 potus
2829 5773 3129 5844 exhilarat;
3179 5780 3356 5837 cibum
3410 5801 3538 5857 ergo
3589 5796 3867 5865 sumimus,
