4000 6366
635 350 705 404 35

634 474 910 537 pastorum
947 461 1208 532 cupiditas
1245 460 1607 531 exprimitur?
1637 460 1749 526 Qua
1788 460 2050 514 novacula
2100 459 2209 512 nati
2241 471 2286 525 Α

636 554 731 607 lilii
760 559 921 621 caput
950 552 1180 614 raditur,
1229 565 1349 604 cum
1380 550 1519 603 bona
1569 549 1903 603 subditorum
1936 564 2032 617 per
2074 562 2214 617 prte-

634 641 933 697 dicatorum
973 639 1322 709 cupiditatem
1353 638 1651 708 rapiuntur.
1697 637 1833 692 Hinc
1877 650 2108 707 namque
2159 646 2215 692 et

635 729 964 797 delinquenti
1019 728 1215 782 Judaue
1265 744 1362 797 per
1408 728 1723 797 prophetam
1753 728 1946 783 dicitur
1978 744 1993 781 :
2026 727 2211 781 Pastoc

633 832 715 875 res
731 823 801 874 tui
828 820 931 891 lupi
962 837 1164 892 vespere
1182 837 1284 874 non
1303 820 1646 892 relinquentes
1666 822 1718 874 in
1750 836 1899 873 mane
1924 819 2111 890 (Soph.
2134 835 2209 884 ιιι,

632 911 711 981 5).
742 910 978 979 Vespere
1007 926 1235 979 namque
1265 922 1509 980 pastores
1553 912 1661 979 lupi
1716 909 1868 975 ﬁunt,
1922 911 2047 978 quia
2076 908 2214 964 inte-

636 1007 1010 1067 nebrescente,
1043 1013 1203 1073 atque
1228 1004 1573 1058 decrescente
1610 1004 1660 1057 in
1691 1003 1794 1057 ﬁne
1826 1003 1930 1056 isto
1968 1002 2164 1056 sarculo
2192 1042 2207 1067 ,

632 1110 825 1165 rapere
855 1094 1186 1149 subditorum
1214 1094 1353 1147 bona
1384 1109 1487 1148 non
1521 1100 1784 1147 metuunt.
1828 1091 1928 1158 Qui
1973 1091 2025 1144 in
2055 1106 2212 1145 mane

632 1200 741 1238 non
773 1184 1126 1251 relinquunt,
1185 1183 1308 1252 quia
1353 1183 1478 1236 dum
1529 1183 1908 1253 temporalibus
1963 1183 2207 1246 inhiant,

630 1274 995 1327 inalbescente
1021 1272 1249 1325 adventu
1282 1271 1441 1324 futuri
1468 1271 1673 1338 judicii,
1710 1271 1883 1324 danda
1928 1271 2029 1324 sibi
2070 1286 2209 1340 pne-

630 1362 736 1416 mia
767 1378 872 1416 non
914 1369 1207 1414 reservant.
1236 1360 1384 1426 Quos
1415 1362 1662 1414 nimirum
1694 1361 1938 1415 Michacas
1965 1360 2205 1423 denotat,

626 1452 806 1506 dicens
840 1470 850 1503 :
884 1451 1159 1520 Propheta:
1197 1452 1283 1521 qui
1332 1451 1582 1505 seducunt
1609 1453 1851 1520 pupulum
1885 1468 2074 1515 meum,
2121 1453 2207 1520 qui

629 1542 1119 1596 mordeutdeutibus
1140 1543 1267 1606 suis,
1297 1550 1346 1594 et
1369 1542 1657 1609 prwdicant
1694 1559 1910 1611 pacem;
1950 1553 1999 1595 et
2022 1544 2068 1595 si
2094 1545 2207 1613 quis

626 1650 729 1687 non
757 1633 953 1686 dederit
996 1634 1049 1685 in
1079 1650 1165 1685 ore
1190 1649 1364 1685 eorum
1394 1632 1674 1702 quidpiam,
1701 1633 2208 1702 sanctificantsuper

625 1740 739 1778 eum
761 1724 995 1791 praftium
1019 1721 1206 1793 (Mich.
1237 1738 1315 1785 ιιι,
1364 1720 1441 1792 5).
1470 1721 1752 1790 Propheta:
1803 1722 2002 1790 quippe
2029 1733 2204 1789 popu-

1855 343 2095 401 S.\NCTl
2135 345 2462 401 GREGORII
2504 344 2713 401 M.\CNI

3835 349 3912 403 36

2387 458 2562 525 (Vers.
2598 458 2708 526 13.)
2740 456 2905 512 Porro
2938 458 3085 512 Anna
3140 460 3437 527 loquebatur
3478 461 3529 513 in
3568 461 3726 515 corde
3756 478 3858 516 sua
3890 503 3905 526 ,

2316 559 2609 620 tantumque
2637 551 2775 605 labia
2813 556 2921 621 eius
2959 552 3311 616 movebantur,
3336 562 3383 605 et
3427 568 3523 606 vox
3564 556 3775 624 penitus
3798 571 3908 608 non

2316 642 2639 695 audiebatur.

2383 732 2472 786 27.
2489 732 2627 799 Quid
2650 740 2731 787 est
2758 732 2900 787 aliud
2922 748 3019 788 cor
3038 740 3236 788 sancta:
3256 732 3526 799 Ecclesiae,
3560 734 3663 787 nisi
3680 748 3746 788 ea
3778 749 3910 803 qua:

2314 823 2451 877 intra
2477 839 2534 878 se
2564 833 2646 879 est
2683 824 2877 878 devota
2932 836 2987 879 et
3038 823 3249 878 erudita
3300 824 3572 880 beatitudo
3603 824 3850 880 ﬁdelium
3885 825 3908 877 ?

2313 913 2370 967 in
2399 914 2559 968 corde
2580 922 2756 969 autem
2786 929 2884 969 suo
2936 912 3089 967 Anna
3138 915 3313 968 inenta
3368 921 3467 979 est,
3514 915 3640 982 quia
3687 923 3909 969 sancta:

2312 1002 2563 1058 Ecclesia:
2590 1005 2899 1074 praedicatio
2923 1006 3001 1060 eis
3031 1014 3237 1058 tantum
3259 1003 3459 1074 profuit
3502 1007 3594 1075 qui
3634 1021 3767 1059 vero
3810 1006 3908 1059 lu-

2312 1096 2456 1149 mine
2505 1096 2804 1149 illustrandi
2858 1103 3009 1150 erant
3060 1110 3127 1149 ex
3174 1094 3351 1149 divina
3395 1095 3903 1164 prmdestinationc.

2312 1183 2451 1249 Quid
2479 1198 2608 1238 vero
2631 1193 2713 1238 est
2741 1191 2920 1238 motus
2946 1183 3230 1247 labiorum,
3258 1183 3357 1236 nisi
3377 1184 3649 1250 signorum
3672 1198 3909 1252 promo-

2313 1274 2387 1326 tio
2405 1273 2457 1325 in
2486 1274 2683 1327 sanctis
2712 1274 3194 1343 praedicatoribus?
3219 1273 3318 1339 Qui
3349 1273 3591 1341 profecto
3613 1315 3628 1337 ,
3659 1273 3765 1327 etsi
3795 1288 3904 1327 τεο

2309 1362 2388 1415 lut
2415 1362 2545 1416 foris
2574 1363 2847 1431 loquentia
2873 1362 3013 1416 labia
3052 1371 3107 1415 et
3136 1363 3189 1415 in
3220 1362 3327 1415 imo
3355 1370 3499 1416 stare
3524 1363 3859 1417 videbantur
3882 1402 3901 1426 ,

2310 1451 2434 1504 dum
2464 1452 2617 1506 caecis
2666 1452 2860 1519 visum,
2915 1452 3150 1505 auditum
3200 1452 3390 1517 surdis,
3448 1453 3611 1506 vitam
3660 1453 3903 1507 mortuis

2309 1541 2523 1605 dabant,
2574 1555 2798 1608 magnos
2844 1541 3025 1610 utique
3074 1541 3383 1596 meritorum
3435 1552 3612 1597 motus
3659 1543 3901 1597 exhibe-

2307 1629 2455 1682 bant.
2489 1627 2642 1685 Unde
2671 1641 2726 1684 ct
2748 1631 2874 1685 illud
2904 1634 3089 1698 ingens
3116 1633 3312 1687 Iabium
3334 1641 3533 1687 sanctae
3581 1632 3846 1687 Ecclesia:
3880 1674 3901 1697 ,

2306 1720 2433 1773 dum
2454 1720 2678 1790 loquens
2709 1723 2854 1776 velut
2874 1723 2928 1775 in
2959 1724 3065 1778 imo
3089 1732 3232 1778 stare
3270 1723 3557 1786 videretur,
3597 1722 3725 1790 quia
3780 1738 3900 1775 non

624 1813 736 1867 lum
766 1813 975 1867 Domini
996 1811 1279 1876 seducunt,
1309 1826 1427 1866 cum
1458 1812 1840 1880 praedicatores
1861 1810 2079 1879 reprobi
2106 1825 2173 1863 au
2234 1824 2279 1882 Β
2304 1811 2478 1864 solum
2508 1814 2672 1866 verbo
2693 1821 2746 1865 et
2784 1814 3192 1868 conversatione
3222 1813 3437 1866 humilis
3483 1820 3618 1876 erat,
3673 1811 3775 1866 sed
3836 1821 3902 1865 et

625 1904 857 1957 ditorum
887 1918 1105 1959 suorum
1132 1903 1334 1971 judicia
1377 1901 1731 1957 contundunt.
1778 1900 1847 1953 Et
1890 1900 2201 1955 mordentes

623 1992 871 2047 dentibus
896 2007 1081 2061 pacem
1113 1992 1377 2052 nuntiant,
1413 1991 1537 2058 quia
1560 1992 1614 2044 in
1642 1991 1882 2059 appetitu
1912 2004 2019 2043 suae
2040 2004 2199 2058 rapa-

622 2082 817 2147 citatis,
850 2082 973 2135 dum
1005 2089 1215 2135 terrena
1245 2078 1629 2147 ﬂagitiosorum
1677 2078 1818 2131 dona
1864 2077 2197 2146 suspiciunt,

624 2171 700 2224 eis
730 2171 922 2224 divina:
951 2167 1294 2236 indulgentia:
1319 2167 1664 2222 securitatem
1709 2166 2049 2235 pollicentur.
2097 2165 2198 2219 Su-

625 2278 721 2333 per
752 2262 897 2330 ipsos
925 2268 1103 2314 autem
1133 2258 1375 2328 praelium
1404 2257 1762 2323 sanctificant,
1791 2257 1883 2327 qui
1915 2258 1967 2312 in
1990 2273 2084 2312 ore
2107 2273 2201 2312 eo-

623 2365 741 2408 rum
773 2353 973 2422 aliquid
1001 2369 1107 2407 non
1138 2353 1301 2416 dant,
1332 2352 1457 2420 quia
1505 2350 1678 2418 justos
1731 2350 1893 2404 etiam
1946 2350 2201 2405 districtis

621 2445 901 2500 sententiis
929 2450 1151 2509 terrent,
1169 2442 1257 2511 qui
1272 2442 1351 2496 eis
1380 2456 1478 2511 pro
1505 2448 1635 2495 voto
1666 2446 1878 2495 terrena
1910 2455 2014 2494 non
2045 2440 2197 2493 exhi-

621 2537 771 2590 bent.
802 2533 903 2599 Qui
934 2533 1186 2587 nimirum
1226 2545 1389 2601 super
1418 2539 1579 2599 caput
1618 2529 1712 2582 lilii
1759 2529 2069 2584 novaculam
2099 2543 2198 2597 po-

621 2634 774 2688 nunt,
808 2625 933 2678 dum
965 2630 1224 2694 praetextu
1253 2621 1527 2677 charitatis
1574 2620 1812 2675 cmlestia
1856 2618 2149 2688 pmdicant
2179 2656 2196 2682 ,

621 2725 679 2770 ut
715 2717 795 2771 eis
823 2724 1034 2769 terrena
1063 2728 1161 2783 per
1217 2712 1561 2781 cupiditatem
1605 2712 1814 2766 tollant.
1865 2709 2015 2765 Hanc
2051 2721 2199 2766 certe

622 2811 941 2866 novaculam
964 2808 1108 2877 quod
1132 2815 1315 2862 sancta
1337 2805 1577 2862 Ecclesia
1605 2806 1659 2859 in
1689 2804 1926 2874 praedam
1954 2804 2197 2859 subdito-

618 2917 738 2956 rum
768 2916 875 2955 non
906 2899 1137 2962 habeat,
1170 2896 1360 2951 doctor
1405 2897 1648 2965 egregius
1684 2896 1737 2948 in
1782 2895 2068 2963 semetipso
2105 2907 2197 2948 os-

620 2992 808 3051 tendit,
838 2990 1060 3044 dicens:
1094 2985 1218 3042 Non
1261 3002 1433 3057 quer
1482 2986 1675 3051 datum,
1706 2984 1793 3038 ml
1842 2999 2012 3055 quaero
2056 2984 2197 3054 fruc-

629 3093 736 3137 tum
767 3082 989 3154 (Philip.
1014 3097 1086 3145 tv,
1113 3080 1223 3152 77).
1250 3079 1384 3134 Hinc
1411 3080 1537 3134 item
1559 3078 1706 3133 dicit:
1735 3076 1834 3140 Qui
1856 3076 2199 3147 Evangelium

2301 1900 2574 1967 signorum
2604 1910 2871 1970 potestate
2894 1902 3158 1967 sublimis,
3189 1909 3249 1954 ut
3279 1910 3456 1954 motus
3476 1899 3580 1966 sui,
3622 1914 3793 1968 usque
3823 1899 3901 1951 ad

2301 1990 2495 2043 emtum
2524 2006 2583 2045 se
2611 1990 2819 2055 extulit,
2853 1992 3035 2045 dicens
3065 2009 3076 2043 :
3109 1989 3305 2045 Nostra
3350 1991 3666 2043 conversatio
3695 1992 3752 2041 in
3783 2005 3903 2042 ca:-

2301 2078 2365 2130 lis
2384 2086 2460 2131 est
2489 2077 2708 2148 (Philip.
2736 2094 2813 2143 ιιι,
2846 2079 2961 2150 20).
2992 2079 3110 2133 Heli
3152 2082 3331 2148 itaque
3356 2087 3559 2133 tantum
3588 2079 3757 2132 Annae
3810 2081 3904 2132 la—

2300 2167 2388 2222 bia
2416 2177 2559 2223 mota
2584 2170 2884 2239 conspexit,
2915 2178 2971 2224 et
3000 2185 3187 2224 vocem
3240 2169 3454 2237 penitus
3482 2185 3587 2222 non
3628 2168 3847 2221 audivit
3881 2210 3900 2232 ,

2300 2260 2425 2329 quia
2481 2270 2506 2297 ιι
2548 2258 2823 2315 Judaicum
2878 2261 3236 2315 sacerdotium
3296 2275 3459 2329 opera
3510 2259 3899 2329 apostolorum

2300 2355 2550 2408 miratum
2581 2362 2681 2416 est,
2712 2354 2809 2409 sed
2846 2368 2917 2407 ex
2960 2368 3146 2408 eorum
3201 2351 3579 2422 praedicatione
3633 2367 3743 2405 non
3800 2359 3901 2405 est

2300 2452 2606 2513 promotum
2636 2444 2688 2497 in
2716 2444 2964 2499 salutem.
2992 2442 3109 2498 Vox
3136 2442 3314 2511 itaque
3339 2444 3506 2495 Amne
3540 2456 3647 2496 non
3690 2441 3901 2495 audie-

2301 2531 2479 2599 batur,
2510 2533 2631 2600 quia
2662 2533 2763 2586 etsi
2791 2533 3064 2600 signorum
3108 2532 3418 2585 ostensione
3458 2539 3643 2586 sancta
3682 2528 3898 2585 Eccle-

2300 2625 2379 2677 sia
2412 2623 2675 2678 mirabilis
2701 2631 2837 2687 erat,
2868 2624 2993 2677 dum
3024 2622 3416 2693 praedicationis
3437 2622 3595 2677 verba
3619 2622 3855 2692 protulit
3877 2660 3896 2688 ,

2298 2716 2366 2769 ad
2418 2724 2655 2769 amorem
2711 2713 3082 2784 Redemptoris
3125 2723 3409 2768 extraneos
3457 2711 3720 2769 accendit.
3776 2712 3897 2768 Sed

2299 2806 2427 2876 quid
2462 2807 2530 2860 de
2559 2819 2621 2858 ea
2649 2806 2847 2858 sentiat
2875 2803 3011 2871 Heli,
3041 2818 3200 2873 quam
3231 2819 3336 2858 non
3366 2803 3654 2872 intelligit?
3680 2805 3897 2873 Sequi-

2302 2901 2386 2951 tu'r
2418 2914 2431 2949 :

2373 3013 2549 3085 (Vers.
2590 3013 2703 3083 15.)
2741 3011 3046 3067 Αἰδιὶηιαυὶι
3093 3024 3208 3066 eam
3260 3012 3417 3084 igitur
3466 3009 3591 3065 Heli
3631 3011 3901 3065 temulen-

2299 3114 2424 3159 tam.

616 3174 912 3237 “unum”,
943 3171 1007 3225 de
1031 3171 1312 3263 Ευαηθῗίίῗ
1362 3166 1898 3263 υίυαίζιῗθῨΨαυίεφ
1927 3182 2030 3263 ηθλη
2080 3182 2192 3219 “um
2224 3191 2267 3252 C
2366 3195 2456 3250 28.
2477 3193 2593 3252 Hoc
2621 3195 2870 3250 nimirum
2904 3196 3065 3250 etiam
3104 3193 3258 3263 juxta
3297 3195 3581 3249 historiam
3640 3194 3896 3247 Actutum

616 3282 737 3319 usus
769 3266 865 3317 hac
884 3271 1131 3333 potestate
1153 3264 1175 3334 (
1197 3261 1224 3314 Ι
1272 3260 1391 3313 Cor.
1423 3276 1500 3325 ιιι,
1527 3257 1614 3325 14,
1643 3257 1752 3330 lii).
1784 3257 1885 3325 Qui
1919 3259 2060 3314 enim
2102 3274 2196 3314 nc-

618 3358 851 3413 cessaria
875 3373 982 3411 non
1004 3365 1156 3410 curat
1186 3371 1215 3408 a
1238 3354 1463 3409 subditis
1484 3354 1735 3408 alimenta
1774 3355 2070 3423 percipere,
2103 3370 2194 3410 os-

620 3451 793 3505 tendit
822 3451 980 3521 plane
1023 3465 1128 3519 qua
1175 3447 1428 3503 mundani
1483 3454 1822 3517 contemptus
1869 3447 2195 3502 sublimitate

618 3541 768 3596 lucra
801 3540 973 3608 turpia
996 3548 1051 3593 et
1080 3539 1260 3593 illicita
1292 3538 1430 3591 dona
1467 3535 1787 3593 confutaret.
1842 3537 1993 3590 Anna
2037 3537 2196 3605 igitur

616 3632 745 3687 dum
768 3630 1081 3686 novnculam
1112 3645 1218 3683 non
1241 3642 1583 3683 ascensuram
1614 3642 1773 3697 super
1802 3636 1963 3698 (aput
1985 3626 2073 3681 lilii
2108 3644 2195 3683 vo-

616 3729 732 3789 vet,
759 3729 945 3791 aperte
976 3730 1152 3774 mores
1173 3727 1373 3773 sancta:
1399 3717 1489 3773 ECt
1508 3718 1650 3773 lesite
1702 3719 1952 3784 insinuat,
1981 3734 2098 3790 qua:
2127 3719 2192 3772 ad

618 3820 872 3867 :eternam
899 3812 1062 3866 vitam
1093 3810 1293 3865 electos
1344 3810 1611 3881 loquendo
1660 3812 1911 3879 parturit,
1951 3814 2053 3882 18
2100 3812 2193 3867 sed

620 3904 933 3973 temporalia
989 3904 1127 3958 bona
1175 3917 1359 3957 eorum
1434 3917 1531 3971 per
1586 3902 1863 3957 avaritiam
1923 3918 2191 3972 nunquam

626 3999 791 4053 tollit.
816 3996 926 4051 Sed
950 3995 1072 4064 quia
1104 3996 1209 4050 hoc
1225 3995 1291 4049 de
1318 3994 1469 4048 Anna
1497 3994 1669 4049 adhuc
1697 4001 1925 4049 vovente
1947 4035 1962 4061 ,
2004 4005 2057 4049 et
2085 4010 2194 4050 non

618 4091 861 4159 pariente
887 4088 1099 4150 dicitur,
1133 4095 1254 4155 apte
1280 4085 1609 4141 subinl‘ertur
1642 4104 1655 4139 :

693 4200 868 4271 (Vcrs.
894 4199 1005 4267 i2.)
1031 4198 1248 4251 Factum
1274 4206 1349 4251 est
1377 4208 1563 4262 autem,
1596 4200 1717 4251 dum
1762 4200 1851 4252 illa
1878 4201 2193 4268 multiplica-

621 4301 697 4345 ret
733 4306 910 4361 preces
933 4305 1104 4343 coram
1128 4288 1369 4353 Domino,
1394 4298 1448 4341 ut
1478 4288 1600 4342 Heli
1628 4288 1915 4344 observaret
1940 4308 1996 4345 os
2020 4293 2154 4362 ejus.

688 4379 777 4433 26.
810 4378 946 4446 Quid
977 4379 1072 4432 fuit
1100 4388 1300 4433 sanctte
1348 4377 1604 4432 Ecclesia:
1638 4395 1733 4448 pro
1766 4380 2007 4448 pariendi
2052 4382 2192 4437 desi-

620 4472 769 4526 derio
795 4484 983 4539 preces
1002 4483 1182 4523 coram
1230 4466 1455 4523 Domino
1486 4469 1871 4538 multiplicare,
1919 4472 2021 4525 nisi
2057 4473 2193 4526 assi-

2297 3287 2660 3356 apostolorum
2705 3287 3036 3355 agnovimus,
3093 3287 3217 3356 quia
3289 3286 3473 3341 diebus
3525 3284 3900 3339 Pentecostes

2294 3378 2466 3433 sancti
2488 3377 2719 3448 apostoli
2767 3378 2900 3431 ebrii
2929 3378 3120 3433 crediti
3148 3385 3292 3445 sunt,
3334 3392 3474 3441 cum,
3502 3385 3721 3442 accepta
3747 3392 3896 3429 san-

2294 3470 2367 3525 cti
2393 3468 2623 3539 Spiritus
2652 3468 3003 3539 plenitudine,
3059 3466 3257 3521 Christi
3308 3464 3568 3535 magnalia
3599 3468 3750 3521 omni
3780 3468 3899 3521 lin-

2294 3574 2395 3629 gna
2420 3563 2766 3630 loquerentur
2810 3565 2974 3633 (Act,
3012 3580 3071 3629 ιι,
3112 3562 3208 3635 4).
3264 3562 3625 3632 Spiritualiter
3688 3576 3899 3618 autem

2294 3662 2479 3707 sancta
2510 3653 2743 3709 Ecclesia
2776 3656 2923 3709 ebria
2952 3655 3206 3718 creditur,
3237 3670 3396 3724 quam
3426 3652 3607 3707 Judaea
3638 3670 3753 3707 nun
3776 3670 3895 3709 (nso

2294 3744 2447 3797 timat
2468 3759 2593 3798 vera
2624 3759 2886 3812 asserere,
2910 3744 3004 3799 sed
3034 3744 3304 3809 haeretica,
3330 3753 3383 3797 et
3410 3742 3539 3798 falsa
3558 3741 3897 3812 pnndicare.

2294 3835 2453 3890 Ebria
2486 3845 2661 3891 tamen
2703 3844 2840 3903 erat,
2874 3852 2977 3892 non
3012 3836 3288 3907 petatione
3313 3836 3532 3900 erroris,
3572 3834 3664 3890 Sed
3693 3835 3903 3904 reple-

2294 3929 2441 3983 tione
2468 3928 2701 3997 Spiritus
2721 3928 2915 3982 sancti.
2966 3926 3173 3980 Etenim
3218 3932 3427 3980 mutare
3473 3940 3586 3991 cor,
3635 3932 3903 3978 mentem

2295 4019 2531 4073 alienare
2588 4018 2866 4073 consuevit
2906 4017 3156 4071 ebrietas.
3208 4014 3414 4069 Mutato
3471 4023 3648 4068 autem
3705 4015 3903 4070 corde

2294 4108 2575 4176 pergebat,
2598 4108 2687 4175 qui
2720 4123 2889 4177 nuper
2918 4107 3105 4161 domos
3125 4107 3331 4160 intrans
3354 4146 3369 4169 ,
3404 4106 3585 4159 tidtlts
3630 4119 3904 4175 quosque

2295 4197 2454 4251 minis
2486 4205 2714 4264 terrens,
2745 4197 2976 4251 aedibus
3008 4196 3232 4262 lanians,
3252 4196 3360 4264 jam
3393 4213 3515 4250 eum
3544 4209 3701 4264 quem
3756 4212 3904 4265 per-

2294 4296 2511 4344 secutus
2531 4287 2712 4343 Jesum
2740 4286 2913 4342 fuerat
2937 4302 3119 4342 γθιιιιιι
3168 4302 3287 4341 esse
3336 4284 3724 4354 omnipotentis
3782 4284 3907 4339 Dei

2295 4379 2487 4434 Filium
2515 4379 2841 4449 praedicabat
2862 4382 2997 4450 (Act.
3030 4396 3102 4445 ut,
3129 4379 3181 4443 5,
3210 4378 3322 4446 ΞΟ).
3353 4376 3503 4431 Unde
3544 4384 3598 4430 et
3625 4377 3907 4445 superio-

2297 4471 2371 4525 ris
2395 4485 2582 4526 sensus
2607 4470 2866 4524 insaniam
2893 4484 3011 4524 sese
3031 4469 3324 4539 perdidisse
3361 4468 3594 4535 glorians
3619 4507 3633 4530 ,
3692 4467 3843 4521 dicit
3884 4488 3902 4521 :

620 4561 737 4614 duis
765 4558 1092 4613 orationibus
1119 4574 1216 4628 pro
1240 4560 1594 4613 convertenda
1621 4559 2186 4630 Synagogainsistere?
2218 4563 2269 4622 D
2296 4556 2393 4623 Qui
2423 4560 2565 4628 prius
2589 4560 2666 4629 [ui
2685 4556 3029 4624 blasphemus,
3055 4567 3104 4611 et
3126 4566 3438 4627 persecutor,
3462 4565 3507 4608 et
3529 4554 3904 4609 contumelio-

618 4648 688 4702 Et
708 4647 832 4716 quid
860 4645 1083 4700 Judaico
1111 4647 1413 4701 sacerdotio
1455 4663 1517 4702 os
1560 4648 1677 4716 ejus
1719 4651 2032 4718 observare,
2085 4653 2189 4707 nisi

618 4738 983 4810 pmdicationi
1009 4746 1207 4793 sanctae
1260 4738 1508 4793 Ecclesiae
1536 4740 1807 4795 insidiari?
1858 4741 1929 4797 Os
1960 4758 2191 4811 namque

619 4829 736 4897 ejus
764 4828 1083 4892 observavit,
1114 4829 1237 4898 quia
1266 4837 1468 4882 rectam
1493 4829 1924 4898 praedicationem
1951 4831 2076 4886 lidei
2103 4848 2190 4886 re-

619 4921 957 4991 prehendere
982 4921 1327 4976 vehementer
1372 4920 1597 4975 studuit.
1650 4921 1797 4975 Bene
1842 4931 2024 4975 autem
2064 4931 2191 4977 tunc

621 5027 683 5067 os
711 5012 827 5080 ejus
846 5013 1158 5069 observasse
1178 5013 1388 5079 dicitur,
1420 5029 1543 5068 cum
1570 5014 1659 5067 illa
1698 5030 1885 5083 preces
1930 5014 2189 5083 multipli--

622 5110 791 5169 caret,
817 5103 939 5169 quia
970 5111 1119 5157 tanto
1146 5104 1387 5158 callidius
1415 5104 1467 5157 ei
1512 5120 1707 5158 nocere
1735 5104 1957 5169 studuit,
1987 5115 2190 5173 quanto

623 5191 825 5260 majora
855 5191 967 5259 ejus
994 5191 1254 5247 desideria
1280 5193 1333 5246 in
1381 5194 1776 5261 praedicationis
1814 5194 2065 5247 instantia
2100 5208 2190 5248 re-

624 5284 894 5350 cognovit.
924 5282 1163 5353 Denique
1201 5300 1264 5339 os
1292 5284 1408 5353 ejus
1444 5300 1551 5337 non
1590 5284 1933 5351 observaret,
1980 5285 2076 5341 sed
2108 5294 2192 5339 at-

626 5374 883 5438 tenderet,
909 5375 954 5427 si
976 5375 1407 5443 praedicationem
1432 5374 1552 5428 ﬁdei
1575 5382 1770 5428 nostra:
1790 5374 1856 5428 ad
1878 5374 2065 5431 salutis
2084 5390 2192 5431 sua:

624 5467 853 5522 fructum
892 5467 1076 5521 audire
1096 5467 1370 5523 voluisset.
1403 5465 1687 5531 Sequitur:

693 5692 717 5718 θ
755 5681 1022 5754 luEditis,
1051 5681 1325 5754 Iudaicum
1350 5681 1689 5735 sacerdotium
1719 5700 1873 5753 opera
1919 5684 2181 5754 apostolo-

623 5769 735 5808 rum
765 5753 980 5806 miratus
1012 5760 1104 5816 cst,
1134 5752 1223 5804 sed
1244 5767 1418 5805 eorum
1448 5752 1812 5819 pra'dicatiouc
1838 5752 2039 5809 nonest
2068 5772 2187 5826 pro-
2236 5824 2243 5832 η

2293 4667 2400 4713 sus,
2433 4649 2525 4703 sed
2554 4650 2954 4704 misericordiam
2972 4657 3271 4702 consecutus
3300 4663 3432 4710 sum,
3470 4645 3590 4715 quia
3618 4644 3906 4713 ignorans

2297 4741 2393 4809 feci
2425 4736 2480 4812 (Ι
2504 4738 2638 4793 Tim.
2672 4756 2708 4805 ι,
2744 4739 2863 4809 1⁸5).
2920 4740 3074 4792 A'iu:l
3105 4755 3198 4793 cor
3236 4753 3295 4793 se
3347 4737 3619 4805 accepisse
3674 4737 3904 4789 testiﬁ—

2295 4846 2444 4896 cans,
2501 4831 2575 4885 ait
2625 4848 2638 4883 :
2694 4827 2808 4885 Nos
2862 4818 3033 4883 autem
3107 4844 3306 4882 sensum
3361 4826 3555 4880 Christi
3624 4825 3907 4879 habemus

2296 4919 2350 4988 (I
2379 4920 2498 4975 Cor.
2522 4937 2580 4985 ιι,
2606 4920 2716 4990 16).
2752 4919 2902 4974 Unde
2932 4929 2986 4972 et
3013 4928 3161 4973 tanto
3209 4918 3465 4971 attentius
3496 4915 3840 4985 pratdicabat
3887 4958 3908 4982 ,

2297 5022 2497 5082 quanto
2526 5013 2576 5066 in
2605 5029 2764 5067 sensu
2794 5010 2991 5066 Christi
3023 5011 3125 5063 vim
3173 5007 3391 5077 majoris
3432 5005 3736 5059 dilectionis
3780 5019 3910 5060 ac-

2295 5113 2529 5172 ceperat.
2566 5106 2664 5172 19
2691 5101 2797 5157 Sed
2823 5102 2947 5154 dum
2969 5101 3217 5155 ardenter
3245 5108 3428 5152 sancta
3460 5096 3699 5152 Ecclesia
3755 5096 3912 5151 dili-

2294 5202 2463 5260 geret,
2489 5194 2614 5247 dum
2649 5193 2964 5247 liducialiter
2990 5206 3053 5244 ea
3082 5205 3200 5259 qua:
3233 5188 3486 5256 diligebat
3511 5186 3848 5256 prtedicarct
3883 5229 3904 5251 ,

2292 5282 2597 5339 Judaeorum
2628 5285 2982 5339 sacerdotium
3027 5284 3141 5352 ejus
3189 5285 3351 5338 verba
3401 5282 3452 5334 in
3488 5292 3655 5333 onere
3698 5277 3907 5345 impa-

2300 5376 2523 5443 tientire,
2569 5390 2676 5430 non
2728 5375 2783 5429 in
2805 5376 3066 5430 suavitate
3094 5374 3416 5440 devotionis,
3442 5370 3651 5425 habuit.
3689 5366 3903 5434 Quare

2295 5476 2349 5524 et
2377 5470 2618 5538 sequitur
2642 5486 2654 5521 :

2289 5697 2474 5755 motus,
2504 5696 2630 5757 etc.,
2660 5688 2800 5757 quod
2831 5689 3059 5744 retinere
3087 5702 3191 5744 non
3215 5685 3504 5755 potuimus.
