4000 6296
586 320 652 371 59
1810 303 2049 358 SKNCTI
2092 299 2419 357 CRECORH
2458 296 2669 353 MAiJM
3801 290 3867 348 ιο

584 425 980 501 prtedicationis
1008 422 1231 493 protulit
1259 436 1321 475 ex
1354 420 1547 475 alfeclu
1580 418 1986 488 compassionis.
2019 416 2173 484 Quod
2207 423 2249 478 Α
2279 430 2453 467 coram
2484 411 2742 473 Domino;
2775 408 3060 477 re."ersiqtte
3090 414 3229 471 sunt,
3257 413 3305 459 et
3327 414 3570 459 venerunt
3592 406 3644 457 in
3669 404 3873 458 domum

584 521 785 575 P..ulus
832 517 1091 575 insinuat,
1142 513 1360 568 dicens:
1396 512 1672 565 Veritatem
1714 511 1828 564 dico
1871 511 1921 562 in
1971 508 2173 562 Christo

582 614 729 678 Jesu,
761 628 863 664 non
910 608 1146 671 mentior,
1182 606 1524 659 testimonium
1569 604 1865 673 per/libente
1895 602 2018 654 mihi
2049 617 2173 654 cou-

583 702 799 755 scientia
827 714 940 752 mea
969 698 1020 750 in
1056 697 1257 765 Spiritu
1302 702 1481 748 sancto
1504 732 1519 753 ,
1570 692 1810 763 quoniam
1862 691 2072 744 tristitia
2100 698 2176 743 est

583 794 708 846 n'ihi
738 805 927 858 magna
952 827 966 850 ,
1015 796 1065 840 et
1092 787 1362 839 continuus
1391 784 1540 838 dolor
1566 783 1709 837 cordi
1740 799 1851 836 meo
1894 796 1911 835 :
1936 780 2177 849 Optabam

583 896 674 952 ego
703 883 813 950 ipse
842 879 1118 932 anathema
1146 893 1258 931 esse
1282 893 1375 945 pro
1407 874 1653 946 fratribus
1696 875 1819 927 meis
1869 890 1901 926 a
1949 871 2175 935 Christo,

580 976 665 1041 qui
693 983 810 1027 sunt
837 972 1043 1041 coynati
1067 970 1167 1022 mei
1192 968 1466 1021 secundum
1490 982 1719 1031 carnem,
1744 964 1828 1032 qui
1858 972 1975 1016 sunt
2005 962 2178 1016 Israe-

582 1068 689 1121 lita:
723 1065 899 1132 (Rom.
934 1080 1009 1128 rx,
1039 1062 1087 1126 l,
1121 1060 1175 1127 2,
1206 1058 1361 1126 seq.).
1396 1056 1502 1111 Sed
1534 1058 1624 1126 qui
1657 1071 1714 1109 se
1744 1071 1808 1108 ex
1842 1051 2178 1108 multitudine

583 1157 786 1209 doloris
845 1156 985 1223 loqui
1030 1154 1281 1214 insinuat,
1333 1166 1401 1202 an
1452 1164 1517 1202 ex
1559 1146 1894 1201 multitudine
1925 1146 2178 1213 loquatur

580 1246 726 1298 dicat
752 1263 764 1297 :
793 1246 833 1296 Α
880 1242 1080 1295 Ιιιάωὶδ
1112 1240 1380 1312 quinquies
1426 1237 1809 1308 quadragenas,
1849 1252 1953 1288 una
1983 1238 2176 1300 minus,

580 1336 773 1403 accepi,
809 1344 885 1385 ter
910 1333 1064 1400 virgis
1096 1346 1257 1383 avsus
1290 1345 1419 1383 sum.
1455 1327 1611 1380 semel
1638 1326 1901 1393 lapidatus
1948 1342 2061 1378 sum
2090 1324 2176 1393 (II

582 1428 703 1481 Cor.
739 1441 809 1489 xl,
840 1423 951 1492 24).
986 1422 1181 1476 Sancta
1213 1436 1341 1474 vero
1374 1418 1613 1473 Ecclesia
1664 1418 1932 1486 patienter
1958 1417 2179 1473 adversa

581 1518 839 1582 tolerans,
871 1513 1141 1567 humiliter
1168 1510 1488 1565 innocentia:
1512 1550 1526 1573 ,
1578 1518 1633 1562 et
1660 1508 1904 1561 veritatis
1932 1523 2042 1562 suae
2072 1510 2123 1559 vi
2153 1535 2175 1550 -

580 1615 749 1661 tatem
778 1603 1130 1659 manifestans
1158 1642 1172 1665 ,
1204 1599 1523 1670 quibusdam
1570 1597 1765 1652 ludant:
1813 1598 2180 1653 sacerdotibus

581 1699 781 1752 bonum
810 1694 1207 1766 praedicationis
1236 1708 1345 1747 sua:
1376 1689 1650 1761 loquendo
1678 1690 1961 1759 persuasit.
2002 1689 2179 1756 Qua-e

582 1800 636 1844 et
664 1790 912 1843 subditur
937 1805 948 1838 :

654 1903 755 1970 21
821 1898 995 1969 (\‘ers.
1030 1897 1140 1963 i7.)
1186 1896 1326 1949 Tunc
1356 1904 1429 1950 ait
1460 1896 1580 1949 Ileli
1605 1912 1621 1949 .'
1652 1895 1795 1949 Vade
1822 1897 1874 1948 in
1906 1912 2050 1966 pace,
2091 1899 2176 1952 det

580 1990 670 2043 tibi
704 1990 837 2041 Deus
868 1987 1037 2041 Israel
1065 1988 1361 2057 petitionem
1388 2003 1543 2056 quant
1572 1986 1764 2055 rogasti
1790 2002 1925 2037 eum.

655 2079 741 2135 35.
788 2080 937 2134 Prius
965 2081 1164 2148 quippe
1194 2077 1313 2132 lleli
1344 2080 1521 2131 oranti
1551 2077 1719 2131 Anna:
1742 2076 1962 2147 prolatis
1985 2082 2178 2128 contu~

581 2170 756 2225 nit-liis
787 2169 1129 2230 contradixit,
1159 2176 1345 2237 postea
1374 2183 1502 2221 vero
1533 2168 1585 2221 in
1613 2167 1729 2237 ejus
1757 2166 1857 2219 sibi
1888 2165 2176 2219 devotiune

581 2261 922 2331 complacuit.
953 2260 1088 2326 Quid
1119 2269 1200 2314 est
1228 2260 1350 2325 hoc,
1384 2260 1485 2313 nisi
1515 2260 1658 2327 quod
1682 2256 1966 2312 .ludaicum
1996 2271 2176 2311 sacer-

579 2355 785 2408 dotium
812 2396 826 2420 ,
875 2361 928 2406 et
970 2369 1067 2422 per
1094 2352 1226 2407 alios
1254 2352 1335 2405 sui
1365 2348 1525 2406 ofﬁcii
1554 2350 1829 2404 ministros
1868 2346 2176 2418 prtedicanti

580 2443 829 2498 Ecclesia:
859 2443 1081 2505 oh-tltit,
1130 2449 1184 2495 et
1226 2456 1322 2510 per
1369 2440 1503 2493 alios
1550 2438 1778 2506 cognitae
1807 2436 2023 2491 demum
2056 2434 2177 2490 ﬁdei

581 2544 777 2588 nostra:
806 2533 1017 2586 veritati
1046 2531 1353 2586 consensit?
1383 2530 1514 2583 Nam
1564 2529 1632 2583 de
1681 2526 2069 2583 obsistentibus
2098 2524 2168 2578 di-

583 2627 746 2691 citur,
796 2625 885 2693 qui
933 2624 1084 2677 caesis
1132 2622 1583 2677 denuntiaverth
1622 2619 1899 2689 apostolis,
1940 2618 2178 2671 dicentes

585 2734 650 2771 ne
676 2718 815 2771 ultra
848 2716 1197 2783 loquerentur
1223 2714 1275 2767 in
1308 2713 1523 2768 nomine
1549 2710 1674 2766 Jesu
1707 2712 1841 2783 (Act.
1873 2727 1927 2777 v,
1958 2708 2066 2777 40).
2102 2709 2177 2763 De

582 2806 1040 2861 consentientibus
1069 2814 1248 2857 autem
1282 2802 1422 2856 idem
1452 2801 1625 2856 Lucas
1654 2801 1916 2863 meminit,
1949 2800 2131 2855 dicens
2157 2816 2174 2853 :

588 2896 819 2948 Piurima
871 2893 1017 2948 turba
1065 2893 1395 2947 sacerdotum
1438 2891 1704 2946 obediebat
1732 2891 1853 2962 ﬁdei
1886 2889 2073 2961 (Ibid.,
2104 2905 2173 2955 vt,

583 2985 670 3053 7).
722 2984 1028 3051 Tuneergo
1060 2981 1175 3036 Heli
1207 2998 1304 3052 pro
1333 2990 1461 3037 voto
1490 2980 1832 3037 fecunditatis
1862 2981 2027 3035 Annae
2055 2995 2178 3050 pre-

580 3085 732 3128 catus
758 3084 859 3136 est,
910 3090 1030 3128 cum
1062 3072 1399 3127 sacerdotum
1430 3072 1655 3142 plurima
1688 3072 1776 3126 illa
1809 3072 1963 3126 turba
1988 3111 2003 3137 ,
2050 3070 2175 3126 ﬁdei

2278 521 2447 569 suam,
2478 506 2533 557 in
2563 500 2842 556 Ramatha.

2349 636 2438 690 57.
2481 635 2615 702 Quid
2646 639 2727 688 est
2756 641 2936 685 auum
2966 628 3113 698 quod
3142 643 3303 699 supra
3332 627 3399 683 de
3428 626 3544 683 sola
3574 627 3731 681 Anna
3763 628 3873 683 sin-

2278 727 2534 797 gulariter
2580 720 2980 778 diciturzAbiit
3028 720 3211 774 mulier
3259 720 3311 773 in
3352 718 3485 774 viam
3530 736 3703 783 suam,
3739 731 3877 771 nunc

2281 832 2408 871 vero
2438 813 2716 885 pluraliter
2742 830 2753 863 :
2791 810 3138 865 Surrexerunt
3168 826 3321 862 mane
3341 850 3356 874 ,
3389 808 3489 862 nisi
3518 817 3576 861 ut
3607 823 3731 861 cum
3762 808 3879 862 viro

2278 907 2606 962 descendere
2637 903 3035 971 cognoscatur?
3065 900 3129 953 Et
3153 902 3275 969 quia
3298 900 3379 953 vir
3401 909 3599 954 sancta:
3628 899 3883 954 Ecc‘csite

2282 982 2613 1065 Redemptor
2661 992 2879 1047 humani
2926 993 3138 1060 generis
3182 998 3263 1045 est
3290 1032 3304 1056 ,
3353 992 3445 1059 qui
3472 991 3582 1059 jam
3616 992 3681 1043 al
3712 990 3883 1045 caelos

2281 1087 2633 1151 aacenderat,
2686 1103 2806 1140 cum
2857 1087 3023 1156 ipsam
3062 1085 3301 1139 Judagam
3331 1086 3726 1141 incredulitatis
3772 1100 3884 1140 sum

2279 1179 2503 1246 caligine
2536 1179 2783 1232 obrutam
2828 1178 3187 1247 relinquebat,
3219 1178 3496 1247 quomodo
3527 1178 3594 1232 de
3624 1178 3781 1231 Anna
3832 1184 3887 1231 et

2282 1271 2351 1325 de
2388 1270 2504 1325 viro
2547 1286 2646 1325 suo
2696 1269 2931 1324 Helcana
2974 1269 3197 1335 intelligi
3228 1268 3281 1322 in
3312 1267 3507 1323 Christi
3540 1277 3594 1324 et
3625 1268 3886 1323 Ecclesite

2283 1374 2409 1435 typo
2438 1380 2582 1419 nunc
2610 1372 2790 1435 potest
2815 1362 2964 1431 quod
3012 1362 3170 1417 simul
3199 1377 3356 1415 mane
3390 1373 3694 1430 surgerent,
3730 1370 3785 1416 et
3833 1361 3883 1413 in

2281 1457 2551 1510 civitatem
2580 1471 2731 1509 suam
2780 1456 2980 1523 pariter
3007 1453 3283 1508 redirent?
3313 1453 3416 1508 Sed
3446 1454 3572 1518 quia
3602 1454 3886 1509 civitatem

2285 1546 2568 1612 ltamatha,
2600 1546 2875 1601 cmlestem
2906 1546 3134 1615 patriam
3166 1544 3448 1612 designare
3473 1543 3582 1613 jam
3624 1545 3887 1610 diximus,

2280 1634 2557 1704 quomodo
2587 1634 2689 1689 hoc
2716 1646 2916 1689 sanctzn
2946 1633 3198 1688 Ecclesia:
3226 1636 3498 1700 convenit,
3530 1650 3654 1705 qua:
3703 1635 3889 1689 statim

2283 1731 2343 1777 ut
2383 1738 2413 1776 a
2450 1721 2751 1777 Judaanrmn
2799 1722 3174 1791 praelicatione
3202 1723 3449 1789 cessavit,
3494 1724 3561 1777 ad
3606 1723 3890 1779 cmlestem

2282 1812 2510 1883 patriam
2556 1810 2584 1849 ι)
2640 1828 2746 1865 non
2793 1811 3073 1866 ascendit?
3126 1811 3320 1866 Verum
3364 1813 3489 1883 quia
3537 1827 3833 1881 resurgens
3863 1828 3891 1865 a

2260 1900 2507 1955 .rnortuis
2537 1899 2815 1964 Dominus,
2862 1900 3040 1955 missis
3069 1900 3123 1954 in
3150 1916 3261 1970 pra:
3281 1902 3535 1955 licatione
3564 1901 3889 1956 doctoribus

2285 1994 2558 2064 loquitur,
2607 1993 2829 2049 dicens:
2863 1992 2999 2047 Ecce
3046 2011 3139 2064 ego
3186 1993 3443 2047 vobiscum
3487 2011 3601 2047 sum
3647 1995 3895 2047 omnibus

2280 2084 2496 2148 diebus,
2545 2100 2703 2154 usque
2753 2084 2821 2137 ad
2869 2086 3363 2139 consummationem
3413 2085 3592 2139 δανιθωὶ
3644 2084 3891 2155 (Matth.

2280 2192 2464 2243 xxviii,
2492 2175 2606 2245 20),
2635 2177 2923 2230 absurdum
2951 2192 3057 2232 non
3086 2186 3167 2231 est
3196 2187 3252 2231 ut
3276 2194 3398 2233 cum
3447 2194 3514 2233 eo
3560 2189 3748 2232 sancta
3778 2178 3889 2234 Ec-

2285 2268 2447 2322 clesia
2478 2283 2699 2337 surgere
2746 2278 2800 2322 et
2829 2269 3024 2323 reverti
3058 2272 3341 2324 sent’atur.
3374 2268 3475 2336 Qui
3505 2270 3647 2324 enim
3678 2271 3895 2326 electos

2278 2371 2405 2410 suos
2432 2371 2527 2427 per
2555 2355 2849 2424 spiritalem
2880 2358 3220 2426 prtesentiam
3252 2374 3523 2428 nunquam
3552 2360 3795 2425 deserit,
3833 2369 3893 2415 et

2279 2463 2398 2500 cum
2431 2448 2696 2502 stantibus
2728 2456 3025 2517 permanet,
3060 2457 3262 2504 etcum
3292 2451 3615 2506 abeuntibus
3646 2452 3882 2507 recedit.

2285 2536 2547 2590 Ramatha
2579 2552 2706 2591 vero
2734 2537 3006 2593 cmlestem
3052 2541 3277 2608 patriam
3307 2539 3589 2609 designare
3618 2541 3886 2608 diximus,

2284 2628 2378 2683 sed
2408 2628 2552 2698 quod
2582 2628 2713 2683 nihil
2759 2629 2903 2685 aliud
2952 2630 3255 2698 signiﬁcare
3283 2632 3455 2700 possit
3496 2649 3601 2688 non
3629 2633 3894 2689 diximus.

2280 2719 2415 2787 Quid
2441 2734 2569 2789 ergo
2592 2722 2734 2775 aliut
2766 2721 2870 2777 hoc
2892 2725 2998 2793 22
3029 2722 3083 2776 in
3114 2723 3234 2778 loco
3263 2723 3545 2793 signiﬁcat,
3579 2724 3679 2779 nisi
3708 2725 3896 2779 adim-

2281 2811 2571 2882 pletionem
2597 2813 2897 2882 prophetia:
2924 2814 2976 2867 in
3005 2814 3243 2883 gentium
3266 2816 3588 2870 vocatione?
3616 2815 3898 2870 Ramatha

2287 2903 2487 2972 quippe
2514 2902 2648 2958 visio
2675 2915 3046 2958 consummata
3089 2906 3284 2959 dicitur
3308 2947 3322 2972 ,
3374 2914 3432 2959 ut
3472 2905 3581 2973 jam
3630 2904 3896 2960 diximus.

2281 2994 2419 3061 Quid
2448 3009 2579 3050 vero
2610 3002 2693 3050 est
2718 2998 2956 3064 gentium
2980 2996 3090 3066 jam
3119 2998 3337 3066 impleta
3372 2999 3599 3064 vacatio,
3628 2999 3732 3053 nisi
3764 3014 3896 3068 pro-

2282 3084 2565 3153 pbrtarum
2594 3084 2731 3140 visio
2762 3087 3167 3140 consummata?
3196 3086 3327 3140 Nam
3359 3087 3617 3142 visimem
3662 3102 3893 3142 assere-

582 3165 862 3227 obediens,
890 3179 987 3233 per
1009 3163 1443 3231 prtedicationem
1471 3171 1667 3217 sanetze
1689 3160 1943 3217 Ecclesia:
1973 3161 2173 3215 electo-
2204 3171 2248 3232 ς
2281 3173 2371 3227 Im
2393 3215 2408 3239 ν
2459 3173 2552 3228 sed
2602 3189 2710 3228 ηοη
2758 3183 3208 3241 consummatam,
3256 3177 3348 3245 qui
3394 3175 3460 3231 de
3490 3174 3669 3231 [ιιιωςο
3698 3176 3895 3232 adhuc

582 3260 703 3308 rum
752 3267 1033 3305 numerum
1087 3252 1429 3320 muitiplicari
1460 3251 1802 3305 desideravit.
1832 3250 2001 3316 Quam
2032 3260 2180 3305 certe

584 3343 637 3397 in
669 3356 800 3410 pace
829 3342 906 3395 ire
935 3342 1139 3409 Optavit
1160 3382 1175 3405 ,
1216 3341 1343 3410 quia
1374 3340 1604 3397 fructum
1637 3341 2030 3411 praedicationis
2059 3356 2179 3396 eam

584 3429 911 3484 desideravit
940 3431 1194 3500 consequi
1221 3471 1235 3494 ,
1289 3430 1405 3484 sine
1434 3430 1619 3484 dolore
1646 3430 1932 3500 passionis.
1964 3428 2030 3482 Et
2055 3430 2181 3498 quia

582 3523 637 3577 in
667 3537 853 3577 eorum
881 3532 1006 3578 voto
1026 3532 1208 3577 sancta
1232 3522 1470 3579 Ecclesia
1502 3523 1603 3577 sibi
1631 3522 1977 3592 complacuit,
2002 3524 2181 3593 sequi-

584 3623 674 3669 tur
700 3631 714 3667 :

658 3707 837 3777 (Vers.
879 3706 994 3776 18.)
1038 3706 1251 3762 Utinam
1279 3708 1506 3761 inveniat
1536 3709 1729 3761 ancilla
1759 3715 1845 3759 tua
1874 3707 2100 3777 gratiam
2128 3707 2181 3758 in

581 3795 744 3847 oculis
774 3795 895 3846 tuis.

655 3884 818 3950 Quasi
848 3885 988 3938 dicat
1013 3902 1025 3937 :
1052 3882 1212 3939 Juxta
1242 3885 1493 3939 intuitum
1523 3884 1770 3939 desiderii
1805 3885 1879 3938 tui
1913 3900 2049 3955 Opus
2078 3884 2182 3937 mi.

581 3977 787 4029 nislerii
812 3978 914 4031 mei
945 3978 1304 4046 subsequatur
1330 3976 1500 4045 gratia
1530 3976 1723 4030 divina:
1744 3976 2177 4045 dispensationis.

580 4066 836 4135 Sequitur
861 4084 875 4119 :

658 4176 840 4245 (Vers.
884 4174 1005 4244 18.)
1048 4174 1110 4227 Et
1140 4176 1275 4228 abiit,
1304 4176 1485 4229 mulier
1525 4179 1576 4230 in
1614 4180 1749 4231 viam
1776 4195 1922 4231 suam
1947 4219 1960 4243 ,
2011 4189 2060 4231 et
2099 4194 2186 4232 co-

584 4267 764 4332 medit,
793 4276 841 4319 et
870 4265 1012 4329 bibit,
1046 4266 1309 4337 vultusque
1339 4268 1451 4339 ejus
1477 4285 1579 4322 non
1612 4279 1731 4322 sunt
1758 4270 1977 4338 amplius
2009 4272 2061 4323 in
2104 4259 2194 4323 di:

589 4373 735 4410 uersa
761 4359 966 4411 mutati.

660 4449 749 4502 '56.
793 4448 849 4502 ln
877 4450 1016 4503 viam
1047 4464 1198 4504 suam
1230 4451 1416 4505 mulier
1447 4452 1596 4512 abiit,
1630 4453 1753 4521 quia
1783 4461 1968 4508 sancta
2001 4453 2184 4509 Eccle-

2283 3265 2428 3333 quod
2467 3265 2677 3319 viderat
2717 3266 3138 3336 pronuntiabat,
3187 3269 3373 3322 dicens
3416 3285 3428 3320 :
3465 3267 3655 3321 Omnes
3699 3277 3898 3339 gentes

2283 3372 2609 3428 quascunque
2638 3357 2805 3427 fecisti
2834 3359 3053 3419 venient,
3080 3368 3128 3410 et
3154 3358 3443 3412 adorabunt
3470 3375 3645 3413 coram
3670 3367 3739 3421 te,
3775 3357 3900 3413 Do-

2283 3448 2423 3501 mine
2473 3446 2665 3516 (Psal.
2698 3464 2876 3502 Lxxxv
2900 3489 2916 3515 ,
2964 3448 3041 3517 9).
3086 3448 3219 3504 Hinc
3262 3449 3391 3504 item
3422 3448 3770 3518 repromittit,
3804 3449 3901 3503 di-

2283 3551 2438 3592 cens:
2464 3538 2768 3591 Adorabunt
2796 3555 2911 3592 eum
2936 3555 3110 3593 omnes
3139 3556 3284 3610 reges
3311 3548 3481 3605 terrm,
3505 3557 3679 3594 omnes
3703 3550 3902 3610 gentes

2284 3627 2503 3679 serrient
2532 3628 2577 3680 ei
2610 3626 2783 3696 (Psal.
2817 3643 2962 3692 Lxxr,
2997 3627 3108 3697 15).
3144 3628 3292 3683 Visio
3323 3629 3482 3697 igitur
3507 3639 3900 3697 coasummata

2284 3727 2429 3771 reete
2460 3717 2841 3786 prophetarum
2884 3718 3170 3788 promissio
3201 3720 3413 3783 dicitur,
3448 3720 3571 3790 quia
3601 3719 3897 3801 nimirum,

2285 3818 2505 3865 auclore
2534 3809 2664 3872 Deo,
2694 3810 2845 3879 juxta
2875 3827 3061 3866 eorum
3104 3812 3342 3876 oracula,
3376 3812 3427 3864 in
3461 3811 3901 3881 Redemptorvm

2285 3903 2505 3957 humani
2552 3904 2764 3972 generis
2819 3920 3005 3959 omnes
3057 3914 3244 3971 gentes
3294 3902 3660 3958 crediderunt.
3722 3902 3899 3960 Mane

2284 4003 2466 4048 autem
2493 4010 2617 4048 cum
2646 3996 2762 4050 viro
2788 4011 2889 4050 suo
2916 3997 3066 4050 Anna
3106 4010 3327 4064 surgere
3356 3995 3569 4063 dicitur,
3601 3995 3726 4063 quia
3758 4011 3903 4050 san—

2285 4092 2367 4136 rta
2391 4081 2627 4138 Ecclesia
2655 4084 2706 4137 in
2736 4093 2926 4139 exortu
2956 4086 3150 4140 interni
3177 4086 3393 4140 luminis
3413 4086 3479 4140 ad
3498 4093 3684 4153 gentes
3710 4096 3903 4141 trans-

2286 4175 2345 4228 iit
2373 4190 2494 4229 cum
2529 4175 2691 4229 verbo
2722 4176 3134 4245 prtedicationis.
3167 4177 3262 4233 Vel
3292 4194 3449 4233 mane
3496 4179 3685 4247 surgit,
3738 4182 3904 4248 quod

2283 4266 2522 4322 Judaeam
2570 4269 2622 4322 in
2674 4278 2835 4324 noete
2885 4270 3215 4324 inﬁdelitatis
3245 4271 3500 4325 deseruit.
3533 4270 3687 4324 Mane
3718 4272 3901 4327 etiam

2284 4358 2477 4425 surgit.
2511 4358 2637 4426 quia
2672 4374 2988 4428 prosperum
3036 4361 3136 4414 iter
3165 4360 3216 4413 in
3246 4360 3597 4415 conversione
3635 4363 3898 4428 gentium

2287 4448 2507 4503 invenit.
2552 4447 2620 4503 Et
2664 4465 2845 4504 coram
2890 4450 3117 4505 Domino
3158 4451 3422 4517 adoravit,
3466 4451 3591 4519 quia
3619 4451 3671 4504 in
3701 4454 3898 4520 repul-

586 4541 666 4595 sia
717 4542 938 4595 verbum
989 4539 1108 4594 ﬁdei
1147 4542 1395 4608 gentibus
1425 4544 1756 4612 prtedicavit.
1785 4543 1938 4610 Quod
1971 4552 2023 4597 et
2053 4559 2181 4613 apo-
2215 4544 2261 4602 ι)
2288 4537 2439 4593 sione
2458 4538 2753 4609 Synagogte
2776 4540 3319 4610 incomprehen~ibile
3338 4541 3600 4610 judicium
3623 4553 3897 4599 venerata

587 4634 709 4688 stoli
736 4631 933 4687 Judmis
954 4633 1342 4687 comminantes
1367 4634 1554 4689 dicunt
1579 4653 1590 4687 :
1619 4633 1752 4699 Quia
1780 4636 2021 4707 indignos
2046 4646 2069 4672 ⁸
2092 4652 2178 4689 vos

582 4724 831 4794 judicatis
858 4733 1068 4778 (eterna:
1094 4726 1230 4791 vitae,
1258 4743 1374 4780 ecce
1400 4729 1736 4782 convertimur
1752 4729 1822 4781 ad
1844 4738 2015 4800 gentes
2041 4730 2174 4799 (Act.

588 4830 703 4879 λιιι,
737 4813 847 4886 46).
889 4814 1020 4881 Quae
1073 4816 1208 4871 bene
1238 4818 1432 4873 mulier
1480 4827 1606 4874 tunc
1635 4820 1847 4886 dicitur,
1882 4838 2003 4877 eum
2033 4837 2182 4875 rece-

591 4905 691 4970 dit,
721 4906 846 4973 quia
876 4922 971 4975 per
999 4908 1432 4975 praedicationem
1474 4910 1848 4979 Redemptoris
1879 4912 2180 4965 exhibitura

590 5004 709 5053 erat
750 4997 799 5048 in
830 4998 1075 5066 gentibus
1105 4998 1334 5053 fructum
1366 5015 1569 5068 magna:
1599 5002 1957 5057 fecunditatis.
1990 5001 2181 5056 Come-

591 5087 670 5140 dit.
713 5097 912 5151 autem,
964 5096 1019 5142 et
1066 5089 1218 5153 bibit,
1264 5100 1318 5144 et
1364 5099 1542 5147 tamen
1573 5094 1752 5148 vultus
1778 5094 1893 5162 ejus
1925 5111 2030 5147 non
2060 5102 2185 5147 sunt

594 5176 824 5244 amplius
874 5177 927 5230 in
976 5177 1183 5233 diversa
1226 5180 1453 5247 mutati,
1506 5183 1633 5251 quia
1682 5196 1873 5249 magna
1926 5184 2069 5238 lucra
2118 5184 2184 5239 de

594 5268 948 5322 conversione
971 5270 1208 5338 gentium
1232 5271 1439 5336 habuit,
1463 5274 1554 5328 sed
1574 5272 2002 5343 persecutiOuem
2024 5288 2183 5343 quam

594 5354 646 5408 in
676 5354 856 5413 Judtea
879 5376 1032 5429 passa
1060 5361 1254 5427 fuerat,
1285 5363 1449 5416 etiam
1475 5364 1527 5416 in
1551 5363 1801 5431 gentibus
1831 5364 2052 5419 invenit.
2077 5362 2185 5418 Sed

593 5452 780 5504 ordine
808 5466 916 5521 quo
941 5454 1135 5507 abierit
1158 5454 1479 5519 edisserens,
1513 5456 1585 5508 ait
1609 5474 1622 5508 ε

664 5541 860 5613 (Vers.
896 5542 1023 5615 19.)
1064 5546 1131 5598 Et
1167 5556 1497 5601 surrexerunt
1525 5565 1675 5602 mane
1699 5588 1714 5616 ,
1763 5558 1811 5602 et
1839 5549 2180 5606 adoraeerunt

670 5746 693 5774 ⁸
733 5737 876 5794 Gilut
907 5784 920 5809 ,
953 5758 1036 5795 ros
1065 5742 1277 5809 fecistis.

2282 4636 2364 4682 est
2392 4628 2777 4698 omnipotentis
2813 4630 2929 4685 Dei.
2974 4631 3229 4685 Adoravit
3267 4632 3483 4700 quippe,
3530 4639 3586 4684 et
3631 4634 3895 4701 recessit,

2279 4720 2407 4791 quia
2452 4736 2575 4776 cum
2620 4736 2652 4775 a
2699 4723 2871 4792 gentis
2916 4738 3027 4777 suae
3076 4724 3453 4792 prmdicatione
3501 4723 3751 4793 pro‘sola
3789 4724 3896 4781 Dei

2282 4814 2671 4884 omnipotentis
2716 4816 3055 4871 ordinatione
3102 4817 3399 4882 recederet,
3449 4817 3629 4871 divino
3671 4817 3896 4887 judicio

2282 4917 2380 4972 per
2409 4904 2767 4959 obedientiam
2796 4906 3055 4960 obsecuta
3084 4916 3166 4961 est
3190 4908 3337 4975 quod
3367 4916 3649 4977 penetrare
3680 4908 3893 4961 intelli-

2286 4992 2460 5061 gendo
2506 5008 2613 5048 non
2664 4996 2859 5064 potuit.
2893 4996 3135 5051 Adorans
3164 5008 3342 5051 autem
3375 5013 3588 5052 reversa
3617 5006 3714 5056 est.
3751 5000 3893 5067 quia

2286 5082 2641 5137 ministerium
2693 5084 3087 5155 prtedicationis
3119 5088 3168 5141 in
3200 5088 3482 5143 vocatione
3509 5089 3747 5156 gentium
3781 5090 3893 5142 ad-

2287 5170 2510 5240 implere
2534 5175 2836 5244 propOsuit,
2862 5178 2955 5231 sed
2979 5185 3185 5231 tantum
3214 5178 3454 5247 ejusdem
3488 5178 3895 5247 praedicationis

2286 5262 2505 5317 modum
2537 5264 2588 5317 in
2618 5280 2849 5335 superna
2880 5268 3334 5338 contemplatione
3363 5269 3624 5338 quaesivit.
3658 5266 3892 5323 Reverti

2286 5352 2430 5405 enim
2478 5353 2917 5420 praedicatoribus
2960 5366 3043 5412 est
3072 5358 3138 5412 ad
3167 5358 3356 5412 divina:
3404 5358 3891 5426 contemplationis

2282 5442 2464 5497 lumen
2512 5459 2809 5501 recurrere.
2843 5445 2969 5502 Inde
2998 5450 3197 5518 quippe
3226 5450 3398 5503 lucem
3429 5449 3676 5503 hauriunt
3702 5487 3715 5513 ,
3769 5464 3887 5519 qua

2284 5546 2341 5589 et
2384 5535 2452 5590 ad
2502 5540 2901 5594 venerationem
2951 5539 3184 5595 ﬁdelium
3230 5540 3468 5608 luceant,
3518 5550 3572 5596 et
3598 5556 3761 5611 quam
3794 5542 3886 5598 lo-

2352 5752 2379 5790 ³
2420 5752 2582 5810 Cilot.
2618 5766 2669 5811 cl
2702 5757 2892 5825 Vatia,
2928 5775 3030 5811 non
3062 5760 3370 5813 ascenditur.
